5428 6616
305 437 407 500 537

1742 434 1975 496 SERMO
2008 436 2115 493 Vl.

3502 439 3616 499 558

305 560 398 616 feri
451 558 616 615 fontis
667 570 890 612 necesse
945 563 1030 611 est
1083 554 1354 611 abluatur.
1406 554 1579 622 Quem
1637 553 1887 626 protinus
1919 558 1965 616 Λ
1995 548 2392 622 ιιιιθιοιειιι.Ει
2438 550 2533 620 qui
2571 558 2698 606 tunc
2743 550 2925 606 sidera
2962 551 3119 607 radio
3161 552 3399 608 fortasse
3437 561 3608 607 nota-

304 652 555 707 lsraelita:
603 649 827 713 bibunt,
874 647 1004 717 quia
1044 647 1219 702 sancti
1274 647 1660 716 praedicatores
1712 645 1888 698 Evan-

303 743 443 814 gelii,
478 742 567 812 qui
595 755 720 796 vere
764 740 1024 795 Israelita:
1069 747 1217 803 sunt,
1249 754 1385 809 quos
1431 738 1498 792 ad
1547 738 1887 794 Dominicum

303 848 532 903 corpus,
590 831 732 901 quod
780 840 866 886 est
922 829 1207 895 Ecclesia,
1271 828 1644 894 transferunt,
1685 828 1737 883 in
1791 842 1888 882 sua

301 924 537 981 membra
561 923 902 994 suscipiendo
927 922 1084 993 quasi
1115 923 1351 978 bibendo
1375 929 1723 977 convertunt.
1739 919 1887 987 Quo-

301 1031 416 1072 rum
448 1013 698 1070 videlicet
727 1012 1096 1068 lsraelitarum
1129 1013 1305 1083 primo
1337 1012 1540 1066 dictum
1573 1020 1694 1066 est:
1734 1030 1752 1062 ι
1780 1009 1868 1064 Ma-

299 1117 383 1164 cta
428 1113 484 1162 et
535 1107 800 1160 manduca
853 1104 990 1175 (Act.
1025 1108 1114 1174 x);
1162 1123 1181 1156 ι
1223 1105 1365 1174 quod
1419 1097 1757 1159 tantumdem
1806 1117 1892 1159 est

297 1214 362 1254 ac
397 1198 440 1254 si
481 1198 755 1254 diceretur
797 1213 811 1250 :
862 1215 879 1248 ι
923 1194 1092 1260 Tere,
1147 1204 1203 1251 et
1255 1196 1399 1251 bibe.
1440 1215 1460 1249 ι
1510 1194 1624 1261 Sic,
1669 1195 1753 1251 sic
1799 1194 1890 1251 ille

297 1289 494 1344 vitulus
522 1303 617 1359 per
652 1289 830 1358 ignem
863 1286 986 1352 zeli,
1040 1295 1098 1341 et
1128 1287 1305 1341 aciem
1331 1285 1483 1342 verbi
1509 1325 1524 1351 ,
1579 1300 1895 1355 aquamque

297 1379 636 1449 baptismatis
658 1377 729 1432 ab
757 1379 838 1434 eis
883 1379 1065 1448 potius
1096 1376 1389 1447 ahsorptus
1416 1383 1500 1430 est
1540 1390 1678 1445 quos
1716 1391 1886 1431 cona-

298 1482 383 1529 tus
406 1482 489 1528 est
513 1473 805 1527 absorbere
833 1491 847 1526 :
883 1472 934 1524 in
979 1484 1076 1526 eos
1106 1471 1222 1540 ipse
1263 1468 1716 1535 transfusus,est,
1751 1483 1890 1538 quos

297 1562 349 1618 in
387 1577 503 1628 sua,
533 1562 635 1618 hoc
661 1571 748 1618 est
774 1559 1065 1627 diabolica,
1097 1569 1403 1616 tentaverat
1432 1559 1674 1615 membra
1710 1567 1890 1615 trans—

295 1652 456 1709 ferre.

365 1745 747 1800 Verumtamen
790 1745 917 1814 quia
950 1743 1164 1818 Moyses
1210 1760 1317 1800 non
1351 1745 1406 1800 in
1435 1744 1538 1801 hoc
1570 1753 1771 1801 metam
1799 1745 1889 1800 ul-

295 1837 456 1892 tionis
487 1837 621 1900 ﬁxit,
654 1845 713 1890 ιιι
745 1836 947 1890 idolum
981 1836 1248 1890 duntaxat
1286 1836 1626 1907 infringeret.
1657 1839 1752 1892 sed
1799 1837 1886 1892 itt-

1995 653 2167 710 verat,
2221 660 2365 698 nune
2419 644 2542 699 cwli
2596 644 2907 699 machinam
2961 659 3085 699 cum
3139 645 3414 701 sideribus
3466 645 3612 701 volvi

1995 735 2426 807 gratulabundus
2456 743 2720 804 aspectat.
2775 735 3044 790 Nimirum
3098 737 3189 806 qui
3225 738 3377 807 prius
3426 737 3611 792 fuerat

1992 828 2345 899 philosophus
2383 828 2660 892 veritatis,
2703 844 3007 885 conversus
3035 830 3104 884 ad
3136 829 3424 884 Dominum
3471 845 3613 901 prm-

1993 919 2209 974 dicator
2247 919 2356 990 32
2405 919 2586 974 factus
2628 928 2714 973 est
2759 920 3042 986 veritatis;
3101 921 3296 975 tertius
3335 921 3542 975 scilicet
3580 936 3610 975 a

1994 1008 2153 1064 beato
2179 1007 2341 1064 Petro
2378 1009 2627 1079 apostolo
2659 1009 2712 1063 in
2757 1010 2953 1064 ordine
2987 1009 3370 1080 discipulatus,
3415 1013 3612 1066 tertius

1990 1100 2155 1155 etiam
2181 1100 2536 1155 nihilominus
2564 1118 2595 1155 a
2621 1101 2784 1156 beato
2809 1101 3111 1172 Apollinari
3137 1104 3188 1157 in
3225 1117 3356 1158 arce
3391 1091 3613 1174 pontiﬁ-

1990 1202 2169 1250 catus.
2200 1194 2267 1248 Et
2295 1209 2658 1264 personarum
2709 1196 2933 1264 quidem
2974 1195 3110 1250 ordo
3156 1196 3482 1265 productus,
3515 1197 3610 1250 sed

1991 1284 2183 1340 eadem
2216 1284 2338 1340 ﬁdei
2371 1285 2601 1356 puritas,
2629 1300 2750 1354 qua:
2773 1299 2838 1339 ex
2880 1287 2997 1357 ipso
3020 1302 3236 1340 sunnno
3266 1296 3321 1341 et
3355 1286 3607 1356 originali

1975 1375 2139 1430 fonte.
2168 1385 2534 1448 processerat,
2567 1391 2665 1446 per
2694 1377 2960 1432 devexam
2993 1377 3132 1432 alvei
3177 1380 3378 1432 seriem
3413 1381 3612 1432 decur-

1975 1468 2164 1522 rebat.
2191 1465 2325 1522 Nam
2364 1483 2393 1521 a
2426 1468 2648 1523 Christo
2699 1467 2752 1521 in
2794 1468 3048 1532 Petrum,
3077 1485 3104 1522 a
3147 1468 3312 1524 Petro
3349 1469 3403 1523 in
3445 1469 3612 1539 Apol-

1988 1558 2242 1624 linarem,
2271 1560 2340 1615 ab
2372 1560 2674 1630 Apollinari
2709 1561 2760 1615 in
2793 1561 3186 1615 Eleuehadium
3221 1562 3465 1617 cmlestis
3495 1563 3610 1615 elo-

1989 1648 2100 1717 quii
2157 1648 2356 1703 ﬂuvius
2402 1652 2710 1716 emanavit;
2755 1661 2813 1705 ut
2849 1652 2982 1706 illud
3033 1651 3340 1707 Psalmistze
3398 1668 3608 1723 praeco-

1989 1741 2141 1796 nium
2191 1741 2563 1810 impleretur:
2620 1761 2640 1793 ι
2695 1743 2796 1810 Qui
2853 1744 3059 1798 emittit
3115 1743 3394 1814 eloquium
3449 1761 3610 1800 suum

1992 1840 2173 1896 terrae,
2203 1833 2467 1888 velociter
2510 1835 2686 1889 currit
2717 1850 2901 1890 sermo
2931 1837 3050 1906 ejus
3082 1835 3262 1907 (Ρσαι.
3314 1838 3544 1908 cum).
3587 1857 3605 1889 ι

292 1943 452 1996 super
497 1928 704 1982 addidit
754 1936 814 1981 ut
869 1937 923 1982 et
977 1927 1165 1998 viginti
1221 1928 1325 1983 tria
1377 1929 1544 1982 millia
1596 1929 1877 1984 hominum
1916 1923 1963 1984 Β·
1986 1923 2135 1978 Beati
2167 1924 2405 1995 denique
2443 1926 2688 1981 cultores
2718 1936 2772 1982 et
2813 1926 3097 1995 adjutores
3131 1927 3363 1994 Christi,
3397 1928 3611 1998 Apolli-

293 2019 609 2081 trucidaret,
649 2019 878 2090 mystice
908 2019 1112 2082 docuit,
1157 2034 1500 2089 nequaquam
1536 2019 1810 2086 sufﬁcere,
1837 2020 1882 2074 si

291 2112 360 2166 ab
411 2104 730 2165 idololatria‘.
786 2111 960 2174 cultu,
1010 2111 1095 2166 vel
1149 2113 1416 2179 pravitate
1474 2111 1597 2166 vita:
1649 2112 1883 2182 quisque

296 2203 638 2268 convertitur,
693 2201 798 2258 nisi
856 2212 910 2257 et
959 2203 1180 2272 propria
1236 2203 1366 2258 vitia
1425 2203 1606 2274 gladio
1656 2203 1883 2273 spiritus

290 2292 619 2347 mortiﬁt-are
667 2301 915 2348 conetur.
951 2291 1107 2348 Unde
1137 2303 1190 2348 et
1226 2294 1555 2364 praedicator
1586 2295 1838 2366 egregius
1865 2309 1889 2348 ι

299 2403 322 2438 ο
356 2385 702 2448 Mortiﬁcate,
741 2385 942 2455 inquit,
972 2387 1219 2442 membra
1247 2396 1455 2451 vestra,
1483 2401 1606 2456 qua:
1636 2397 1763 2442 sunt
1792 2403 1886 2442 su-

287 2491 386 2544 per
417 2484 637 2540 terram,
663 2474 1109 2541 fornicationem,
1131 2477 1563 2542 immunditiam,
1583 2477 1881 2544 luxuriam,

287 2554 779 2634 concupiscentiam
813 2566 1012 2621 malum
1043 2575 1098 2622 et
1123 2568 1433 2633 avaritiam,
1462 2583 1583 2637 qua:
1604 2577 1688 2622 est
1713 2567 1884 2624 idolo-

285 2675 406 2714 rum
430 2661 664 2714 servitus
716 2658 859 2727 (Col.
908 2663 1016 2731 nt).
1058 2681 1077 2713 ι
1113 2662 1179 2716 Et
1229 2663 1528 2719 notandum
1561 2663 1688 2733 quia
1740 2664 1883 2718 sicut

285 2753 376 2809 hic
402 2754 530 2808 vitia
563 2755 804 2809 membra
843 2749 1028 2810 nostra
1080 2769 1203 2811 esse
1252 2756 1530 2820 dicuntur,
1570 2758 1644 2812 ita
1687 2767 1743 2813 et
1775 2759 1885 2814 illic

283 2845 376 2917 qui
403 2846 670 2917 perempti
702 2855 849 2910 sunt,
878 2863 1004 2902 cum
1035 2848 1482 2905 interfectoribus
1515 2849 1631 2904 suis
1660 2851 1883 2920 propin-

281 2939 510 3009 quitatis
531 2939 936 2994 necessitudine
954 2938 1353 3010 iungebantur,
1369 2941 1510 2996 sicut
1535 2955 1634 3011 per
1656 2941 1878 3012 Moysen

282 3029 488 3084 dictum
542 3040 675 3083 est:
718 3048 736 3080 ι
791 3029 917 3084 llaec
969 3030 1104 3085 dicit
1149 3030 1414 3086 Dominus
1467 3031 1613 3086 Deus
1665 3030 1876 3086 Israel:

287 3120 452 3175 Ponat
480 3123 561 3175 vir
589 3121 825 3190 gladium
859 3137 1022 3192 super
1055 3121 1232 3178 femur
1269 3140 1461 3190 suum;
1499 3125 1594 3190 ite,
1627 3135 1683 3180 et
1706 3126 1880 3180 redite

278 3209 349 3266 de
379 3222 530 3280 porta
571 3227 742 3281 usque
776 3213 830 3267 in
883 3222 1090 3283 portam
1125 3230 1224 3285 per
1255 3215 1494 3271 medium
1544 3227 1874 3282 castrorum,

1991 2015 2145 2071 naris
2197 2025 2256 2072 et
2317 2017 2724 2084 Eleuchadius;
2789 2029 2947 2090 pater
2999 2021 3260 2076 videlicet
3311 2032 3365 2077 et
3422 2023 3611 2087 ﬁlius.

1987 2110 2253 2181 magister
2280 2119 2444 2182 atque
2471 2111 2793 2184 discipulus,
2819 2112 2984 2167 unius
3005 2114 3190 2182 operis
3217 2115 3608 2182 ministerium,

1987 2202 2169 2269 unius,
2201 2211 2260 2258 ut
2293 2203 2366 2258 ita
2392 2205 2607 2274 loquar,
2641 2206 2758 2276 agri
2785 2205 3036 2271 fundum,
3061 2209 3225 2263 unius
3249 2220 3613 2277 susceperunt

1988 2294 2162 2349 vinea:
2184 2295 2520 2350 colonatttm.
2547 2297 2640 2351 llle
2670 2297 2958 2364 nimirum,
2987 2306 3046 2352 ut
3076 2300 3314 2354 obseura
3345 2299 3610 2355 silvarum

1987 2386 2262 2440 condensa
2278 2387 2620 2452 succideret;
2641 2388 2742 2442 iste
2756 2404 2888 2443 vero
2910 2397 2970 2443 ut
2988 2389 3238 2444 residuos
3258 2391 3610 2445 arbustorum

1989 2483 2214 2530 truncos
2239 2486 2296 2531 et
2326 2477 2765 2533 horrescentium
2799 2479 3049 2550 veprium
3080 2480 3302 2534 dumeta
3337 2480 3610 2535 radicitus

1989 2569 2346 2638 exstirparet.
2381 2568 2494 2633 Ille,
2525 2579 2586 2622 ut
2613 2577 2775 2623 acuto
2813 2569 2960 2624 verbi
2993 2584 3219 2624 vomere
3261 2570 3400 2623 dura
3436 2585 3606 2638 squa-

1989 2659 2154 2716 lentis
2185 2660 2386 2715 deserti
2423 2676 2548 2713 rura
2582 2661 2997 2730 proscinderet;
3026 2661 3130 2716 iste
3167 2674 3227 2715 ut
3251 2662 3614 2716 nihilominus

1985 2763 2192 2808 sanctm
2235 2753 2647 2823 praedicationis
2699 2753 2919 2810 sarculo
2970 2756 3302 2810 tumentium
3345 2755 3608 2810 vitiorum

1985 2853 2110 2914 post
2159 2860 2282 2900 eum
2335 2844 2523 2913 glebas
2579 2843 2902 2917 eﬁ'r'rngeret
2954 2857 3011 2902 et
3069 2849 3338 2904 bonorum
3379 2864 3610 2919 operum

1985 2931 2238 3004 frugibus
2273 2934 2489 2990 novalia
2522 2935 2821 3005 diligenter
2856 2938 3079 2994 exculta
3112 2939 3362 2993 vestiret.
3398 2938 3515 3002 llle,
3550 2947 3612 2991 ut

1985 3039 2110 3078 cum
2143 3025 2313 3079 Paulo
2344 3025 2653 3095 plantaret;
2707 3027 2812 3082 iste
2844 3028 3057 3084 ut'cum
3094 3028 3352 3098 Apolline
3403 3030 3612 3099 rigaret

1985 3113 2035 3184 (1
2060 3111 2185 3167 Cor.
2219 3113 2329 3185 ιιι).
2360 3114 2542 3183 Atque
2566 3123 2626 3168 ut
2666 3115 2831 3170 altius
2857 3125 3127 3186 repetam,
3154 3119 3244 3172 ille
3272 3133 3399 3173 cum
3428 3117 3614 3190 Moyse

1983 3205 2238 3275 pupulum
2267 3206 2477 3261 Domini
2505 3206 2682 3263 diviso
2711 3210 2847 3264 mari
2878 3209 3068 3265 Rubro
3093 3212 3146 3264 in
3173 3212 3390 3266 deserta
3419 3221 3606 3267 trans-

277 3312 336 3361 et
361 3305 574 3360 occidat
597 3282 970 3376 unusquiswe
999 3282 1247 3373 fratrem,
1269 3316 1325 3364 et
1353 3309 1590 3365 amicum
1617 3318 1672 3364 et
1698 3311 1881 3381 proxi-
1909 3282 1955 3344 Ο
1987 3299 2172 3369 Ροευίῑ
2204 3298 2409 3368 (Εποάο

1468 3326 1590 3365 ειηη
1617 3318 1672 3364 ει
1698 3311 1881 3381 prmi-
1909 3282 1955 3344 Ο
1987 3299 2172 3369 posuit
2204 3298 2409 3368 (Exod.
2447 3302 2589 3370 xuv);
2627 3300 2732 3355 iste
2762 3316 2887 3357 cum
2918 3300 3105 3367 Josue,
3135 3304 3399 3373 magistro
3421 3318 3612 3359 succe-

282 3411 431 3452 nium
467 3412 624 3452 suum
657 3396 854 3467 (Exod.
893 3398 1089 3470 χχχιι).
1134 3418 1152 3452 ι
1193 3398 1250 3454 Si
1277 3414 1440 3469 quem
1480 3415 1610 3471 ergo
1641 3400 1880 3458 delectat

278 3487 334 3541 in
388 3502 537 3541 arma
588 3502 922 3558 consurgere
952 3528 968 3554 ,
1033 3489 1286 3560 quisquis
1333 3490 1558 3545 anhelat
1617 3492 1880 3547 adversus

276 3577 515 3633 hostium
563 3593 768 3634 cuneos
814 3580 1094 3646 dimicare,
1137 3590 1318 3638 vertat
1349 3597 1543 3637 manus
1574 3583 1626 3637 in
1675 3598 1776 3648 se,
1824 3593 1881 3639 et

275 3667 388 3724 illic
413 3668 594 3736 plures
635 3669 874 3726 inveniet
901 3671 1247 3728 adversarios
1273 3672 1702 3739 obtruncaudos,
1739 3674 1880 3729 unde

273 3759 529 3814 videlicet
559 3769 682 3830 post
709 3761 996 3816 victoriam
1031 3777 1139 3817 non
1180 3764 1470 3818 homicida;
1522 3765 1726 3819 fmlutn
1779 3780 1878 3821 no-

273 3863 402 3905 men
454 3851 740 3917 incurrat,
793 3852 890 3908 sed
947 3852 1220 3924 gloriosus
1268 3855 1458 3923 potius
1513 3856 1880 3925 triumphator

274 3951 562 4011 appareat,
587 3944 730 3998 unde
773 3954 924 3999 certe
961 3961 1066 4000 non
1115 3948 1417 4002 sanctuarii
1468 3958 1746 4004 mereatur
1783 3965 1880 4005 ex-

272 4031 419 4086 cludi
450 4032 748 4099 liminibus,
766 4036 862 4089 sed
889 4050 1220 4093 consecratis
1243 4039 1598 4108 semetipsum
1626 4039 1875 4108 Domino,

271 4122 475 4178 divina:
497 4124 684 4193 gratia:
707 4125 1182 4184 benedictionibus
1206 4139 1494 4199 augeatur,
1515 4130 1658 4186 sicut
1685 4139 1739 4185 et
1769 4130 1878 4187 illis

270 4211 482 4268 dictum
525 4223 609 4270 est
641 4233 652 4267 :
694 4233 712 4267 ι
751 4215 1149 4284 Consecrastis,
1181 4219 1382 4291 inquit,
1435 4237 1631 4277 manus
1663 4232 1876 4279 vestras

272 4304 440 4359 hodie
488 4306 739 4372 Domino,
782 4309 1158 4378 unusquisque
1199 4310 1251 4363 in
1305 4310 1416 4365 lllio
1459 4321 1514 4366 et
1543 4310 1714 4366 fratre
1751 4329 1872 4379 suo,

271 4404 338 4449 ut
373 4396 531 4449 detur
561 4397 713 4451 vobis
743 4397 1054 4454 benedictio
1087 4399 1300 4470 (Ibid.).
1341 4421 1360 4454 ι
1395 4401 1549 4468 Quod
1597 4413 1778 4459 autem
1814 4404 1871 4471 ii,

269 4483 366 4551 qui
421 4484 545 4538 caesi
579 4495 736 4550 sunt,
766 4487 961 4558 viginti
1003 4490 1113 4543 tria
1159 4490 1328 4545 millia
1379 4491 1548 4548 fuisse
1602 4494 1870 4561 referunt,

267 4589 533 4630 ntttncrus
560 4577 722 4631 trium
758 4579 984 4635 millium
1020 4593 1428 4652 peremptorum
1459 4585 1728 4655 triplicem
1763 4585 1873 4641 for-

265 4679 416 4718 tnam
450 4666 648 4722 indicat
691 4679 1059 4736 peccatorum.
1093 4673 1266 4728 Omne
1320 4676 1519 4746 quippe
1559 4688 1866 4746 peccatum,

262 4767 368 4810 aut
395 4757 558 4821 facto,
584 4770 678 4812 aut
714 4763 908 4828 verbo,
955 4773 1051 4818 aut
1082 4766 1417 4836 cogitatione
1447 4770 1868 4826 committimus.

267 4847 380 4902 Sed
403 4849 656 4918 quoniam
696 4851 807 4908 illic
839 4863 895 4908 et
943 4855 1201 4912 denarius
1241 4873 1501 4914 numerus
1531 4862 1867 4931 geminatur,

263 4939 432 4993 datur
483 4940 706 5013 intelligi
739 4946 865 5014 quia
920 4947 1063 5002 sicut
1109 4948 1437 5022 Decalogum
1472 4963 1868 5024 praeceptorum

262 5028 428 5098 culpa
477 5033 696 5098 carnis,
751 5035 916 5089 simul
955 5045 1011 5092 et
1049 5039 1244 5093 animm
1277 5055 1506 5098 servare
1535 5045 1870 5114 contempsi-

265 5136 414 5183 mus,
448 5123 527 5177 sic
555 5125 720 5179 etiam
751 5127 1036 5198 utriusque
1065 5131 1496 5198 vitia,virtutum
1529 5137 1698 5192 armis
1725 5146 1869 5194 atte-

263 5226 392 5267 rere
419 5221 474 5267 et
521 5216 852 5273 morti-ﬁcare
886 5220 1168 5278 debemus.

342 5304 540 5362 Beatus
573 5307 734 5378 igitur
776 5311 1145 5370 Eleuchadius
1188 5324 1318 5373 tunc
1363 5317 1724 5392 philosophus
1751 5337 1867 5378 ma-

261 5409 426 5464 gnus.
456 5409 715 5468 tanquam
761 5417 970 5459 au.eus
989 5406 1198 5463 vitulus
1237 5411 1510 5468 contritus
1541 5422 1625 5468 est
1674 5415 1872 5471 malleo

258 5488 690 5574 praedicationis,
721 5500 776 5547 et
801 5494 1112 5553 transfusus
1139 5509 1224 5555 est
1255 5503 1307 5554 in
1349 5503 1594 5569 membra
1619 5506 1868 5574 corporis

259 5572 491 5632 Christi.
519 5579 671 5636 Tunc
698 5581 888 5640 doctor
921 5594 1149 5642 terrente
1199 5591 1507 5661 sapientiae,
1554 5609 1699 5650 nunc
1719 5572 1860 5650 ima-

256 5667 436 5739 gistcr
495 5669 720 5728 effectus
765 5684 848 5730 est
901 5676 1288 5754 ecclesiastica:
1337 5683 1658 5754 disciplinae.
1711 5686 1865 5743 Tunc

258 5761 598 5818 naturalium
650 5782 936 5824 causarum
990 5753 1296 5828 rimabatur
1334 5753 1674 5848 indaginem,
1716 5796 1861 5838 nunc

254 5857 513 5914 omnium
554 5868 870 5918 naturarum
926 5863 1101 5936 ipsum
1133 5869 1418 5938 perspicue
1458 5873 1860 5944 contemplatur

1903 4638 1952 4698 D

1985 3389 2143 3454 dens,
2184 3389 2438 3445 eumdem
2473 3390 2730 3461 populum
2789 3392 2842 3446 in
2902 3401 3106 3447 terram
3162 3394 3611 3464 repromissionis

1981 3481 2194 3552 primus
2248 3483 2554 3537 introduxit
2603 3482 2742 3555 (los.
2803 3483 2918 3553 tv).
2983 3483 3078 3539 llle
3127 3485 3314 3540 docuit
3370 3485 3613 3556 qualiter

1980 3571 2281 3644 Egyptum
2317 3573 2489 3628 Israel
2509 3573 2695 3629 accola
2722 3585 3042 3645 sperneret;
3075 3575 3179 3631 iste
3210 3591 3342 3630 vero
3370 3576 3612 3646 qualiter

1980 3675 2185 3721 terram
2209 3667 2365 3722 lactis
2406 3666 2673 3722 et'mellis
2714 3667 2980 3737 irriguam
3017 3669 3328 3724 distributis
3363 3670 3606 3726 invicem

1981 3760 2223 3815 sortibus
2255 3760 2584 3830 possideret.
2613 3760 2770 3815 Alter
2803 3761 3066 3815 nimirum
3121 3761 3259 3816 colla
3310 3762 3376 3816 de
3422 3761 3613 3818 ferreo

1974 3850 2107 3922 jugo
2132 3851 2442 3906 Pharaonis
2481 3860 2774 3915 excutere,
2805 3851 2945 3905 alter
2972 3852 3261 3907 admonuit
3296 3853 3607 3924 triumpha-

1975 3943 2210 3998 -tricibus
2255 3943 2460 4015 plantis
2489 3943 2738 3999 devictas
2771 3943 3012 3997 hostium
3054 3944 3275 3999 calcare
3322 3947 3598 4000 cervices.

1978 4035 2134 4090 Alter
2164 4035 2386 4089 edocuit
2413 4035 2700 4090 servitutis
2730 4035 3087 4106 opprobrium
3137 4051 3302 4105 quam
3338 4036 3602 4091 celeriter

1979 4125 2253 4198 fugerent,
2283 4127 2422 4182 alter
2463 4136 2647 4183 autem
2703 4128 2854 4199 ipsos
2880 4127 3153 4184 libertatis
3204 4128 3391 4184 titulos
3424 4143 3597 4200 quam

1978 4219 2300 4276 cautissime
2322 4219 2696 4275 custodirent.

2045 4311 2236 4384 Neque
2265 4330 2399 4370 vero
2431 4316 2769 4370 credendum
2795 4325 2900 4381 est,
2937 4315 3141 4373 fratres
3171 4316 3314 4385 mei,
3341 4316 3404 4372 Β.
3445 4317 3606 4374 Eleu-

1977 4403 2278 4471 cbadium,
2332 4407 2462 4462 dum
2511 4408 2694 4463 adhuc
2737 4409 2984 4473 viveret,
3049 4411 3301 4483 martyrii
3355 4413 3608 4468 caruisse

1976 4493 2281 4561 laboribus,
2323 4498 2426 4552 etsi
2477 4513 2585 4552 non
2625 4497 2794 4554 fuerit
2833 4504 3103 4574 martyrio
3158 4513 3602 4560 consummatus.

1980 4584 2212 4642 Videbat
2256 4588 2518 4644 nimirum
2548 4591 2878 4660 gentilitatis
2925 4583 3104 4663 nuper
3141 4597 3434 4652 exstincta
3466 4613 3605 4652 non—

1977 4678 2156 4734 nullas
2202 4680 2384 4736 adhuc
2411 4696 2704 4752 superesse
2732 4683 3027 4753 reliquias;
3064 4686 3286 4741 dolebat
3318 4688 3369 4741 in
3403 4689 3605 4759 populo

1975 4774 2079 4830 sibi
2108 4775 2429 4842 commisso,
2457 4776 2541 4832 vel
2575 4788 2823 4834 extrema
2852 4781 3228 4850 superstitiosi
3261 4781 3400 4835 ritus
3433 4785 3605 4838 vesti-
3689 4806 3692 4808 ν

1973 4868 2062 4940 gia
2093 4870 2448 4932 remansisse,
2476 4880 2643 4941 atque
2667 4873 2790 4928 ideo
2825 4873 2951 4929 licet
2997 4878 3453 4946 persequentium
3486 4894 3601 4932 ma-

1975 4977 2079 5016 nus
2109 4961 2318 5032 gladios
2350 4979 2458 5017 non
2489 4974 2766 5030 exereret,
2799 4966 3154 5022 cruciabatur
3183 4967 3367 5023 anima
3407 4979 3602 5024 sancta

1973 5052 2046 5122 pii
2065 5053 2166 5108 zeli
2183 5069 2246 5108 ac
2263 5063 2506 5124 paterna:
2525 5058 2924 5127 compassionis
2945 5059 3201 5114 incendio
3220 5071 3600 5115 concremata.

1978 5141 2118 5208 Quid
2146 5145 2294 5198 enim
2334 5145 2592 5215 prodest,
2619 5147 2663 5202 si
2695 5148 2987 5219 quisquam
3021 5149 3292 5205 eatholice
3327 5153 3518 5206 credat
3547 5162 3602 5208 et

1974 5233 2257 5304 gentiliter
2283 5235 2466 5290 vivat?
2495 5238 2606 5292 Aut
2634 5239 2912 5309 quomodo
2950 5241 3256 5296 credulitas
3286 5255 3436 5297 recta
3469 5261 3595 5300 cum

1974 5328 2083 5382 vita
2120 5329 2422 5384 concordat
2451 5330 2756 5386 haeretica?
2793 5332 2936 5400 Quid
2962 5334 3111 5388 enim
3154 5333 3336 5402 juvat,
3371 5337 3414 5391 si
3463 5336 3600 5391 ﬁdes

1975 5416 2116 5472 adsit
2163 5419 2499 5487 apostolica,
2543 5421 2633 5476 ubi
2677 5425 3026 5478 conversatio
3081 5424 3304 5480 ducitur
3354 5426 3598 5482 Ariana?

1975 5506 2055 5563 De
2100 5507 2168 5563 iis
2219 5511 2446 5578 etenim,
2480 5513 2573 5581 qui
2629 5513 2900 5569 eatholice
2949 5516 3186 5571 credunt
3239 5530 3296 5572 et
3335 5518 3596 5572 haeretice

1972 5599 2184 5663 vivunt,
2217 5603 2578 5670 conqueritur
2605 5604 2802 5659 beatus
2828 5606 3126 5675 Apostolus
3153 5608 3374 5664 dicens:
3396 5626 3414 5659 ι
3444 5607 3591 5662 Con-

1973 5691 2200 5746 ﬁtentur
2245 5709 2305 5748 se
2335 5709 2496 5750 nosse
2528 5692 2729 5761 Deum,
2771 5697 2926 5754 factis
2977 5710 3161 5756 autem
3207 5711 3411 5770 negant
3455 5701 3586 5773 (Tit.

1973 5785 2041 5856 ι),
2081 5805 2099 5837 ι
2138 5783 2273 5840 Cum
2295 5787 2409 5842 sive
2435 5789 2729 5853 credendo,
2764 5790 2882 5846 sive
2915 5792 3168 5857 vivendo,
3186 5793 3357 5847 Deum
3389 5807 3590 5864 negare

1970 5877 2108 5932 nihil
2145 5879 2217 5934 sit
2248 5878 2394 5937 aliud
2448 5881 2655 5952 absque
2696 5883 2863 5941 dubio
2893 5901 3056 5957 quam
3104 5886 3305 5957 perire.
3334 5887 3586 5960 Quapro-
