5232 6492
113 1030 309 1966 Ι

1813 373 1917 429 sas
2414 369 2477 427 s.
2516 366 2721 428 min
2748 366 3033 423 unum
3064 365 3212 422 οιιιι.
3251 365 3427 421 rtus
3463 368 3594 425 seu
3640 364 3957 425 rouusu.
3998 395 4035 407 —
4103 320 4494 424 senttan

4390 0 5195 522 l

1810 496 1930 557 pter
1956 485 2146 540 beatus
2165 482 2400 554 pontifex
2426 481 2779 537 Eleucha.3itts
2802 497 2905 535 non
2934 478 3379 535 contemnendum
3413 487 3455 544 Α
3488 491 3630 545 sunt.
3691 496 3794 533 non
3848 478 4076 533 ambire.
4128 476 4387 532 Przsentl
4434 480 4542 539 α

1812 577 2031 647 pertulit
2073 576 2124 629 in
2158 576 2268 643 ipsa
2301 574 2556 627 Ecclesia:
2606 587 2733 642 pace
2765 572 3109 642 martyrium.
3141 570 3377 637 quamlu-

1814 667 2027 735 quidem
2053 674 2106 718 et
2134 664 2178 717 si
2208 678 2314 716 non
2351 678 2474 717 cum
2516 663 2717 731 perlide
2741 661 3105 721 credentibus.
3132 659 3224 713 sed
3259 674 3383 727 pcr-

1812 770 1968 811 verse
2007 754 2309 809 viventibus
2352 752 3084 822 iul'tcdcrabilem-probatur
3130 749 3379 805 habuisse

1810 847 2141 912 conﬂictum.
2172 862 2484 916 quanquam
2507 856 2561 901 et
2588 847 2641 900 in
2671 845 2790 900 lidei
2816 844 3063 899 doctrina
3087 843 3380 896 (lt-sudasse

1806 956 1929 991 t‘ttttl
1986 955 2091 993 non
2145 941 2265 994 sine
2319 940 2531 993 ratione
2586 939 2911 1007 colligimus.
2961 952 3083 989 cum
3140 938 3379 988 omnium

1814 1028 2113 1083 linvennati
2143 1030 2424 1097 metmpoli
2454 1029 2809 1099 adiacentium
2840 1030 3154 1081 ditecesium
3192 1028 3383 1079 civitao

1812 1129 1889 1172 tes
1923 1128 1976 1175 et
2003 1120 2216 1188 oppida.
2242 1120 2347 1190 33
2392 1120 2566 1173 nullos
2597 1134 2732 1189 pene
2772 1120 3065 1173 recondere
3115 1127 3385 1186 martyres

1816 1226 2176 1281 agnoscamus

1888 1300 2043 1355 Unde
2072 1299 2210 1353 beati
2244 1298 2568 1367 Apollinaris
2616 1307 2816 1367 quanta
2850 1298 3041 1369 gloria.
3072 1308 3271 1365 quanta
3319 1298 3386 1350 sit

1810 1392 2127 1448 excellentia
2159 1392 2343 1445 mirari
2383 1391 2543 1460 digne
2589 1407 2693 1445 non
2726 1407 3032 1461 possumus.
3061 1392 3214 1458 cujus
3241 1406 3387 1443 mar-

1811 1480 2011 1551 tyrium
2044 1495 2166 1532 cum
2196 1495 2292 1549 per
2322 1480 2507 1547 viginti
2536 1490 2591 1535 et
2645 1496 2836 1533 novem
2864 1496 3126 1533 annorum
3160 1481 3385 1546 spatium

1809 1585 1909 1638 per
1938 1568 2352 1623 innumerabilia
2406 1569 2569 1623 fuerit
2598 1578 2865 1623 tormenta
2897 1584 2993 1637 pro
3015 1572 3233 1629 !uctuin.
3266 1579 3387 1620 tan-

1812 1670 1924 1713 tum
1984 1658 2132 1714 solus
2162 1660 2461 1714 elaboravit
2506 1662 2647 1729 quod
2693 1660 2831 1713 alter
2873 1662 3162 1728 quispiam.
3212 1660 3300 1712 ubi
3336 1660 3389 1711 in

1808 1751 1937 1805 totis
1989 1750 2102 1805 fere
2128 1752 2236 1804 illis
2271 1751 2519 1820 partibus
2566 1765 2661 1819 pro
2693 1753 3000 1804 testimonio
3033 1752 3151 1803 lidei
3185 1752 3389 1819 potuis-

3484 539 3887 631 cura'sulllciat.
3911 584 4009 624 nec
4034 570 4176 625 diem
4204 568 4501 623 crastinum
4531 539 5083 623 801ηεὶωῆ

3484 675 3579 715 cor
3604 660 3885 727 anticipet.

3555 749 3884 803 lsraeliticus
3914 762 4042 802 sane
4097 748 4346 817 populus.
4378 748 4516 806 sicut
4542 761 4699 801 sacra
4730 752 4969 799 testatur
4998 746 5077 798 hi-

3486 845 3672 905 storia.
3704 858 3825 895 cuni
3852 857 4045 894 manna
4073 842 4372 909 colligeret.
4423 840 4759 893 scaturiebat
4796 837 5080 889 vermibus

3487 943 3647 1000 atque
3700 932 4191 999 computrescebat.
4228 930 4269 981 si
4303 928 4426 996 quis
4463 926 4757 985 inﬁdeliter
4788 942 4980 993 agens.
5012 938 5079 976 es

3486 1038 3549 1077 eo
3578 1024 3628 1076 in
3681 1026 3976 1075 crastinum
4025 1031 4330 1075 reservaret
4384 1018 4582 1087 (Exod.
4612 1022 4745 1083 ait).
4786 1017 4881 1069 Sic
4916 1016 5083 1067 nimi-

3489 1130 3605 1167 rum
3637 1115 3882 1182 quisquis
3936 1113 4129 1166 ardore
4183 1112 4496 1180 cupiditatis
4544 1124 4828 1163 accensus.
4867 1118 4925 1158 ut
4964 1123 5083 1157 ian-

3488 1221 3649 1274 quam
3698 1204 3910 1271 corpori
3962 1218 4062 1257 suo
4114 1203 4372 1256 alimenta
4430 1200 4735 1270 provideat.
4795 1207 5074 1250 terrenam

3491 1298 3590 1351 sibi
3620 1296 3980 1349 substantiam
4014 1295 4376 1353 tlirzanrizat.
4426 1292 4552 1345 huic
4582 1290 4671 1342 ille
4700 1288 4907 1340 vermis
4932 1285 5084 1339 ebul-

3492 1387 3573 1447 lit.
3601 1388 3690 1455 qui
3744 1386 4132 1437 conscientiam
4173 1384 4361 1443 loliat.
4389 1391 4444 1435 et
4489 1395 4688 1435 arcana
4722 1378 4967 1448 pectoris
4998 1393 5085 1429 ro-

3492 1481 3599 1533 dat.
3634 1479 3922 1532 Enimvero
3972 1477 4005 1529 ii
4055 1475 4476 1529 sollcitudinum
4520 1486 4756 1533 vermes.
4799 1466 4914 1540 3‘
4948 1482 5088 1537 quos

3494 1572 3719 1623 avaritia
3766 1576 4020 1635 generat.
4073 1568 4190 1619 illos
4234 1564 4412 1617 denuo
4461 1576 4673 1616 vermes
4728 1568 4975 1629 pararit.
5022 1556 5089 1609 ds

3495 1662 3694 1729 quibus
3738 1661 3998 1725 scriptum
4044 1666 4177 1711 est:
4233 1674 4252 1707 t
4287 1655 4428 1724 Ignis
4480 1668 4669 1707 eorum
4732 1667 4841 1704 non
4882 1650 5087 1703 exstin-

3498 1764 3685 1819 guetur
3734 1762 3785 1803 ut
3834 1752 4032 1803 vermis
4086 1762 4189 1801 non
4246 1748 4509 1800 morietur
4556 1742 4670 1813 (lui
4742 1748 4918 1807 Lavi).
4954 1760 4973 1791 ι
5034 1750 5091 1791 ut

1809 1850 1897 1896 act
1942 1842 2283 1903 occumbere.
2343 1858 2449 1897 non
2487 1843 2710 1896 intenit.
2761 1842 2818 1896 Si
2869 1843 2997 1912 quid
3030 1855 3205 1895 autem
3257 1842 3395 1895 forte
3430 1845 3468 1902 Β
3500 1848 3670 1909 ἱκηριοι
3708 1843 3845 1905 ignis
3869 1840 4178 1908 cupiditatis
4205 1838 4469 1891 accendat
4497 1845 4550 1889 et
4580 1834 4784 1887 vermis
4804 1848 4873 1885 es
4906 1843 5091 1883 verme

1809 1932 2097 2001 superfuit.
2142 1932 2527 2003 discipulorum
2585 1932 2702 2002 ejus
2764 1934 3038 1986 successio
3091 1934 3391 1985 veneranda

1809 2021 2103 2090 supplevit,
2140 2021 2280 2074 inter
2307 2037 2446 2089 quos
2486 2023 2735 2075 nimirum
2784 2034 2977 2075 neatns
3015 2023 3392 2085 Eleuciiadius.

1812 2110 1964 2165 velut
2014 2125 2235 2164 aureum
2277 2111 2425 2165 sidus
2471 2111 2681 2173 enituit.
2730 2121 2804 2173 et.
2848 2112 3004 2181 juxta
3051 2114 3279 2165 nominis
3312 2114 3391 2164 sui

1814 2200 2223 2271 etymologiam,
2273 2202 2484 2270 patetni
2511 2203 2760 2257 candoris
2785 2212 2948 2272 atque
2976 2204 3275 2273 splendoris
3309 2207 3392 2256 in-

1816 2292 2014 2360 signia,
2031 2302 2089 2344 ut
2112 2306 2300 2346 revera
2322 2292 2463 2346 ﬁlius
2484 2294 2798 2360 reportavit.
2826 2294 3181 2348 Eleuchadius
3203 2296 3397 2361 quippe

1820 2380 2030 2444 Grmce.
2060 2380 2251 2434 Latine
2298 2381 2618 2451 intelligitur
2642 2382 2918 2435 candidas.
2951 2382 3059 2435 Nec
3110 2384 3396 2434 immerito.

1817 2469 1897 2525 Es
1933 2486 2119 2525 eorum
2149 2484 2338 2539 nempe
2368 2470 2544 2525 fuerat
2573 2486 2821 2533 numero.
2849 2473 2914 2526 de
2942 2473 3138 2540 quibus
3168 2474 3395 2524 dicitur:

1824 2578 1843 2610 ι
1872 2560 2096 2616 Candidi
2133 2559 2259 2615 l'acti
2302 2570 2432 2615 sunt
2480 2560 2720 2616 Nazarzi
2751 2561 2890 2630 ejus.
2922 2562 3257 2632 splendorem
3291 2564 3400 2616 Deo

1818 2651 2103 2715 dederunt.
2139 2660 2196 2705 et
2244 2653 2385 2705 sicut
2411 2650 2495 2705 lac
2536 2652 2804 2721 coagulati
2851 2661 2977 2705 sunt
3007 2650 3221 2717 (τιατ-ιιι.
3248 2652 3341 2719 av).
3380 2669 3397 2701 ι

1821 2741 1885 2796 Et
1917 2739 2085 2796 Iacob
2118 2741 2186 2796 de
2213 2740 2432 2797 Christo
2461 2743 2529 2799 ad
2563 2741 2771 2797 lilium:
2810 2761 2828 2791 ο
2858 2741 3202 2797 Pulchriores
3255 2752 3402 2807 sunt.

1827 2831 2028 2902 inquit.
2069 2832 2211 2887 oculi
2261 2832 2379 2901 ejus
2410 2833 2558 2898 vino,
2606 2842 2661 2889 et
2692 2833 2878 2888 dentes
2907 2831 3024 2899 ejus
3052 2832 3189 2888 lacte
3216 2834 3401 2886 candi—

1822 2922 2002 2978 diores
2033 2921 2186 2993 (Gen.
2226 2924 2397 2993 stis).
2424 2942 2445 2976 ι
2479 2923 2636 2980 Oculi
2684 2938 2878 2992 nempe
2920 2924 3143 2985 Christi.
3179 2922 3401 2992 apostoli

1818 3015 2246 3087 elevangelistr
2283 3027 2427 3079 sunt.
2484 3016 2577 3086 qui
2635 3016 2887 3070 universo
2935 3015 3149 3084 corpori
3204 3026 3404 3069 sancta:

1821 3106 2077 3163 Ecclesia:
2105 3107 2286 3163 lumen
2330 3108 2612 3177 sapientia
2641 3106 3032 3177 prastiterunt.
3060 3121 3289 3176 quorum
3313 3107 3405 3159 do-

3504 1935 3773 2002 pioccdat.
3806 1932 4125 1997 Quanquam
4152 1938 4203 1981 et
4234 1929 4309 1981 sic
4338 1926 4515 1979 valeat
4546 1939 4653 1978 non
4682 1922 5081 1976 inconvenieuo

3502 2036 3581 2077 ter
3616 2024 3854 2091 intelligi.
3911 2022 4035 2089 quia
4092 2022 4227 2073 sicut
4274 2018 4389 2087 ipse
4437 2015 4707 2077 Christus.
4767 2030 4861 2082 qui
4922 2012 5083 2066 dict

3506 2138 3523 2169 t
3564 2118 3671 2181 lim
3702 2132 3821 2169 sum
3876 2114 4096 2171 vermis.
4126 2120 4179 2164 et
4212 2126 4316 2163 non
4346 2110 4510 2163 homo
4538 2104 4711 2175 (Pani.
4746 2108 4889 2171 ssi).
4928 2124 4945 2153 i
4974 2118 5093 2170 pro-

3504 2219 3648 2259 venit
3681 2208 3799 2256 alus
3840 2206 3890 2256 in
3930 2200 4411 2259 resurrectionem.
4449 2198 4521 2251 ita
4578 2195 4939 2249 nihilominus
4970 2208 5093 2245 ver-

3508 2299 3631 2351 lium
3687 2298 3803 2363 cius
3857 2296 3914 2348 lit
3971 2306 4167 2347 manna
4218 2291 4498 2359 mellisque
4541 2287 4769 2341 dulcedo
4823 2284 5095 2341 ﬁdelibus.

3505 2390 3805 2441 infidelibus
3829 2396 4008 2437 autem
4042 2393 4095 2435 et
4118 2392 4279 2449 prave
4312 2379 4616 2433 visentibus
4636 2376 4841 2430 vermis
4874 2374 4955 2435 ﬁt.
4990 2394 5005 2425 t
5028 2388 5107 2427 ou

3504 2482 3747 2531 Vltlt’liCt‘i
3792 2478 3882 2546 qui
3930 2476 4169 2529 animam
4214 2472 4466 2525 reﬁciens
4511 2470 4642 2531 alat.
4684 2468 4779 2521 sed
4828 2467 4923 2536 qui
4970 2480 5073 2518 con

3505 2571 3788 2623 scientiam
3832 2566 4085 2619 terrendo
4113 2579 4173 2617 ac
4206 2562 4506 2616 minitando
4550 2558 4883 2613 remordeat.
4932 2555 5101 2609 Sexto

3508 2670 3688 2712 autem
3714 2659 3797 2709 dic
3826 2655 4019 2724 duplex
4070 2668 4322 2707 mensura
4350 2642 4527 2719 colligi
4567 2647 4885 2716 jubebatur.
4934 2654 4995 2697 ut
5032 2659 5099 2697 es

3505 2766 3569 2805 eo
3595 2751 3644 2803 in
3674 2748 3967 2801 Sabbatum
4010 2744 4272 2797 medietas
4321 2747 4653 2794 servaretur.
4703 2734 4876 2790 Porro
4918 2746 5103 2789 autem

3507 2850 3657 2895 scala
3702 2840 3816 2891 dies
3846 2876 3860 2899 .
3905 2845 4060 2890 sexta
4105 2833 4287 2887 mundi
4334 2840 4467 2885 clas
4510 2828 4847 2899 intelligitur.
4900 2828 4954 2880 in
4996 2842 5101 2895 qua

3512 2946 3651 2984 nunc
3683 2943 3888 2981 sumus.
3932 2926 3986 2979 In
4017 2926 4119 2979 hac
4163 2939 4293 2992 ergo
4338 2922 4424 2975 die
4464 2920 4685 2989 duplum
4734 2934 4834 2988 pro
4875 2930 5115 2973 venturo

3512 3019 3749 3073 Sabbatu
3774 3017 3977 3084 colligit
4003 3014 4091 3083 qui
4127 3027 4224 3081 pro
4249 3010 4432 3080 gloria
4479 3008 4718 3064 celestis
4744 3008 4975 3069 intuitu.
5016 3010 5103 3061 ubi

3512 3124 3704 3179 perpes
3733 3106 4028 3160 Sabbatum
4053 3112 4107 3157 et
4133 3116 4257 3155 vera
4284 3110 4368 3155 est
4408 3100 4647 3169 requies.
4674 3100 4903 3153 verbum
4936 3098 5029 3152 Dei
5056 3108 5113 3151 et

1824 3193 2023 3259 ctrina,
2056 3194 2183 3249 dum
2237 3196 2469 3265 rigorem
2524 3207 2687 3266 atque
2738 3196 2989 3249 duritiam
3035 3196 3227 3263 prisca
3275 3194 3407 3263 legis
3435 3186 3479 3247 C
3513 3199 3661 3250 audit
3687 3207 3739 3249 et
3764 3193 3909 3247 facit.
3938 3192 3995 3248 In
4042 3193 4143 3245 hac
4188 3189 4410 3260 duplum
4456 3188 4701 3244 recondit
4744 3189 4927 3257 quiet
4973 3190 5107 3240 bene

1824 3284 2053 3349 emollit.
2078 3285 2477 3355 quodaminodo
2524 3285 2895 3340 austeritatem
2936 3285 3043 3339 vini
3073 3285 3268 3339 veteris
3317 3299 3409 3339 t-o-

1829 3388 1951 3431 rtlm
1980 3375 2329 3446 pulchritudo
2371 3375 2652 3446 pmellit.
2680 3374 2989 3445 evangelica
3038 3376 3236 3443 quippe
3268 3389 3409 3445 prmo

1832 3475 1993 3536 cepta
2023 3466 2295 3521 mandatis
2348 3466 2561 3521 Veteris
2591 3465 2928 3521 Testamenti
2964 3464 3119 3535 longe
3157 3475 3282 3519 sunt
3304 3463 3411 3517 cla-

1836 3553 2006 3610 riora.
2045 3553 2247 3610 Dentes
2280 3570 2411 3609 vern
2463 3555 2636 3611 sancti
2692 3554 3073 3624 pra-dicatores
3126 3563 3271 3616 sunt.
3316 3552 3411 3622 qui

1834 3657 2128 3699 conversos
2157 3645 2404 3699 homines
2427 3661 2457 3699 a
2487 3660 2777 3716 pravorum
2804 3645 3067 3699 societate
3114 3644 3413 3713 pracidunt

1832 3749 2033 3804 eosque
2061 3736 2115 3789 in
2144 3735 2343 3790 Christi
2370 3752 2591 3807 corpus,
2623 3736 2764 3791 sicut
2799 3735 3048 3806 superius
3071 3736 3273 3789 dictum
3303 3743 3409 3798 est.

1832 3827 1987 3897 quasi
2019 3826 2322 3882 mandendo
2354 3827 2647 3897 trajiciunt.
2680 3827 2849 3883 l‘orro
2877 3829 3094 3883 nomine
3123 3827 3278 3882 lactis
3310 3827 3410 3881 do-

1832 3914 2008 3970 ctrina
2037 3914 2169 3986 legis
2212 3916 2474 3981 innuitur.
2498 3931 2619 3987 quae
2655 3917 2929 3971 carnalem
2976 3917 3229 3985 populum
3260 3914 3415 3971 lactis

1831 4005 2045 4077 poculo,
2074 4015 2329 4075 tanquam
2358 4007 2612 4077 parvulos
2663 4006 2809 4062 alere
2853 4008 3157 4068 videbatur.
3183 4021 3413 4075 quorum

1835 4097 2090 4152 nimirum
2119 4097 2258 4153 lacte
2306 4099 2650 4153 candidiores
2690 4108 2817 4153 sunt
2861 4097 3112 4153 doctam
3143 4097 3413 4161 Ecclesiae,

1837 4187 1962 4255 quia
2005 4186 2198 4243 fortem
2245 4196 2301 4242 et
2330 4188 2559 4243 solidum
2593 4188 2741 4242 verbi
2785 4188 2964 4243 cibum
2993 4198 3049 4241 et
3096 4188 3194 4257 ipsi
3243 4202 3419 4241 come-

1839 4274 1975 4329 dunt
2023 4284 2079 4330 et
2130 4276 2251 4331 aliis
2299 4278 2539 4341 tradunt,
2582 4278 2649 4333 de
2684 4278 2882 4348 quibus
2905 4278 2971 4331 ad
3008 4276 3260 4331 llebrzeos
3286 4279 3417 4332 d'cit

1838 4364 2163 4431 Apostolus:
2201 4383 2218 4417 t
2268 4364 2637 4421 Perfectorum
2669 4377 2849 4420 autem
2886 4378 2970 4420 est
3013 4367 3215 4421 solidus
3267 4367 3419 4422 cibus

1834 4453 2023 4524 (Hebr.
2052 4456 2125 4528 v).
2156 4476 2174 4509 ι
2208 4457 2274 4511 Et
2298 4458 2434 4512 bene
2464 4458 2681 4513 candidi
2710 4473 2831 4513 esse
2872 4458 3125 4512 dicuntur
3169 4459 3418 4514 doctores

3516 3292 3667 3352 vivit.
3689 3300 3743 3343 et
3768 3288 3889 3343 aliis
3914 3285 4222 3355 csemplum
4244 3284 4437 3339 salutis
4457 3280 4699 3337 ostendit
4725 3298 4739 3345 ;
4774 3282 4917 3341 sive.
4962 3280 5105 3351 quod

3514 3381 3821 3451 expeditius
3864 3388 3948 3432 est
3976 3417 3991 3441 .
4039 3375 4309 3447 duplicem
4360 3387 4673 3429 mensuram
4717 3370 4967 3440 colligit.
5016 3370 5107 3439 qui

3518 3483 3724 3527 tantum
3750 3474 3800 3525 in
3826 3471 3961 3525 bona
3985 3468 4303 3539 operatione
4325 3464 4578 3525 desudat.
4606 3462 4750 3517 unde
4770 3473 4827 3516 et
4852 3462 4943 3515 hic
4970 3460 5109 3515 Con-

3515 3566 3674 3619 ditori
3698 3578 3795 3616 suo
3815 3562 3933 3629 ejus
3952 3561 4133 3613 anima
4164 3558 4396 3629 placeat.
4424 3564 4479 3608 et
4517 3569 4641 3609 cum
4667 3567 4735 3607 eo
4758 3554 5113 3620 postmodum

3516 3656 3903 3726 perpetualiter
3952 3654 4120 3706 vivat.
4179 3648 4332 3716 Quod
4382 3646 4547 3717 igitur
4594 3644 4967 3713 "ponebatur
5014 3658 5111 3711 pro

3515 3750 3778 3810 Sabbato.
3821 3744 4094 3814 corrumpi
4138 3757 4244 3797 non
4286 3747 4525 3809 poterat.
4571 3736 4697 3807 quia
4744 3734 4885 3788 bona
4920 3748 5107 3803 opus.

3514 3859 3633 3918 qur
3660 3855 3758 3911 pro
3793 3837 4068 3892 desiderio
4108 3847 4357 3904 superus
4401 3830 4602 3900 quietis
4644 3830 4802 3918 ﬁunt.

3516 3914 3933 4001 permanebunt.
3961 3926 4073 3979 son
4116 3938 4247 3993 ergo
4289 3921 4391 3975 illa
4426 3928 4553 3974 sunt
4580 3916 4927 3972 ωαιιιιιιιάε
4972 3914 5109 3968 diri-

3524 4022 3634 4081 tiae.
3662 4032 3798 4087 quas
3825 4028 4008 4082 :erugo
4029 4012 4371 4071 demoltatur.
4416 4022 4555 4078 quas
4596 4006 4757 4059 tinea
4797 4006 5109 4065 corsae-lant.

3519 4116 3573 4162 et
3616 4123 3735 4175 qua:
3776 4104 4039 4157 vermium
4087 4099 4417 4168 scaturigine
4464 4102 4913 4163 cotnputrescant
4960 4092 5111 4161 (Lar.

3523 4202 3641 4265 sit).
3672 4214 3902 4267 quarum
3928 4194 4139 4250 scilicet
4167 4207 4274 4246 non
4312 4191 4511 4244 liberos
4550 4201 4896 4257 possessores
4926 4186 5117 4238 beatus

3520 4290 3751 4346 lactibus
3776 4290 4101 4356 increpans:
4141 4302 4157 4333 t
4196 4282 4427 4343 Divitite.
4455 4280 4649 4348 inquit.
4690 4286 4890 4330 vestr:
4935 4286 5113 4344 putre

3523 4381 3676 4435 tacite
3700 4388 3845 4439 sunt.
3880 4378 4197 4429 vestimenta
4229 4380 4409 4427 vestra
4445 4385 4476 4424 a
4513 4367 4676 4423 tineis
4696 4376 4943 4422 comi-sta
4970 4378 5111 4427 suat.

3524 4486 3718 4524 aurum
3744 4479 3797 4523 et
3839 4476 4121 4534 argentum
4152 4472 4391 4518 vestrum
4437 4458 4785 4530 aruginavit.
4834 4468 4891 4510 et
4937 4472 5115 4526 εις-ῳ

1837 4546 2113 4613 Ecclesia.
2146 4547 2272 4617 quia
2300 4559 2351 4602 et
2382 4564 2412 4601 a
2461 4548 2745 4618 pravitatis
2770 4547 2979 4602 macula
3009 4546 3184 4611 liberi,
3214 4558 3264 4602 et
3291 4564 3420 4603 con.
3452 4534 3498 4594 υ
3524 4574 3713 4615 θοι-ηπ,
3740 4560 3792 4609 δη
3821 4553 4190 4609 ιρδιίηιοηίυηι
4220 4550 4377 4605 νοω.
4420 4550 4527 4603 cm
4561 4556 4618 4601 ει
4666 4545 4881 4598 ardebit
4926 4561 5117 4601 eam

1839 4640 2037 4710 spicua
2075 4640 2506 4695 conversationis
2534 4640 2787 4695 videntur
2814 4639 3070 4709 operibus
3094 4640 3246 4694 clari.
3278 4640 3420 4705 Qua-

1839 4742 2058 4803 propter
2082 4732 2387 4788 cavendnm
2417 4740 2520 4793 est,
2548 4729 2749 4785 fratres
2785 4729 2912 4791 ntei.
2960 4744 3027 4785 ne
3056 4746 3161 4800 qua
3211 4746 3309 4784 nos
3338 4732 3421 4783 vi-

1841 4822 2037 4877 tiorum
2070 4823 2292 4893 nigredo
2327 4823 2641 4887 dedworet,
2689 4822 2781 4892 qui
2813 4823 3077 4877 candidos
3123 4824 3176 4875 in
3219 4820 3422 4876 Christi

1840 4916 2032 4972 militia
2079 4916 2242 4970 duces
2278 4917 2560 4971 habemus.
2592 4915 2902 4971 Periculose
2932 4915 3191 4969 nimirum
3241 4929 3420 4968 rerum

1838 5010 2049 5080 species
2074 5007 2321 5071 ﬂuctuat.
2350 5008 2440 5062 ubi
2462 5023 2585 5062 cum
2615 5007 2840 5063 ducibus
2860 5008 3241 5076 subsequentis
3268 5021 3427 5059 eser-

1839 5101 1978 5157 citus
2004 5099 2231 5172 insignia
2256 5115 2361 5153 non
2384 5097 2739 5154 concordant.
2766 5098 2914 5152 Beati
2957 5097 3221 5168 siquidem
3246 5107 3429 5168 patres

1842 5189 2025 5244 nostri
2048 5197 2327 5259 promptos
2378 5201 2437 5243 se
2465 5186 2792 5253 exhibebant
2828 5187 2895 5239 ad
2951 5184 3271 5255 perferenda
3303 5200 3428 5255 snp-

1843 5279 2031 5351 plicia.
2073 5293 2172 5333 nos
2222 5287 2405 5333 autem
2446 5276 2574 5331 dum
2608 5290 2637 5329 a
2670 5276 2919 5347 proximo
2964 5275 3231 5338 latdimur.
3279 5289 3428 5329 com-

1845 5384 2135 5440 pescamus
2160 5368 2352 5423 saltem
2405 5365 2620 5421 animos
2649 5380 2679 5418 a
2707 5366 2967 5421 vindicta.
2998 5362 3207 5435 loyses
3235 5378 3428 5434 nempe

1847 5460 1914 5515 ad
1946 5458 2165 5514 ultionis
2196 5459 2455 5514 indicium
2478 5456 2816 5512 descendens
2860 5458 2927 5512 de
2965 5465 3145 5510 monte
3170 5468 3428 5511 cornutus

1846 5550 2101 5622 apparuit
2149 5548 2347 5620 (Exod.
2395 5552 2628 5615 xsstv);
2683 5562 2847 5617 super
2904 5546 3192 5601 Dominum
3248 5558 3427 5601 autem

1850 5643 1908 5699 in
1938 5640 2367 5697 mansuetudinis
2395 5638 2599 5709 Spiritu
2623 5639 2870 5694 columba
2900 5638 3181 5694 descendit
3214 5636 3426 5705 (Hann.

1854 5731 1962 5805 ut).
2013 5732 2089 5787 illi
2145 5734 2503 5789 decreverunt
2553 5746 2651 5802 pro
2696 5732 2919 5787 Christo
2971 5733 3188 5803 propria
3239 5742 3431 5787 cuncta

1858 5833 2227 5893 contemnere.
2258 5838 2357 5880 nos
2389 5832 2564 5879 autem
2592 5822 2860 5879 discamus
2882 5821 3072 5880 saltem
3104 5838 3221 5894 quae
3255 5824 3427 5879 aliena

3526 4663 3735 4706 vestras
3762 4650 3903 4703 sicut
3951 4646 4092 4716 ignis
4134 4642 4278 4713 (las.
4324 4644 4397 4711 v).
4428 4660 4449 4694 ι
4496 4639 4621 4695 Illas
4662 4637 4852 4705 Igitur.
4900 4635 5111 4693 fratres.

3522 4744 3738 4797 divitias
3763 4748 4100 4809 appetamus.
4142 4750 4263 4805 qua:
4307 4749 4407 4787 nos
4448 4731 4679 4803 gemmis
4703 4744 4767 4784 ac
4806 4730 5116 4800 margaritis

3525 4834 3747 4887 valeant
3775 4830 4042 4883 adornare
4074 4827 4255 4879 viruit
4284 4841 4358 4886 nt.
4402 4837 4524 4892 qua
4564 4822 4629 4875 ad
4680 4820 4995 4874 cclcstiuan
5030 4834 5115 4870 nos

3525 4923 3825 4995 proveliant
3868 4918 4052 4970 titulos
4090 4916 4437 4984 dignitatum.
4486 4912 4638 4976 Quas
4682 4907 4937 4979 profecto
4988 4910 5091 4961 divi

3529 5019 3629 5071 tias
3660 5017 3897 5069 insinuat
3926 5010 4211 5083 pr0pheta.
4255 5023 4378 5062 cum
4405 5006 4577 5059 dicit:
4609 5022 4630 5054 ι
4665 5004 4883 5057 Divisi:
4932 5004 5115 5057 salutis

3529 5108 3796 5177 sapientia
3824 5115 3876 5159 et
3900 5102 4173 5163 scientia;
4230 5099 4394 5152 timor
4443 5094 4654 5150 Domini
4708 5092 4829 5162 ipse
4871 5103 4961 5146 est
5012 5094 5113 5145 the-

3526 5215 3719 5255 saurus
3744 5197 3857 5264 cjtts
3882 5193 4015 5264 (Ian.
4042 5196 4256 5258 sunt).
4279 5210 4296 5241 a

3606 5290 3713 5344 llas
3744 5290 3997 5343 nimirum
4035 5285 4253 5339 divitias
4275 5284 4467 5338 beatus
4508 5277 4877 5335 Elenchadius
4926 5293 5111 5333 coner

3534 5382 3693 5452 pit-it.
3747 5394 3868 5433 cum
3911 5378 3975 5431 de
4016 5375 4277 5429 cathedra
4326 5388 4385 5427 se
4430 5370 4817 5441 philosophica
4866 5368 5115 5423 decussa:

3535 5469 3802 5540 deposuit.
3829 5484 3951 5523 cum
3984 5465 4216 5520 ferulam
4260 5464 4610 5533 praeceptoris
4635 5460 4854 5527 abiecit.
4900 5475 5023 5514 cum
5062 5462 5115 5509 de

3537 5564 3835 5633 magisterii
3887 5560 4190 5631 principatu
4233 5557 4434 5611 Christi
4463 5570 4523 5610 se
4566 5552 4919 5623 diadpulatui
4952 5554 5111 5605 hami-

3536 5655 3657 5710 liter
3682 5651 3940 5708 subdidit.
3985 5648 4257 5719 Quidquid
4292 5661 4425 5703 sane
4452 5646 4561 5701 illic
4596 5655 4756 5699 antea
4786 5642 5111 5713 πραθείη

3540 5748 3749 5809 didicit.
3780 5746 3832 5801 in
3886 5744 4045 5812 hujus
4076 5741 4277 5797 scholae
4313 5740 4467 5810 longe
4520 5736 4887 5795 nobilioribus
4932 5734 5111 5789 studia

3542 5841 3875 5907 amputavit;
3904 5836 4163 5909 quidquid
4185 5835 4290 5892 illic
4315 5834 4604 5897 mendacii.
4634 5830 4899 5904 quidquid
4932 5842 5117 5896 aspri-

4352 6338 4387 6341 _
4486 6310 5129 6339 ή-,ἣ-ὴηηκκῖηκή
