5232 6508
205 369 304 427 5η
1670 355 1907 414 ΞΕΙὈΙΟ
1938 356 2018 412 Vl.

1670 359 1802 414 SER
1814 355 1907 412 ΜΟ
1938 356 2018 412 Vl.
3413 363 3522 420 542

203 477 447 536 stitionis
505 477 741 541 edocuit,
784 476 835 530 in
890 475 1278 532 ecclesiastieze
1326 475 1580 545 puritatis
1641 473 1804 528 tllSCl-
1835 474 1880 532 Α
1914 473 2087 526 stiana
2120 481 2300 527 tamen
2353 473 2542 544 religio
2574 475 2806 529 necdum
2859 484 2976 530 erat
3008 474 3221 532 vivendi
3277 480 3524 541 moribus

203 570 348 641 plina
380 568 636 624 correxit.
681 567 830 622 Unde
877 582 973 637 per
1025 566 1247 637 Moysen
1300 566 1416 637 lege
1460 565 1798 628 decernitur,

199 671 260 715 ut
291 660 504 714 mulieri
531 659 671 713 bello
703 669 873 725 capue
902 667 955 711 et
990 659 1040 712 in
1075 657 1390 728 conjugium
1435 657 1659 711 victoris
1688 655 1801 709 ele-

199 759 326 813 clm,
377 748 624 816 corporis
670 746 1015 817 superﬂuitas
1066 749 1421 802 abscindatur
1453 765 1464 800 :
1503 766 1519 798 ‹
1558 747 1687 814 Qua!
1719 763 1805 800 ra-

199 843 310 905 dct,
368 839 559 907 inquit,
596 838 899 898 caesariem,
947 848 1002 891 et
1053 837 1410 892 circumcidet
1459 853 1689 905 ungues.
1749 846 1803 890 et

194 931 426 999 deponet
453 937 681 992 vestem,
717 930 767 982 in
801 945 905 998 qtta
940 937 1095 997 capta
1141 938 1244 991 est,
1296 930 1501 996 sedens.
1540 931 1595 982 in
1639 930 1802 983 domo

196 1028 285 1073 tua
331 1016 482 1071 ﬂebit
525 1027 732 1087 patrem
781 1027 834 1071 ct
887 1027 1120 1072 matrem
1171 1033 1327 1072 suam
1371 1035 1479 1074 uno
1511 1034 1717 1085 mense,
1748 1028 1800 1074 et

190 1118 378 1177 pos‘ea
412 1108 640 1162 intrabis
672 1106 738 1160 ad
780 1121 899 1161 eam
928 1106 1273 1176 dormiesque
1315 1123 1438 1162 cum
1473 1108 1581 1169 illa,
1611 1117 1665 1160 et
1697 1109 1802 1162 erit

189 1215 330 1254 \txor
368 1208 457 1254 tua
512 1200 692 1270 (Deut.
747 1200 883 1264 xxi).
923 1217 940 1250 ι
991 1199 1201 1256 Mulieri
1257 1202 1459 1272 quippe
1514 1199 1797 1254 cresariem

189 1291 449 1352 radimus,
484 1305 606 1344 cum
642 1289 989 1344 rationabilis
1036 1292 1339 1361 disciplina:
1386 1307 1580 1346 sensus
1607 1305 1801 1361 super-

187 1383 326 1438 ﬂuos
390 1393 760 1454 amputamns.
813 1383 1035 1454 Ungues
1083 1387 1248 1439 etiam
1305 1384 1793 1450 circuchdimus,

186 1491 313 1529 cum
349 1475 416 1529 ab
462 1492 525 1529 ea
579 1486 792 1529 mortua
846 1491 1077 1546 quasque
1125 1478 1575 1546 superstitionum
1630 1491 1795 1546 opera

193 1568 539 1622 desecamus.
573 1569 704 1635 Qua:
729 1568 892 1622 etiam
917 1578 1124 1623 vestem
1164 1570 1458 1640 deponere,
1489 1570 1541 1624 in
1568 1585 1672 1639 qtta
1710 1577 1795 1624 est

184 1669 367 1728 Capta,
416 1659 730 1728 ριίιηίρίιιιι·
779 1678 790 1712 :
850 1669 910 1715 ut
958 1662 1340 1730 superductam
1391 1662 1696 1715 fabularum
1740 1669 1793 1716 et

185 1750 558 1819 quorumlibet
602 1750 982 1820 ligmentorum
1033 1761 1200 1806 exuat
1242 1753 1588 1822 superticiem
1617 1767 1680 1807 ac
1711 1767 1791 1806 so-

183 1840 347 1893 lidam
398 1856 541 1894 verte
597 1841 826 1894 rationis
875 1842 981 1912 35
1027 1843 1283 1897 exhibeat
1319 1843 1631 1898 veritatem.
1682 1843 1784 1897 Pa-
1819 1831 1867 1892 Β

184 1943 324 1985 trem
375 1947 504 1986 vero
542 1941 596 1986 et
650 1942 881 1986 matrem
912 1933 1093 1998 deﬂet,
1147 1935 1271 2002 quia
1325 1935 1628 1988 liberalium
1691 1951 1790 1989 au-

179 2036 365 2078 ctores
393 2027 590 2079 artium
633 2027 772 2080 inter
801 2037 1043 2082 mortuos
1067 2029 1294 2097 deputat
1321 2036 1377 2082 et
1397 2044 1492 2082 eos
1523 2029 1573 2082 iu
1603 2044 1791 2083 errore

181 2116 414 2185 periisse
471 2119 854 2186 compatiendo
905 2121 1170 2189 deplorat.
1228 2120 1576 2175 Consuetudo
1609 2131 1788 2174 autem

183 2205 512 2260 feminarum
567 2217 652 2261 est
707 2223 803 2278 per
853 2223 1295 2278 unumquemque
1345 2226 1588 2264 mensem
1619 2226 1677 2264 se
1707 2211 1788 2264 sui

178 2314 210 2354 s
231 2301 460 2368 mgninis
488 2300 749 2354 eﬂusione
777 2316 1028 2372 purgare.
1082 2300 1212 2354 Post
1239 2317 1480 2355 mensem
1511 2302 1694 2370 itaque
1722 2301 1788 2354 ad

178 2389 324 2443 hane
355 2389 635 2444 mulierem
666 2390 872 2443 intrare
905 2390 1276 2459 praecipimur,
1309 2400 1367 2444 ut
1400 2399 1575 2445 artem
1607 2390 1789 2458 cujus-

176 2479 310 2534 libet
340 2479 639 2549 disciplime
667 2481 812 2533 ontni
844 2481 1298 2548 superstitionum
1329 2482 1584 2550 contagio
1624 2481 1788 2537 defre-

173 2582 355 2624 t-ataut
387 2572 548 2626 veluti
581 2572 633 2626 in
668 2572 977 2642 eonjugium
1009 2574 1325 2638 sortiamur,
1375 2584 1648 2642 quatenus
1671 2575 1786 2644 jam

175 2663 469 2719 Israelitica
505 2663 646 2718 facta
681 2673 1083 2732 consequenter
1104 2663 1156 2716 in
1183 2664 1444 2718 Israelitze
1473 2667 1785 2737 coniugium

173 2765 424 2810 transeat
476 2765 528 2810 et
585 2758 725 2811 bene
771 2754 1002 2810 fecumla
1063 2756 1386 2826 spiritualim
1420 2773 1642 2827 operum
1693 2774 1782 2813 so-

175 2846 355 2920 bolem
398 2846 609 2902 reddat.

248 2938 343 2992 Cui
399 2939 562 2993 etiam
598 2953 702 2994 non
759 2939 1026 2995 dissimile
1080 2949 1162 2995 est
1210 2942 1353 3011 quod
1389 2941 1530 2997 idem
1567 2943 1781 3014 Moyses

168 3028 468 3086 Israelitico
493 3030 688 3100 populo
715 3046 907 3084 aurum
941 3041 996 3086 et
1025 3044 1312 3101 argentum
1354 3048 1478 3088 cum
1531 3036 1777 3090 vestibus

172 3120 247 3174 ab
275 3119 545 3191 Aigyptiis
576 3122 812 3175 mutuari
864 3124 1124 3192 praecepit
1173 3123 1227 3178 in
1260 3139 1369 3193 quo
1421 3124 1690 3187 videlicet.
1720 3134 1780 3180 ut

175 3228 282 3266 non
329 3213 532 3267 diutius
561 3213 842 3277 immorer,
895 3214 1126 3284 mystice
1170 3228 1363 3268 aurum
1391 3224 1446 3269 et
1491 3225 1778 3286 argentum
1808 3188 1854 3248 δ

166 3319 295 3357 cum
340 3305 587 3358 vestibus
619 3305 686 3358 ab
736 3303 1010 3376 Egyptiis
1065 3305 1321 3374 petimus,
1361 3305 1503 3361 unde
1551 3306 1780 3362 Domino

165 3398 585 3451 tabernaculum
618 3396 948 3453 fabricemus
977 3414 1099 3453 cum
1145 3400 1450 3456 mundanos
1500 3409 1688 3468 poetas
1714 3416 1778 3455 ac

161 3487 515 3558 philosophos
557 3488 810 3560 legimus,
863 3499 922 3543 ut
974 3490 1028 3544 in
1089 3489 1290 3545 divinis
1339 3491 1573 3560 eloquiis
1631 3491 1781 3546 lucu-

159 3577 361 3633 lentius
391 3579 658 3650 prolicere
688 3580 988 3636 Valeamus.
1040 3581 1168 3637 Sive
1211 3583 1399 3645 etiam,
1450 3581 1592 3651 quod
1649 3599 1776 3653 per-

155 3671 431 3742 spicacius
462 3682 567 3738 est,
601 3689 794 3729 aurum
825 3681 882 3728 et
911 3685 1193 3744 argentum
1240 3675 1438 3729 anima:
1468 3683 1594 3729 sunt
1643 3691 1768 3741 pre-

156 3763 333 3830 tiosm,
359 3781 478 3835 qua:
506 3782 626 3820 cum
681 3767 924 3820 vestibus
953 3766 1136 3830 simul,
1195 3766 1249 3822 id
1291 3775 1380 3820 est
1432 3767 1547 3820 suis
1577 3780 1771 3835 corpo-

157 3853 332 3916 I'ibtts,
366 3855 560 3923 popqu
593 3855 688 3908 Dei
743 3870 802 3908 se
859 3853 1134 3924 copulant,
1168 3863 1227 3908 ut
1263 3857 1613 3910 tenebrosum
1666 3857 1770 3910 hoc

153 3943 441 4009 szeculum,
480 3945 625 3999 velut
655 3945 952 4016 Egyptum
1002 3947 1262 4001 deserant
1305 3955 1361 4000 et
1393 3955 1594 4001 terram
1643 3961 1770 4015 pro-

153 4036 379 4092 missnm
434 4046 712 4111 perpetuae
763 4038 1043 4095 felicitatis
1093 4041 1398 4109 acquirant.
1450 4041 1604 4107 Quod
1635 4056 1767 4112 ergo

151 4129 347 4183 beatus
378 4129 740 4186 Elenchadius
789 4141 1068 4187 mutuatus
1097 4142 1182 4188 est
1211 4133 1279 4185 ab
1305 4131 1598 4202 AIgyptiis,
1639 4147 1766 4202 pro-

148 4219 284 4276 fecit
323 4223 604 4289 lsraelitis,
646 4234 701 4280 et
737 4225 1074 4289 thesaurum,
1103 4241 1266 4295 quem
1307 4227 1599 4298 gentilitati
1632 4227 1760 4283 sub-

147 4311 341 4382 ripuit,
385 4324 588 4369 sancta:
635 4316 978 4386 dispensator
1008 4316 1269 4373 Ecclesiae
1297 4316 1532 4373 fideliter
1561 4333 1759 4388 eroga-

150 4403 252 4456 vit.
280 4402 446 4471 Cujus
504 4405 728 4473 quidem
778 4415 928 4476 gesta
981 4422 1086 4460 non
1136 4407 1482 4477 reperiuntur
1513 4409 1759 4477 apicibus

153 4493 378 4559 tradita,
423 4499 516 4550 sed
560 4511 664 4550 non
693 4497 810 4553 sine
858 4514 1025 4554 causa
1054 4509 1316 4565 vetustas,
1361 4499 1443 4554 vel
1472 4501 1754 4557 basilicam

149 4584 208 4639 in
238 4583 355 4653 ejus
383 4586 644 4642 honorem
677 4590 1005 4653 construxit,
1036 4589 1123 4644 vel
1153 4589 1272 4659 ejus
1321 4590 1530 4646 obitum
1563 4607 1758 4648 annua:

145 4675 518 4732 solemnitatis
564 4679 865 4736 honoribus
904 4681 1177 4736 dedicavit
1249 4681 1384 4736 Nam
1413 4691 1468 4737 et
1498 4684 1757 4740 nonnulla

151 4780 318 4836 super
369 4767 556 4822 Veteri
611 4784 675 4824 ac
727 4768 878 4825 Novo
928 4770 1304 4838 Testamento,
1335 4773 1449 4829 sive
1487 4775 1650 4829 etiam
1689 4775 1756 4832 de

145 4857 548 4927 incarnatione,
601 4863 684 4917 vel
735 4864 987 4934 passione
1033 4865 1250 4920 Domini
1281 4867 1604 4936 perhibetur
1623 4883 1753 4923 exa-

144 4966 300 5008 rasse
327 4953 622 5016 volumina,
661 4971 782 5026 qua:
830 4966 1010 5013 tamen
1058 4959 1390 5029 scriptorum
1419 4961 1754 5017 arbitramur

141 5042 419 5100 oblivioae
481 5046 683 5100 deleta.
735 5047 1058 5119 Quanquam
1120 5058 1176 5103 et
1215 5051 1319 5106 hoc
1372 5051 1438 5106 ad
1474 5052 1754 5107 cumulum

145 5133 466 5189 meritorum
498 5137 615 5207 ejus
671 5140 947 5207 pertinere
994 5155 1101 5194 non
1155 5141 1431 5195 immerito
1477 5143 1748 5209 videatur,

139 5229 287 5296 quod
343 5237 472 5284 tunc
516 5246 575 5285 se
633 5229 750 5285 fieri
785 5233 1060 5287 consensit
1094 5234 1433 5304 episcopum,
1490 5251 1612 5290 cum
1647 5235 1750 5289 Ee-

142 5315 364 5372 clesiam
414 5331 630 5389 egestas
682 5323 1038 5392 opprimeret,
1098 5333 1153 5378 et
1191 5326 1342 5380 rudis
1390 5325 1570 5380 adhuc
1625 5326 1746 5382 ﬁdei

143 5410 460 5483 noviterque
516 5413 770 5484 plantataa
853 5415 1011 5472 labor
1074 5417 1346 5475 diﬂieilior
1405 5421 1739 5487 immineret,

141 5514 264 5555 cum
295 5501 528 5573 denique
559 5505 625 5560 ad
679 5506 898 5575 pristini
931 5508 1071 5565 ritus
1121 5509 1444 5580 pullulantia
1490 5513 1736 5584 germina

141 5591 402 5646 radicitus
447 5593 726 5648 evellenda
775 5596 1117 5654 incumberet
1150 5615 1425 5670 graveque
1453 5600 1734 5672 fastigium

139 5692 195 5738 et
222 5686 535 5756 temporalis
574 5687 796 5743 subsidii
846 5689 1064 5746 deesset
1093 5693 1542 5748 emolumentum.
1583 5693 1734 5749 Licet

141 5777 280 5832 enim
308 5775 549 5833 Ecclesia
576 5776 686 5847 jam
715 5787 842 5838 tunc
868 5779 1034 5839 fuerit
1085 5785 1135 5840 in
1163 5786 1267 5844 title
1294 5786 1536 5856 fundata,
1575 5787 1729 5843 Chri-

1909 565 2169 633 expolita.

1983 657 2045 711 Et
2105 675 2202 713 nos
2244 658 2454 728 itaque,
2504 659 2703 714 fratres
2758 660 3093 726 charissimi,
3142 663 3301 732 hujus
3345 667 3520 720 saneti

1907 750 2142 804 fervoris
2197 752 2477 806 imitemur
2514 752 2851 823 exemplum.
2906 753 3195 825 Nunquam
3231 758 3521 813 timeamus

1908 842 2042 896 illud
2099 844 2374 915 negotium
2429 855 2748 900 constanter
2791 862 2856 900 ac
2908 847 3239 903 lidncialitcr
3275 850 3520 921 aggredi,

1907 933 1956 986 in
1987 949 2094 1001 quo
2144 949 2241 987 nos
2297 950 2602 1003 speremus,
2651 935 2768 991 sive
2824 952 2923 1005 pro
2974 939 3173 992 divinis
3221 940 3520 1010 obsequiis,

1903 1025 2017 1080 sive
2047 1042 2144 1095 pro
2185 1027 2359 1081 salute
2395 1029 2654 1092 fraterna,
2712 1031 2983 1098 pressaris
3015 1041 3179 1101 atque
3211 1033 3526 1088 adversita—

1905 1114 2048 1169 tibus
2097 1114 2336 1187 fatigari.
2379 1117 2643 1189 Fugiatur
2689 1121 2883 1185 honor,
2926 1123 3122 1193 gloria,
3176 1124 3380 1180 divitia:
3404 1142 3521 1180 etu-

1901 1205 2095 1275 nisque
2127 1209 2365 1276 dignitas
2396 1211 2735 1278 temporalis.
2781 1211 2960 1266 Labor
2990 1215 3338 1282 obedientize,
3387 1234 3522 1286 pan-

1901 1300 2134 1368 pertatis
2185 1302 2458 1371 angustia,
2489 1313 2544 1356 et
2578 1304 2904 1373 inquietmlo
2934 1306 3224 1362 charitatis
3248 1326 3369 1379 qme
3422 1327 3523 1366 nos

1899 1405 2155 1447 exerceat
2184 1404 2495 1464 appetatur.
2549 1395 2970 1466 Redernptorem
3013 1400 3214 1470 quippe
3265 1413 3515 1456 nostrum

1897 1484 2051 1554 plebs
2082 1483 2328 1548 Judaica,
2357 1503 2481 1540 cum
2514 1496 2663 1543 esset
2709 1489 2908 1544 satiata
2939 1491 3005 1544 de
3038 1493 3293 1560 panibus,
3333 1510 3517 1563 regem

1896 1575 2068 1630 voluit
2096 1578 2454 1643 constituere,
2489 1580 2606 1644 sed,
2640 1590 2874 1635 testante
2906 1581 3138 1647 Joanne,
3191 1600 3258 1639 ne
3291 1588 3517 1656 reperiri

1895 1668 2181 1738 potuissrt,
2220 1668 2432 1739 aufugit
2462 1671 2519 1722 in
2547 1680 2787 1725 montem
2819 1671 3004 1742 (Joan.
3033 1676 3134 1741 vr).
3161 1673 3296 1729 Cum
3331 1685 3513 1732 autem

1897 1773 2237 1832 qua'rcrctur
2268 1763 2604 1828 ad'crucem,
2630 1764 2776 1817 ultro
2807 1779 2866 1818 se
2900 1779 3005 1818 non
3049 1767 3513 1834 cognoscentibus

1897 1855 2114 1919 obtulit,
2167 1856 2357 1909 dicens
2385 1873 2396 1909 :
2439 1876 2454 1908 ι
2487 1856 2661 1922 Quem
2691 1857 2983 1925 quagritis?
3019 1878 3036 1911 ι
3070 1859 3282 1925 Quibus
3328 1861 3514 1932 utique

1895 1949 2316 2019 perhibentibus
2350 1967 2362 2002 :
2396 1967 2412 1999 ‹
2444 1947 2630 2003 Jesnm
2688 1949 3037 2004 Nazarenam
3074 1970 3091 2002 ι
3128 1968 3186 2006 se
3216 1968 3466 2021 quaerere
3496 1969 3511 2018 ;

1895 2040 2045 2094 illico
2081 2041 2391 2110 respondit:
2426 2061 2442 2092 ι
2475 2040 2586 2109 Ego
2611 2056 2730 2094 sum
2771 2041 2954 2111 (Jorm.
2986 2045 3170 2112 xviii).
3199 2064 3215 2096 ι
3259 2045 3399 2111 Quid
3431 2055 3516 2101 est

1894 2131 2041 2187 enim
2091 2132 2234 2201 quod
2272 2131 2538 2186 Mediator
2575 2131 2669 2185 Dei
2726 2140 2780 2185 et
2823 2131 3108 2186 hominum
3162 2135 3228 2188 ad
3284 2151 3512 2206 regnum

1892 2227 2298 2294 pt‘mt'tovendus
2326 2225 2524 2288 evasit,
2549 2225 2617 2277 ad
2652 2234 2887 2277 mortem
2939 2239 3072 2278 vero
3100 2239 3160 2279 se
3199 2225 3511 2282 ultroneum

1893 2317 2154 2382 quarsittts
2184 2315 2429 2386 ingessit,
2460 2316 2562 2368 nisi
2597 2323 2655 2369 ut
2687 2330 2786 2370 nos
2820 2317 3143 2370 admoneret
3167 2317 3279 2389 36
3323 2317 3511 2373 mundi

1894 2412 2055 2481 hujus
2086 2411 2315 2482 gloriam
2336 2411 2604 2474 devitarc,
2629 2410 3016 2466 tribulationes
3050 2419 3232 2466 autem
3257 2429 3354 2482 pro
3377 2413 3509 2480 Deo,

1892 2515 1947 2559 et
1979 2504 2228 2560 laborum
2287 2503 2651 2575 dolorumque
2683 2519 2975 2576 pressuras
3021 2505 3364 2562 rrratulauter
3414 2521 3511 2560 ex-

1890 2595 2122 2666 petere?

1961 2685 2163 2740 Paulus
2193 2702 2410 2757 quoque
2440 2703 2565 2742 cum
2614 2698 2763 2742 esset
2809 2687 3002 2754 Mileti,
3060 2697 3115 2744 et
3143 2702 3337 2744 omnos
3373 2688 3511 2745 sibi-

1890 2786 2004 2832 met
2033 2779 2403 2850 obsequentes
2452 2795 2686 2851 scscque
2728 2779 3190 2837 aﬂ'eetuosissime
3220 2783 3511 2854 diligentes

1888 2871 2184 2940 aspiceret,
2239 2870 2313 2925 ita
2377 2880 2436 2925 ut
2481 2871 2659 2927 Lucas
2711 2873 2764 2927 in
2809 2872 2980 2928 Actus
3030 2873 3315 2943 apostolici
3366 2874 3512 2930 libro

1886 2955 2197 3028 perhibeat,
2229 2961 2356 3030 quia
2393 2961 2714 3018 discedente
2745 2961 2914 3018 Paulo
2967 2979 3199 3034 magnus
3224 2963 3386 3020 ﬂetus
3427 2965 3506 3020 fa-

1886 3062 2010 3109 ctus
2055 3063 2138 3109 est
2181 3055 2454 3121 omnium,
2507 3066 2562 3111 et
2593 3057 3025 3126 procumbentes
3077 3073 3246 3128 super
3300 3058 3502 3115 collum

1887 3143 2442 3214 ejus,osculabantur
2467 3164 2590 3203 eum
2619 3166 2633 3215 ;
2676 3149 2791 3220 ipse
2825 3158 3006 3205 tamen
3060 3150 3499 3224 Hierosolymam

1885 3253 2156 3308 passurus
2189 3249 2452 3308 tanquam
2481 3241 2806 3310 epulaturus
2829 3243 3147 3298 avidissime
3177 3245 3497 3310 lestinabat,

1881 3330 2110 3387 dicens:
2148 3350 2165 3382 ς
2219 3331 2381 3395 Ecce,
2433 3333 2635 3402 inquit,
2696 3332 2954 3404 alligatus
3006 3334 3201 3404 spiritu
3260 3339 3397 3392 vado
3447 3337 3501 3392 in

1881 3422 2254 3487 Hierusalem,
2287 3439 2408 3495 quae
2438 3423 2489 3478 in
2515 3440 2579 3479 ea
2606 3435 2836 3480 ventura
2871 3436 3002 3481 sunt
3049 3429 3181 3483 mihi
3214 3427 3501 3500 ignorans,

1877 3517 1986 3573 nisi
2027 3517 2173 3587 quod
2224 3518 2452 3587 spiritus
2481 3533 2580 3588 per
2620 3534 2815 3574 omnes
2861 3520 3112 3576 civitates
3158 3530 3504 3591 protestatur

1876 3609 2032 3674 mihi,
2068 3610 2257 3665 dicens
2291 3629 2303 3663 :
2333 3609 2608 3676 Quoniam
2641 3611 2882 3678 vincula,
2911 3621 2966 3668 et
2990 3614 3380 3671 tribulationcs
3408 3630 3499 3672 me

1875 3711 2123 3766 manent,
2153 3703 2247 3757 sed
2287 3703 2424 3757 nihil
2463 3703 2658 3758 horum
2689 3719 2906 3771 vereor,
2941 3723 3042 3761 nec
3070 3707 3214 3764 iacio
3251 3709 3496 3765 animam

1873 3810 2052 3851 meam
2083 3797 2467 3868 pretiosiorem
2519 3813 2683 3866 quam
2728 3813 2834 3862 me,
2891 3800 3188 3856 dummodo
3235 3818 3498 3858 consum-

1873 3904 2019 3944 mem
2048 3904 2271 3944 cursura
2329 3904 2512 3942 meum
2558 3897 2612 3943 et
2663 3889 3027 3944 ministerium
3059 3892 3204 3962 quod
3249 3894 3434 3965 accepi
3463 3910 3496 3950 a

1872 3981 2108 4036 Domino
2140 4021 2155 4047 ,
2217 3980 2500 4035 testiﬁcari
2553 3980 2913 4051 Evangeliqu
2971 3984 3164 4054 gratia:
3201 3985 3296 4040 Dei
3349 3985 3490 4054 (Act.

1869 4077 1984 4146 xx).
2014 4094 2031 4127 ι
2063 4075 2208 4131 Ecce
2236 4074 2473 4128 vallatus
2503 4075 2656 4128 turba
2695 4073 2943 4129 ﬂentium
2975 4076 3202 4130 minimc
3231 4077 3490 4145 ﬂectitur,

1867 4165 2129 4221 delinitus
2158 4165 2388 4229 osculis,
2430 4165 2709 4220 blanditus
2757 4167 3038 4236 obsequiis
3080 4168 3148 4222 ad
3208 4168 3291 4223 sui
3326 4169 3492 4225 mise-

1867 4256 2162 4310 ricordiam
2193 4272 2300 4310 non
2328 4267 2600 4323 movetur,
2639 4257 2737 4312 sed
2762 4257 2915 4311 Ιωιιιε
2945 4259 3012 4312 ad
3049 4260 3265 4313 vincula
3297 4272 3350 4315 et
3383 4271 3490 4316 tor-

1865 4355 2052 4402 menta
2090 4347 2318 4402 festinat
2369 4359 2632 4419 tanquatn
2685 4349 2730 4404 si
2783 4350 2849 4404 ad
2896 4351 3142 4421 nuptiale
3173 4356 3486 4410 convivium

1863 4454 2172 4509 pransurus
2197 4439 2444 4493 accedat.

1791 4542 1838 4602 υ
1936 4527 2048 4585 Nos
2078 4531 2271 4596 etiam,
2322 4531 2688 4598 dilectissimi,
2736 4532 3076 4588 imitatorum
3132 4534 3337 4591 Christi
3394 4553 3484 4593 se-

1863 4633 2102 4695 quentes
2148 4622 2420 4695 exempla,
2477 4623 2756 4694 fugiamus
2805 4626 3103 4683 blanditias
3149 4631 3355 4698 saeculi,
3415 4632 3484 4688 ad

1862 4717 2094 4770 adversa
2136 4715 2389 4786 qmclibet
2420 4731 2517 4785 pro
2556 4717 2665 4771 Deo
2705 4717 3031 4788 perferenda
3080 4720 3298 4777 lumbos
3325 4739 3481 4778 men-

1865 4808 1936 4863 tis
1965 4816 2170 4863 nostra:
2222 4807 2459 4863 viriliter
2511 4809 2911 4880 accingamus;
2948 4819 3004 4866 et
3059 4813 3152 4881 qui
3193 4814 3264 4868 ad
3304 4815 3478 4870 hatre-

1861 4903 2088 4958 ditatem
2133 4902 2396 4966 iiliorum,
2436 4919 2559 4971 quae
2595 4911 2680 4958 est
2722 4903 2774 4958 in
2815 4905 3015 4975 patria,
3073 4907 3369 4970 tendimus,
3427 4909 3479 4965 in

1859 4996 2056 5053 exsilio
2105 4995 2314 5067 positi,
2358 5011 2754 5070 conservorum
2804 4995 3035 5066 injurias
3090 5001 3482 5070 mquanimiter

1859 5087 2176 5150 toleremus,
2210 5069 2489 5157 quatenus
2530 5102 2802 5158 supernus
2847 5089 3129 5157 inspector
3178 5102 3234 5146 et
3267 5091 3480 5148 arbiter

1858 5189 2048 5235 noster
2081 5177 2437 5234 considerans
2483 5194 2583 5234 nos
2637 5195 2738 5250 pro
2783 5194 2895 5234 suae
2921 5179 3189 5248 jussionis
3243 5182 3482 5253 imperio'

1857 5271 2083 5327 minime
2117 5271 2470 5338 reluctantes,
2498 5282 2704 5342 quanto
2748 5289 2892 5329 nunc
2938 5275 3210 5345 conSpicit
3249 5291 3476 5347 oppres-

1855 5365 2031 5421 siores
2065 5367 2119 5420 in
2154 5382 2339 5437 paena,
2388 5377 2542 5423 tanto
2589 5369 2938 5439 postmodum
2989 5382 3304 5426 renumeret
3353 5369 3471 5426 feli-

1853 5457 2032 5513 ciores
2056 5459 2108 5512 in
2135 5459 2331 5529 gloria,
2359 5458 2522 5514 Jesus
2551 5459 2806 5515 Christus
2848 5460 3114 5515 Dominus
3144 5470 3350 5518 noster.
3376 5460 3468 5532 qui

1851 5565 1975 5604 cum
2012 5549 2122 5605 Dco
2151 5549 2314 5605 Patre
2348 5559 2402 5606 et
2430 5550 2640 5622 Spiritu
2684 5561 2875 5609 sancto
2902 5552 3039 5608 vivit
3073 5563 3130 5610 et
3173 5569 3366 5626 regna.
3408 5552 3463 5608 in

1848 5643 2047 5699 saecula
2079 5643 2430 5701 surculorum.
2462 5645 2660 5701 Amen.
