5232 6510
176 345 284 403 διδ
1665 325 1900 383 SERMO
1952 327 2078 382 \‘lll.
3401 330 3507 386 sic

176 461 389 525 dotum,
439 471 537 528 per
588 468 750 525 quam
805 452 1122 522 designatur
1171 447 1462 503 confessio.
1515 444 1598 498 Ad
1643 443 1787 498 hanc
1815 447 1862 506 Α
1893 437 2141 510 pertulit,
2193 439 2245 493 in
2279 449 2676 509 superventura
2711 447 2893 494 autem
2947 440 3178 503 patriam
3229 440 3511 501 felicitatis

180 551 442 606 Dominus
485 548 648 608 venit,
688 543 815 614 quia
865 545 930 598 ad
975 541 1344 598 conﬁtendum
1380 537 1542 592 corda
1593 550 1788 590 accen-

175 646 272 697 dit.
325 641 640 703 Castellum,
674 638 818 707 quod
848 646 930 692 est
973 644 1163 691 contra
1212 634 1500 688 Dominum
1561 640 1616 685 et
1667 631 1788 700 ejus

174 734 490 804 discipulos,
534 740 618 784 cst
666 730 884 784 animus
928 727 1261 789 obstinatus,
1299 723 1532 793 propriae
1571 723 1786 777 deditus

175 824 461 878 voluntati.
497 822 610 876 Duo
644 819 890 890 discipuli
922 819 990 872 ad
1021 833 1146 872 eum
1189 817 1339 871 missi
1379 825 1540 881 sunt,
1575 829 1699 884 spes
1729 823 1785 868 et

177 916 359 968 timor.
377 914 540 968 Asina
559 921 608 966 et
628 912 803 983 pullus
814 910 1039 981 alligati,
1058 909 1338 963 humilitas
1361 918 1418 962 et
1438 907 1778 977 simplicitas.

175 1005 493 1077 llajusmodi
541 1006 685 1060 enim
733 1003 949 1057 animus
993 1000 1286 1070 aliquando
1337 1001 1499 1053 novit
1532 999 1662 1069 quid
1709 1000 1782 1054 sit

171 1098 470 1161 humilitas,
503 1097 631 1168 quid
681 1094 1025 1165 simplicitas,
1076 1094 1306 1164 etquod
1359 1093 1683 1162 simpliciter
1723 1100 1780 1147 et

169 1188 447 1244 humiliter
476 1187 545 1241 sit
573 1186 896 1248 vivendum;
942 1184 1036 1238 sed
1077 1183 1233 1252 quasi
1276 1197 1370 1238 eas
1396 1181 1580 1252 alligat
1605 1189 1657 1237 et
1685 1196 1776 1237 re-

165 1277 339 1348 ponit,
388 1277 514 1331 dum
565 1291 670 1330 non
726 1273 836 1328 vult
896 1289 991 1328 eas
1047 1287 1212 1342 opere
1248 1287 1527 1327 exercere.
1580 1270 1776 1325 Terret

169 1371 312 1425 hunc
341 1369 525 1432 timor,
569 1368 657 1422 ubi
705 1382 733 1420 a
775 1365 918 1420 malo
966 1364 1278 1434 resipuerit,
1313 1366 1531 1419 minans
1559 1363 1608 1418 ei
1664 1374 1776 1428 tor-

165 1470 366 1515 menta.
397 1459 685 1514 Confortat
729 1473 852 1512 eum
891 1472 1037 1526 spes,
1086 1457 1132 1510 si
1182 1456 1520 1526 paenituerit,
1550 1455 1773 1526 praemia

162 1552 486 1621 pollicendo.
531 1550 928 1621 Compnngitur
972 1549 1058 1604 his
1117 1548 1327 1603 duobus
1371 1550 1610 1603 animus.
1653 1547 1774 1604 Sol-

161 1643 309 1696 vitur
333 1643 506 1708 asina,
554 1651 610 1696 et
657 1642 854 1712 pullus,
887 1657 1010 1696 cum
1050 1640 1268 1695 obviam
1309 1641 1539 1695 Domino
1589 1641 1772 1696 eundo

161 1732 500 1805 Bcthphage,
532 1733 824 1789 conﬁtetur
873 1750 931 1789 se
979 1749 1257 1804 peccasse,
1289 1741 1345 1788 ct
1395 1735 1669 1804 promittit
1709 1749 1771 1790 se

1891 540 2109 586 aeterna:
2137 531 2454 600 perenniter
2487 541 2816 600 regnaturus
2865 532 3112 586 intravit.
3164 531 3222 587 ln
3277 535 3382 589 hac
3421 535 3510 590 die

1891 625 2251 679 intercutibus
2275 624 2557 695 discipulis
2580 634 2981 679 momentanea:
3012 625 3303 679 succubuit
3331 626 3504 691 febri;

1890 715 1943 769 in
1976 715 2064 768 illa
2099 729 2230 770 vero
2271 715 2778 785 congratulantibus
2808 715 2930 769 ςαξιί
2977 716 3272 772 virtutibus
3323 718 3508 788 gloria:

1887 805 2132 860 cmlestis
2165 806 2413 861 invectus
2436 816 2519 861 est
2548 805 2806 860 claritati.
2831 805 3092 876 Corporis
3117 807 3370 877 deposuit
3387 824 3506 864 sar-

1885 898 2086 963 cinam,
2118 914 2240 952 mox
2269 898 2700 952 immortalitatis
2722 897 2949 952 indutus
2975 907 3060 954 est
3083 898 3278 952 stolam
3305 899 3501 970 (διες.

1883 1005 1920 1044 ιι
1949 989 2094 1044 Dial.
2123 1006 2246 1061 cap.
2279 991 2392 1060 37).
2433 991 2532 1044 Vili
2566 989 2904 1046 decumbens
2947 989 3152 1055 cilicio,
3201 991 3345 1045 inter
3372 1008 3505 1062 pau-

1882 1096 2071 1135 corum
2099 1079 2496 1150 discipulorum
2546 1097 2744 1136 manus
2783 1081 3038 1152 spiritum
3088 1081 3354 1149 reddidit;
3404 1084 3501 1139 sed

1881 1188 2004 1234 mox
2038 1188 2136 1242 per
2157 1173 2302 1227 viam
2351 1173 2531 1244 palliis
2569 1182 2800 1228 stratam
2845 1172 3301 1244 lampadibusque
3342 1190 3503 1230 coru-

1877 1280 2026 1320 scam
2053 1265 2122 1320 ad
2147 1263 2628 1319 innumerabilium
2657 1265 2979 1343 angelorum
3008 1264 3242 1320 laatabile
3273 1281 3500 1322 consor-

1879 1356 2012 1411 tium
2044 1356 2369 1426 pervolavit.
2423 1355 2530 1411 Sed
2571 1355 2702 1426 quid
2737 1357 2938 1410 mirum
2966 1356 3014 1410 si
3045 1355 3288 1410 caelestis
3331 1357 3498 1412 curia:

1875 1459 2100 1505 senator
2151 1448 2378 1520 insignis
2433 1457 2558 1520 post
2606 1447 2823 1503 felicem
2881 1447 3118 1512 obitum,
3177 1448 3495 1519 angelorum

1875 1545 2033 1614 petiit
2092 1544 2510 1599 contubernium
2545 1583 2562 1609 ,
2616 1543 3060 1614 quandoquidem
3113 1553 3168 1598 et
3226 1545 3278 1600 in
3329 1559 3496 1601 carne

1877 1639 2055 1694 adhuc
2086 1638 2427 1708 corruptibili
2457 1639 3025 1702 constitutus,eorum
3055 1648 3166 1694 tam
3195 1654 3340 1710 stupe
3366 1655 3494 1711 pro-

1878 1730 2078 1785 meruit
2128 1729 2802 1799 familiare-colloquium?
2853 1728 3009 1793 Nam,
3059 1739 3118 1784 ut
3163 1731 3230 1786 de
3279 1731 3496 1790 casteria

159 1823 414 1893 deinceps
448 1824 729 1878 humiliter
753 1833 809 1879 et
851 1825 1183 1895 simpliciter.
1227 1825 1524 1879 victurum.
1573 1825 1642 1878 Et
1684 1826 1764 1880 sic
1799 1819 1839 1878 Β
1871 1822 2087 1884 sileam,
2121 1837 2311 1886 unum,
2347 1821 2492 1891 quod
2523 1837 2747 1876 sacrum
2791 1831 2963 1891 atque
3003 1823 3309 1897 veridicum
3358 1823 3494 1881 Gre-

155 1917 250 1985 qui
284 1917 432 1985 prius
461 1925 582 1971 erat
631 1915 914 1971 castellum
959 1915 1183 1980 diaboli,
1224 1914 1459 1971 efﬁcitur
1495 1915 1626 1970 urbs
1656 1914 1767 1970 for-

151 2008 407 2062 titudinis
435 2017 637 2062 nostra:
657 2007 823 2072 Sion;
858 2007 1111 2062 Salvator
1135 2007 1359 2076 ponitur
1383 2007 1434 2060 in
1460 2023 1522 2062 ea
1552 2022 1763 2072 murus,

154 2112 213 2154 et
245 2101 579 2157 antemurale
610 2101 747 2172 (lsa.
777 2101 950 2172 xxvi).
981 2100 1166 2154 Murus
1185 2100 1461 2158 humilitas
1484 2109 1592 2164 est,
1619 2112 1766 2157 ante-

154 2193 366 2249 murale
403 2195 687 2267 patientia.

228 2285 586 2356 Egrediamur
631 2286 814 2357 igitur,
876 2285 1206 2352 charissinii,
1261 2286 1476 2342 obviam
1532 2287 1763 2344 Domino

150 2375 496 2448 Betbpbage,
529 2376 842 2447 compuncti
875 2377 1068 2432 timore
1103 2392 1279 2448 pinnae
1311 2387 1369 2432 et
1400 2392 1495 2448 spe
1523 2379 1762 2437 cmlestis

143 2466 278 2522 vita:
307 2467 524 2533 ﬁrmati,
557 2469 868 2524 conﬁtendo
896 2479 1118 2540 peccata
1146 2469 1446 2535 humiliter,
1471 2482 1527 2527 et
1553 2473 1761 2543 simpli-

146 2561 287 2615 citer
317 2561 665 2625 ambulando,
710 2561 1003 2616 substratis
1029 2563 1276 2618 vestibus
1311 2573 1515 2620 nostra:
1556 2581 1754 2620 carna—

148 2653 338 2720 litatis,
365 2668 420 2708 ut
451 2656 501 2710 in
533 2656 688 2710 nobis
715 2657 970 2726 dignetur
1007 2656 1197 2713 sedere
1239 2657 1523 2721 Dominus,
1573 2670 1628 2716 et
1659 2677 1760 2717 nos

148 2762 336 2802 secum
365 2748 417 2802 in
448 2747 726 2804 caelestem
766 2747 1104 2804 Hierusalem
1150 2749 1520 2807 introducere.
1557 2753 1753 2809 Amen.

669 2863 781 2933 39
819 2862 1055 2920 ssnuo
1096 2863 1227 2920 vm.

218 2971 272 3008 ΙΝ
302 2969 497 3010 ιἰσιιιι
535 2972 578 3011 8.
619 2971 900 3098 ιεκεοέοτι
935 2973 1161 3099 ABBABIS
1196 2974 1268 3014 ετ
1304 2973 1679 3017 ςοιιεεεεοιιε.

814 3043 881 3080 XX
923 3044 1092 3084 IART.

814 3043 881 3080 XX
923 3044 1092 3084 IAR‘I'.

217 3116 450 3189 Vigilias
481 3118 683 3190 egregii
725 3117 1074 3183 eorifessoris,
1116 3121 1260 3174 beati
1293 3121 1542 3177 videlicet
1583 3123 1752 3178 Bene-

134 3208 298 3272 dicti,
334 3207 532 3264 fratres
557 3209 892 3276 charissimi,
923 3209 1084 3265 hodie
1106 3210 1362 3276 colimus,
1402 3228 1625 3268 necesse
1663 3224 1749 3269 est

138 3306 203 3353 ut
230 3300 295 3352 ad
324 3298 650 3354 celebranda
683 3300 1051 3357 solemnitatis
1065 3299 1181 3369 ejus
1205 3302 1438 3374 insignia
1463 3316 1747 3374 promptos

133 3390 357 3444 animos
386 3405 772 3461 przeparemus.
811 3390 932 3447 Jam
981 3393 1164 3465 itaque
1201 3395 1544 3465 splendorem
1585 3409 1747 3454 tantm

135 3480 506 3535 sclemnitatis
546 3497 698 3538 mens
722 3483 912 3538 devota
943 3485 1237 3554 concipiat,
1271 3487 1336 3540 ad
1378 3490 1639 3544 escubias
1686 3506 1746 3545 se

133 3567 245 3637 pi:e
270 3569 546 3624 servitutis
573 3571 838 3640 aceingat.
884 3587 950 3627 ac
974 3572 1192 3629 ﬂamma
1225 3576 1391 3631 divini
1421 3580 1626 3633 amoris
1657 3595 1746 3634 so-

133 3659 239 3714 lito
266 3659 561 3716 ferventius
597 3663 911 3718 incalescat.
956 3664 1170 3736 Scapis,
1213 3667 1368 3736 juxta
1394 3671 1744 3725 consuetudi-

133 3767 292 3814 nem,
335 3754 625 3808 mundatur
649 3754 916 3821 Ecclesia,
947 3771 1044 3826 per
1068 3758 1338 3812 sinceram
1367 3775 1582 3830 quoque
1611 3776 1744 3815 con-

132 3846 430 3902 fessionem
461 3849 778 3918 puriﬁcetur
825 3866 855 3904 a
897 3867 1078 3921 prava:
1129 3853 1480 3924 cogitationis
1520 3855 1742 3925 pulvere

128 3941 496 3994 conscientia.
526 3940 909 4012 Pracparantur
945 3941 1260 4008 luminaria,
1305 3945 1534 3998 diversae
1579 3960 1742 3999 orna-

127 4043 444 4086 mentorum
474 4034 683 4102 species
710 4037 1121 4106 appenduntur;
1174 4036 1226 4090 in
1267 4038 1581 4106 pectoribus
1611 4055 1742 4110 quo-

127 4140 244 4193 que
277 4126 491 4186 nostris,
522 4126 704 4180 divina
739 4127 1002 4198 largiente
1033 4127 1344 4192 clementia,
1378 4129 1524 4182 varia
1557 4132 1743 4202 dispo-

128 4227 339 4270 nantur
372 4226 689 4272 ornamenta
733 4219 992 4272 virtutum
1040 4235 1053 4272 :
1103 4219 1291 4288 sicque
1343 4221 1550 4290 pharus
1597 4223 1739 4278 inte-

126 4306 300 4360 rioris
337 4307 518 4376 templi
568 4318 702 4377 quot
752 4309 858 4378 piis
901 4309 1099 4364 studiis
1148 4310 1303 4379 quasi
1357 4319 1436 4364 tot
1491 4315 1736 4370 coruscis

123 4397 474 4467 lampadibus
495 4400 844 4453 accendatur.
883 4401 1155 4455 Debemus
1185 4401 1349 4471 igitur
1385 4402 1547 4457 hodie
1576 4405 1734 4462 beato

121 4490 275 4554 viro,
327 4489 470 4544 velut
517 4492 830 4562 aegrotanti,
881 4493 984 4561 piis
1014 4493 1315 4546 visceribus
1366 4496 1624 4564 compati,
1674 4506 1735 4550 ut

120 4599 257 4638 cras
285 4584 479 4638 merito
506 4586 782 4639 valeamus
830 4584 896 4640 de
925 4586 1302 4654 assumptione
1349 4584 1468 4654 ejus
1511 4603 1634 4642 cum
1667 4604 1732 4643 eo

116 4680 338 4750 pariter
365 4678 602 4749 gloriari.
633 4678 787 4733 Sicut
811 4687 866 4733 et
895 4678 962 4734 de
991 4678 1352 4748 Redemptore
1386 4692 1573 4735 nostro
1598 4681 1733 4735 dicit

115 4769 462 4840 Apostolus:
501 4790 519 4820 ‹
558 4769 693 4838 Quia
725 4771 769 4825 si
803 4771 1194 4825 commorimur
1232 4781 1286 4825 et
1335 4774 1728 4840 convivemus;

114 4865 168 4918 si
226 4864 628 4933 compatinmr,
676 4872 733 4917 et
778 4863 1241 4932 oonrcgnabimus
1280 4863 1364 4933 (ll
1404 4863 1537 4918 Tim.
1574 4866 1655 4936 ll).
1706 4886 1724 4918 ι

114 4958 267 5012 llinc
295 4973 505 5011 rursum
530 4958 644 5011 ait:
686 4975 704 5008 ι
742 4957 800 5012 Si
823 4958 1174 5026 eomplantati
1208 4958 1334 5013 facti
1362 4975 1549 5014 sumus
1579 4961 1729 5015 simi-

114 5051 343 5119 litudini
374 5052 564 5106 mortis
593 5051 734 5122 ejus,
785 5050 946 5107 simul
990 5063 1044 5106 et
1074 5054 1494 5108 resurrectionis
1524 5053 1729 5112 erimus

110 5145 303 5215 (Rom.
349 5152 444 5214 Ix).
484 5167 500 5195 ι
538 5145 690 5212 Quod
722 5160 853 5215 ergo
903 5146 1167 5200 debemus
1211 5149 1378 5217 capiti
1428 5149 1725 5204 electorum

107 5238 369 5292 omnium
401 5236 638 5301 Christo,
671 5235 931 5292 debemus
976 5246 1031 5292 et
1082 5252 1242 5292 servo
1286 5239 1404 5308 ejus
1434 5241 1728 5295 venerabili

107 5329 452 5391 Benedicto;
485 5329 762 5392 nimirum,
815 5337 874 5382 ut
920 5332 1321 5400 compatiamur
1350 5333 1725 5401 aegritudinem

108 5419 351 5491 patienti
406 5418 738 5474 colltetcmur
786 5429 965 5473 autem
1019 5422 1186 5476 caelos
1242 5421 1474 5476 feliciter
1539 5439 1728 5478 ascen-

105 5509 297 5564 dt-nti.
332 5508 488 5561 Prius
516 5523 747 5577 namque
774 5523 872 5577 per
903 5511 1257 5581 temporalem
1285 5513 1493 5566 obitum
1519 5522 1727 5568 naturie

104 5599 367 5657 debitum
400 5600 588 5664 solvit;
623 5599 817 5654 deinde
850 5601 1238 5656 comitantibus
1273 5603 1602 5673 hymnidicis
1632 5619 1725 5658 an-

103 5692 368 5766 gelorum
399 5691 626 5745 cwtibus
650 5693 716 5746 ad
739 5692 979 5746 cmlestia
1012 5711 1178 5766 regna
1207 5697 1478 5764 migravit.

194 5780 254 5835 ιη
305 5783 406 5837 hac
452 5781 649 5852 quippe
680 5782 767 5838 die
815 5786 1062 5854 corporei
1114 5786 1391 5857 languoris
1442 5786 1720 5844 molestias

1872 1915 2080 1986 goriani
2124 1916 2249 1987 styli
2277 1913 2414 1987 fugit
2442 1915 2760 1982 articulum,
2791 1917 3046 1972 charitati
3074 1928 3271 1974 vestra:
3309 1920 3494 1980 celans

1869 2005 1998 2060 dum
2023 2020 2146 2060 esse
2171 2020 2277 2061 non
2311 2006 2574 2061 arbitror.

1945 2097 2110 2152 Plane
2144 2113 2267 2152 cum
2300 2098 2385 2152 vir
2406 2096 2500 2154 Dei
2529 2097 2858 2178 Benedictus
2884 2099 2939 2154 in
2977 2099 3122 2168 loco,
3155 2102 3250 2172 qui
3283 2101 3488 2159 Subla-

1866 2204 1967 2248 eus
1998 2189 2217 2257 dicitur,
2263 2191 2598 2246 constructis
2637 2192 3074 2264 circumquaque
3128 2197 3487 2253 monasteriis

1867 2282 2144 2337 solitarius
2173 2282 2417 2355 degeret,
2452 2282 2719 2338 divinitus
2761 2293 2846 2339 est
2895 2285 3208 2342 admonitus
3251 2297 3314 2343 ut
3365 2288 3488 2345 loco

1865 2376 2088 2432 cederet
2130 2386 2508 2446 castrumque,
2554 2377 2700 2446 quod
2732 2375 2991 2432 Casinum
3023 2378 3246 2446 dicitur,
3287 2396 3488 2453 prope-

1864 2475 2035 2522 raret.
2074 2465 2221 2521 Illico
2251 2465 2337 2520 vir
2383 2476 2609 2522 sanctus
2659 2469 2874 2538 absque
2922 2470 3217 2540 cujuslibet
3265 2472 3488 2530 comitis

1863 2557 2218 2622 adminiculo,
2251 2558 2401 2613 solus
2431 2567 2492 2613 ut
2516 2567 2659 2626 erat,
2691 2560 2792 2615 iter
2819 2562 3053 2631 arripuit
3089 2572 3144 2618 et
3175 2579 3275 2633 per
3324 2564 3487 2634 quin-

1863 2653 2122 2721 quaginta
2161 2648 2276 2705 fere
2300 2665 2561 2720 passuum
2595 2650 2765 2706 millia
2803 2653 3086 2722 gradiens,
3133 2654 3337 2721 locum,
3372 2671 3483 2728 quo

1861 2747 2181 2811 vocabatur,
2212 2745 2423 2800 invisit.‘
2476 2744 2584 2801 Sed
2624 2761 2755 2801 cum
2801 2761 2900 2816 per
2943 2749 3124 2819 ignota
3175 2749 3292 2805 loca
3334 2750 3484 2807 solus

1861 2836 2038 2891 viator
2064 2837 2366 2900 incederet,
2398 2837 2712 2908 ubicunque
2748 2839 2954 2894 bivium
2987 2844 3336 2908 occurrebat,
3371 2843 3481 2900 duo

1860 2931 2109 3000 protinus
2127 2928 2358 3000 juvenes
2406 2931 2736 2987 videbantur
2776 2933 3061 3001 assistere,
3109 2936 3199 3006 qui
3234 2937 3337 2990 sibi
3370 2945 3481 3007 Quo

1858 3038 2080 3092 gressus
2129 3022 2368 3094 dirigere
2405 3022 2639 3082 debebat
2674 3023 3004 3079 indicarent.
3061 3026 3164 3091 Qui
3219 3027 3478 3082 nimirum

1857 3114 2252 3187 Mjuvencs,
2307 3115 2399 3185 qui
2454 3115 2545 3170 alii
2579 3125 2708 3171 sunt
2761 3117 3049 3182 credendi,
3103 3119 3206 3173 nisi
3241 3119 3476 3190 angelici

1855 3205 2081 3274 spiritus
2125 3207 2191 3258 ad
2233 3205 2410 3260 sancti
2465 3205 2570 3260 viri
2630 3207 2938 3261 custodiam
2990 3209 3275 3278 deputati?
3332 3209 3476 3278 Quid

1856 3306 2037 3349 autem
2073 3295 2270 3348 mirum
2304 3295 2346 3350 si
2396 3295 2600 3364 angeli,
2645 3305 2964 3352 sanctorum
2997 3298 3254 3354 videlicet
3299 3301 3478 3356 homi-

1854 3402 1981 3440 num
2013 3397 2305 3448 amat0res,
2329 3387 2435 3442 iter
2465 3388 2788 3453 edocebant,
2820 3404 2888 3443 nc
2908 3389 2990 3442 vir
3011 3400 3236 3446 sanctus
3258 3403 3476 3448 erraret

1852 3493 1974 3532 cum
2007 3487 2062 3531 et
2083 3477 2240 3532 bruta
2266 3477 2524 3532 animalia
2565 3482 2682 3548 ejus
2723 3480 2952 3550 vestigia
2989 3492 3372 3551 sequerentur,
3404 3499 3473 3540 ne

1850 3569 1998 3622 solus
2039 3569 2251 3624 abiret?
2279 3569 2415 3624 Nam
2462 3578 2575 3624 tres
2602 3572 2750 3624 corvi
2782 3586 2882 3640 per
2913 3586 3129 3626 omnem
3163 3575 3304 3628 viam
3335 3574 3473 3630 indi.

1851 3658 1996 3712 vidui
2023 3660 2125 3714 sibi
2156 3661 2383 3715 comites
2409 3660 2649 3727 fuerunt,
2676 3661 2797 3730 ejus
2829 3662 3045 3717 assidue
3080 3663 3312 3736 vestigia
3343 3680 3470 3736 pro-

1847 3739 2167 3820 sequentes;
2225 3751 2496 3821 hodieque
2540 3752 2592 3804 in
2637 3752 2800 3814 silva,
2838 3768 2960 3822 qua:
3000 3755 3302 3810 venerabili
3351 3771 3468 3812 mo-

1848 3846 2092 3901 nasterio
2117 3844 2300 3901 Casini
2335 3846 2536 3900 montis
2576 3847 2810 3916 adjacet,
2844 3847 2972 3911 duo,
3008 3848 3143 3912 sive,
3169 3859 3229 3903 ut
3255 3850 3466 3917 ferunt,

1850 3949 1960 3994 tres
1985 3942 2134 3993 corvi
2169 3955 2348 3993 annua
2373 3954 2592 4009 semper
2621 3940 2964 3995 revo!utione
2995 3942 3302 4008 nidiﬁcant,
3327 3960 3466 4014 quos

1845 4032 1914 4086 ab
1941 4030 2046 4085 illis
2071 4031 2278 4100 antiqui
2314 4032 2578 4102 temporis
2625 4032 2807 4086 corvis
2839 4033 3082 4088 nonnulli
3122 4035 3341 4104 prodire
3369 4053 3466 4106 per

1845 4121 2126 4177 traducem
2180 4126 2409 4178 seminis
2456 4137 2799 4180 asseverant.
2855 4128 2924 4182 Et
2971 4145 3162 4184 revera
3219 4134 3464 4201 quotidie

1844 4216 2163 4270 monasterii
2196 4214 2406 4271 foribus
2435 4217 2714 4284 advolant,
2763 4228 2820 4273 ut
2851 4221 3212 4288 crocitantes,
3259 4234 3314 4278 et
3345 4224 3462 4281 alas

1841 4320 1905 4358 ac
1939 4315 2115 4360 rostra
2150 4307 2475 4377 pandentes,
2513 4309 2732 4363 solitam
2763 4324 2970 4378 escam,
3018 4312 3168 4366 velut
3214 4314 3459 4371 debitum

1840 4413 2064 4453 censum
2093 4413 2160 4452 ex
2193 4408 2421 4454 vetustte
2458 4401 2820 4468 possessionis
2845 4401 2973 4472 jure
3013 4404 3335 4473 deposcant.
3367 4409 3458 4475 Et,

1840 4489 2120 4545 utclarius
2169 4491 2480 4547 innotescat
2525 4508 2690 4562 quam
2743 4497 2973 4566 pervigil
3015 4514 3182 4568 super
3234 4500 3456 4558 beatum

1841 4583 2016 4635 virum
2074 4580 2257 4636 divina
2301 4587 2475 4653 gratia
2508 4589 2907 4652 coruscaverit,
2951 4601 3180 4647 sanctus
3231 4595 3457 4663 quidam

1839 4675 1923 4729 vir
1955 4676 2006 4729 in
2035 4676 2281 4746 praadicti
2313 4676 2496 4731 Casini
2531 4680 2732 4735 montis
2766 4688 2893 4735 tunc
2930 4698 3056 4738 arce
3080 4686 3328 4755 degebat,
3365 4689 3453 4744 cui

1840 4769 2018 4822 divina
2047 4783 2177 4823 vere
2201 4778 2531 4840 prmeeptum
2559 4781 2644 4825 est
2671 4781 2729 4826 ut
2758 4774 3097 4832 abscederet.
3127 4777 3326 4848 aliique
3358 4781 3454 4850 qui

1839 4876 2012 4914 novus
2042 4861 2222 4914 habita
2235 4873 2317 4914 tor
2347 4863 2634 4917 accederet
2661 4869 2838 4919 locum
2862 4867 3035 4922 daret.
3056 4869 3180 4925 ilmc
3203 4871 3364 4940 plane
3385 4873 3453 4928 de

1837 4953 2003 5008 Marci
2036 4953 2278 5024 ejusdem
2303 4955 2555 5010 videlicet
2588 4959 2730 5012 beati
2761 4958 3040 5016 Benedicti
3074 4963 3326 5034 discipuli
3361 4982 3452 5020 ve-

1837 5057 1997 5100 nusto
2023 5047 2266 5100 carmine
2304 5048 2417 5117 jam
2439 5047 2847 5116 defloravimus,
2874 5053 3002 5122 quia
3046 5055 3097 5108 in
3139 5061 3451 5115 veneranda

1835 5138 2185 5208 Gregorianm
2211 5139 2450 5194 historim
2473 5141 2617 5196 serie
2643 5142 2865 5196 minime
2905 5147 3228 5214 reperimus.

1908 5228 2090 5300 Nuper
2115 5231 2281 5284 etiam
2304 5232 2458 5300 juxta
2495 5231 2780 5301 praefatum
2813 5236 2996 5290 Casini
3032 5242 3234 5294 montis
3257 5256 3448 5297 θωμο-

1835 5323 2008 5387 bium,
2049 5325 2182 5378 satis
2229 5325 2445 5394 insigne
2481 5327 2805 5382 miraculum
2849 5331 3102 5400 contigit,
3152 5337 3297 5403 quod
3338 5351 3446 5391 non

1838 5420 1934 5472 abs
1958 5433 2014 5470 re
2042 5418 2155 5471 ﬁeri
2200 5418 2496 5481 credimus,
2519 5420 2564 5472 si
2601 5422 2665 5473 ad
2693 5421 2832 5491 ejus,
2861 5425 2952 5491 qui
2982 5425 3249 5482 mirabilis
3281 5437 3362 5481 est
3392 5429 3446 5482 in

1838 5512 2041 5565 sanctis
2062 5510 2175 5563 suis
2199 5508 2354 5580 (Paul
2394 5513 2587 5582 van),
2621 5513 2849 5582 gloriam
2879 5515 3202 5573 referamus.
3228 5519 3271 5573 A
3298 5520 3446 5586 prin-

1835 5602 1976 5670 cipio
2009 5600 2121 5654 fere
2163 5601 2283 5653 Maii
2319 5603 2522 5656 mensis
2551 5619 2722 5672 usque
2762 5607 2829 5658 ad
2867 5608 3115 5676 quintum
3153 5610 3291 5662 diem
3317 5617 3445 5664 ante

1834 5693 2100 5746 Kalendas
2151 5692 2403 5761 Augusti,
2459 5695 2547 5747 vix
2610 5697 2904 5764 aliquando
2956 5700 3212 5769 pluvialis
3271 5702 3443 5758 iniuer

1836 5787 2150 5844 tenuissime
2181 5788 2375 5844 saltem
2414 5789 2723 5860 squalentia
2767 5809 2894 5848 rura
2932 5794 3226 5866 rigaverat.
3275 5796 3440 5852 Cum—

4433 63 4492 76 ά.-

4433 95 4462 104 -ιι
