5232 6466
1583 340 1685 395 8ιῖ

1582 470 1689 526 que
1715 455 1891 510 omnis
1917 451 2071 508 tellus
2097 462 2386 516 arescet-et.
2412 464 2461 507 et
2496 451 2791 507 ferventius
2820 452 2981 505 solito
3006 467 3156 504 inuno
3188 452 3234 512 Α

1586 548 1688 602 dus
1735 546 1872 616 ignei
1920 546 2184 600 caumatia
2228 546 2511 600 ardoribus
2558 553 2843 606 aestuaret.
2893 544 3002 605 die,
3054 559 3159 612 qua

1585 636 1954 707 prediximus,
1984 637 2223 691 rusticus
2258 636 2497 706 quidam.
2536 646 2596 690 ut
2636 638 2829 691 uberes
2868 644 3161 705 proventus

1589 729 1701 782 suis
1722 726 2001 781 novalibus
2024 727 2354 795 provideret,
2371 738 2654 797 postquam
2678 736 2886 792 segetes
2911 725 3158 788 niessuit,

1588 831 1708 869 mox
1737 815 1977 884 stipulas.
2010 828 2131 882 qua:
2155 825 2547 877 remanserant.
2580 815 2706 886 igne
2728 814 3021 869 succendit.
3056 812 3159 868 Be-

1585 916 1741 974 petite
1770 919 1896 958 vero
1917 905 2129 957 ﬂamma
2156 904 2406 968 scviens,
2423 915 2530 958 tota
2556 907 2793 974 undique
2816 920 3007 958 versus
3034 918 3161 956 srva

1586 995 1863 1063 corripuit,
1895 1005 1947 1049 ct
1973 1010 2092 1049 .non
2122 1008 2373 1050 contenta
2412 996 2685 1066 palearum
2717 996 2929 1057 culmis,
2974 996 3064 1047 sed
3108 1006 3163 1048 et

1585 1083 1771 1146 silvas,
1824 1092 1879 1137 et
1924 1083 2093 1139 saltus
2140 1094 2196 1139 et
2252 1101 2475 1156 quaeque
2516 1084 2730 1139 fuerant
2766 1086 2943 1145 nbvia.
2994 1086 3164 1151 globis

1586 1172 1891 1229 furentibus
1934 1173 2300 1246 conﬂagravit.
2332 1175 2576 1245 Cumque
2624 1176 2692 1229 ad
2744 1176 2795 1227 id
2847 1186 3161 1243 perventum

1586 1273 1763 1329 esset,
1811 1274 1869 1317 ut
1912 1265 2164 1333 qualibet
2213 1267 2507 1334 adjacentia
2564 1267 2894 1319 monasterio
2943 1264 3162 1331 jamJam

1584 1368 1720 1422 pene
1754 1354 1895 1422 ignis
1929 1354 2106 1425 lingua
2148 1358 2528 1425 prolatnberel.
2581 1366 2634 1408 et
2669 1371 2772 1409 non
2824 1356 2932 1423 iam
2971 1356 3165 1407 dubius

1584 1441 1703 1497 loco
1750 1453 1940 1497 sancto
2005 1444 2254 1500 interitus
2304 1446 2639 1509 immineret,
2691 1447 2867 1499 subito
2915 1446 2968 1498 in
3024 1446 3166 1496 acris

1585 1532 1837 1586 vastitate
1884 1534 2147 1589 nubecula
2181 1536 2359 1590 brevia
2406 1537 2557 1591 valde
2606 1546 2661 1591 et
2711 1537 2866 1589 eleis
2896 1538 3161 1604 apparuit.

1584 1636 1819 1691 moxque
1846 1623 2106 1692 paulatim
2152 1626 2205 1679 in
2250 1627 2511 1695 ampliora
2548 1643 2606 1681 se
2648 1629 2951 1696 porrigens.
3004 1641 3165 1694 supra

1587 1722 1764 1767 totum
1817 1728 1876 1767 se
1922 1716 2157 1785 undique
2191 1720 2505 1773 monasterii
2555 1721 2841 1773 circuitum
2899 1718 3163 1771 dilatavit.

1586 1800 1726 1869 Quid
1757 1802 1919 1855 verba
1948 1804 2149 1859 diutius
2175 1807 2524 1873 protr-aliam?
2560 1808 2604 1862 Ο
2652 1810 3024 1860 inenarrabilis
3073 1823 3164 1859 su-

1587 1903 1767 1960 perna:
1795 1892 2009 1946 virtutis
2043 1896 2281 1963 potentia
2315 1895 2327 1947 !
2354 1909 2387 1949 ο
2419 1911 2691 1964 nunquam
2724 1897 2980 1949 delicicns
3010 1911 3169 1963 super

1587 1980 1789 2035 electos
1815 1997 1945 2036 suos
1972 1983 2149 2037 divina
2176 1984 2452 2039 custodia!
2488 1984 2741 2040 Protinus
2772 2001 2891 2039 sese
2922 1987 3091 2038 nubes
3118 1988 3169 2038 in

1587 2069 1890 2140 largissima
1947 2072 2237 2128 imbrifer:
2288 2076 2650 2130 inundationis
2702 2076 2897 2129 ﬂuenta
2931 2074 3171 2137 resolv.t.

1591 2158 1725 2212 adeo
1768 2168 1827 2212 ut
1857 2175 1962 2214 non
1992 2162 2151 2216 modo
2193 2177 2405 2217 voracis
2435 2165 2666 2218 incendii
2698 2164 2941 2216 ﬂammas
2969 2165 3175 2217 ειδιὶιιο

1590 2259 1799 2321 gueret.
1828 2252 1922 2306 sed
1945 2260 2002 2305 et
2029 2259 2244 2308 Omnem
2267 2256 2438 2309 sancti
2462 2255 2562 2310 loci
2593 2258 2878 2310 circuitum
2909 2257 3177 2324 proﬂuen-

1592 2340 1726 2393 tium
1754 2341 2114 2410 procellarum
2144 2345 2378 2413 copiosis
2417 2346 2863 2399 inundationibus
2903 2347 3171 2413 irrigant.

1590 2427 1680 2492 Et,
1717 2440 1776 2483 ut
1804 2446 1871 2484 ne
1899 2432 2022 2500 quis
2062 2435 2302 2504 ambigat
2348 2436 2545 2490 nubem
2597 2437 2739 2490 illam
2791 2438 2998 2489 meritis
3030 2438 3173 2489 beati

1590 2516 1863 2573 Benedicti
1929 2519 2096 2575 fuisse
2142 2523 2428 2592 prolatant,
2474 2534 2635 2592 atquc
2683 2528 2749 2577 ad
2789 2527 2957 2579 solam
3001 2526 3175 2578 sancti

1593 2607 1695 2663 loci
1752 2611 1868 2679 ejus
1923 2613 2251 2679 processisse
2309 2616 2633 2679 custodiant,
2684 2630 2805 2669 cum
2879 2626 2989 2667 tota
3054 2616 3175 2667 (εωιὶ

1594 2697 1801 2766 spintera
1833 2702 2091 2755 continua
2121 2703 2358 2771 undique
2390 2706 2681 2759 serenitate
2713 2706 3060 2767 claresceret,
3101 2710 3175 2759 sic

1594 2805 1652 2844 se
1677 2791 1744 2843 ad
1777 2793 2089 2846 monasterii
2120 2810 2430 2850 mensuram
2472 2800 2641 2851 nubes
2686 2798 2774 2849 illa
2812 2799 3073 2857 cohibuit.
3121 2806 3177 2849 ut

1595 2882 1823 2935 ubertim
1867 2884 2084 2950 quidem
2116 2887 2319 2939 sanctis
2349 2888 2590 2941 aediliciis
2622 2890 2921 2956 adjacentia
2952 2906 3176 2959 qumque

1592 2970 1959 3039 perfunderet,
2015 2974 2082 3027 ad
2132 2974 2358 3028 linitima
2410 2993 2537 3031 vero
2566 2988 2616 3032 et
2647 2986 2899 3032 continua
2928 2982 3178 3049 qtta'liiict

1594 3060 1708 3114 loca
1741 3064 1955 3131 penitus
1980 3078 2084 3117 non
2112 3065 2363 3120 stillaret.
2395 3066 2526 3121 Nam
2548 3079 2599 3122 et
2624 3070 2699 3133 bi,
2734 3071 2822 3139 qui
2854 3072 2918 3123 de
2952 3074 3176 3124 vicinio-

1595 3152 1744 3205 ribus
1788 3153 1918 3206 locis
1960 3153 2027 3205 ad
2079 3160 2464 3225 protegendum
2520 3166 2906 3214 monasterium
2941 3163 3175 3228 undique
3209 3150 3253 3211 C

1536 3250 1545 3259 '
1595 3245 2322 3307 conﬂuebant,mirabantur
2372 3263 2429 3301 se
2487 3250 2667 3303 subito
2716 3249 2819 3321 ἧι
2878 3250 3174 3313 ιιιειιῐεῖἱρτί,

1593 3349 1718 3388 cum
1760 3345 1986 3389 eatenus
2017 3335 2215 3391 fuerint
2238 3354 2342 3392 non
2384 3341 2559 3410 aquis,
2591 3343 2683 3394 sed
2714 3344 3000 3396 sudoribus
3033 3344 3177 3396 tabe-

1596 3424 1673 3480 far
1688 3426 1746 3480 ti.

1668 3516 1840 3582 Quam
1872 3516 2082 3572 lirmam
2127 3534 2256 3589 ergo
2291 3520 2560 3584 fiduciam.
2592 3521 2791 3578 lratres
2818 3523 2949 3587 inci,
2981 3526 3033 3579 in
3069 3534 3175 3579 tam

1599 3621 1819 3664 strenuo
1847 3621 2008 3680 atque
2049 3614 2293 3685 pervigili
2325 3632 2609 3685 possumus
2654 3618 2852 3671 habere
2904 3622 3171 3687 patrono!

1599 3698 1701 3765 Qui
1732 3701 1877 3754 enim
1906 3703 2177 3757 smvientis
2204 3704 2435 3759 incendii
2467 3704 2708 3762 ﬂammas
2736 3723 2765 3760 a
2797 3709 2979 3761 vilium
3010 3709 3179 3777 ligno-

1600 3806 1723 3846 rum
1782 3794 1865 3847 vel
1920 3792 2156 3864 lapidum
2204 3796 2625 3866 conﬂagratione
2672 3800 2966 3868 prohibuit,
3017 3817 3178 3869 quam

1602 3882 1782 3938 valido
1835 3893 2087 3953 putamus
2140 3886 2342 3940 auxilio
2380 3890 2591 3942 animas
2621 3900 2835 3942 nostras
2887 3891 2952 3943 ad
2996 3892 3183 3960 imagi-

1601 3989 1724 4027 nem
1755 3974 1846 4029 Dei
1879 3974 2051 4030 factas
2087 3978 2153 4030 ab
2196 3979 2541 4031 :estuantium
2571 3980 2823 4033 vitiorum
2860 3983 3055 4034 ardore
3091 3988 3183 4035 deo

1601 4061 1814 4117 fendet!
1879 4063 2082 4118 Nubem
2132 4068 2318 4131 movit,
2354 4068 2555 4122 imbres
2599 4072 2891 4138 expressit,
2937 4070 3181 4125 ﬂammas

1598 4155 1879 4217 exstinxit,
1925 4155 2211 4209 mdilicium
2243 4157 2507 4212 liberavit.
2547 4157 2627 4212 Tu
2661 4176 2894 4228 quoque,
2925 4164 2966 4214 si
2996 4162 3179 4215 incen—

1601 4250 1707 4302 tiva
1737 4248 1976 4302 libidinis
2007 4248 2060 4302 in
2091 4250 2197 4302 tuis
2241 4249 2541 4303 visceribus
2573 4261 2825 4313 azstuant.
2858 4254 2899 4304 si
2929 4254 3181 4321 templum

1599 4339 1675 4392 tui
1707 4339 1941 4408 pectoris
1996 4339 2248 4393 invadere
2285 4339 2555 4394 titillando
2603 4342 2755 4408 quasi
2791 4341 3076 4395 lambendo
3108 4340 3183 4396 fe-

1601 4430 1828 4491 stinant.
1878 4438 1934 4482 et
1963 4429 2049 4483 bis
2096 4429 2321 4484 forsitan
2371 4432 2551 4484 anima
2597 4440 2685 4485 tua
2738 4432 2992 4487 ariditate
3034 4433 3182 4488 tabc-

2263 340 2322 397 S.
2360 339 2557 395 PETRI
2589 337 2872 393 DAlllANl
2899 336 3050 391 OPP.
3093 334 3271 389 PARS
3310 332 3433 387 εει
3467 331 3700 387 τυληε
3722 330 3780 385 ll.
3816 360 3881 371 --
3910 328 4299 386 SERNONES.

4732 324 4837 381 ω

3335 445 3387 499 lu
3440 447 3635 515 vigiliis
3684 446 3879 514 quippe
3908 444 4065 498 debet
4114 444 4413 498 celebrator
4452 440 4638 511 afﬂigi.
4691 452 4749 495 ut
4784 443 4837 497 in

3262 535 3599 590 solemnitate
3627 534 3799 588 valeat
3844 532 4120 604 gratulari.
4156 532 4305 587 Nunc
4333 534 4513 601 itaque
4544 532 4688 586 illius
4716 532 4841 585 ulti-

3262 644 3362 683 mm
3413 630 3847 690 resurrectionis.
3911 629 4021 683 veri
4072 626 4281 682 scilicet
4332 626 4572 688 Pascha.
4628 626 4840 695 vigilias

3263 720 3508 779 colimus,
3539 718 3581 769 a‘.
3611 717 3909 771 voluntates
3939 716 4185 785 proprias
4213 714 4542 786 frangamus,
4573 715 4615 767 si
4664 720 4843 769 carnis

3264 808 3521 876 impetum
3557 806 3909 867 refrenemus,
3942 805 3984 859 si
4015 804 4369 874 cogitationes
4394 818 4593 873 pravas
4618 818 4650 855 a
4680 806 4842 857 corde

3265 900 3609 968 repellamus,
3648 912 3866 951 crucem
3903 906 4025 966 post
4066 894 4274 959 Iesum,
4324 898 4691 965 nosmetipsos
4716 893 4845 947 ani-

3264 992 3456 1059 gelido,
3510 988 3675 1043 corde
3738 988 4066 1053 bajulemus.
4117 986 4161 1042 si
4228 986 4460 1057 denique
4530 988 4846 1040 stuileamus

3263 1080 3657 1133 oﬂeiidentilms
3682 1094 3927 1148 parcere,
3961 1077 4324 1150 indigentibus
4347 1079 4662 1141 subvenire,
4700 1078 4841 1133 veri-

3266 1180 3428 1224 tatem
3458 1186 3552 1224 ore
3584 1171 3847 1239 proferre.
3879 1172 4200 1225 charitatem
4228 1186 4332 1224 non
4387 1170 4568 1224 fictam
4600 1171 4657 1223 in
4688 1176 4847 1225 corde

3265 1275 3482 1315 scrvare
3510 1278 3519 1311 :
3556 1262 3600 1315 sl
3632 1278 3735 1314 non
3774 1276 4028 1314 vacemus
4073 1260 4285 1323 fabulis.
4320 1274 4425 1314 non
4458 1260 4642 1315 verbis
4671 1261 4847 1315 intel-

3265 1350 3455 1403 damus
3479 1352 3688 1409 otiosis.
3716 1364 3820 1403 non
3851 1362 4065 1405 terrena
4097 1350 4347 1420 qualibet
4375 1352 4849 1421 conci-piscinas,

3271 1454 3377 1492 non
3411 1442 3639 1509 negotiis
3671 1440 4018 1493 sxcularibus
4047 1454 4145 1493 nos
4182 1439 4547 1509 implicemus;
4592 1443 4639 1494 si
4692 1456 4851 1511 puras

3267 1540 3319 1583 et
3344 1532 3583 1598 quotidie
3606 1530 3713 1583 Deo
3737 1530 3965 1583 mundas
3994 1531 4306 1584 studeamtts
4331 1531 4609 1586 orationes
4630 1530 4849 1595 oﬂerre.

3268 1624 3311 1676 si
3352 1625 3573 1675 verbum
3632 1622 3722 1676 Dei
3757 1632 3867 1675 toto
3912 1622 4094 1677 cordis
4142 1620 4334 1676 aﬂ’ectu
4377 1622 4587 1693 iugiter
4624 1623 4858 1677 delectet

3271 1716 3457 1767 audire
3496 1725 3551 1767 ut
3597 1714 3845 1767 Christus
3883 1715 4137 1768 audiatur
4180 1714 4234 1769 ln
4262 1714 4463 1783 lingua,
4494 1713 4753 1770 Christus
4778 1716 4855 1769 vi-

3202 1812 3243 1870 Β
3274 1804 3465 1857 deatur
3493 1806 3543 1857 in
3575 1805 3707 1867 vita,
3739 1804 3992 1859 Christus
4024 1805 4075 1857 in
4101 1803 4287 1867 corde.
4319 1804 4575 1860 Christus
4616 1807 4673 1858 ia
4705 1819 4854 1859 voce.

3276 1895 3564 1947 Enimvero
3607 1898 3852 1964 quisquis
3887 1896 4000 1949 inec
4036 1894 4321 1965 diligenter
4340 1898 4619 1957 observat.
4653 1896 4744 1950 ille
4774 1911 4863 1949 re

3277 1990 3477 2039 raciter
3518 1997 3733 2039 rtem:
3768 1986 4078 2041 festivitatis
4118 1986 4331 2056 vigilias
4365 1987 4629 2041 celebrat.
4666 1987 4729 2042 Et
4772 1990 4861 2057 qui

3278 2078 3434 2130 modo
3472 2091 3593 2129 cum
3627 2076 3844 2129 Cliristo
3884 2091 4005 2131 sese
4036 2076 4364 2130 bumiliando
4390 2077 4709 2139 mortiticat,
4738 2094 4862 2133 cum

3278 2184 3341 2221 eo
3374 2170 3527 2221 simul
3561 2182 3778 2224 nxesse
3810 2178 3913 2231 Cal,
3957 2178 4274 2240 consumpta
4313 2183 4538 2239 prorsus
4560 2174 4717 2226 omni
4744 2186 4865 2226 oor-

3278 2264 3546 2331 ruptione,
3583 2272 3845 2331 resurgat.

3349 2352 3456 2407 lfas
3516 2356 3697 2424 igitur,
3751 2352 3949 2409 fratrea
4000 2354 4327 2419 cbariasimi,
4382 2368 4598 2424 semper
4646 2355 4866 2423 vigilias

3278 2446 3648 2507 celebremus;
3681 2446 3745 2496 ad
3781 2447 4163 2513 capessendam
4195 2446 4336 2499 illius
4382 2458 4601 2499 αξιοι-ιιι
4628 2445 4867 2500 felicita-

3280 2534 3348 2583 tis
3377 2534 3597 2600 gloriam
3628 2544 3736 2587 tota
3762 2538 3985 2604 spiritus
4008 2538 4231 2591 intentio
4256 2537 4539 2605 dirigatur,
4568 2548 4863 2606 quatenus.

3280 2622 3401 2675 diu
3441 2626 3741 2692 linjusinodi
3779 2628 4082 2697 peragenda
4128 2626 4357 2698 vigilias,
4406 2626 4593 2682 desum
4648 2644 4867 2696 semier-

3280 2720 3570 2781 aspicimus
3597 2718 3647 2768 in
3677 2734 3833 2771 cruce
3860 2721 4201 2786 pendentem,
4229 2720 4479 2775 eumdem
4512 2722 4863 2787 postmodum

3283 2804 3417 2856 inter
3454 2808 3561 2872 ipsa
3593 2809 3944 2876 HIIIlClﬂlefi
3976 2810 4237 2862 solemnia
4269 2823 4577 2863 mereamur
4602 2812 4656 2862 in
4689 2820 4869 2878 pater-

3283 2909 3363 2945 na:
3389 2895 3571 2961 gldium-
3612 2898 3894 2964 majestate
3921 2909 4256 2967 regnantem.
4307 2897 4411 2965 Qui
4454 2915 4579 2951 cum
4610 2898 4779 2953 Patre
4814 2910 4869 2953 et

3283 2984 3487 3051 Spiritu
3554 2997 3741 3039 sancto
3780 2986 3911 3040 vivit
3953 2998 4009 3043 et
4057 2997 4247 3059 regnat
4303 3002 4398 3058 per
4435 2988 4613 3043 omnia
4670 2988 4867 3043 sttui:

3287 3076 3628 3129 stenlorum.
3660 3077 3849 3131 Amen.

4027 3168 4115 3224 IX.

3309 3257 3415 3330 ‘2
3457 3275 3670 3314 nostris
3716 3277 3779 3315 sn
3820 3278 4066 3314 uomitu
4108 3277 4175 3318 sv
4217 3277 4425 3318 uno“
4465 3276 4512 3316 s.
4558 3278 4843 3318 etamen

3514 3345 3732 3385 IABATIS
3772 3348 3837 3385 ιτ
3878 3347 4240 3387 εοκηεδοιιι.
4282 3348 4401 3401 (ιιι
4445 3340 4655 3399 ιιιτ.)

3356 3422 3499 3474 Diti:
3547 3424 3726 3477 Simon
3786 3424 3977 3479 Petrus
4032 3427 4100 3477 ad
4140 3424 4323 3480 Iesum
4367 3442 4384 3479 :
4421 3426 4555 3479 Ecce
4610 3444 4707 3481 nos
4754 3428 4872 3479 relic

3279 3516 3486 3581 quimus
3514 3518 3685 3566 omnia
3714 3523 3761 3567 et
3800 3517 3959 3568 secuti
3990 3532 4169 3569 sumus
4201 3526 4269 3579 te.
4318 3525 4422 3571 etc.
4454 3514 4687 3583 (latin.
4732 3520 4870 3581 xix}.

3355 3605 3410 3658 In
3445 3608 3602 3671 llujtts
3633 3610 3805 3675 patris
3851 3606 4018 3661 nostri
4064 3609 4333 3677 prrcipua
4363 3607 4711 3661 solemnitate
4743 3612 4873 3661 totis

3281 3706 3425 3749 esset
3482 3700 3687 3749 viribus
3747 3697 4192 3759 lncumbendnm.
4255 3699 4356 3752 nisi
4421 3698 4619 3751 nobilis
4688 3700 4871 3768 lngua

3281 3786 3526 3853 Gregorii
3558 3796 3725 3840 totum
3752 3789 3867 3855 ejus
3900 3788 4237 3841 itinerarium
4286 3804 4534 3842 sermone
4580 3794 4874 3859 magniﬁco

3283 3878 3584 3943 Cullcgiswt
3607 3878 3665 3935 ll.
3685 3892 3698 3929 1
3718 3876 3853 3928 Dial.
3873 3882 4191 3946 perlolﬂtn).
4219 3878 4291 3932 Ιιι
4306 3880 4451 3932 enim
4479 3890 4635 3933 ictu:
4826 3892 4877 3933 et

3288 3968 3450 4019 tilattt
3493 3968 3747 4021 undantis
3778 3968 3974 4035 eloquii
4012 3967 4261 4023 claritate
4290 3969 4555 4037 depinxit,
4582 3980 4639 4022 ut
4680 3983 4739 4024 es
4768 3982 4877 4039 sty-

3286 4055 3367 4106 lus
3414 4060 3803 4108 sententiarum
3850 4058 4129 4126 majestate
4177 4058 4453 4121 scintillet,
4484 4067 4539 4111 et
4591 4064 4879 4114 sententi:

3283 4150 3421 4219 stylo
3476 4151 3751 4203 reluceant
3801 4150 4037 4203 clariori.
4093 4150 4167 4204 Ex
4223 4148 4515 4205 abundanti
4572 4152 4743 4221 igitur
4776 4166 4875 4211 cit.

3286 4247 3406 4305 [HM
3458 4254 3642 4291 Vmit‘m
3688 4239 3819 4289 tanti
3845 4239 3943 4291 viri
3974 4240 4174 4307 aliquid
4195 4240 4415 4301 addere.
4448 4248 4499 4293 ttt
4535 4244 4697 4310 cujus
4730 4259 4879 4297 ωηι-

3288 4330 3568 4395 paratione
3602 4345 3697 4380 nos
3721 4342 3824 4380 non
3865 4328 4037 4381 solum
4072 4329 4459 4396 incloquentes.
4485 4332 4581 4383 sed
4618 4344 4676 4385 ct
4706 4346 4881 4386 mutos

3291 4436 3411 4473 esse
3468 4436 3571 4473 non
3640 4422 3970 4485 ignoramus.
4024 4419 4134 4473 Hoc
4202 4431 4383 4475 tamen
4448 4423 4626 4477 solum
4682 4428 4883 4478 dixisse

1601 4532 1761 4571 scens
1784 4526 1838 4571 et
1868 4517 2075 4587 torpida
2106 4533 2211 4572 non
2248 4520 2495 4585 aesnltat,
2530 4530 2654 4589 pete
2685 4522 3044 4591 lacrymarum
3085 4522 3184 4575 im-
3209 4498 3264 4560 θ
3300 4512 3547 4573 ειιηῖείλιν
3598 4528 3666 4581 (ιιι

2818 4537 3044 4575 murum
3085 4522 3184 4575 im-
3209 4498 3264 4560 Ι)
3300 4512 3547 4573 sufﬁciat,
3598 4518 3719 4581 quia
3772 4512 3919 4566 solus
3948 4514 4046 4567 iste
4078 4513 4361 4567 militarem
4410 4530 4635 4568 manum
4668 4520 4884 4570 excelso

1600 4603 1774 4669 lit-em.
1808 4604 1987 4676 ﬂagita
2007 4607 2225 4661 contriti
2252 4608 2432 4663 cordis
2460 4608 2795 4663 salutiferam
2821 4614 3186 4679 contpunctioo

1604 4709 1753 4756 nem.
1790 4695 2185 4763 qumvidelicet
2236 4697 2489 4753 duritiem
2524 4699 2599 4753 tui
2628 4700 2775 4753 saxei
2805 4701 2985 4755 cordis
3012 4704 3181 4756 emol-

1604 4785 1730 4851 liat;
1763 4790 1949 4856 sicque
1973 4802 2125 4841 mena
2160 4790 2308 4843 arida
2338 4791 2405 4843 ad
2447 4790 2798 4859 proferendas
2823 4807 3033 4863 segetes
3059 4794 3183 4849 boni

1542 4886 1553 4947 ι
1602 4877 1782 4944 operis
1816 4878 2128 4939 revirescat.
2161 4887 2219 4930 ut
2261 4877 2356 4932 ﬂat
2399 4880 2518 4942 tibi,
2563 4884 2707 4951 quod
2736 4900 2831 4953 per
2866 4885 3184 4954 prophetam

1603 4966 1862 5021 Dominus
1911 4967 2148 5037 loquitur
2181 4983 2195 5021 :
2232 4987 2249 5020 ι
2284 4969 2420 5033 Erit.
2450 4972 2647 5042 inquit,
2676 4976 2854 5028 anima
2892 4987 3003 5038 tua,
3047 4980 3187 5031 sicut

1602 5056 1793 5111 hortus
1837 5058 2091 5127 irriguos.
2147 5067 2204 5113 et
2251 5060 2392 5114 sicut
2441 5059 2581 5126 fons,
2627 5064 2711 5116 cui
2772 5079 2877 5117 non
2933 5064 3189 5120 deficiunt

1603 5160 1756 5214 aqua:
1784 5145 1931 5210 (lsa.
1990 5149 2172 5216 ινιη).
2199 5167 2217 5198 s
2270 5148 2404 5204 Illud
2449 5152 2638 5213 etiam.
2679 5153 2821 5222 quod
2868 5153 2993 5209 alibi
3039 5154 3187 5208 Scri-

1605 5245 1762 5304 ptura
1789 5235 1958 5290 dicit:
1993 5255 2012 5287 ι
2044 5234 2178 5291 Cum
2207 5248 2259 5292 te
2286 5252 2661 5312 consumptum
2693 5244 2989 5313 putaveris,
3027 5246 3183 5315 quasi

1607 5326 1797 5381 lucifer
1836 5328 2031 5383 orieris
2081 5330 2203 5399 (Job
2255 5334 2397 5399 ιη.»
2449 5333 2542 5389 Sic
2591 5336 2795 5405 itaque,
2845 5338 3182 5393 dilectissimi

1604 5416 1803 5471 fratres
1825 5420 1953 5486 mei,
1978 5430 2297 5478 sanctoru-
2312 5425 2630 5480 studeamus
2651 5428 2928 5483 celebrare
2952 5430 3180 5500 vigilias.

1610 5519 1669 5560 ut
1723 5507 1796 5561 illi
1832 5525 2055 5565 summa:
2112 5528 2177 5566 ac
2226 5516 2498 5570 continua:
2548 5518 2896 5585 solemnitati,
2952 5536 3072 5590 qua!
3129 5522 3183 5575 iu

1608 5596 1916 5653 ccelcstibus
1951 5600 2147 5669 agitur,
2185 5603 2249 5657 de
2278 5607 2426 5662 omni
2468 5608 2573 5663 vita
2603 5620 2784 5666 nostra
2822 5627 2976 5684 unas,
3023 5622 3078 5668 ut
3108 5614 3181 5668 ita

1608 5684 1822 5757 loquar,
1845 5689 2054 5760 vigilias
2077 5690 2357 5754 faciamus.

3292 4602 3526 4671 Principi
3562 4604 3773 4657 ceteris
3805 4603 4168 4657 abundantius
4195 4606 4565 4673 prmsentabit.
4616 4616 4671 4659 et
4706 4624 4885 4659 mona—

3290 4695 3515 4746 chorum
3566 4695 3777 4755 turmis,
3809 4694 4127 4761 angelorum
4180 4710 4329 4749 more
4357 4696 4689 4759 viventibus.
4726 4704 4885 4754 orio-

3292 4799 3410 4836 rum
3456 4784 3767 4854 adimplcbit
3818 4786 4039 4854 palatia.
4094 4784 4265 4853 Quam
4296 4787 4461 4855 igitur
4506 4788 4790 4859 refulgens
4840 4804 4883 4842 et

3292 4876 3603 4942 splendidus
3679 4876 3835 4930 miles
3886 4878 4085 4931 natabit
4160 4880 4507 4949 imperatorio
4586 4884 4883 4941 tribunali.

3294 4968 3480 5036 plenus
3514 4968 3739 5021 inﬁnitis
3780 4968 4083 5028 virtutibus.
4113 4970 4417 5039 agminibus
4458 4972 4771 5027 innumeris
4802 4992 4885 5026 cc—

3296 5063 3541 5123 niitatns,
3599 5060 3943 5115 consiliarius
3974 5062 4138 5131 regis,
4168 5062 4366 5132 judicia
4406 5066 4641 5127 amicus,
4698 5070 4885 5121 unica

3296 5150 3467 5205 hostis
3502 5152 3740 5220 antiqui!

3368 5240 3441 5293 De
3480 5254 3545 5293 eo
3596 5242 3774 5310 plane,
3833 5256 4063 5310 eumque
4103 5244 4453 5312 sequentibus
4502 5244 4647 5299 dixit
4698 5246 4881 5302 Sinam

3294 5331 3485 5387 Petrus
3532 5334 3599 5387 ad
3650 5332 3878 5386 desunt:
3918 5352 3935 5383 ι
3974 5332 4110 5387 Ecce
4166 5349 4262 5388 nos
4328 5336 4655 5403 reliquimus
4710 5358 4883 5395 omnia

3294 5424 3507 5493 (ﬂanti.
3536 5428 3670 5493 xiv).
3709 5445 3726 5477 s
3764 5428 3949 5481 Amica
3978 5443 4202 5497 prorsus
4244 5429 4615 5485 confabulatio
4652 5434 4885 5487 Simonis

3294 5522 3358 5570 ad
3390 5516 3593 5579 .lesuin,
3638 5527 3693 5571 et
3739 5534 3917 5571 sermo
3946 5522 4088 5572 omni
4116 5532 4355 5573 oratorio
4400 5524 4535 5577 ﬂuie
4570 5540 4745 5580 rencs
4778 5545 4877 5587 mr;

3294 5610 3592 5677 d¥gnusquc
3626 5610 3811 5662 Simon
3852 5610 3941 5677 qui
3978 5625 4102 5663 cum
4138 5610 4423 5666 Salvatore
4454 5617 4677 5683 plenius
4718 5626 4883 5689 prolo-

3303 5712 3535 5768 qnatnr;
3591 5700 3776 5754 Simon
3829 5716 4059 5771 namque
4108 5704 4371 5767 obediem,
4414 5703 4577 5761 vaus
4638 5714 4875 5768 saluarer.
