5232 6538
98 425 200 484 569

1555 401 1790 458 SERMO
1830 397 1923 453 IX.

3309 387 3416 448 550

94 535 355 608 Loquitur
375 543 504 602 ergo
532 523 844 582 obedientia
869 537 991 578 cum
1018 520 1215 584 salute,
1243 519 1370 590 quia
1394 516 1526 573 solis
1547 517 1680 571 obe-
1720 522 1762 577 Α
1796 511 1978 566 facere
2029 506 2364 563 voluntatem
2419 519 2593 569 suam,
2650 501 2747 558 sed
2813 499 2932 572 ejus
2991 500 3082 570 qui
3131 500 3281 557 misit
3341 502 3406 557 il-

93 628 361 686 dientibus
397 633 604 679 aeterna
649 619 800 674 salus
842 614 1190 670 hzereditario
1215 613 1340 683 jure
1367 611 1620 672 debetur,
1647 609 1693 662 si

93 733 270 776 tamen
304 716 374 771 ibi
398 715 470 769 sit
508 711 725 773 Petrus,
760 708 810 760 id
837 714 938 771 est,
973 705 1018 759 si
1042 703 1350 759 obedientia
1379 717 1487 754 non
1520 699 1691 754 vacil-

92 816 189 877 let,
231 817 324 866 aut
374 806 590 866 titubet,
635 802 728 857 sed
762 798 984 852 fundata
1029 797 1100 851 sit
1148 809 1313 865 supra
1358 794 1571 848 ﬁrmam
1604 806 1697 862 pe-

91 921 254 966 tram.
282 905 351 960 Et
379 904 505 974 qttid
529 899 650 954 ait?
702 916 720 948 ι
754 896 893 950 Ecce
920 909 1019 948 nos
1065 891 1390 962 reliquimus
1417 885 1601 942 omnia
1641 894 1697 941 et

90 1000 259 1059 secuti
312 1010 506 1053 sumus
537 1003 610 1046 te.
648 1009 666 1041 ι
703 987 959 1044 Solemne
1012 985 1265 1047 verbum,
1321 995 1520 1051 magna
1569 994 1697 1048 pro-

89 1092 297 1153 missio,
349 1101 484 1158 Opus
514 1090 785 1144 sanctum,
817 1077 1041 1147 dignum
1092 1072 1498 1135 benedictione,
1533 1069 1697 1124 relin-

89 1196 254 1254 quere
274 1179 456 1233 omnia
487 1182 542 1228 et
563 1171 716 1240 sequi
748 1169 1048 1224 Christum.
1087 1163 1213 1218 Haec
1241 1171 1370 1217 sunt
1402 1161 1567 1216 verba
1598 1175 1696 1214 vo-

86 1272 335 1328 luntaria:
380 1265 724 1339 persuasoria
785 1258 1158 1332 paupertatis,
1199 1273 1322 1327 qua:
1361 1254 1695 1310 monasteria

88 1370 410 1437 genuerunt,
459 1375 578 1429 quae
643 1355 881 1410 ciaustra
939 1350 1270 1414 monachis,
1341 1347 1695 1403 anachoretis

86 1457 251 1512 silvas
269 1453 540 1523 copiosius
565 1448 932 1520 repleverunt.
966 1444 1092 1500 llaec
1131 1443 1277 1498 enim
1321 1450 1450 1496 sunt
1476 1441 1542 1495 de
1569 1441 1696 1510 qui.-

84 1545 188 1600 bus
217 1543 400 1614 psallit
431 1539 706 1596 Ecclesia:
749 1535 1022 1604 «Propter
1066 1533 1230 1586 verba
1267 1531 1538 1585 labiorum
1578 1540 1699 1584 tuo-

87 1650 209 1689 rum
235 1648 336 1705 ego
367 1627 634 1686 custodivi
667 1628 782 1680 vias
835 1624 1001 1679 duras
1036 1620 1233 1693 (Psal.
1272 1622 1405 1689 xw).
1442 1640 1460 1674 ι
1499 1619 1698 1675 Perce-

84 1737 243 1798 ptnra
277 1723 517 1794 requiem
559 1735 660 1790 pro
718 1718 925 1782 labore,
955 1731 1056 1785 pro
1087 1721 1408 1785 paupertate
1451 1711 1692 1775 divitias,

87 1829 188 1886 pro
244 1811 592 1868 tribulatione
649 1807 978 1863 mercedem.
1037 1804 1291 1875 Magnum
1351 1818 1542 1859 revera
1611 1810 1697 1856 est

1799 603 1910 658 lum
1941 602 2104 673 (Joan
2137 601 2234 672 vi).

1872 693 2176 764 Sequitur:
2227 710 2245 744 ι
2283 689 2424 758 Quid
2469 704 2601 762 ergo
2643 690 2752 745 erit
2795 687 3023 744 nobis?»
3063 687 3184 744 Jam
3227 689 3413 744 omnia

1799 785 2022 854 reliquit
2053 784 2270 849 Petrus,
2313 785 2428 855 jam
2461 798 2567 838 non
2593 782 2771 838 solum
2810 781 3080 852 sequitur,
3119 781 3212 837 sed
3240 791 3296 837 et
3326 782 3416 836 ditt

1799 885 2019 931 secutus
2043 883 2155 940 est;
2188 882 2243 929 et
2279 889 2425 930 nunc
2455 874 2692 944 primttm
2726 872 3029 943 interrogat
3056 873 3318 943 quidnam
3347 873 3420 927 sit

1799 975 2146 1038 accepturus.
2173 964 2312 1032 Quid
2342 974 2448 1028 est,
2476 963 2671 1019 Petre?
2692 962 2884 1018 Nonne
2905 962 3276 1017 obedientiam
3303 977 3424 1034 pro-

1799 1061 1996 1116 misisti
2032 1061 2083 1114 iu
2115 1060 2266 1115 auris
2317 1059 2619 1122 auditione,
2654 1072 2762 1112 non
2806 1057 2861 1110 in
2891 1056 3035 1125 pacti
3093 1057 3420 1112 conventio-

1800 1152 1899 1206 ne?
1928 1149 2037 1206 Sed
2059 1151 2245 1205 audite
2269 1148 2384 1218 jam
2416 1148 2547 1218 quid
2585 1147 2845 1218 loquatur
2873 1146 3140 1201 Dominus
3172 1147 3335 1212 Deus,
3365 1157 3423 1202 et

1800 1244 2068 1300 attendite
2093 1258 2244 1313 spem
2284 1243 2336 1297 in
2378 1259 2483 1312 qua
2517 1243 2722 1296 mundo
2749 1240 3051 1296 ﬂuctuante
3078 1255 3304 1310 sperare
3328 1239 3423 1295 de-

1799 1335 1992 1391 bemus
2025 1351 2040 1389 :
2082 1354 2101 1387 ι
2133 1335 2307 1390 Amen
2339 1335 2460 1390 dico
2491 1334 2646 1388 vobis
2673 1335 2818 1404 quod
2849 1348 2969 1396 vos,
2996 1333 3092 1402 qui
3119 1332 3422 1402 reliquistis

1799 1428 1982 1484 omnia
2009 1437 2064 1483 et
2090 1427 2264 1482 secuti
2305 1427 2441 1482 c5tis
2477 1441 2583 1490 me,
2619 1425 2674 1479 itt
2704 1425 3144 1496 regeneratione,
3176 1440 3300 1479 cum
3331 1440 3420 1480 se-

1800 1518 1943 1574 derit
1977 1518 2120 1572 titius
2159 1517 2398 1572 hominis
2429 1517 2480 1570 in
2512 1516 2641 1571 sede
2671 1515 2973 1585 majestatis
3001 1529 3133 1579 suze,
3158 1514 3421 1569 sedebitis

1798 1619 1855 1666 et
1877 1625 1973 1664 vos
1991 1610 2304 1680 judicantes
2335 1607 2558 1680 (Matth.
2593 1608 2770 1679 xu).t
2803 1605 3019 1661 Inﬁnita
3047 1621 3272 1677 prorsus
3301 1605 3422 1661 dul-

1800 1703 1935 1758 eetlo
1957 1701 2371 1757 iniserationum
2401 1699 2617 1754 Domini
2655 1699 2803 1754 circa
2833 1714 3104 1768 pauperes
3135 1713 3293 1764 suos;
3320 1711 3420 1754 nec

1802 1794 1924 1851 illos
1958 1793 2221 1863 relinquit
2261 1793 2315 1847 in
2365 1801 2562 1856 morte,
2593 1806 2692 1860 pro
2724 1791 2924 1861 quibus
2975 1789 3138 1844 morti
3177 1791 3418 1861 seipsunt

86 1880 398 1974 relinquere
443 1900 651 1959 omnia,
693 1899 788 1953 sed
822 1895 998 1964 majus
1049 1895 1331 1950 Christum
1362 1892 1536 1963 sequi,
1571 1906 1693 1945 cum
1729 1892 1771 1950 Β
1800 1887 2052 1959 exposuit
2087 1895 2140 1940 ct
2191 1883 2501 1940 tormentis.
2541 1901 2560 1934 ι
2601 1883 2738 1948 Vos,
2811 1881 3030 1951 inquit,
3093 1882 3186 1950 qui
3241 1880 3416 1936 secuti

84 1995 288 2050 multos
314 1994 496 2049 omnia
531 1990 843 2061 reliquisse,
876 2002 978 2041 nec
1005 1985 1287 2041 Christum
1315 1996 1532 2042 secutos
1561 1983 1696 2038 fuis-

84 2101 146 2142 se
176 2085 439 2157 legamus.
475 2082 589 2137 lloc
614 2096 772 2152 opus,
809 2079 899 2133 hic
931 2077 1082 2132 labor
1117 2084 1223 2141 est,
1256 2075 1344 2130 hic
1371 2074 1562 2129 salutis
1595 2075 1697 2128 ltu-

83 2192 263 2233 manm
303 2191 513 2232 summa
565 2172 848 2236 consistit;
909 2184 1009 2224 nec
1067 2168 1349 2223 Christum
1405 2182 1698 2236 possumus

84 2270 264 2340 sequi,
290 2269 392 2324 nisi
417 2265 598 2321 omnia
630 2263 1024 2334 reliaquamus,
1050 2261 1176 2330 quia
1204 2258 1444 2314 exsultat
1467 2267 1524 2310 ιιι
1547 2260 1698 2330 gigas

84 2361 155 2414 ad
195 2357 517 2413 currendam
568 2355 709 2409 viam
741 2353 915 2423 (Psal.
952 2354 1130 2421 xvtn),
1181 2358 1236 2405 ct
1280 2358 1540 2404 oneratus
1572 2365 1696 2402 eum

83 2451 239 2518 sequi
269 2465 375 2502 non
412 2456 612 2518 putest.
641 2444 810 2498 Nemo
841 2457 965 2496 eum
998 2441 1232 2496 sarcinis
1258 2447 1467 2502 enatat,
1499 2439 1573 2492 ait
1609 2438 1700 2492 ille

83 2516 390 2610 disciplinae
417 2516 719 2594 isa'cularis
763 2543 953 2589 orator
994 2548 1154 2602 quem
1207 2531 1404 2601 linguae
1441 2530 1699 2586 nobilitas

82 2642 141 2686 et
174 2630 510 2702 profunditas
536 2643 732 2684 sensus
759 2623 1098 2696 paupertatis
1123 2621 1358 2677 amicum
1391 2622 1698 2676 constituit.

83 2720 283 2776 Merito
327 2719 585 2790 relinquit
625 2718 809 2773 omnia
856 2718 949 2786 qui
982 2716 1230 2787 sequitur
1277 2729 1428 2778 eum,
1467 2714 1559 2784 qui
1615 2722 1702 2770 est

83 2827 257 2882 super
283 2811 488 2874 omnia,
543 2809 808 2879 quoniam
840 2805 1162 2862 suﬂicientia
1202 2814 1388 2859 nostra
1421 2820 1484 2858 ex
1519 2818 1585 2857 eo
1618 2813 1701 2858 cst

83 2903 195 2974 (II
247 2902 370 2958 Cor.
424 2900 562 2970 in),
620 2909 675 2956 et
732 2898 840 2954 erit
900 2897 1044 2951 Deus
1098 2895 1280 2951 omnia
1344 2895 1397 2947 in
1448 2893 1703 2947 omnibus

84 2981 243 3064 (Col.
276 3007 336 3046 ιιι
360 2993 402 3063 ).

161 3085 321 3146 Ecce,
373 3081 575 3153 inquit,
618 3095 719 3137 nos
757 3079 1079 3149 reliquimus
1127 3075 1334 3140 omnia,
1377 3090 1485 3129 non
1525 3073 1700 3129 solum

84 3173 380 3229 facultates
421 3171 628 3236 mundi,
659 3170 753 3225 sed
793 3179 849 3223 et
891 3169 1057 3223 animi
1087 3181 1304 3237 quoque
1330 3165 1696 3234 cupiditatgs:

1804 1979 1938 2034 estis
1967 1994 2074 2044 me,
2102 1979 2154 2032 in
2187 1977 2627 2048 regeneratione,
2650 1990 2774 2029 cum
2804 1975 3008 2030 sederit
3041 1973 3212 2028 Filius
3241 1973 3420 2028 homi-

1801 2070 1888 2126 nis
1918 2071 1971 2126 in
1994 2071 2124 2126 sede
2155 2069 2459 2140 tnajestatis
2494 2082 2630 2131 suae,
2675 2066 2936 2121 sedebitis
2971 2076 3027 2121 et
3057 2066 3419 2133 vosjndican-

1801 2171 1906 2217 tes.
1940 2182 1958 2214 ι
2002 2161 2142 2230 Quid
2181 2171 2264 2216 est
2303 2162 2408 2215 hoc
2435 2159 2582 2214 aliud
2629 2159 2837 2220 dicere,
2869 2157 2973 2212 nisi
3006 2156 3423 2227 consequcmini

1803 2269 1967 2322 quem
2011 2252 2326 2320 sequimini,
2357 2251 2402 2304 si
2429 2260 2611 2304 tamen
2655 2249 3078 2318 persequimini,
3117 2247 3423 2302 sicutseri-

1801 2354 1955 2414 ptum
1987 2352 2071 2398 cst
2103 2358 2118 2397 :
2150 2361 2168 2393 ι
2203 2342 2422 2411 htquire
2452 2355 2644 2411 pacem
2665 2381 2680 2404 ,
2733 2349 2787 2394 et
2837 2354 3167 2408 persequere
3215 2337 3410 2393 eazn‘h

1804 2433 1980 2507 (Ρεαι.
2029 2434 2259 2504 sunt).
2295 2434 2385 2489 Sic
2421 2449 2554 2503 ergo
2592 2433 2798 2487 currite
2841 2440 2901 2486 ut
2945 2429 3427 2501 comprehendatis

1805 2527 1856 2601 (I
1881 2527 2006 2582 Cor.
2040 2528 2139 2600 ιιι),
2183 2543 2286 2582 nec
2323 2527 2477 2598 prius
2508 2525 2754 2581 residere
2795 2521 2976 2578 velitis
3015 2539 3181 2594 quam
3227 2523 3427 2578 sedeo--

1809 2628 1916 2674 tem
1945 2620 2365 2690 apprehendatis
2388 2627 2442 2673 et
2467 2617 2790 2672 merramiai
2817 2615 3137 2671 consedere.
3165 2612 3423 2669 Exsulta-

1805 2711 1883 2764 \it
1918 2719 1974 2762 ut
2020 2710 2174 2779 gigas
2205 2709 2271 2762 ad
2313 2709 2636 2764 currendant
2679 2707 2822 2760 viam
2862 2703 3040 2778 (Prol.
3073 2707 3272 2774 xviii);
3310 2714 3423 2759 toto

1805 2799 1992 2869 utique
2021 2807 2264 2867 tempore
2294 2813 2402 2868 quo
2431 2798 2482 2851 in
2518 2797 2680 2852 terris
2715 2798 2865 2850 visus
2894 2805 3218 2871 est_et.cum
3249 2795 3426 2850 homi-

1805 2893 1966 2947 nibus
1997 2901 2354 2946 conversatus
2395 2889 2657 2964 (Barach.
2693 2890 2808 2961 ιιι);
2844 2905 2945 2944 nec
2988 2891 3218 2952 resedit,
3249 2890 3424 2944 donec

1806 2986 1872 3040 ad
1911 3001 2037 3039 eum
2092 2987 2407 3055 perveniret
2437 2999 2602 3053 quem
2639 2985 2753 3053 ipse
2784 2983 3070 3037 constituit
3113 2981 3318 3037 laboris
3369 2991 3425 3037 et

1809 3076 2047 3130 tristitia:
2098 3075 2286 3139 tinem,
2334 3093 2351 3125 ι
2385 3074 2560 3128 tristis
2603 3081 2718 3136 est,
2750 3072 3035 3142 inquiens,
3071 3071 3251 3126 anima
3304 3087 3425 3127 tnea

1807 3184 1978 3238 usque
2006 3168 2072 3222 ad
2100 3177 2335 3221 mortem
2369 3166 2590 3234 (Matth.
2633 3168 2809 3235 xxvi).
2846 3186 2864 3216 ι
2902 3167 3042 3236 Ergo
3071 3182 3191 3220 cum
3222 3167 3429 3221 sederit

88 3281 274 3336 neque
301 3264 446 3319 enim
487 3263 746 3332 relinquit
798 3261 1004 3324 omnia,
1061 3259 1151 3330 qui
1201 3257 1425 3311 retinuit
1473 3255 1556 3308 \el
1598 3255 1703 3309 θεὶ-
1733 3249 1777 3310 C
1812 3260 1954 3315 ﬁlius
1978 3259 2214 3313 hominis
2249 3259 2302 3312 in
2335 3258 2465 3312 sede
2513 3257 2843 3324 majestatis,
2874 3260 2965 3326 qui
2993 3258 3146 3326 prius
3189 3260 3342 3312 stetit
3370 3257 3426 3313 in

84 3372 285 3428 psum;
316 3357 424 3410 itno
450 3369 578 3408 vero
609 3352 742 3406 nihil
767 3352 991 3422 prodest
1015 3348 1122 3422 5.3
1154 3348 1274 3402 sine
1297 3345 1481 3415 seipso
1507 3353 1705 3399 etetera

90 3447 405 3516 reliquisse,
451 3443 891 3515 quandoquidem
961 3440 1168 3495 nullutn
1229 3437 1376 3492 aliud
1428 3453 1568 3491 onus
1625 3445 1710 3490 est

82 3537 316 3608 gravius
347 3535 553 3590 homini
585 3550 748 3604 quam
797 3535 960 3588 homo
1011 3532 1146 3600 ipse.
1178 3528 1312 3596 Quis
1341 3529 1487 3583 enim
1522 3537 1709 3598 tyran-

83 3642 198 3682 nus
252 3625 548 3689 crudelior,
606 3639 727 3695 quae
780 3620 980 3677 saevior
1012 3629 1260 3691 potestas
1301 3617 1506 3672 homini
1539 3633 1705 3687 quam

83 3719 333 3776 hominis
387 3719 556 3788 ipsius
584 3715 881 3771 voluatas?
932 3713 1218 3783 Nunquam
1251 3711 1352 3767 sub
1387 3727 1448 3766 ea
1493 3713 1710 3783 requie-

83 3825 275 3875 scere,
305 3825 580 3879 nunquam
630 3809 828 3862 sedere
855 3807 1001 3869 licet,
1035 3815 1089 3859 et
1132 3821 1241 3874 qtto
1290 3805 1523 3872 amplius
1558 3815 1608 3858 te
1640 3805 1708 3858 ad

82 3901 458 3956 obediendum
489 3899 591 3954 sibi
648 3898 864 3952 noverit
912 3895 1148 3966 fatigari,
1194 3911 1260 3950 eo
1323 3896 1495 3964 magis
1529 3904 1707 3964 urget,

86 3995 324 4062 instigat
349 4002 405 4047 et
446 4000 638 4046 onerat
667 3991 889 4061 pietatis
916 3990 1228 4051 immemor,
1270 3989 1710 4043 miscricordiam

85 4085 369 4138 nesciens.
395 4081 507 4137 lloc
531 4083 674 4135 enint
702 4081 979 4152 proprium
1005 4080 1224 4150 propria
1251 4079 1500 4134 voluntas
1525 4079 1708 4136 habet.

85 4184 153 4227 tit
194 4189 302 4243 quo
340 4176 603 4228 obediens
629 4173 973 4227 obedientior
1003 4171 1168 4224 fuerit
1217 4171 1346 4235 sibi,
1383 4186 1447 4225 eo
1476 4171 1711 4240 amplius

82 4281 223 4320 enin
250 4265 645 4319 erudelioribus
670 4263 898 4317 vinculis
924 4263 1270 4316 internectat.
1292 4262 1418 4315 Sola
1444 4261 1708 4332 diligitur,

84 4372 225 4412 cum
275 4357 388 4411 sola
449 4357 610 4428 digna
667 4357 739 4411 sit
791 4357 938 4420 odio,
997 4356 1323 4426 principium
1384 4355 1706 4422 iniquitatis,

86 4448 299 4504 mortis
325 4449 546 4514 inlusio,
582 4448 884 4504 destructio
925 4463 1118 4518 magna
1154 4429 1434 4501 virtxutuin.
1476 4469 1492 4497 ι
1517 4445 1711 4501 Venite

84 4556 253 4609 ergo,
299 4542 390 4611 qui
432 4542 692 4596 laboratis
738 4549 793 4597 et
832 4541 1038 4594 onerati
1070 4540 1226 4607 estis,
1277 4559 1295 4591 ι
1361 4541 1428 4608 ad
1479 4555 1708 4594 onerum

1814 3349 2337 3421 ignominiosissimo
2369 3348 2636 3418 sopplicio
2665 3348 2848 3402 crucis
2879 3348 3250 3418 interrogatus
3287 3363 3426 3404 con-

1813 3436 2051 3496 tumeliis
2098 3441 2306 3510 pariter
2351 3449 2407 3494 et
2442 3448 2742 3503 tormento,
2783 3439 3046 3493 sedebitis
3081 3449 3137 3494 et
3160 3439 3430 3509 vosjndi-

1812 3543 2022 3600 cantes,
2057 3547 2088 3585 a
2119 3531 2318 3602 quibus
2349 3546 2495 3584 nunc
2527 3530 2796 3600 judicium
2833 3529 3046 3599 incipit,
3079 3531 3171 3600 qui
3203 3532 3430 3588 minime

1809 3625 1952 3680 datis
1994 3625 2238 3697 requiem
2271 3625 2426 3678 vobis
2456 3624 2618 3693 ipsis,
2663 3638 2761 3677 cur
2789 3631 2843 3677 et
2893 3623 2983 3676 ille
3017 3639 3124 3677 non
3149 3622 3426 3690 judicare,

1812 3719 1905 3773 sed
1939 3716 2202 3785 judicari,
2234 3731 2334 3770 nec
2381 3715 2683 3770 ministrari
2730 3715 2902 3780 venit,
2944 3715 3038 3770 sed
3071 3716 3432 3772 ministrare?

1815 3808 2034 3880 (ΜιιιιΙι.
2091 3808 2228 3875 xx.)
2263 3807 2377 3862 lllie
2421 3822 2550 3861 vere
2596 3806 2866 3861 sedebnnt
2922 3808 3082 3862 sedes
3127 3807 3179 3860 in
3225 3807 3432 3876 judicio

1815 3899 1988 3971 (Psal.
2021 3899 2191 3970 οχιιι).
2249 3899 2418 3953 Filius
2470 3899 2617 3952 enim
2661 3899 2752 3953 Dei
2809 3898 3065 3953 Salvator
3112 3900 3431 3955 indivisibili

1814 4001 2134 4044 naturarum
2171 3990 2401 4053 unitate,
2435 3991 2736 4043 secundum
2769 3991 2914 4059 quod
2949 3991 3092 4044 Deus
3121 4001 3224 4054 est,
3277 3992 3433 4048 sedet

1813 4079 1924 4153 44
1947 4097 1973 4132 a
2004 4080 2212 4137 dextris
2242 4081 2333 4135 Dei
2368 4078 2546 4151 (Ρεαι.
2569 4081 2709 4150 etx);
2737 4081 3038 4135 secundum
3070 4082 3216 4152 quod
3242 4082 3426 4147 homo,

1815 4175 2027 4227 assistit
2059 4190 2201 4228 nunc
2258 4173 2432 4227 vultui
2470 4174 2562 4228 Dei
2608 4191 2706 4246 pro
2763 4175 2920 4230 nobis
2951 4176 3142 4245 (Hebr.
3186 4180 3298 4248 ix);
3329 4194 3431 4234 nec

1815 4265 1917 4321 erit
1947 4265 1994 4319 ei
2036 4265 2211 4319 sessio
2255 4265 2628 4335 triumphalis,
2681 4266 2855 4320 donec
2888 4266 2957 4320 sit
2991 4267 3132 4321 Deus
3166 4269 3350 4322 omnia
3376 4268 3432 4323 in

1815 4355 2092 4420 onmibus,
2129 4355 2180 4409 id
2211 4366 2316 4419 est,
2351 4370 2554 4425 corpus
2605 4357 2772 4424 capiti
2806 4365 2955 4409 tanta
2988 4373 3123 4428 pace
3159 4357 3428 4430 jungatur

1815 4456 1874 4501 ιιι
1904 4447 2075 4501 simus
2119 4447 2167 4501 ei
2224 4446 2455 4511 similes,
2491 4446 2592 4501 etsi
2653 4463 2759 4502 non
2807 4463 2987 4517 pares.
3044 4450 3236 4503 Adhuc
3277 4451 3426 4505 enim

1817 4550 2047 4611 negatur
2074 4555 2104 4593 a
2138 4537 2362 4605 Juda‘is,
2394 4554 2424 4592 a
2457 4538 2713 4609 gentibus
2735 4542 3129 4606 subsanuatur,
3161 4540 3434 4599 laceratur

87 4610 425 4698 levatorem,
455 4642 511 4688 et
556 4633 603 4687 ei
651 4649 783 4688 voce
812 4642 864 4688 et
898 4647 1063 4703 Opere
1101 4632 1460 4702 respondete:
1516 4650 1534 4682 t
1572 4632 1710 4686 Ecce
1741 4610 1790 4668 Ι)
1819 4610 2222 4697 ειιιίὶιωτειὶςὶε,
2252 4647 2282 4686 a
2315 4631 2468 4688 falsis
2497 4633 2831 4689 Christianis
2865 4637 3108 4705 graviter
3145 4636 3431 4707 impugna-

85 4741 202 4781 nos
251 4725 568 4795 reliquimus
598 4727 801 4788 omnia,
853 4736 910 4781 et
965 4727 1142 4780 secuti
1181 4741 1370 4780 sumus
1394 4734 1445 4779 te
1493 4723 1711 4797 (Metili.

86 4816 215 4884 xl).
259 4833 276 4866 ι
307 4817 561 4881 Attende,
593 4819 717 4887 quia
767 4816 920 4882 olim,
955 4819 1273 4887 priusquam
1307 4817 1546 4872 Verbum
1578 4833 1710 4872 caro

87 4911 284 4976 ﬁeret,
321 4921 374 4967 et
405 4912 680 4968 habitaret
713 4915 765 4967 in
818 4913 973 4969 nobis
1000 4913 1184 4986 (Joan.
1231 4913 1296 4983 ι),
1345 4915 1715 4986 sequebantur

89 5004 298 5060 Patres
347 5006 554 5074 antiqui
617 5008 876 5075 temporis
935 5009 1128 5074 Deum,
1169 5009 1268 5064 soli
1321 5010 1533 5079 spiritui
1598 5011 1716 5066 solo

88 5095 300 5167 spiritu
331 5095 690 5150 adiicerentes.
720 5095 873 5151 Nunc
904 5113 1034 5151 vero
1055 5098 1367 5168 sequendus
1397 5100 1560 5154 etiam
1590 5116 1712 5154 cor-

88 5201 242 5257 pore
289 5192 392 5250 est,
434 5186 569 5239 adeo
623 5194 703 5251 ut,
766 5203 887 5240 cum
929 5189 1171 5257 prmdieti
1233 5189 1425 5244 Patres
1483 5191 1714 5246 terrenis

90 5276 362 5344 lcgantur
415 5277 725 5332 abundasse
764 5279 993 5344 divitiis,
1052 5280 1118 5334 de
1174 5290 1375 5336 cmtero
1426 5283 1530 5337 nisi
1591 5285 1713 5354 quis

92 5365 512 5421 renuntiaverit
536 5367 786 5420 omnibus
813 5382 933 5436 quze
969 5369 1212 5437 possidet
1249 5385 1354 5423 non
1392 5372 1565 5440 possit
1593 5387 1712 5427 esse

91 5457 414 5526 discipulus
451 5456 570 5526 ejus
601 5457 754 5527 (Luc.
811 5461 949 5530 xw),
993 5461 1107 5530 qui,
1163 5477 1288 5516 cum
1335 5459 1490 5517 dives
1544 5473 1710 5530 esset,

91 5561 212 5621 pro
246 5547 402 5602 nobis
435 5547 614 5604 factus
660 5558 741 5604 est
791 5565 997 5622 panper
1043 5551 1128 5623 (II
1161 5551 1284 5606 Cor.
1336 5555 1478 5623 vntl.
1528 5554 1713 5610 Relin-

91 5639 342 5710 quenda:
381 5637 544 5707 igitur
573 5649 699 5693 sunt
726 5641 1122 5709 possessiones,
1165 5655 1217 5696 et
1250 5646 1485 5713 propriie
1522 5645 1712 5698 tolun-

94 5737 277 5794 tates,
329 5729 374 5784 si
420 5729 669 5786 volumus
698 5731 845 5787 illum
885 5735 1036 5802 sequi
1069 5735 1158 5804 qui
1210 5751 1316 5790 non
1375 5736 1568 5790 habuit
1622 5738 1710 5790 ιιέιὶ

90 5833 273 5892 caput
314 5835 475 5876 suum
534 5821 995 5895 reclinaret(an.
1047 5826 1144 5897 ις),
1175 5835 1228 5882 et
1281 5825 1372 5898 qui
1421 5841 1529 5883 non
1568 5829 1712 5883 venit

1817 4736 1936 4793 tur;
1967 4737 2021 4783 et
2051 4737 2105 4782 tu
2152 4743 2276 4783 eum
2323 4740 2485 4800 putas
2532 4730 2774 4785 residere
2801 4732 3068 4798 quietum,
3115 4745 3216 4785 nec
3257 4740 3434 4788 atten-

1816 4827 1946 4880 dere
1975 4827 2336 4896 superborum
2362 4825 2575 4891 oculos,
2605 4825 3023 4896 malignantiutn
3058 4825 3317 4894 impetus,
3351 4841 3438 4880 re-

1814 4917 2174 4989 pugnantium
2188 4917 2529 4974 voluntates?
2560 4918 2667 4973 Sed
2704 4920 2755 4973 in
2784 4917 3203 4988 regeneratiotze
3226 4917 3439 4972 sedebit

1817 5025 1940 5064 cum
1978 5011 2316 5077 sedentibus,
2359 5025 2482 5066 eum
2516 5027 2615 5065 nos
2642 5012 2695 5065 in
2732 5012 3173 5066 sincerissimum
3202 5009 3434 5064 nitorem

1821 5099 1877 5154 in
1925 5110 2156 5170 utraque
2189 5102 2494 5156 substantia
2532 5102 2971 5172 repurgabimur,
3011 5111 3066 5157 et
3113 5101 3251 5171 ipse,
3285 5101 3437 5154 deti-

1822 5193 1924 5246 ctis
1959 5192 2220 5257 inimicis,
2253 5208 2376 5247 cum
2409 5192 2602 5248 amicis
2632 5193 2862 5247 intrabit
2893 5193 2946 5246 in
2966 5191 3218 5263 gloriam.
3251 5193 3436 5262 Auge-

1819 5281 1904 5338 los
1925 5283 2238 5340 hominibus
2263 5286 2475 5341 unitate
2517 5286 2856 5354 sempiterna
2889 5284 3176 5349 couuiens,
3201 5293 3255 5338 et
3281 5285 3435 5338 dam-

1820 5391 1887 5431 na
1913 5377 2088 5431 beatas
2119 5378 2427 5433 resarciens
2459 5378 2719 5433 civitatis.
2753 5375 2868 5432 Hoc
2906 5387 3089 5430 autem
3130 5386 3301 5430 totum
3332 5377 3438 5431 erit

1820 5465 1876 5520 in
1904 5467 2339 5539 regenerationc.
2381 5467 2549 5523 Beata
2595 5468 2696 5524 ista
2745 5468 3114 5539 regeneratio,
3153 5484 3272 5538 qua:
3324 5477 3436 5522 ter-

1824 5573 1940 5612 ram
1971 5574 2126 5614 reum
2142 5561 2255 5613 abit
2285 5569 2340 5615 et
2366 5561 2587 5627 ccelum,
2621 5562 2929 5632 terrigenas
2969 5561 3239 5615 ctelicolis
3269 5561 3437 5615 {indeb

1825 5651 1986 5713 rabit,
2015 5660 2071 5704 et
2098 5664 2374 5721 perpetua:
2398 5653 2552 5724 pacis
2579 5652 2787 5708 fontem
2825 5650 3100 5708 indefessa
3139 5651 3438 5722 proﬂuxio-

1823 5755 1892 5796 ne
1932 5740 2206 5797 refundet.

1897 5830 2205 5890 Notandum
2252 5844 2435 5892 autem
2474 5837 2620 5908 quod
2663 5851 2768 5892 una
2796 5843 2878 5893 cst
2916 5834 3203 5908 generatio
3231 5845 3285 5892 ct
3319 5835 3437 5892 duae
