5232 6482
175 1149 186 1158 -.

141 1239 146 1246 .

135 1253 180 1278 ξ’έσ
229 1259 234 1266 ’

161 1287 170 1304 .’

140 1317 168 1331 ι

130 1339 188 1366 ς·
243 1345 250 1352 ⁶
271 1353 278 1358 -

233 1397 276 1432 ι’

155 1445 158 1454 ι
223 1439 240 1454 ιι.
265 1445 284 1454 -.

215 1459 244 1480 "LI.
271 1455 278 1464 ³

211 1493 228 1516 ἒ
269 1507 276 1518 τ

157 1525 184 1534 ”“
209 1533 214 1536 “
233 1521 238 1526 ’
257 1535 288 1552 ἰε’

130 1572 156 1600 -
197 1559 286 1594 ’.αὴ-ἐ·

153 1597 164 1622 ἓ
189 1619 194 1628 .
233 1601 246 1626 ,³
275 1609 278 1614 ·

138 1628 145 1633 ι
167 1639 184 1648 In
233 1645 256 1660 ‘-

130 1661 150 1683 ’
187 1667 206 1700 ἐν
229 1669 268 1700 Ti.-

126 1692 145 1731 Ξ
191 1701 234 1724 ·’‹
261 1699 276 1712 ·“

138 1736 172 1748 ..
189 1731 212 1740 ¹1
249 1729 268 1740 ’-

130 1755 170 1779 i'
209 1753 234 1780 δ’.
253 1757 284 1776 .r-

227 1781 262 1792 CF

130 1804 160 1827 τ

130 1848 170 1872 ι’
239 1839 258 1854 ﬁ

136 1872 147 1885 Ἢ

1778 389 1879 453 δεῖ

2439 390 2498 443 S.
2524 384 2724 440 ιιετιιι
2771 378 3051 436 ΙῚΑΗΙΑΝΙ
3105 375 3258 432 Ol‘l‘.
3298 372 3477 427 l’AllS
3510 368 3633 423 δεῖ
3675 366 3910 421 τιιιιῑδ
3947 364 4005 417 ιι.
4040 392 4099 403 --
4134 358 4523 415 SERHONES.

1781 512 2221 573 regenerationes.
2254 498 2316 551 Et
2354 498 2405 549 in
2432 494 2779 564 generatione
2825 489 3061 557 quidem,
3092 499 3252 551 quam
3277 498 3341 535 ει
3374 490 3416 541 Α
3452 484 3758 545 ίίεηκδηιιιιη
3780 484 4056 573 ..ξιοί-ηιξίιι
4086 472 4255 533 ("ML
4288 474 4410 537 ‘3").
4460 470 4714 573 (Ιυαξξιιιι
4756 468 5035 573 dii-Tulli!

1784 594 1958 646 radice
1990 590 2168 642 vitiata
2200 587 2591 643 contrahimus,
2620 597 2818 651 corpus
2849 576 3201 635 mortalitate,
3226 574 3339 625 ani-

1782 699 1865 736 ma
1900 690 2071 734 autem
2095 679 2374 746 iniquitate
2402 675 2655 743 repletur.
2688 671 2744 725 ln
2777 667 3185 738 regeneratione
3214 678 3344 715 vero

1780 771 2132 841 baptismatis,
2159 769 2245 821 tibi
2288 780 2386 819 nos
2408 772 2624 832 oportet
2652 761 2797 815 nasci
2822 763 2997 813 denuo
3027 754 3207 825 (Joan.
3240 756 3342 815 ιιι),

1779 866 1968 915 animae
2016 860 2229 926 quidem
2290 866 2550 923 purgatur
2602 853 2879 921 iniquitas,
2943 847 3034 899 r-(‘ti
3100 846 3346 911 corporis

1780 950 2079 1005 mortalitas
2126 963 2229 1002 non
2278 945 2535 1000 aufertur.
2590 940 2897 996 Necessaria
2946 945 3027 991 est
3073 951 3202 1004 ergo
3244 934 3345 986 alia

1782 1040 2132 1109 regeneratio,
2188 1040 2302 1092 sive
2338 1035 2661 1091 resurrectio
2740 1031 2792 1085 in
2848 1046 2951 1098 qua
3008 1029 3349 1096 reperientur

1779 1131 1940 1183 etiam
1972 1143 2199 1196 corpora
2231 1127 2561 1196 conligurata
2601 1122 2810 1191 corpori
2842 1121 3105 1173 claritatis
3145 1120 3346 1172 Christi

1780 1218 1946 1288 (Phil.
1980 1222 2086 1287 ιιι),
2112 1219 2155 1271 si
2200 1228 2375 1271 tamen
2420 1214 2581 1269 corda
2616 1214 2766 1280 prius
2818 1211 3017 1264 fuerint
3057 1209 3347 1263 reformata

1780 1311 1848 1363 ad
1916 1308 2376 1363 mansuetudinem
2420 1314 2477 1358 et
2530 1302 2888 1356 humilitatem
2957 1302 3135 1354 cordis
3184 1299 3350 1367 ipsius

1778 1400 1999 1455 Christi.
2030 1399 2178 1453 Unde
2197 1406 2247 1452 et
2278 1398 2490 1459 beatus,
2518 1396 2609 1464 qui
2654 1392 2813 1446 habet
2841 1401 3047 1460 partem
3074 1390 3127 1442 iu
3162 1404 3348 1442 resur-

1778 1491 2016 1543 rectione
2048 1489 2226 1557 prima
2267 1487 2450 1555 (Apoc.
2498 1484 2611 1552 se),
2652 1498 2751 1552 pro
2782 1496 2845 1535 eo
2886 1480 3071 1548 utique
3096 1478 3348 1546 quoniam

1776 1577 1988 1631 futurus
2033 1587 2110 1631 est
2134 1576 2415 1645 particeps
2446 1582 2497 1627 et
2538 1573 2803 1625 secundae.
2831 1570 2885 1623 In
2908 1570 3009 1622 hac
3042 1582 3173 1637 ergo
3202 1580 3355 1636 rege-

1774 1668 2052 1723 neratione
2080 1681 2201 1720 cum
2234 1664 2442 1717 sederit
2484 1662 2622 1715 filius
2648 1661 2896 1722 hominis,
2924 1668 3032 1712 etc.

1842 1754 1959 1809 Hoc
1988 1764 2073 1809 est
2096 1754 2237 1824 quod
2275 1752 2380 1805 alio
2409 1752 2460 1804 ie
2492 1751 2608 1805 loco
2636 1748 2912 1818 Scriptura
2938 1747 3186 1815 loquens,
3215 1764 3235 1795 ι
3256 1759 3351 1813 pro

3446 580 3625 618 moras
3675 562 4088 630 pusillanimitas
4118 568 4301 611 nostra
4355 572 4463 611 non
4493 556 4766 619 sustinet;
4808 558 5037 629 ideoque

3448 654 3779 721 benignitate
3834 668 3927 704 sua
3962 651 4084 704 huic
4113 664 4328 719 quoque
4353 648 4535 701 obviat
4586 647 4931 717 cogitationi,
4981 661 5033 704 et

3447 748 3679 797 occurrit
3712 746 3875 795 etiam
3908 756 3973 793 cx
4020 740 4119 794 hac
4168 752 4351 808 parte,
4405 738 4634 792 dicens:
4677 757 4695 789 ι
4734 738 4801 791 ει
4832 744 5035 803 omnis,

3446 838 3535 905 qni
3591 835 3871 902 reliquerit
3923 836 4164 895 domum,
4205 842 4297 885 aut
4332 842 4563 901 patrem,
4620 842 4718 885 aut
4775 842 5033 893 matrem,

3451 938 3538 981 aut
3568 927 3813 987 frattem,
3844 934 3933 977 aut
3962 939 4202 983 uxorem.
4261 932 4350 975 aut
4380 938 4564 991 agros,
4615 932 4705 976 aut
4740 922 5033 993 ﬂlzosp-ro-

3452 1029 3568 1088 pter
3620 1031 3815 1069 nomen
3858 1030 4059 1075 meum,
4115 1014 4424 1082 centuplum
4456 1013 4723 1080 accipiet,
4780 1023 4835 1066 et
4866 1013 5036 1067 vita.

3449 1120 3706 1161 u’tcrnam
3738 1107 4027 1176 possidebit
4056 1104 4269 1171 (lem.
4304 1108 4438 1169 six).
4478 1122 4496 1155 ι
4528 1124 4546 1155 ι
4576 1102 4933 1159 Obstructuut
4956 1116 5041 1159 est

3452 1212 3597 1256 certe
3629 1215 3691 1255 os
3735 1198 4069 1267 loquentium
4107 1198 4287 1266 iniqua
4327 1194 4501 1265 (Paul.
4552 1202 4685 1265 uti)
4757 1216 4775 1248 ι
4808 1195 5040 1267 Jamque

3452 1290 3851 1345 confundantur
3917 1302 4111 1342 omnes
4173 1288 4355 1355 iniqua
4415 1298 4636 1357 agentes
4700 1303 5042 1359 supervacue

3453 1380 3621 1449 (l’ul.
3688 1382 3857 1449 utr).
3922 1378 4193 1433 Habemus
4246 1378 4391 1431 enim
4436 1376 4855 1447 promissionem
4920 1379 5043 1434 vita

3455 1472 3635 1537 hujus,
3678 1487 3797 1540 qua:
3836 1486 3979 1525 nunc
4008 1479 4110 1532 est.
4140 1468 4345 1538 pariter
4372 1478 4427 1523 et
4471 1466 4663 1521 futurae
4690 1467 4741 1537 (Ι
4772 1466 4913 1522 τι..
4942 1476 5042 1537 iv),

3450 1562 3903 1630 manifestumque
3934 1572 4015 1615 est
4059 1560 4341 1629 przesentis
4367 1560 4626 1628 temporis
4654 1573 4774 1613 use
4798 1562 5043 1627 centuin

3454 1656 3863 1723 pioinissionem
3895 1670 3957 1706 es
4008 1668 4074 1707 eo
4103 1652 4356 1706 nimirum
4398 1651 4540 1720 quod
4585 1651 4832 1721 sequitur
4863 1668 4880 1704 :
4927 1671 4947 1699 ι
4982 1648 5049 1703 Et

3456 1748 3617 1796 vitam
3646 1755 3907 1797 arternam
3942 1741 4259 1811 wssidebit.
4294 1759 4314 1792 ι
4354 1738 4458 1794 Sed
4505 1756 4572 1793 ne
4602 1740 4727 1809 quis
4754 1739 5047 1793 obstinatis

1775 1846 2111 1909 confusione,
2161 1843 2355 1912 inquit,
2388 1841 2581 1912 duplici
2604 1850 2659 1895 et
2682 1841 2875 1893 rubore
2902 1838 3199 1890 laudabunt
3228 1852 3351 1905 par-
3386 1844 3428 1904 Β
3457 1832 3827 1885 dissimulandi
3883 1829 4032 1884 locus
4066 1838 4363 1891 remaneat,
4413 1828 4553 1883 vado
4582 1830 4647 1882 ad
4682 1827 5044 1898 Evangelium

1772 1949 1882 1991 tem
1919 1953 2071 1989 suam
2103 1935 2247 2005 (Isa.
2284 1936 2427 2001 ut).
2464 1953 2483 1986 ι
2535 1932 2648 1986 Duo
2675 1931 2815 1985 enim
2866 1929 3026 1981 habet
3068 1938 3352 1996 paupertas

1775 2025 2113 2094 sequentium
2147 2026 2450 2087 Dominum,
2489 2020 2832 2076 afﬂictionem
2860 2020 3104 2072 videlicet
3151 2027 3205 2070 et
3234 2019 3349 2068 vili-

1776 2123 1961 2167 tatem.
1988 2111 2139 2166 Unde
2165 2111 2431 2180 Propheta
2458 2129 2472 2163 ;
2523 2128 2543 2160 ι
2574 2111 2727 2172 Vide,
2760 2108 2955 2176 inquit,
2998 2107 3351 2160 humilitatem

1777 2216 1951 2257 meam
2000 2212 2057 2256 et
2102 2202 2338 2254 laborem
2388 2215 2565 2254 meum
2597 2197 2770 2268 (Ptol.
2803 2198 2972 2262 ειη).
3006 2215 3024 2247 ι
3063 2194 3351 2263 PrOpterea

1778 2295 1941 2363 igitur
1979 2296 2032 2349 in
2083 2304 2227 2349 terra
2272 2310 2365 2348 sua
2402 2294 2633 2363 duplicia
2673 2292 3022 2361 possidebunt
3051 2288 3185 2357 (Ite.
3220 2290 3348 2357 ιιι),

1778 2396 1836 2440 ιιι
1874 2402 1971 2455 pro
2008 2386 2211 2439 vilitate
2238 2385 2305 2439 sit
2352 2385 2527 2439 honor
2570 2382 2873 2451 iudiciaria
2902 2382 3207 2453 potestatis,
3256 2395 3354 2448 pre

1774 2474 2059 2529 afﬂictione
2091 2475 2426 2540 refrigerium
2459 2474 2836 2544 placidissima!
2863 2472 3139 2526 sessionis.
3171 2470 3356 2535 Quan-

1774 2566 1842 2621 do
1868 2566 2031 2635 igitur
2071 2565 2377 2621 sedebimus
2410 2580 2527 2629 nos,
2559 2580 2789 2633 quorum
2834 2580 2921 2618 mo
2942 2565 2991 2614 lo
3017 2576 3112 2615 nec
3136 2576 3352 2628 corpus,

1776 2671 1876 2711 nec
1924 2657 2100 2710 anima
2160 2656 2332 2720 sedet,
2394 2656 2448 2708 in
2494 2654 2687 2724 quibus
2738 2658 2980 2708 seJatum
3025 2651 3179 2713 nihil,
3222 2650 3354 2703 nihil

1774 2748 2036 2815 quietum,
2070 2745 2201 2800 nihil
2249 2747 2299 2799 in
2331 2746 2518 2800 eodem
2563 2755 2707 2799 statu
2750 2743 3078 2813 permanet?
3130 2742 3356 2806 Quando

1773 2835 2128 2891 liberabimur
2154 2836 2228 2888 ab
2258 2835 2624 2903 inquietudine
2654 2834 2964 2888 mobilitatis
3000 2834 3196 2900 hujus?
3227 2831 3356 2886 Cor-

1773 2940 1873 2996 pus
1924 2925 2067 2978 enim
2114 2934 2355 2977 nostrum
2398 2925 2589 2978 sedere
2661 2940 2765 2976 non
2821 2923 3169 2990 permittitur,
3234 2936 3354 2973 cum

1773 3014 1902 3067 illud
1936 3013 2191 3083 impediat
2235 3023 2289 3066 et
2326 3012 2610 3082 praesentis
2639 3024 2829 3065 sensus
2872 3010 3073 3063 doloris
3099 3021 3151 3061 et
3179 3008 3353 3061 futura

1773 3104 1966 3158 mortis
2005 3104 2271 3166 anxietas,
2320 3103 2575 3172 quoniam
2624 3102 2874 3170 passibile
2907 3110 2990 3155 est
3025 3110 3077 3153 et
3108 3100 3352 3153 mortale.

3458 1927 3751 1977 secundum
3790 1922 4058 1981 Iarcntn.
4104 1921 4193 1975 ubi
4223 1929 4408 1989 aperte
4439 1918 4749 1975 declaratur
4781 1922 5049 1990 temporis

3459 2014 3620 2081 hujus
3675 2029 3794 2065 esse
3848 2012 4087 2082 centupli
4122 2012 4556 2081 promissionem.
4608 2012 4696 2065 Ait
4756 2011 4906 2064 enim
4943 2012 5049 2065 Dr

3458 2104 3676 2156 minus:
3712 2119 3731 2152 ι
3766 2100 3932 2154 Nemo
3959 2112 4059 2164 est,
4095 2102 4187 2170 qui
4233 2099 4510 2170 reliquerit
4537 2111 4770 2171 patrem,
4802 2112 4899 2154 aut
4931 2116 5051 2154 ma-

3456 2200 3617 2253 trem,
3646 2200 3742 2243 ant
3782 2190 3949 2252 filios,
3991 2198 4085 2243 aut
4121 2202 4279 2259 agros
4323 2199 4544 2259 propter
4594 2204 4679 2243 me
4721 2199 4778 2243 et
4821 2202 5051 2260 propter

3458 2282 3828 2351 Evangelium,
3858 2281 3950 2350 qui
3987 2296 4090 2333 non
4117 2280 4348 2350 accipiat
4368 2280 4575 2333 centies
4605 2290 4813 2333 tantum
4846 2296 4863 2343 ;
4902 2293 5051 2334 nunc

3460 2372 3510 2425 in
3544 2372 3646 2425 hoc
3685 2382 3922 2440 tempore
3950 2371 4137 2424 domos
4158 2411 4173 2433 ,
4198 2380 4254 2425 et
4285 2370 4502 2431 fra'res,
4544 2390 4565 2422 a
4596 2380 4700 2425 etc.
4732 2370 4931 2437 (lere.
4968 2374 5045 2429 si.

3460 2464 3543 2523 ει.
3610 2474 3666 2513 ιιι
3698 2466 3866 2529 magis
3906 2462 4205 2523 miremini,
4261 2475 4361 2515 nec
4411 2462 4827 2529 prornissionem
4880 2461 5049 2523 hac.

3460 2554 3581 2605 licet
3613 2554 3769 2619 hujus
3802 2558 3870 2604 stt
3924 2552 4197 2620 temporis,
4255 2552 4495 2605 exhiberi
4538 2552 4605 2605 de
4658 2554 5050 2620 temporalibus

3458 2646 3756 2701 :rstimotis,
3792 2644 4029 2694 additum
4060 2652 4143 2696 est
4170 2660 4184 2695 :
4230 2659 4351 2697 cum
4380 2645 4869 2713 persecutiouibus.
4905 2646 5051 2712 Quid

3459 2742 3599 2790 enim
3633 2740 3682 2789 in
3714 2738 4088 2805 persecutione
4120 2738 4277 2805 positi
4330 2746 4556 2791 terreri:
4581 2738 4897 2791 substituit
4922 2753 5051 2791 san-

3460 2830 3529 2879 cti
3586 2836 3855 2895 martyres
3907 2836 4255 2894 acceperunt.
4308 2828 4523 2896 quando
4577 2834 4630 2880 et
4662 2828 4775 2896 ipsa
4830 2844 5051 2897 quoque

3462 2928 3601 2969 terra
3643 2917 3919 2968 beatorum
3953 2932 4243 2983 corporum
4292 2916 4416 2971 data
4448 2928 4534 2971 est
4564 2919 4616 2971 in
4646 2934 4841 2972 manus
4876 2920 5051 2972 bimi-i-

3461 3022 3586 3055 tiIittt
3646 3006 3974 3071 impiorum?
4025 3004 4176 3070 Quod
4227 3020 4357 3074 ergo
4403 3006 4537 3059 dicit
4588 3008 4799 3060 centies
4835 3018 5049 3060 tantum

3460 3096 3666 3155 domus,
3704 3107 3792 3147 aut
3828 3096 4042 3153 fratres.
4080 3108 4213 3157 etc.,
4246 3096 4466 3149 minime
4494 3099 4791 3150 secundum
4822 3114 5051 3151 carnem

1772 3192 1878 3247 Sed
1903 3200 1955 3244 et
1978 3192 2199 3261 spiritus
2227 3192 2335 3260 ipse
2363 3191 2562 3244 nullam
2588 3191 2749 3244 habet
2786 3190 3027 3257 requiem
3059 3192 3127 3243 ob
3166 3204 3354 3257 etspe—
3382 3181 3428 3241 C
3464 3185 3681 3251 intelligi
3714 3199 3893 3252 posse,
3931 3184 4011 3237 vel
4066 3199 4131 3237 ex
4165 3200 4231 3239 eo
4262 3186 4609 3239 manifestum
4633 3196 4718 3240 est
4746 3189 4895 3257 quod
4924 3204 5053 3242 crn-

1773 3280 2061 3335 ctationem
2085 3280 2195 3348 spei
2223 3288 2276 3332 et
2308 3280 2517 3333 timoris
2553 3278 2990 3332 sollicitudinem.
3033 3280 3145 3331 t-Lrit
3177 3290 3355 3331 anteiit

1774 3386 1896 3425 cum
1928 3370 2103 3422 anima
2140 3369 2446 3437 requiescet
2476 3369 2529 3421 in
2577 3383 2670 3437 spe
2714 3368 3061 3437 singulariter
3092 3372 3356 3421 constitu~

1775 3469 1829 3512 ta
1883 3458 2054 3527 (Paul.
2110 3458 2219 3523 Iv);
2264 3458 2431 3511 libera
2471 3457 2689 3527 quidem
2748 3472 2777 3509 a
2834 3457 3221 3517 sollicitudine,
3265 3457 3358 3510 sed

1776 3563 1882 3602 non
1920 3549 1987 3601 ab
2024 3548 2445 3616 exspectatione.
2478 3547 2598 3601 Fiet
2626 3556 2806 3601 autem
2839 3547 2940 3601 hoc
2980 3558 3104 3615 post
3133 3557 3359 3600 mortem

1776 3639 1981 3701 carn‘s,
2013 3638 2104 3691 sed
2131 3645 2258 3690 ante
2302 3637 2442 3690 diem
2467 3635 2677 3703 iudicii.
2704 3636 2764 3690 lu
2795 3636 2883 3690 die
2907 3648 3085 3690 autem
3117 3636 3204 3688 illa
3234 3652 3359 3691 cum

1780 3726 1979 3779 sederit
2019 3726 2159 3779 ﬁlius
2205 3726 2457 3789 hominis,
2513 3725 2763 3795 perfecto“
2805 3735 2860 3779 et
2890 3740 2955 3779 ea
3007 3726 3153 3779 omni
3205 3738 3359 3793 parte

1779 3814 2109 3877 sedebimus,
2138 3817 2261 3884 quia
2278 3830 2374 3871 nec
2399 3830 2595 3884 corpus
2618 3816 2820 3897 doloris
2843 3830 3001 3869 sensu
3031 3818 3356 3880 turbabitur,

3462 3285 3570 3326 Illlll
3610 3287 3810 3327 matres
3843 3278 4039 3342 accipit
4082 3291 4263 3330 nemo.
4312 3276 4433 3330 Jaru
4471 3292 4618 3339 vero.
4672 3279 4717 3333 si
4768 3294 4869 3347 pro
4901 3296 5051 3333 como

3461 3366 3826 3417 municatione
3885 3368 4284 3433 possessionum
4314 3376 4369 3420 et
4399 3367 4702 3422 aeitnorum
4732 3369 5049 3437 alfatiooe,

3460 3470 3576 3520 qua:
3610 3466 3745 3507 inter
3774 3456 3974 3508 electos
4013 3468 4117 3520 est,
4166 3458 4578 3525 promissionem
4607 3462 4747 3514 hanc
4798 3464 5055 3517 volumus

3463 3544 3783 3609 inteillgere,
3818 3546 4087 3611 aliquibus
4126 3547 4365 3612 quidem,
4398 3549 4491 3602 sed
4532 3565 4638 3601 non
4670 3552 4929 3604 omnibus
4960 3568 5053 3620 po-

3463 3636 3589 3685 terit
3631 3636 3941 3688 convenire.
3982 3635 4275 3689 Nonnullus
4302 3639 4444 3691 enim
4480 3650 4793 3695 sanctorum
4830 3654 5053 3697 terrena

3462 3728 3561 3779 hac
3588 3735 3640 3779 et
3670 3727 3903 3780 humana
3941 3728 4315 3782 consolatione
4372 3732 4620 3785 novimus
4670 3736 4936 3788 caruisse.
4994 3736 5055 3789 lu

3459 3816 3622 3869 mrde
3652 3832 3783 3886 ergo
3808 3826 3861 3869 et
3920 3820 3970 3870 in
4021 3818 4239 3873 homine
4270 3820 4512 3873 interiori
4543 3824 4857 3891 centuplum
4910 3828 5055 3880 istud

1781 3919 1883 3960 nec
1950 3904 2263 3957 anxiabitur
2302 3904 2497 3958 titntwe
2542 3906 2758 3967 mortis,
2816 3904 3261 3974 impassibilitatis
3309 3916 3365 3960 et
3463 3922 3675 3974 qumras
3702 3923 3924 3961 necesse
3948 3918 4051 3969 est,
4088 3920 4146 3962 ut
4173 3910 4373 3965 habeas
4402 3928 4544 3967 nunc
4564 3916 4780 3983 quidem
4812 3915 5055 3971 fructum

1783 3995 2209 4051 immortalitatis
2260 3995 2462 4066 duplici
2514 3995 2650 4050 stola
2683 3996 3045 4066 gloriﬁcamus
3102 3996 3365 4065 liberique
3466 3998 3682 4050 tuumin
3709 3997 4213 4063 sanctiﬁcationem,
4233 4000 4391 4057 linem
4414 4018 4542 4058 vero
4570 4004 4735 4057 vitam
4762 4016 5057 4061 sternam.

1779 4086 2005 4150 erimus,
2054 4087 2196 4155 quod
2250 4084 2319 4139 ad
2357 4086 2591 4140 animam
2637 4086 2895 4155 pertinet,
2950 4086 3018 4139 ab
3076 4096 3359 4156 esspecta-
3536 4086 3635 4151 Qui
3665 4102 3797 4153 ergo
3830 4088 4067 4141 nondum
4099 4090 4406 4159 centuplum
4432 4104 4775 4163 acceperunt,
4806 4110 5059 4151 scruten-

1784 4176 1931 4229 tione
1954 4184 2010 4229 et
2035 4175 2400 4231 sollicitudine
2422 4175 2847 4240 universa,nibil
2870 4176 3049 4230 minus
3080 4176 3361 4243 habentes,
3466 4185 3552 4228 tur
3578 4178 3743 4230 corda
3775 4194 3867 4229 sua
3887 4217 3901 4239 ,
3960 4188 4015 4232 et
4047 4180 4296 4235 universa
4332 4196 4585 4238 manuum
4614 4200 4836 4239 suarum
4876 4192 5057 4243 studia

1784 4266 1921 4320 'nnil
1952 4266 2204 4335 deinceps
2256 4264 2483 4333 periculi
2511 4274 2836 4328 metuentes,
2868 4265 2921 4318 in
2970 4266 3362 4333 perfectissima
3466 4266 3749 4334 diligenter
3774 4271 4109 4331 evaminent,
4168 4286 4268 4324 nec
4319 4272 4541 4327 dubium
4591 4276 4721 4345 quin
4770 4278 5059 4332 inveniant

1784 4356 2076 4411 securitate
2101 4364 2155 4409 et
2182 4354 2528 4409 securissima
2577 4353 2927 4424 perfectione.
2961 4373 2977 4403 ι
3012 4353 3313 4419 Sedebitis,
3342 4375 3360 4407 ι
3470 4358 3720 4423 angulum
3761 4368 3816 4409 et
3866 4359 4257 4423 diversorium,
4290 4364 4433 4431 quod
4470 4362 4717 4419 Salvator
4744 4383 4851 4421 non
4884 4372 5057 4425 novit.

1782 4444 1895 4519 ω
1925 4447 1999 4499 ait
2020 4445 2299 4507 Dominus,
2330 4445 2407 4498 ait
2436 4441 2668 4498 Veritas.
2694 4442 2967 4498 Solemnis
2995 4444 3183 4506 sessio.
3214 4454 3365 4515 grata
3472 4446 3577 4498 Sed
3610 4449 3791 4514 vulpes
3846 4447 4028 4501 fovi-as
4086 4451 4305 4513 habent,
4357 4464 4412 4507 et
4468 4455 4712 4511 volucres
4740 4462 4865 4512 ccli
4903 4464 5062 4515 nidos

1787 4534 1962 4604 quies,
1994 4533 2148 4603 plena
2184 4531 2523 4587 sullicientia.
2557 4552 2575 4583 ι
2600 4530 2719 4586 Filii
2752 4532 3054 4595 hominum,
3088 4548 3368 4604 usquequo
3397 4520 3444 4573 ἶ)
3472 4534 3620 4599 (an.
3657 4542 3753 4601 ιι).
3790 4536 3953 4605 λιαρὴ.
3981 4548 4162 4593 autem
4199 4542 4494 4609 perfectius
4519 4546 4825 4616 relinquant
4848 4556 5059 4613 omnia,

1791 4627 1935 4697 gravi
1966 4626 2149 4688 corde,
2205 4624 2419 4691 utquid
2466 4624 2688 4695 diligitis
2714 4624 3007 4677 vanitatem
3038 4632 3091 4678 et
3130 4626 3371 4693 qumritis
3473 4646 3575 4681 non
3605 4642 3849 4698 qnazraut
3878 4649 3996 4702 qua:
4037 4650 4130 4687 sua
4165 4646 4311 4697 sunt,
4343 4639 4478 4692 nihil
4510 4640 4612 4693 sibi
4648 4642 4951 4703 retineant,
4984 4648 5061 4699 ni-

1792 4713 2168 4769 mendacium?
2199 4733 2217 4763 ι
2250 4710 2424 4782 (Paul.
2456 4714 2552 4781 tv.)
2591 4712 2833 4766 Gloriam
2860 4712 3025 4775 enim,
3054 4729 3174 4783 qua:
3204 4716 3267 4767 ab
3296 4716 3371 4768 ιιι·
3473 4720 3541 4771 hil
3586 4722 3721 4773 aliis.
3761 4721 3895 4773 Sunt
3955 4726 4103 4776 enim
4131 4725 4373 4795 plerique
4426 4732 4540 4798 qui,
4599 4730 4725 4784 licet
4774 4738 5061 4801 propriam

1795 4804 1963 4858 vicem
2006 4814 2107 4868 est,
2165 4804 2428 4871 quaeritis,
2482 4819 2674 4858 vanam
2706 4805 2893 4873 utique
2922 4812 2976 4858 et
3030 4806 3365 4871 mendacem,
3470 4814 3847 4867 exultationem
3878 4815 4309 4885 voluptatemque
4329 4820 4460 4873 satis
4486 4822 4809 4890 despiciant,
4838 4831 5065 4898 propin-

1792 4893 2045 4981 quoniam
2078 4894 2196 4946 vani
2222 4894 2312 4947 lilii
2341 4893 2641 4956 hominum,
2670 4895 2954 4949 mendaces
2975 4895 3069 4949 lilii
3093 4896 3366 4951 hominum
3470 4904 3591 4970 quis
3624 4914 3799 4957 tamen
3835 4903 3945 4975 ω
3980 4908 4093 4959 suis
4122 4910 4516 4975 quodammodo
4544 4916 4663 4965 retu
4683 4924 4779 4967 ent
4804 4893 4961 4981 quod
4984 4922 5063 4974 de

1796 4980 1969 5054 (Psal.
1998 4984 2131 5054 ut),
2187 4993 2241 5037 et
2288 4984 2550 5052 gloriam,
2608 4999 2727 5053 qua:
2757 5002 2785 5036 a
2819 4985 2931 5040 solo
2961 4988 3067 5040 Deo
3105 4998 3206 5051 est,
3269 5007 3372 5043 non
3478 4994 3707 5049 buerant
3763 4998 4065 5065 reliquisse.
4119 5000 4409 5069 incongrua
4450 4980 4911 5061 sollicitudinem
4940 5014 5065 5065 reii-

1798 5076 1981 5137 vultis,
2010 5076 2232 5145 gloriam
2265 5076 2382 5131 sine
2414 5077 2576 5132 dubio
2608 5085 2913 5131 manentem
2941 5090 2995 5131 et
3033 5095 3235 5132 veram.
3280 5082 3375 5135 Mi-
3478 5086 3619 5151 gioni
3674 5088 3946 5139 contraria
3982 5103 4081 5155 pro
4135 5091 4213 5142 eis
4259 5092 4441 5161 utique
4471 5094 4801 5150 laborantes.
4861 5102 5065 5167 Quanti

1801 5165 1907 5218 seri
1931 5174 1984 5218 et
2006 5165 2362 5259 miserabiles,
2412 5166 2501 5233 qui
2531 5180 2629 5235 pro
2654 5166 2803 5220 brevi
2848 5166 3116 5235 voluptate
3169 5179 3375 5224 torreri-
3475 5176 3618 5227 enim
3650 5180 4056 5237 monachorum.
4095 5180 4219 5232 dum
4252 5183 4565 5249 parentibus
4608 5188 4722 5239 suis
4750 5165 5067 5259 μιηίλωω

1806 5266 1912 5351 lem
1940 5258 2159 5351 perditis
2195 5258 2506 5351 voluptatis,
2560 5268 2612 5312 et
2644 5259 2883 5313 divinam
2910 5262 3061 5316 vobis
3088 5263 3375 5316 interrum-
3474 5267 3779 5328 cOnsulunt,
3816 5282 3939 5321 suas
3959 5272 4165 5323 animas
4185 5272 4563 5338 perdiderunt?
4588 5274 4730 5345 Ergo
4754 5258 4933 5351 relinq
4962 5296 5067 5337 .aet

1802 5346 1931 5416 pilis
1962 5348 2409 5413 misericordiam,
2441 5361 2499 5403 ut
2551 5366 2821 5419 nunquam
2852 5355 3119 5408 satiemini
3151 5356 3219 5410 ab
3245 5356 3373 5411 ube-
3475 5356 3677 5417 omnia.
3706 5358 3874 5408 solum
3905 5370 4198 5427 sequantur
4222 5362 4517 5423 Christum.
4568 5364 4665 5417 soli
4706 5346 4933 5425 Christo
4960 5375 5065 5442 pla-

1804 5437 2366 5533 ribtts‘consoiutionis
2394 5438 2510 5507 ejus
2541 5438 2715 5507 (Psal.
2740 5442 2922 5509 xxxv).
3480 5461 3600 5499 cere
3631 5454 3979 5511 contendant,
4012 5462 4065 5504 et
4092 5453 4428 5522 beneplacito
4460 5456 4757 5513 voluntatis
4792 5462 4913 5531 ejus
4946 5437 5055 5533 per.

1877 5527 1982 5579 Sed
2015 5542 2081 5580 ne
2111 5544 2316 5625 magna:
2344 5531 2720 5598 promissionis
2766 5531 3101 5587 dulcedinem
3129 5534 3375 5606 longanio
3480 5539 3623 5605 vigili
3669 5542 3980 5594 adita-ream
4029 5544 4409 5607 sollicitudine,
4448 5548 4591 5602 haud
4651 5527 4885 5606 dubium
4938 5527 5063 5625 quia

1799 5620 1911 5673 mis
1935 5624 2264 5691 exspectatio
2294 5634 2699 5693 contorqueret,
2727 5628 2923 5681 mentis
2951 5639 3143 5683 nostra
3174 5631 3377 5685 mobili-
3480 5635 3829 5700 esperiaatur
3884 5635 4024 5689 illico
4076 5639 4217 5704 quod
4284 5638 4743 5710 relinquentibus‘,
4774 5620 4975 5703 omnia
5018 5662 5067 5703 et

1807 5716 1973 5766 tatem
2003 5727 2252 5770 sermone
2284 5724 2545 5787 temperat
2596 5716 2842 5774 dulciori.
2891 5716 3048 5775 Novit
3095 5722 3236 5776 enim
3264 5723 3377 5793 ipse
3482 5726 3832 5792 sequentibus
3877 5740 3935 5781 se
3992 5724 4200 5782 Veritas
4256 5728 4544 5799 pollicetur
4584 5748 4599 5787 :
4658 5754 4675 5786 ι
4720 5735 5059 5809 αι’σρὶηιι,
