5232 6528
167 427 265 484 i553

1671 413 1913 468 SEliMU
1957 411 2022 464 Χ.

3379 423 3484 477 εει

167 539 352 609 lnquit,
384 537 615 608 accipiet
644 547 700 593 et
723 540 891 593 vitam
917 515 1180 592 aeternam
1209 533 1510 606 possidebit
1541 529 1839 604 (διακυμρΑ
1871 544 1968 597 per
1995 527 2248 584 universa
2277 526 2396 597 ejus
2431 529 2643 584 viscera
2675 531 2935 588 vitiorum
2967 535 3213 589 omnium
3244 551 3309 592 ac
3338 555 3485 594 mor-

166 630 292 699 ιιι).
327 650 344 682 ι
378 629 508 683 Illud
535 630 680 682 enim
714 629 766 682 in
814 629 900 682 via
933 629 1200 698 accipitur
1229 628 1296 683 ad
1332 626 1628 691 solatium;
1679 624 1767 680 illa

165 739 288 781 vero
313 727 379 781 ad
406 712 802 780 beatitudinem
834 726 888 779 in
917 725 1094 792 patria
1116 723 1490 795 possidebitur
1532 722 1584 776 in
1609 729 1766 774 mter-

165 832 306 870 nmn.
355 816 462 872 Sed
504 818 634 886 quid
682 824 769 872 est
807 816 1124 887 centupium
1159 815 1335 877 istud,
1382 813 1486 868 nisi
1519 811 1770 868 consola-

167 908 353 972 tiones,
397 906 852 977 visitationesque
893 915 950 962 et
973 906 1229 977 primitiae
1269 905 1520 976 spiritus,
1561 905 1653 974 qui
1682 918 1770 958 su-

164 1012 256 1063 per
298 997 402 1051 mel
456 997 632 1053 dulcis
666 1007 782 1062 est,
832 998 940 1052 nisi
992 997 1365 1052 testimonium
1417 993 1770 1061 conscientia:

160 1100 377 1155 nasute,
418 1091 520 1146 nisi
573 1091 716 1156 laeta,
763 1101 816 1144 et
837 1090 1238 1161 jncundissima
1262 1090 1538 1158 justorum
1569 1101 1768 1156 exspe-

159 1183 344 1248 ctatio,
395 1183 500 1238 nisi
557 1184 818 1239 memoria
855 1182 1203 1238 abundantia:
1241 1181 1530 1237 suavitatis
1560 1179 1676 1243 Dei,
1712 1187 1768 1234 et

163 1289 349 1344 magna
387 1289 516 1330 vere
545 1274 834 1330 multitudo
859 1274 1163 1329 dulcedinis
1187 1274 1328 1344 ejus,
1359 1288 1522 1344 quam
1551 1287 1649 1329 nec
1667 1287 1767 1326 ex-

158 1367 345 1437 pertis,
380 1382 608 1424 necesse
634 1368 963 1433 estdicere,
1013 1381 1114 1422 nec
1143 1367 1440 1438 inerpertis
1485 1365 1768 1438 {inexper-

163 1455 267 1531 tus]
300 1457 406 1514 illis
440 1459 622 1514 verbis
675 1458 989 1528 exprimere
1034 1457 1328 1527 quisquam
1381 1455 1612 1526 potest?
1645 1454 1763 1509 Non

160 1557 333 1620 pater,
363 1564 468 1605 non
503 1558 701 1616 mater,
732 1563 841 1605 non
871 1548 1087 1614 domus,
1122 1563 1229 1603 non
1256 1563 1410 1619 ager,
1448 1562 1556 1602 non
1585 1545 1763 1609 cibus,

162 1650 252 1695 aut
273 1641 460 1707 vestis,
491 1656 597 1696 non
628 1641 866 1711 denique
898 1648 1176 1695 terrenum
1212 1639 1454 1710 aliquid,
1512 1648 1604 1692 aut
1636 1654 1766 1693 cor-

157 1730 360 1800 porale,
399 1731 506 1786 sed
535 1730 696 1802 plane
723 1730 812 1786 his
859 1730 1119 1786 omnibus
1151 1729 1552 1798 delectabilius,
1599 1746 1767 1801 super

159 1822 274 1878 haec
302 1824 484 1878 omnia
515 1823 727 1880 dulcius
753 1833 918 1894 atque
937 1823 1237 1894 jucundius
1259 1832 1364 1879 est.

1874 623 1996 678 talis
2023 623 2392 693 corruptionis
2424 637 2632 678 venena
2665 621 2901 679 dill'udit.
2941 624 3146 681 Coittra
3182 628 3285 685 hoc
3320 629 3504 700 igitur

1871 712 2073 770 lethalc
2105 713 2256 770 virus
2282 713 2585 768 antidotum
2611 713 2976 770 aChristiano
2996 718 3197 786 populo
3221 721 3488 785 sumitur,

1871 820 1968 875 per
1995 807 2136 876 quod
2163 805 2465 876 spiritualis
2489 807 2662 860 morbi
2693 806 3008 877 pestilentia
3035 809 3333 867 salubriter
3354 829 3485 868 evo-

1874 907 2076 953 matur.
2115 896 2288 966 Hujus
2328 897 2454 952 novi
2501 900 2836 954 sacramenti
2871 901 3079 956 virtute
3133 901 3488 969 fermentum,

1871 986 2000 1042 iilud
2057 986 2250 1060 [illico]
2295 989 2677 1044 condemnata:
2712 1001 3001 1048 vetustatis
3042 994 3390 1064 expcllimus,
3425 1009 3490 1052 ut

1869 1079 1936 1132 de
1965 1080 2231 1135 servitute
2261 1081 2329 1134 ad
2355 1079 2667 1136 libertatem
2698 1083 2923 1151 spiritus
2954 1093 3010 1138 et
3050 1085 3118 1140 ad
3153 1102 3296 1142 nova
3328 1103 3487 1160 rege-

1870 1171 2176 1226 nerationis
2207 1186 2400 1241 azyma
2427 1179 2795 1228 transeamus.

1942 1259 2118 1317 llodie
2173 1277 2393 1317 sacrum
2450 1263 2691 1317 chrisma
2745 1264 3055 1332 conﬁcitur,
3119 1283 3217 1337 per
3255 1272 3400 1340 quod
3433 1273 3490 1326 in

1869 1349 2030 1406 nobis
2055 1353 2299 1406 omnium
2331 1353 2642 1408 cmlestinm
2686 1355 3083 1412 charismatum
3116 1363 3492 1418 sanetili-atio

1865 1439 2229 1496 confirmatur
2283 1443 2669 1515 [designatur].
2723 1444 2837 1501 Hoc
2882 1447 3135 1504 videlicet
3191 1451 3321 1507 illud
3361 1467 3490 1508 esse

1866 1543 2280 1589 sacrosanctum
2310 1536 2551 1590 chrisma
2584 1541 2954 1609 cognoscitur,
2987 1545 3132 1612 quod
3181 1561 3286 1600 non
3327 1561 3419 1602 mo
3443 1549 3494 1601 to

1867 1629 2218 1693 sacerdotes,
2270 1643 2426 1701 reges
2454 1641 2623 1701 atque
2655 1615 2952 1702 prophetas
3011 1639 3168 1690 unxit
3216 1639 3268 1693 in
3306 1638 3493 1696 Veteri

1868 1719 2246 1784 Testamento,
2275 1722 2373 1777 sed
2405 1723 2569 1778 etiam
2600 1735 2823 1781 sanctos
2865 1729 3162 1796 apostolos,
3219 1743 3493 1803 martyres

1865 1822 1924 1869 et
1975 1814 2319 1870 conl'essores
2374 1817 2743 1873 sanctillcavit
2797 1819 2848 1874 in
2897 1817 3068 1876 Novo.
3125 1823 3295 1878 Hodie
3333 1825 3491 1897 [hoc]

225 1912 323 1968 Cui
371 1929 501 1971 vero
539 1914 620 1969 sic
640 1914 956 1984 specialiter
977 1922 1126 1969 totus
1155 1913 1484 1984 evangelicae
1507 1913 1762 1970 lectionis
1796 1897 1837 1955 Β
1864 1907 2031 1962 t‘liam
2081 1922 2182 1962 nos
2212 1907 2291 1963 ole

1425 1913 1762 1970 εωιεαίοηίε
1796 1897 2031 1962 Betiam
2081 1922 2182 1962 nos
2212 1907 2336 1963 oleo
2393 1909 2593 1964 divina:
2645 1910 2873 1966 virtutis
2931 1911 3273 1983 inungimnr,
3333 1927 3392 1970 ut
3432 1918 3491 1972 in

159 2016 416 2060 exeursus
451 2006 724 2074 assignari
772 2014 976 2077 potest,
1037 2006 1498 2076 quemadmodum
1531 2006 1674 2076 patri
1707 2015 1763 2060 ct

155 2095 413 2168 magistro
462 2106 652 2152 nostro
702 2097 865 2153 beato
916 2098 1258 2153 Benedicto?
1314 2096 1414 2154 Hic
1461 2114 1491 2152 a
1527 2099 1762 2169 pueritia

159 2186 416 2242 mundum
449 2202 573 2242 cum
605 2186 739 2244 ﬂore
767 2188 1010 2258 reliquit,
1042 2199 1098 2244 et
1133 2199 1445 2246 currentem
1483 2190 1762 2246 Christum

149 2291 317 2333 cursu
347 2278 692 2349 rapidissimo
720 2289 941 2335 secutus
967 2290 1089 2345 est,
1140 2295 1242 2336 nec
1292 2281 1537 2347 destitit,
1590 2282 1766 2337 donec

152 2380 608 2440 consequeretur.
642 2371 778 2439 Quis
807 2373 951 2427 inter
972 2371 1284 2440 judicantes
1307 2373 1597 2429 sublimius
1617 2372 1766 2442 judio

153 2459 344 2514 cabit?
381 2459 515 2528 Quis
557 2461 632 2516 ita
683 2462 1008 2532 centuplum
1059 2463 1114 2517 in
1165 2463 1268 2518 hac
1311 2464 1420 2519 vita
1472 2465 1764 2536 percepit?

153 2537 286 2618 Quis
305 2543 475 2605 vitam
504 2561 764 2606 aeternam
793 2553 1086 2623 gloriosius
1119 2553 1465 2624 possidebit?
1493 2554 1627 2624 Ejus
1662 2557 1765 2626 igi-

149 2649 246 2696 tur
274 2641 667 2697 intercessione
693 2657 807 2698 suae
841 2645 1033 2714 gratiae
1074 2643 1382 2716 largitatem
1414 2645 1482 2700 ad
1519 2659 1764 2715 prasen-

153 2718 376 2795 tis_vita3
404 2733 836 2788 consolationem
867 2742 924 2789 et
949 2719 1173 2790 arterna:
1210 2736 1634 2806 possessionem,
1667 2752 1764 2793 no-

150 2821 237 2876 bis
272 2823 661 2878 administrare
706 2824 984 2896 dignetur,
1020 2825 1113 2894 qui
1134 2825 1310 2890 venit,
1357 2835 1416 2881 ut
1459 2827 1632 2882 vitam
1661 2829 1761 2883 ha-

151 2912 414 2982 beamus,
479 2924 536 2970 et
581 2924 642 2970 ut
687 2914 1056 2973 abundantius
1110 2918 1412 2976 habeamus
1448 2919 1633 2990 (Joan.
1680 2921 1762 2991 χ),

141 3003 308 3060 Jesus
340 3004 592 3062 Christus
635 3007 898 3064 Dominus
923 3017 1149 3075 noster,
1203 3009 1298 3082 qui
1321 3019 1411 3067 est
1435 3010 1764 3068 benedictus

153 3099 209 3150 in
243 3098 464 3154 saecula.
495 3100 690 3155 Amen.

781 3193 1019 3251 SERMO
1057 3195 1125 3251 Χ.

511 3302 563 3341 IN
594 3301 756 3343 castra
787 3303 996 3343 DOIINI.
1029 3295 1184 3361 (xxrv
1211 3291 1408 3362 ιιΑιιτ.)

224 3371 418 3440 ﬂodie,
475 3375 674 3432 fratres
709 3377 1044 3448 charissimi,
1094 3380 1224 3436 dum
1261 3396 1434 3438 cmna:
1463 3381 1764 3439 Dominicte

161 3461 414 3523 tolemnia
469 3468 834 3537 celebramus,
864 3458 1101 3543 plurima
1151 3475 1417 3531 virtutum
1451 3477 1762 3534 caelestium

151 3565 496 3612 sacramenta
529 3559 844 3616 recolimus.
895 3561 1070 3619 Hodie
1094 3578 1331 3634 namque
1356 3563 1614 3622 Salvator
1664 3583 1762 3623 no-

145 3656 282 3712 ster,
323 3648 418 3718 qui
450 3659 614 3719 caput
661 3661 748 3706 est
788 3653 1134 3724 angelorum,
1171 3655 1300 3710 dum
1329 3656 1446 3711 suis
1474 3656 1762 3729 discipulis

147 3737 378 3809 vestigia
406 3740 580 3805 tersit,
607 3757 750 3798 verae
774 3745 929 3800 nobis
953 3745 1280 3802 humilitatis
1301 3748 1615 3820 exemplum
1647 3767 1761 3805 nia—

147 3825 348 3883 nil'este
372 3832 674 3900 proposuit,
719 3843 778 3889 ut
803 3837 947 3904 quod
980 3837 1247 3906 impendit
1271 3839 1538 3896 Dominus
1575 3840 1758 3898 fatuu-

141 3916 238 3981 lis,
273 3921 418 3974 servi
463 3936 572 3976 non
626 3924 992 3996 dedignentur
1032 3927 1295 3984 exhibere
1345 3933 1650 4001 conservis,
1704 3945 1761 3988 ct

141 4007 326 4080 pulvis
374 4027 483 4068 non
537 4005 770 4085 deneget
809 4019 1048 4089 pulveri,
1105 4021 1250 4090 quod
1295 4023 1401 4078 sibi
1455 4041 1758 4099 congruere

134 4109 315 4156 tanta
347 4101 523 4158 visum
559 4113 646 4161 est
694 4107 988 4178 majestati.
1048 4109 1151 4166 Ubi
1197 4127 1324 4168 cum
1376 4112 1573 4172 Petrus
1597 4116 1758 4174 obse-

128 4189 335 4257 quium
384 4194 665 4266 suscipere
694 4199 893 4254 summi
921 4197 1110 4275 [tanti]
1154 4201 1512 4276 Praeceptoris
1540 4209 1754 4265 abnue-

132 4289 254 4345 ret,
282 4289 340 4337 et
385 4282 475 4337 ille
500 4285 679 4341 minas
710 4290 1064 4359 repulsionis,
1111 4294 1216 4349 nisi
1246 4310 1306 4351 se
1331 4295 1501 4354 lavari
1521 4302 1756 4370 permit-

137 4379 308 4436 teret,
357 4373 654 4432 intentaret
691 4381 1046 4438 tremefactus
1097 4385 1316 4442 tandem
1350 4399 1410 4444 et
1452 4390 1757 4449 insistentis

130 4463 378 4534 imperio
413 4469 663 4538 protinus
711 4475 1069 4544 acquiescens
1109 4480 1224 4535 ait:
1283 4501 1303 4534 ε
1337 4482 1590 4551 Domine,
1640 4499 1751 4543 non

127 4562 357 4612 tantum
393 4559 556 4629 pedes
607 4577 782 4630 meos,
837 4568 931 4622 sed
960 4578 1016 4624 ct
1045 4585 1240 4628 manus
1267 4583 1322 4628 et
1347 4584 1513 4647 caput
1559 4576 1744 4649 (lacn.

132 4649 286 4721 xm).
325 4667 346 4703 ι
401 4652 460 4707 In
507 4655 708 4723 quibus
764 4659 951 4729 utique
993 4663 1172 4720 verbis
1217 4668 1410 4723 beatus
1455 4669 1748 4740 Apostolus

128 4755 306 4810 opera
355 4753 562 4809 nostra,
624 4747 785 4802 simul
840 4760 893 4805 et
929 4754 1310 4824 cogitationes,
1361 4767 1484 4814 uta
1516 4760 1747 4819 Domino

125 4832 502 4924 puriﬂcentur
541 4846 706 4907 atque
760 4844 1129 4910 mundentur,
1189 4849 1439 4922 indigere
1466 4853 1744 4924 ‘signavit.

125 4922 424 4992 Siquidem
455 4928 708 4985 manibus
744 4944 1036 5003 operatur,
1072 4915 1435 5008 cogitationes
1464 4915 1646 4998 autvem
1677 4958 1746 5000 ex

122 5026 344 5079 urente,
375 5034 496 5087 qua:
518 5025 684 5090 caput
706 5032 792 5078 est
841 5023 1124 5084 interioris
1153 5032 1415 5100 hominis,
1451 5034 1741 5104 proferun-

120 5113 237 5160 tur.
287 5105 403 5179 47
432 5107 571 5165 Vera
626 5126 757 5182 ergo
809 5130 873 5170 ac
916 5118 1164 5189 perlecta
1208 5124 1463 5195 purgatio
1488 5135 1575 5182 est
1618 5142 1742 5183 cum

121 5197 286 5254 Deus
312 5203 661 5273 omnipotens
687 5222 796 5263 non
829 5210 1007 5267 solum
1054 5229 1220 5284 opera
1247 5227 1433 5273 nostra
1463 5221 1663 5278 munda
1690 5231 1746 5278 et

116 5287 486 5347 immaculata
521 5298 784 5365 custodit,
809 5303 905 5356 sed
934 5303 1102 5361 etiam
1151 5322 1352 5377 pravas
1379 5312 1745 5384 cogitationes

118 5393 155 5432 a
185 5383 455 5476 cordibus
477 5389 687 5446 nostris
709 5395 886 5448 sancti
912 5394 1152 5466 Spiritus
1182 5401 1455 5460 inlusione
1484 5407 1714 5476 repellit.

204 5472 384 5530 Hodie
432 5476 688 5535 Salvator
729 5487 931 5542 terreni
977 5491 1138 5558 panis
1160 5508 1227 5548 ac
1256 5495 1364 5550 vini
1407 5472 1645 5568 speciem
1685 5498 1739 5555 in

115 5565 214 5618 sui
287 5569 532 5637 corporis
594 5581 651 5626 et
711 5580 993 5648 sanguinis
1041 5598 1383 5643 sacramenta
1438 5565 1740 5657 convertit,

114 5657 362 5728 suisque
414 5662 694 5733 discipulis
746 5668 931 5726 vitalis
981 5673 1255 5733 alimoniae
1285 5679 1547 5748 pabulum
1580 5683 1742 5738 mini-

112 5749 354 5806 stravit.
387 5749 556 5808 Cibus
579 5756 726 5811 enim
767 5759 856 5816 ille
887 5763 1102 5832 vetitus,
1141 5784 1306 5839 quem
1340 5773 1558 5841 primus
1579 5775 1744 5832 homo

113 5843 538 5900 Intumescente
585 5851 839 5916 superbia
888 5864 944 5909 et
975 5858 1103 5932 gnta
1142 5862 1427 5929 pruriente
1477 5867 1740 5936 percepit,

466 5946 712 6006 Parnm
750 5948 943 6011 CXLI
963 5963 1022 6010 ι.

1776 4629 1828 4690 D

1866 1997 2167 2065 spiritualis
2196 1999 2466 2068 palzcslra:
2495 2003 2797 2057 certamine
2851 2001 3214 2059 eoiluctantes
3254 2006 3320 2060 de
3347 2007 3484 2063 sub-

1866 2087 2009 2143 actis
2034 2097 2199 2159 atque
2234 2089 2508 2144 convictis
2533 2091 2784 2146 hostibus
2808 2091 3233 2163 triumphemus.
3269 2095 3344 2151 De
3373 2113 3486 2167 quo

1868 2182 2126 2237 nimirum
2155 2183 2280 2238 oleo
2310 2183 2580 2254 propheta
2605 2184 2781 2239 dicit:
2819 2203 2838 2236 t
2868 2185 3284 2254 Computrcscet
3299 2188 3492 2262 jugunt

1863 2291 1898 2328 a
1931 2274 2073 2331 facio
2113 2276 2216 2331 olei
2246 2275 2406 2348 (lani.
2445 2278 2522 2345 χ).
2554 2295 2573 2327 ι
2633 2275 2768 2332 Nam
2796 2317 2812 2342 ,
2861 2294 2984 2332 cum
3014 2295 3117 2350 per
3165 2282 3268 2336 hoc
3319 2282 3492 2337 divini

1867 2369 2186 2424 chrismatis
2237 2379 2652 2426 sacramentum
2715 2369 2988 2426 libertatis
3049 2374 3208 2429 nobis
3263 2375 3492 2445 spiritus

1870 2459 2135 2524 redditur,
2189 2459 2472 2514 servitutis
2503 2459 2744 2529 antiqua:
2788 2457 2982 2532 jugum
3030 2461 3084 2515 in
3139 2465 3489 2533 putredinem

1869 2562 2091 2604 necesse
2148 2557 2233 2604 est
2264 2549 2568 2618 redigatur.
2628 2549 2747 2605 lloc
2798 2552 3126 2621 mysterium
3165 2555 3488 2610 chrismatis

1868 2640 2134 2710 prOpheta
2178 2641 2347 2695 David
2401 2640 2777 2695 indubitanter
2822 2642 3069 2712 agnovit,
3121 2658 3247 2698 cum
3303 2646 3495 2706 vultus

1867 2740 2056 2786 nostro
2087 2732 2138 2785 in
2170 2731 2291 2786 oleo
2310 2732 2708 2787 exhilarandos
2724 2746 2845 2786 esse
2869 2735 3113 2788 cantavit
3134 2733 3311 2805 (Psat.
3341 2737 3462 2804 cm]

1866 2820 2160 2876 Enimvero
2196 2837 2320 2876 cum
2352 2822 2541 2877 mundi
2579 2822 2814 2880 crimina
2851 2823 3061 2880 diluvio
3091 2828 3368 2895 quondam
3397 2846 3462 2885 ex

1865 2912 2151 2982 piarentur
2173 2911 2346 2968 effuso
2370 2911 2526 2984 (Gen.
2560 2914 2656 2984 vn)
2685 2931 2700 2979 ;
2741 2914 2913 2970 futuri
2951 2920 3198 2975 muneris
3225 2922 3488 2982 columba.

1866 3003 2277 3059 similitudinem
2297 3006 2560 3074 praetulit,
2591 3020 2717 3061 cum
2732 3007 2898 3063 oliva:
2923 3023 3076 3065 ramo
3102 3025 3292 3081 pacem
3324 3015 3491 3070 terris

1862 3095 2136 3150 redditam
2187 3097 2480 3151 nuntiavit.
2535 3098 2627 3152 Ait
2672 3099 2819 3153 enim
2853 3098 3181 3171 Scriptura:
3221 3121 3240 3154 ‹
3271 3103 3484 3176 Exspe-

1865 3188 2028 3243 ctatis
2081 3196 2265 3244 autem
2299 3189 2442 3243 ultra
2491 3199 2699 3260 septem
2751 3190 2945 3248 diebus
2981 3192 3123 3254 aliis,
3161 3209 3378 3251 rursum
3407 3198 3495 3254 di-

1792 3267 1841 3330 C
1873 3278 2020 3334 misit
2055 3277 2170 3334 Noe
2189 3279 2502 3336 columbam
2550 3296 2619 3336 ex
2646 3297 2798 3338 arca.
2841 3283 2914 3337 At
2943 3283 3031 3337 illa
3071 3286 3218 3340 venit
3254 3287 3321 3342 ad
3357 3301 3493 3347 em.

1861 3372 1933 3427 ad
1964 3371 2273 3443 vesperam,
2311 3382 2541 3444 portans
2569 3389 2782 3429 ramum
2814 3374 2974 3429 olivae
3005 3376 3312 3434 virentibus
3339 3377 3484 3436 foliis

1868 3463 1920 3518 in
1948 3479 2045 3520 ore
2074 3479 2174 3520 suo
2206 3463 2361 3537 (Cen.
2397 3465 2540 3531 vni).
2582 3485 2601 3518 ι
2648 3465 2704 3521 In
2736 3467 3034 3523 emissione
3069 3483 3133 3525 ac
3171 3474 3487 3529 reversione

1865 3555 2134 3612 columbae
2162 3559 2512 3628 septenarius
2541 3574 2806 3614 numerus
2833 3561 3080 3632 ponitur,
3111 3563 3239 3632 quia
3267 3579 3483 3636 septem

1855 3665 1985 3706 esse
2009 3651 2200 3720 procul
2249 3649 2416 3706 dubio
2464 3654 2641 3707 sancti
2676 3649 2918 3722 Spiritus
2951 3654 3092 3708 dona
3147 3668 3479 3715 noscuntur.

1865 3743 2187 3814 Vespertina
2227 3757 2366 3798 vero
2390 3743 2524 3799 hora
2555 3746 2624 3799 ad
2653 3758 2839 3799 arcam
2865 3744 3118 3799 columba
3161 3749 3482 3805 revertitur.

1861 3833 1991 3903 quia
2017 3831 2259 3904 Spiritus
2285 3841 2530 3897 sanctus,
2563 3834 2657 3905 qui
2685 3834 2739 3890 in
2777 3835 2965 3890 mundi
3013 3836 3292 3908 principio
3339 3839 3482 3898 fere-

1857 3925 2024 3982 batur
2051 3941 2217 3998 super
2242 3940 2416 3996 aquas
2430 3923 2584 3996 (Gen.
2612 3925 2676 3997 I).
2693 3923 2808 3995 jam
2831 3937 3255 3998 vesperascente
3280 3932 3484 3988 saecuio

1862 4025 2110 4074 sanctam
2135 4017 2374 4088 replevit
2403 4015 2734 4073 Ecclesiam.

1933 4109 2016 4162 Ad
2063 4107 2169 4163 hoc
2213 4107 2380 4162 etiam
2431 4106 2606 4162 divini
2654 4106 2973 4164 chrismatis
3019 4109 3256 4180 pertinet
3295 4128 3485 4171 saera-

1863 4207 2131 4262 mentum.
2183 4198 2330 4269 quod
2366 4199 2720 4269 omnipotens
2756 4198 2902 4256 Deus
2937 4200 3105 4274 Moysi
3138 4200 3347 4260 famulo
3375 4221 3479 4262 suo

1863 4289 2182 4346 mandatum
2211 4290 2384 4356 dedit,
2415 4295 2674 4347 utAaron
2697 4290 2927 4347 fratrem
2962 4309 3121 4350 suum
3157 4311 3300 4368 aqua
3329 4301 3482 4371 prius

1858 4383 2133 4450 ablueret,
2189 4383 2392 4439 deinde
2443 4399 2544 4455 per
2600 4382 2933 4442 inlusionem
2996 4385 3160 4455 hujus
3215 4394 3483 4462 unguenti

1859 4473 2219 4530 constitueret
2261 4474 2606 4531 sacerdotem
2635 4492 2654 4528 ε
2690 4492 2710 4526 t
2749 4473 2959 4537 Aaron.
2991 4477 3186 4548 inquit,
3241 4489 3297 4536 et
3336 4481 3482 4539 ﬁlios

1860 4567 1979 4638 ejus
2007 4581 2179 4637 unges
2231 4565 2712 4636 sanetilicabisque
2740 4581 2863 4634 eos,
2915 4581 2974 4623 ut
3002 4570 3317 4628 sacerdotio
3353 4572 3479 4631 fun-

1853 4671 2055 4733 gantur
2086 4661 2240 4716 mihi.
2266 4659 2422 4716 Filiis
2443 4675 2662 4732 quoque
2703 4661 2868 4717 Israel
2904 4663 3056 4719 dices
3097 4679 3111 4721 :
3154 4664 3268 4723 Hoc
3292 4667 3474 4724 oleum

1855 4754 2129 4811 unctionis
2155 4763 2406 4810 sanctum
2438 4753 2547 4808 erit
2579 4754 2716 4810 mihi
2750 4754 2805 4808 in
2836 4757 3220 4826 generationes
3260 4769 3478 4816 vestras

1854 4845 2056 4918 (Exod.
2091 4845 2248 4915 xxx).
2288 4865 2308 4896 ι
2355 4843 2529 4900 Porro
2577 4854 2790 4912 autem,
2831 4847 2976 4903 sicut
3015 4847 3131 4918 jam
3164 4851 3352 4909 abluto
3380 4871 3480 4925 per

1854 4936 2119 4992 diluvium
2148 4937 2372 5004 mundo,
2398 4951 2521 4992 cum
2554 4936 2713 4992 olivae
2742 4953 2898 4994 ramo
2921 4940 2989 4994 ad
3015 4955 3200 4996 arcam
3226 4943 3479 5002 columba

1857 5029 2183 5091 revertitur,
2218 5027 2300 5084 sic
2326 5028 2495 5083 etiam
2543 5028 2727 5083 Aaron
2759 5045 2900 5101 aqua
2933 5031 3088 5102 prius
3123 5034 3345 5092 ablutus
3374 5049 3481 5100 est.

1853 5121 2051 5177 deinde
2080 5120 2379 5177 chrismate
2407 5129 2731 5191 perunctus,
2763 5131 2820 5175 ut
2851 5122 2918 5176 ad
2945 5124 3316 5181 sacerdotium
3347 5144 3475 5196 pto-

1856 5221 2188 5268 moveretur.
2238 5210 2332 5267 Sic
2361 5211 2529 5267 etiam
2553 5228 2699 5269 nunc
2739 5213 2975 5284 quilibet
2999 5215 3067 5270 ad
3102 5222 3477 5288 regeneratfoo

1856 5305 1942 5360 nis
1968 5304 2200 5376 gratiam
2254 5303 2483 5360 veniens
2513 5304 2667 5375 prius
2720 5306 2864 5360 sacri
2915 5306 3268 5377 baptismatis
3317 5312 3482 5367 undis

1805 5396 1807 5398 ’
1854 5397 2219 5466 immergitur,
2270 5405 2330 5449 ut
2378 5397 2726 5466 postmodum
2775 5397 2944 5452 divini
2997 5399 3314 5457 chrismatis
3366 5403 3479 5476 48

1855 5489 2118 5559 mysterio
2159 5488 2537 5559 eonsignetur.
2596 5488 2733 5546 Illud
2773 5501 3038 5561 prmterea
3079 5492 3297 5560 oleum,
3332 5496 3478 5563 quod

1849 5589 1906 5632 et
1929 5577 2344 5634 tabernaculum
2370 5577 2593 5634 foederis
2616 5589 2671 5634 et
2700 5595 2898 5636 cuncta
2925 5581 3044 5651 ejus
3065 5584 3315 5638 utensilia
3343 5600 3478 5638 ron-

1851 5673 2124 5735 secravit,
2182 5671 2286 5727 hoc
2315 5670 2486 5726 divini
2517 5672 2839 5728 chrismatis
2893 5686 3301 5730 sacramentum
3350 5692 3477 5746 pcr-

1853 5769 2039 5838 spicue
2070 5766 2342 5837 figuravit.
2383 5765 2475 5821 Ait
2501 5773 2648 5821 enim
2677 5765 2946 5830 Dominus
2979 5767 3148 5843 Moysi
3178 5787 3191 5823 :
3228 5787 3246 5820 ι
3289 5768 3479 5828 Tollea

1848 5861 2033 5925 oleum
2063 5860 2130 5915 de
2151 5858 2372 5914 olivetis
2419 5873 2674 5914 mensura
2707 5861 2826 5923 bin.
2880 5859 3164 5930 faciesque
3195 5861 3476 5924 unctionis

2835 5958 2901 6020 l8
