5232 6538
116 465 214 522 55⁸1

1574 441 1812 504 SERMO
1857 440 1943 499 Si.
3339 431 3444 490 858

116 593 267 634 amor
288 571 871 634 terrenassubstantlaz,
886 567 971 626 vel
996 566 1268 643 illecebrzn
1293 558 1532 619 carnalis
1552 573 1709 615 aver-
1735 559 1790 618 Δ
1816 555 1935 610 Ιεπὶἰ
1985 550 2079 626 ῘῙον
2105 551 2412 627 Stellarum]
2455 553 2628 623 Ῐιέιὶθδι
2672 549 2844 605 εο¹θ¹¹¹
2894 549 3108 643 ι-οίνφτγ
3160 546 3350 643 ¹¹¹ξ¹³ξτ⁵
3381 558 3441 602 ⁸⁸

118 679 211 725 tat.
237 668 547 740 Dirigamus
575 665 721 727 fidei,
752 679 817 720 ac
839 653 1144 718 devotionis
1177 667 1380 714 nostra;
1406 655 1598 712 oculos
1621 669 1719 726 per

116 771 343 818 stratam
387 759 520 825 jam.
573 756 839 826 nobisque
884 754 1218 825 propositam
1247 752 1390 804 viam
1418 749 1622 814 crucis,
1660 757 1723 804 ut

114 868 213 923 per
260 865 381 904 eam
436 847 718 902 inoll'ensis
772 847 1050 917 gressibus
1100 844 1433 905 incedentes,
1480 841 1544 896 ad
1596 855 1721 896 eum

115 955 426 997 mercamur
475 937 584 1008 50
627 937 914 1009 attingere,
945 937 1038 1005 qui
1086 945 1278 989 auctor
1301 944 1354 989 et
1391 943 1723 1003 provocator

114 1043 200 1090 cst
242 1032 305 1086 ad
337 1030 561 1101 gloriam
592 1029 1032 1083 resurrectionis.
1066 1025 1170 1092 Qui
1223 1040 1346 1078 eum
1400 1025 1514 1089 Deo
1557 1021 1723 1079 Patre

115 1135 172 1182 et
194 1124 400 1192 Spiritu
425 1131 616 1177 sancto
632 1121 763 1175 vivit
783 1128 833 1175 et
857 1119 1119 1190 regnatin
1144 1116 1344 1172 saecula
1370 1115 1719 1171 saeculorum.

115 1219 311 1274 Amen.

686 1305 718 1339 “
765 1301 1001 1358 SERMO
1052 1300 1140 1356 X1.

187 1416 256 1458 ιιι
301 1412 737 1458 ΔΝΧῸΝΤΙΔἨΟΝΕ
779 1410 1113 1452 ιιι-ελτιςςιιιε
1158 1407 1397 1450 νιιιοιιιιε
1436 1403 1646 1446 ΙΙΔΒΙΕ.

717 1474 849 1539 (xxv
908 1473 1104 1534 utar.)

187 1584 495 1644 Exsultatc,
526 1583 748 1642 fratres.
778 1582 830 1636 in
856 1581 1113 1643 Domino,
1139 1580 1265 1650 quia
1292 1577 1359 1633 de
1383 1577 1601 1631 domina
1628 1575 1722 1631 illa

115 1688 298 1732 sermo
319 1675 584 1738 succedit,
614 1689 734 1744 qua:
776 1673 1107 1742 singularem
1141 1672 1192 1724 in
1228 1669 1486 1726 cordibus
1517 1669 1723 1723 nostris

113 1768 220 1823 sibi
265 1768 500 1821 vindicat
541 1765 927 1834 principatum.
955 1762 1080 1818 llaec
1111 1776 1216 1823 est,
1247 1763 1314 1816 ad
1341 1760 1498 1829 cujus
1523 1775 1722 1816 nomen

115 1870 316 1926 Corpus
342 1855 624 1912 humiliter
650 1855 944 1916 inclinatis,
997 1853 1152 1922 cujus
1200 1851 1353 1906 horis
1407 1861 1722 1904 reverenter

1826 649 2030 711 stellas,
2083 655 2140 704 et
2194 646 2363 702 multa
2421 645 2525 702 sibi
2593 645 2840 699 detracta
2905 641 3132 696 luminis
3184 639 3440 696 claritate

1823 741 2145 804 multantttr,
2172 749 2317 796 terra
2345 737 2715 800 maledicitur,
2734 733 3439 792 condemnaturhominutn

1823 832 2123 897 successio,
2177 851 2196 883 ι
2245 838 2302 884 et
2331 829 2512 885 omnis
2564 836 2843 892 creatura,
2885 827 3040 896 juxta
3090 823 3447 896 Apostolum.

1825 927 2168 998 ingemiscit;
2223 936 2280 982 et
2331 925 2566 996 parturit
2619 923 2800 994 (Rom.
2856 921 2966 993 ιιι).
3006 943 3025 975 ι
3078 922 3247 977 Tacet
3296 922 3444 976 Deut

1823 1020 2190 1088 omnipotens,
2215 1026 2272 1072 ct
2292 1016 2554 1072 ordinans
2604 1015 2725 1085 ejus
2750 1013 2853 1084 51
2884 1012 3280 1082 omnipatentia
3309 1021 3432 1066 tan-

1824 1115 1936 1160 tam
1983 1106 2294 1160 dissimulat
2323 1106 2726 1161 confusionem.
2757 1103 3005 1158 Tandem
3053 1105 3300 1158 n‘ascitur
3329 1101 3445 1158 Ma-

1824 1198 1930 1260 ria,
1977 1206 2034 1250 et
2084 1196 2153 1251 ad
2214 1197 2430 1251 nnbilcs
2464 1212 2640 1249 annos
2669 1196 2960 1263 egrediens
3002 1195 3238 1263 speciem
3267 1194 3447 1249 induit

1824 1291 2152 1363 speciosam,
2184 1304 2306 1358 quae
2331 1290 2509 1359 ipsum
2547 1287 2756 1341 alliciat
2804 1288 3000 1350 Deum,
3054 1296 3110 1340 ct
3139 1285 3445 1340 divinitatis

1824 1383 2014 1439 oculos
2045 1381 2098 1434 in
2126 1396 2188 1435 se
2214 1386 2525 1434 convertat.
2560 1376 2692 1432 Vide
2721 1377 2852 1446 quid
2887 1376 3012 1430 inde
3045 1377 3192 1431 dicat
3222 1376 3310 1430 illo
3337 1391 3446 1432 non

1825 1476 2087 1530 minimus
2128 1473 2448 1544 explorator
2486 1478 2828 1527 secretorum
2865 1467 2956 1523 Dei
2990 1487 3003 1523 :
3045 1487 3064 1518 ι
3098 1468 3262 1531 Audi,
3306 1469 3444 1533 filia.

1824 1574 1882 1621 et
1910 1565 2053 1625 vide,
2086 1573 2142 1619 et
2169 1562 2370 1617 inclina
2405 1576 2596 1615 aurem
2624 1569 2794 1621 tuam,
2829 1568 2884 1614 et
2909 1558 3236 1614 obliviscere
3267 1574 3443 1629 popu-

1825 1655 1940 1710 lum
1988 1664 2161 1717 tuum,
2191 1662 2248 1708 et
2292 1653 2516 1707 domum
2563 1650 2739 1721 patris
2772 1650 2874 1705 tui.
2905 1649 2971 1703 Et
3004 1650 3316 1719 concupivit
3346 1664 3444 1705 rex

1827 1747 2081 1802 decorem
2140 1755 2314 1809 tuum,
2373 1743 2632 1814 quoniam
2687 1743 2803 1813 ipse
2856 1750 2941 1797 est
2998 1741 3265 1797 Dominus
3303 1741 3446 1798 Deus

1827 1847 1954 1894 tuus
1983 1835 2156 1908 (Ριαι.
2204 1837 2376 1906 xuv).
2418 1855 2436 1888 ι
2473 1835 2763 1891 Germinat
2795 1833 2966 1906 igitur
2991 1833 3145 1905 virga
3177 1832 3333 1890 Iesse
3375 1833 3447 1891 de

119 1925 406 2011 assistitis,
439 1949 593 2016 cujus
620 1947 941 2001 memoriam
965 1944 1165 2011 jngiter
1189 1944 1565 2013 frequentatis.
1601 1940 1727 1996 Ilico
1762 1930 1803 1988 Β
1831 1938 2079 1985 ιοτιιιοεει
2108 1943 2185 1982 τὲι(

1381 1944 1565 1997 nmis,
1601 1940 1727 1996 ιιαεε
1762 1930 1803 1988 ιι
1831 1938 2079 1985 tortuosa
2108 1927 2292 1982 radice
2314 1928 2534 1997 generis
2565 1925 2885 1988 bumani,et
2907 1926 2973 1979 de
2993 1926 3445 1996 patriarcharum

111 2048 222 2100 est,
254 2052 372 2106 qua:
397 2037 592 2091 vestris
616 2035 901 2090 affectibus
932 2035 1178 2088 suaviter
1211 2033 1558 2098 indulccscit,
1590 2033 1722 2102 quia

114 2142 317 2198 magna
374 2127 667 2181 multitudo
720 2127 1026 2181 dulcedinis
1079 2127 1218 2195 cjns.
1280 2125 1519 2196 Spiritus
1577 2125 1724 2180 enim

117 2216 240 2286 ejus
268 2233 434 2288 super
480 2217 583 2271 ntrl
613 2217 817 2281 dulcis;
853 2217 905 2272 in
935 2232 1041 2287 qua
1085 2217 1260 2273 dulcis
1286 2217 1568 2276 Dominus.
1599 2233 1722 2272 cum

113 2312 266 2365 omni
312 2327 407 2365 sua
455 2311 741 2366 dulcedine
773 2311 1105 2380 supervenit.
1155 2309 1292 2364 Cum
1337 2311 1486 2365 enim
1535 2310 1727 2365 fecerit

115 2400 263 2455 Deus
285 2401 464 2454 omnia
489 2417 650 2470 opera
677 2417 772 2454 sua
820 2400 976 2455 valle
1025 2402 1162 2455 bona
1198 2398 1352 2471 (Gen.
1384 2402 1447 2470 t),
1483 2403 1585 2455 hoc
1614 2416 1725 2456 me-

113 2490 226 2569 lius
268 2491 416 2554 fecit,
473 2508 805 2547 consecrans
836 2493 938 2548 sibi
973 2493 1026 2546 in
1069 2507 1131 2546 ea
1183 2493 1590 2548 reclinatorium
1623 2508 1723 2547 au-

115 2599 294 2643 reum,
325 2583 376 2635 in
407 2599 513 2652 qua
545 2583 658 2637 sola
706 2599 766 2638 se
815 2592 938 2652 post
983 2582 1250 2636 tumultus
1301 2583 1619 2651 angelorum
1670 2591 1726 2638 et

116 2675 406 2730 hominum
453 2675 767 2737 reclinaret,
818 2684 873 2729 ct
903 2674 1144 2744 requiem
1177 2675 1468 2729 inveniret.
1503 2674 1615 2729 lloc
1642 2684 1726 2730 cst

119 2769 268 2838 quod
315 2779 509 2822 natura
568 2768 822 2832 miratur,
874 2777 1158 2823 reveretur
1203 2769 1451 2839 angelus,
1499 2777 1726 2823 veretur

115 2859 309 2920 homo,
351 2861 616 2928 stupescit
668 2858 889 2923 ctrlum,
945 2859 1204 2913 extretnit
1257 2871 1426 2922 terra,
1479 2859 1725 2914 infernus

112 2949 400 3004 exhorret.
429 2950 482 3002 In
515 2950 674 3020 hujus
706 2959 863 3005 utero
895 2949 1155 3018 majesms
1201 2949 1467 3003 Altissimi
1502 2949 1725 3004 mirabi-

112 3038 245 3095 liter
271 3039 586 3109 liquefacta,
638 3039 781 3094 sicut
826 3041 986 3109 adipe
1014 3049 1068 3092 ct
1117 3040 1446 3110 pinguedine
1497 3039 1727 3109 replevit

113 3143 322 3194 terras,
372 3131 568 3184 infudit
597 3130 787 3191 cados.
821 3130 1032 3183 inferna
1062 3130 1343 3198 respersit.
1399 3128 1496 3183 llic
1531 3131 1724 3183 exitia.

116 3221 262 3276 nivit
292 3221 642 3289 semetipsum
673 3217 896 3290 (Philip.
934 3221 993 3288 ιι)
1029 3219 1276 3274 excelsus
1305 3229 1361 3274 et
1401 3221 1722 3285 immensus,

1829 2021 2027 2076 arbore
2081 2019 2135 2073 io
2186 2018 2532 2074 altitudinem
2575 2026 2632 2074 et
2683 2017 3066 2073 rcctitudinem
3118 2033 3448 2088 erumpens.

1827 2127 2051 2167 onmem
2086 2111 2304 2183 ignorat
2350 2110 2740 2173 nodositatem,
2769 2109 3004 2164 filiorum
3037 2108 3126 2182 [f.,
3164 2109 3448 2185 foliorum]

1831 2205 2089 2259 tenebras
2120 2203 2316 2266 nescit,
2365 2201 2653 2257 fructuosa
2688 2201 2777 2274 [[2,
2819 2201 3183 2275 infructuosa]
3217 2217 3442 2275 qumqur

1830 2311 1936 2349 non
1981 2294 2166 2350 habet.
2214 2294 2377 2351 Videt
2403 2303 2458 2350 et
2490 2295 2648 2350 ardet
2681 2294 2768 2349 ille
2803 2295 3100 2351 vehemens
3128 2309 3361 2362 amator,
3394 2306 3448 2355 et

1833 2397 2004 2442 totmn
2055 2387 2468 2457 epithalamium
2503 2387 2557 2440 in
2587 2386 2840 2442 laudibus
2881 2387 3000 2457 ejus
3039 2388 3315 2452 decantat,
3355 2388 3448 2443 ubi

1830 2470 2121 2534 manifeste
2149 2494 2382 2551 sponsus
2409 2479 2687 2534 inducitur
2719 2480 2943 2548 spirans
2993 2494 3239 2535 amorem
3270 2481 3448 2536 since-

1835 2570 2139 2634 rissimum,
2159 2585 2259 2625 nec
2283 2571 2427 2624 ultra
2459 2570 2645 2624 valens
2667 2570 3021 2624 dissimulare
3036 2572 3181 2642 quod
3212 2571 3446 2643 patitur.

1831 2661 2109 2717 Evocatur
2168 2663 2354 2717 statim
2413 2663 2660 2717 caelestis
2701 2663 2789 2716 ille
2838 2674 3162 2728 conventus,
3206 2674 3261 2718 et
3287 2663 3448 2731 juxta

1829 2755 2153 2824 prophetam
2213 2753 2316 2810 init
2379 2755 2523 2809 Deus
2575 2755 2886 2819 consilium,
2946 2756 3091 2826 cogit
3148 2755 3449 2810 concilium

1830 2843 1988 2915 (Isai.
2021 2849 2157 2914 xvi),
2190 2844 2320 2900 facit
2348 2860 2660 2900 sermonem
2684 2862 2810 2900 cum
2843 2847 3053 2917 angelis
3074 2847 3139 2901 de
3165 2857 3448 2902 restaurav

1831 2937 1978 2990 tione
2007 2951 2222 3001 eorum,
2256 2939 2322 2992 de
2349 2939 2726 3007 redemptione
2762 2940 3071 3005 hominmn,
3100 2942 3166 2995 de
3195 2941 3449 2996 elemen-

1830 3035 2010 3080 torum
2036 3029 2416 3094 renovatione,
2443 3045 2508 3083 ac
2532 3029 2638 3084 illis
2660 3032 3010 3100 stupentibus
3034 3043 3086 3086 et
3117 3033 3451 3088 mirantibus

1830 3132 1943 3186 pra:
2000 3119 2220 3188 gaudio,
2270 3120 2339 3174 de
2392 3120 2555 3174 modo
2585 3120 3002 3192 redemptionis.
3056 3122 3124 3176 Et
3162 3125 3351 3179 statim
3378 3122 3449 3179 de

1832 3207 2090 3263 thesauro
2121 3210 2427 3266 divinitatis
2476 3211 2664 3267 Maria:
2709 3229 2910 3268 nomen
2943 3215 3236 3282 evolvitur,
3260 3226 3315 3272 et
3350 3231 3451 3287 per

114 3325 434 3367 mensuram
476 3288 695 3372 bonam,
725 3319 780 3364 ct
806 3288 1111 3365 confertam
1144 3319 1198 3364 ct
1232 3312 1559 3378 coagitatam
1595 3315 1721 3365 mit—
1753 3288 1796 3346 c
1833 3296 2029 3367 ipsum.
2059 3309 2114 3354 ει
2139 3301 2191 3353 ίη
2219 3302 2357 3370 ipsa»
2389 3311 2443 3357 ει
2479 3302 2547 3357 de
2587 3304 2725 3374 ipsa:
2761 3315 2814 3361 ει
2839 3323 2962 3360 CW“
2996 3307 3109 3377 ipsa
3144 3317 3316 3363 ιοῑυῐη
3343 3310 3449 3365 hoc

114 3408 244 3454 tens
267 3399 318 3452 itt
344 3399 520 3453 sinmn
554 3409 798 3453 nostrum
818 3397 972 3470 (an.
1008 3401 1104 3468 vt).
1132 3399 1444 3454 llicdivinis
1472 3401 1723 3455 manibus

113 3501 322 3544 unctus
352 3499 431 3543 cst
461 3489 581 3543 oleo
609 3490 830 3554 laetitiae,
877 3499 933 3544 et
979 3491 1124 3545 sicut
1169 3491 1238 3545 ab
1280 3491 1453 3546 altare
1486 3493 1537 3544 in
1567 3507 1721 3545 sum-

113 3595 268 3631 nnun
302 3579 610 3648 pontiﬁcem
637 3593 1015 3636 consecratus.
1048 3582 1120 3636 lle
1145 3582 1250 3636 hoc
1274 3582 1434 3636 altari
1469 3583 1536 3636 ad
1564 3599 1716 3636 aram

111 3669 303 3724 crucis
332 3672 636 3725 ascetnlens
685 3673 904 3742 proprio
947 3690 1141 3729 cruore
1198 3683 1459 3744 tanquam
1492 3675 1722 3730 alterius

109 3760 336 3829 generis
362 3759 482 3813 oleo
511 3759 782 3830 perfusus,
826 3763 941 3831 jam
986 3779 1093 3817 non
1127 3763 1302 3818 solum
1342 3775 1719 3828 consecratus,

109 3853 216 3905 ecd
241 3861 294 3905 et
322 3867 672 3918 consecratis,
693 3864 862 3908 totum
891 3870 1092 3924 corpus
1126 3855 1393 3910 machina:
1425 3858 1720 3911 mundiafis

115 3940 346 4010 largiori
377 3943 631 4012 ligamine
660 3945 953 4014 copulavit.
999 3946 1258 4002 Facessat
1291 3947 1457 4016 igitur
1493 3963 1717 4016 tnmror,

116 4030 349 4084 tristitia
385 4031 576 4102 fugiat,
607 4034 923 4089 eliminetnr
981 4036 1157 4100 dolor,
1198 4053 1392 4092 rancor
1437 4039 1715 4105 abscedat,

105 4130 177 4174 ut
206 4119 366 4175 liceat
393 4137 588 4176 vacare
617 4133 673 4178 ct
705 4125 889 4180 videre
917 4141 1041 4179 cum
1082 4124 1263 4198 Moyse
1287 4127 1547 4184 visionem
1578 4130 1719 4185 banc

107 4212 378 4282 grandem
410 4211 608 4282 (Exod.
641 4215 747 4285 tu),
801 4216 1037 4285 qualiter
1088 4219 1228 4272 Deus
1283 4220 1336 4273 in
1393 4220 1495 4275 hoc
1529 4234 1720 4278 ventre

105 4301 484 4370 concipiatur,
533 4304 836 4374 decipiatur
891 4306 1164 4371 diabolus,
1208 4311 1508 4378 recipiatur
1539 4314 1718 4380 perdi-

109 4400 256 4452 tum,
281 4391 575 4445 indebitqu
604 4396 1140 4462 accipiatur.'l‘ottttn
1169 4417 1254 4455 me
1282 4402 1450 4456 trahit
1477 4402 1714 4469 affectio,

100 4483 213 4536 sed
240 4483 417 4536 oratio
439 4485 644 4548 deticit,
674 4497 728 4540 et
755 4489 904 4541 dives
927 4491 1184 4557 cogitatio
1212 4493 1362 4546 vocis
1395 4506 1718 4563 paupertate

100 4572 490 4625 (‘Oulunditutu
517 4571 753 4630 Fervent
787 4577 1069 4640 interiora,
1095 4589 1149 4633 et
1183 4581 1232 4634 in
1269 4583 1532 4637 undosum
1564 4586 1715 4640 ebul-

1830 3388 2144 3446 faciendum
2169 3395 2745 3458 decernitur,utsicnt
2776 3399 2895 3453 sine
2929 3400 3019 3455 illo
3051 3402 3182 3455 nihil
3215 3402 3449 3471 factum.

1832 3481 1907 3535 ita
1939 3483 2057 3539 sine
2080 3483 2171 3538 illa
2203 3485 2338 3539 nihil
2367 3485 2634 3542 refectum
2670 3489 2761 3542 sit.
2794 3490 3056 3546 Traditur
3091 3493 3319 3564 cpistola
3344 3493 3452 3552 Ga-

1830 3575 2013 3639 brieli,
2065 3577 2117 3630 in
2171 3592 2276 3647 qua
2325 3578 2585 3634 salutatio
2640 3578 2901 3651 Virginis,
2963 3584 3272 3641 incarnatio
3333 3586 3447 3641 [te-

1831 3667 2153 3736 demptoris,
2195 3670 2387 3724 modus
2438 3671 2854 3742 redemptionis,
2916 3675 3200 3745 plenitudo
3229 3682 3442 3749 gratiaz.

1830 3757 2018 3828 gloriae
2043 3761 2385 3830 magnitudo,
2418 3765 2711 3820 multitudo
2743 3767 2945 3823 laetitize
2970 3773 3310 3827 continetur.

1903 3849 2102 3907 Missus
2146 3861 2230 3908 est
2272 3867 2404 3926 ergo
2433 3857 2657 3927 angelus
2683 3860 2909 3916 Gabriel
2944 3879 2973 3918 a
3009 3865 3118 3919 Deo
3151 3868 3218 3921 ad
3271 3868 3449 3940 Virgi-

1828 3959 1978 4007 nem,
2013 3962 2155 4016 qum,
2186 3959 2475 4018 postquam
2513 3952 2563 4007 ci
2619 3952 2834 4009 locutus
2889 3965 2992 4018 est,
3044 3962 3213 4015 sensit
3269 3961 3444 4019 Deum

1832 4037 1947 4091 suis
1979 4037 2224 4107 illapsum
2257 4041 2583 4111 visceribus,
2639 4046 3096 4120 majestatemqne
3147 4053 3292 4109 illius
3332 4056 3448 4110 vir-

1830 4130 2028 4200 ginalis
2051 4135 2264 4190 ventris
2288 4137 2559 4192 brevitate
2579 4141 2896 4196 conclusam
2917 4142 3071 4214 (Lac.
3103 4145 3160 4216 ι).
3183 4147 3226 4203 0
3251 4159 3436 4205 vente.

1831 4223 2083 4280 dill‘usior
2112 4227 2292 4292 etelis,
2333 4233 2494 4285 terris
2544 4234 2802 4303 amplior,
2851 4239 3106 4307 capacior
3135 4241 3445 4308 elementis.

1829 4317 1920 4385 qni
1958 4326 2128 4372 totum
2161 4319 2369 4375 claudit
2397 4324 2580 4378 omnia
2615 4327 3058 4395 conclmlenlcm,
3088 4337 3139 4386 in
3170 4350 3278 4402 quo
3304 4335 3448 4391 Deus

1829 4406 2016 4476 glorise
2046 4410 2363 4467 reclinalur.
2397 4414 2638 4486 Denique
2660 4428 2716 4471 et
2745 4421 3111 4490 archangelus
3126 4427 3197 4478 ait
3223 4443 3236 4455 ο
3261 4445 3278 4478 ι
3302 4428 3442 4493 [ιι-υ,

1830 4498 2005 4566 gratia
2041 4499 2225 4568 plena,
2264 4502 2530 4560 Dominus
2563 4517 2742 4562 tecum
2787 4508 2982 4582 (ιωτι.)
3017 4530 3029 4564 :
3065 4533 3083 4565 ι
3113 4516 3240 4585 quia
3275 4534 3303 4571 a
3337 4519 3452 4576 Deo

1829 4587 2060 4644 electam
2097 4603 2153 4645 et
2177 4594 2552 4662 prmelectam,
2587 4607 2754 4655 totam
2777 4617 2896 4656 eam
2927 4616 3182 4675 rapturus
3204 4613 3445 4668 erats'tbi

102 4662 256 4767 litmt
305 4664 682 4731 altitudinem,
739 4670 833 4724 sed
888 4669 1161 4741 frigiditas
1219 4673 1418 4744 lingua:
1470 4679 1720 4736 cumulos
1753 4652 1800 4711 ο
1833 4681 2068 4751 Spiritus
2095 4652 2320 4742 sanctus
2346 4689 2742 4748 etctelestibus
2770 4652 3133 4767 insignititrus

101 4753 404 4824 refrigerat
433 4761 790 4817 exundantes.

189 4845 330 4914 Quid
351 4858 452 4910 est,
480 4851 837 4910 beati.sinta?
861 4855 1118 4928 Nunquid
1146 4859 1219 4914 ita
1252 4861 1457 4918 sensim
1489 4865 1718 4921 tacitur-

97 4950 222 4990 nus
250 4937 612 5005 obdortniam,
637 4953 697 4998 ιιι
731 4944 804 5000 ibi
834 4955 1018 5010 mutus
1049 4949 1174 5017 sint,
1208 4951 1297 5005 ubi
1325 4953 1506 5010 onmis
1537 4955 1716 5028 loqui-

102 5033 210 5078 tur
263 5031 561 5084 creatura?
614 5030 1008 5093 Verumtamen
1067 5055 1174 5095 non
1229 5045 1442 5112 tacebo,
1497 5055 1554 5101 et
1610 5063 1716 5103 non

97 5115 417 5188 quiescam,
444 5121 617 5178 donec
648 5127 960 5196 egrediatur
979 5139 1041 5184 ut
1060 5132 1319 5202 splendor
1347 5141 1532 5192 vultus
1565 5148 1714 5205 tuus,

96 5212 164 5262 et
198 5222 379 5262 scrtuo
409 5209 475 5263 de
501 5221 552 5265 te
577 5226 899 5286 conceptus,
929 5221 973 5272 si
1026 5237 1133 5274 nou
1185 5233 1244 5275 ut
1267 5224 1496 5294 lampas,
1521 5229 1713 5285 saltem

97 5306 170 5351 ut
193 5298 429 5353 scintilla
458 5303 788 5359 accendatur
807 5306 966 5377 (Isai.
989 5311 1146 5382 tht).
1174 5311 1353 5368 Movet
1383 5333 1492 5380 me,
1514 5317 1711 5384 fateor,

89 5389 257 5460 quod
279 5393 629 5459 permittente
654 5395 761 5450 Deo
784 5412 1010 5467 peccant
1038 5404 1393 5460 rationabiles
1421 5421 1712 5479 creaturae,

89 5491 161 5536 ct
201 5482 384 5534 multis
409 5498 679 5540 annorum
712 5490 950 5546 milhbus
981 5503 1090 5546 tam
1138 5497 1383 5551 caelestia
1416 5515 1578 5569 quam
1607 5514 1714 5556 ter-

94 5574 306 5630 restria
335 5577 607 5631 incassum
629 5590 774 5634 stare
804 5583 1108 5648 vidcantur,
1130 5589 1418 5644 servituris
1445 5592 1584 5656 istis,
1609 5593 1714 5650 illis

87 5667 327 5721 dirutis.
347 5669 387 5720 S
412 5680 467 5723 at
491 5670 578 5723 illa
605 5689 796 5745 magna
820 5677 1018 5734 civitas
1041 5681 1240 5736 civium
1270 5699 1495 5740 suorum
1520 5704 1709 5746 nume-

86 5757 341 5814 rositate
365 5757 639 5825 fraudata.
671 5776 726 5819 et
754 5784 782 5820 a
808 5768 1158 5827 stellantibus
1187 5774 1406 5844 palatiis
1425 5779 1704 5849 multiplex

89 5852 477 5912 habitantium
510 5859 796 5917 multitudo
817 5866 1169 5935 propellitur;
1191 5871 1564 5928 obscurantur
1584 5875 1713 5932 stel-

1834 4771 1922 4827 tis.
1952 4769 2072 4828 Jam
2099 4780 2475 4834 consecranda
2508 4791 2630 4837 erat
2691 4784 2744 4837 itt
2779 4784 2959 4841 locum
3003 4790 3324 4860 voluptatis,
3377 4797 3448 4850 de

1828 4877 1941 4934 quo
1969 4863 2093 4921 fons
2121 4867 2210 4922 ille
2243 4869 2477 4926 debebat
2507 4875 2826 4941 ascendere,
2859 4879 2952 4948 qui
2987 4881 3302 4942 universam
3335 4899 3449 4944 ter-

1832 4973 1905 5012 ra:
1932 4959 2277 5029 superﬁciem
2307 4962 2564 5034 irrigaret
2593 4964 2746 5036 (Gen.
2783 4971 2867 5040 ιι).

1903 5050 2051 5108 Satis
2082 5054 2188 5108 huc
2219 5070 2391 5126 usque
2420 5059 2726 5128 sparsimus
2753 5062 2943 5129 verba,
2967 5076 3021 5121 et
3050 5067 3302 5128 volaticis
3324 5087 3442 5129 scr-

1830 5144 2086 5199 monibus
2108 5145 2325 5202 diversa
2365 5152 2904 5217 prmseminavinttts:
2946 5174 3093 5216 nunc
3121 5162 3443 5221 insistatnns

1827 5232 1938 5300 hic,
1968 5235 2012 5289 si
2047 5234 2187 5292 forte
2212 5239 2417 5309 aliquid
2441 5241 2665 5313 dignum
2705 5245 2907 5303 elicere
2929 5251 3234 5309 valeamus.
3267 5273 3285 5308 t
3313 5257 3440 5314 Flu-

1825 5327 1968 5390 vios,
1996 5328 2073 5382 ait
2107 5329 2417 5400 Scriptura,
2447 5337 2834 5405 egrediebatur
2890 5342 2957 5396 de
2987 5342 3109 5400 loco
3138 5347 3438 5420 voltiptatlv

1825 5419 1889 5470 ad
1937 5420 2271 5490 irrigandam
2327 5424 2641 5483 universam
2695 5433 3045 5501 superficiem
3098 5419 3303 5498 teri-ar:
3339 5448 3431 5514 qui

1827 5509 1950 5602 inde
1978 5510 2241 5567 dividitur
2292 5515 2347 5569 in
2406 5528 2644 5586 quatuor
2689 5525 2870 5592 capita
2904 5526 3118 5602 (Ibid).
3163 5553 3180 5584 ι
3215 5509 3434 5591 Fluvios

1824 5598 1926 5654 iste
1983 5610 2068 5657 est
2117 5603 2264 5659 Deus
2311 5621 2468 5662 meus
2515 5608 2698 5674 Jesus,
2749 5619 2898 5684 quia
2929 5598 3142 5676 duobus
3173 5625 3306 5680 locis
3339 5644 3434 5682 vo.

1825 5689 2051 5760 luptatis
2074 5695 2378 5764 egreditur,
2397 5711 2463 5752 ex
2493 5701 2863 5768 uteroPatris,
2888 5724 2952 5762 ex
2984 5721 3140 5768 utero
3170 5713 3433 5787 Virginis.

1829 5782 1980 5840 Unde
2012 5785 2285 5858 Propheta
2317 5803 2332 5845 :
2368 5809 2387 5843 ι
2420 5791 2685 5852 Dominus
2711 5796 2858 5856 Deus
2885 5815 3070 5862 noster
3098 5782 3294 5867 fluvios
3313 5814 3432 5884 glu-

1826 5879 2004 5935 riosus
2053 5881 2315 5940 exsiliens
2366 5886 2422 5943 in
2456 5897 2659 5946 terram
2709 5895 2988 5955 sitientem
3029 5900 3186 5972 ιξΙωὶ.
3234 5879 3366 5982 ιιι).
3408 5928 3429 5964 ι
