5232 6534
84 420 180 482 561

1611 409 1844 469 δειιδιυ
1886 411 1973 469 XI.

3302 409 3407 464 562

83 535 167 591 dis
193 534 351 591 nobis
382 542 546 590 restat
575 539 677 586 via.
725 533 784 587 ιιι
828 531 1268 594 admirationem,
1301 545 1407 600 qua
1445 538 1556 584 tota
1585 529 1682 582 ob-
1713 528 1764 589 Λ
1791 529 1966 600 gnlari
2013 539 2171 599 partu
2201 527 2459 585 divinitas
2502 527 2798 582 lnnnanata
2831 520 3055 597 sigillat.
3111 523 3211 579 Ubi
3261 541 3408 578 nunc

81 634 258 697 stupet
307 624 396 680 illa
442 622 655 695 dignior
700 632 957 679 creatura
1002 622 1070 678 de
1102 621 1382 678 Creatoris
1422 619 1596 692 gloria
1630 628 1687 673 et

81 718 269 789 gloria:
291 717 518 772 ratione.
544 715 601 770 in
625 715 944 784 puritatem,
971 715 1099 784 quia
1122 729 1230 768 non
1255 714 1309 767 in
1332 727 1461 767 vase
1487 719 1681 775 testeo,

81 800 168 861 vel
209 803 502 872 fragilitate
528 802 924 873 complexionis
956 802 1210 857 humanae
1247 800 1442 855 bibunt
1469 800 1536 854 de
1563 807 1688 852 .tor-

80 905 235 951 rente
281 894 610 964 voluptatis,
669 894 762 949 sed
817 901 1031 949 remoto
1081 891 1374 956 velamine,
1424 890 1688 946 hauriunt

79 999 252 1054 aquas
281 983 335 1036 in
363 983 561 1054 gaudio
589 984 657 1037 de
687 981 929 1038 fontibus
961 980 1263 1037 Salvatoris
1287 979 1446 1051 (Isai.
1470 980 1592 1051 an).
1627 979 1692 1034 ln-

79 1076 410 1142 satietatem,
442 1075 568 1146 quia
594 1082 651 1129 et
679 1074 725 1129 si
755 1074 810 1128 in
843 1089 969 1129 eum
1007 1073 1324 1130 desiderant
1351 1068 1683 1145 prespicere,

80 1178 264 1223 tamen
309 1182 417 1224 non
460 1166 790 1222 desiderium
827 1167 1233 1229 necessitatem.
1268 1166 1354 1222 vel
1384 1167 1687 1222 necessitas

78 1258 354 1312 miseriam
385 1257 613 1324 inducit,
646 1257 741 1314 sed
785 1258 1110 1314 mirabiliori
1141 1259 1320 1323 modo,
1369 1267 1426 1314 et
1470 1274 1687 1330 semper

75 1350 413 1416 desiderant,
438 1357 497 1405 ut
518 1365 736 1422 semper
758 1352 1048 1418 satientur,
1075 1360 1131 1408 et
1152 1367 1370 1424 semper
1392 1353 1685 1420 satiantur,

76 1453 138 1498 ut
184 1458 399 1514 semper
428 1443 760 1500 desiderent.
797 1443 854 1499 ln
901 1446 1279 1514 securitatem,
1323 1449 1450 1518 quia
1491 1449 1559 1505 de
1587 1464 1686 1506 sua

75 1533 376 1589 stabilitate
414 1535 573 1600 certi,
622 1535 956 1603 perennibus
1001 1535 1215 1606 gaudiis
1263 1538 1684 1610 immerguntur,

74 1635 460 1696 exspectantes
484 1627 700 1681 beatam
731 1641 906 1697 spem,
937 1637 995 1684 et
1029 1627 1323 1684 adventum
1355 1630 1541 1701 gloriae
1571 1647 1689 1686 ma-

75 1717 170 1790 gni
221 1716 313 1772 Dei
359 1715 490 1786 (Tit.
521 1718 606 1788 tt),
638 1717 861 1787 quando
905 1716 999 1773 fiet
1045 1734 1212 1775 unum
1257 1720 1401 1776 ovile
1444 1729 1500 1776 et
1545 1737 1686 1777 unus

75 1817 266 1879 pastor
305 1807 488 1879 (Joan.
527 1809 609 1880 at),
654 1819 710 1865 et
750 1826 986 1882 superna
1029 1813 1120 1868 illa
1163 1813 1504 1872 Hierusalem
1546 1832 1683 1873 con-

1789 619 2150 676 Aristoteliczr
2199 620 2520 676 subtilitatis
2566 617 3084 689 facunda-quidem,
3120 617 3217 671 sed
3266 615 3413 670 infe~

1787 712 1964 767 cnnda
2013 713 2352 783 loquacitas?
2395 712 2451 767 Si
2486 712 2719 782 peperit,
2769 726 2895 766 cum
2929 711 3047 763 viro
3074 706 3418 764 concubuit?

1788 801 1952 869 Velit,
1983 804 2140 870 nolit,
2174 804 2404 860 vertitur
2433 804 2484 858 in
2513 803 2764 858 habitum
2792 801 3050 873 privatio,
3081 815 3181 856 nec
3210 801 3418 856 astrin-

1788 897 1932 970 gitur
1976 896 2275 954 dialecticis
2327 897 2580 953 terminis
2625 883 2872 952 omnium
2917 895 3287 961 terminatur,
3341 894 3414 950 ad

1789 988 1942 1058 cujus
1980 989 2268 1060 imperium
2312 990 2457 1061 parit
2488 997 2705 1054 natura,
2739 987 3016 1044 desuescit
3044 987 3411 1043 consuetudo.

1788 1078 2081 1150 Egreditur
2107 1081 2273 1135 etiam
2306 1095 2430 1135 cum
2456 1073 2727 1135 claritate.
2763 1077 3035 1133 Nascente
3065 1077 3268 1148 quippe
3298 1075 3411 1142 illo,

1789 1171 2053 1241 sepelitur
2098 1173 2279 1228 omnis
2320 1171 2412 1227 illa
2455 1171 2789 1228 stclla‘ntium
2839 1170 3106 1225 luminum
3138 1169 3421 1225 luminosa

1788 1263 2082 1329 serenitas,
2106 1260 2163 1318 et
2190 1262 2342 1318 stella
2371 1262 2662 1318 candidior
2686 1259 3044 1316 lucidioribus
3077 1259 3247 1314 radiis
3270 1274 3416 1331 prm-

1789 1353 2097 1411 scintillans
2138 1364 2308 1411 totam
2346 1355 2450 1410 sibi
2480 1353 2604 1410 cmli
2639 1353 2782 1424 rapit
2822 1352 3170 1422 p0sitionem.
3205 1351 3420 1407 Ambu-

1790 1445 1904 1500 lant
1925 1461 2082 1519 reges
2103 1447 2156 1502 in
2186 1445 2479 1518 splendore
2500 1455 2654 1501 ortus
2680 1445 2798 1514 ejus
2821 1443 2978 1516 (lsat‘.
3007 1443 3120 1511 ωε),
3149 1443 3416 1514 quoniam

1788 1552 1922 1595 ecce
1951 1554 2107 1610 reges
2143 1539 2460 1611 congregati
2506 1545 2656 1604 sunt,
2705 1545 3086 1594 convenerunt
3130 1537 3184 1592 in
3215 1552 3410 1591 unum.

1789 1630 1894 1700 Ipsi
1927 1630 2172 1686 videntes
2211 1631 2292 1686 sic
2321 1630 2490 1686 Deum
2517 1639 2575 1684 et
2613 1629 2890 1685 hominem
2923 1636 3259 1689 nascentem,
3296 1642 3414 1681 ma-

1793 1731 1928 1776 trem
1956 1730 2012 1778 et
2042 1720 2324 1792 Virginem
2354 1723 2685 1794 parientem,
2718 1720 2974 1807 admirati
3004 1730 3152 1781 sunt,
3182 1727 3412 1775 conturo‘

1792 1812 1902 1867 bati
1950 1824 2109 1878 sunt,
2148 1813 2408 1869 commoti
2452 1818 2614 1878 sunt',
2653 1821 2861 1869 tremor
2903 1810 3268 1884 apprehendit
3315 1825 3416 1866 eos

75 1899 442 1954 summabitur
476 1900 529 1954 in
576 1901 829 1972 idipsum.
863 1900 956 1958 Sic
997 1903 1174 1959 influit
1217 1904 1414 1961 ﬂuvius
1451 1906 1554 1963 iste
1589 1923 1690 1978 per
1723 1899 1770 1960 Β
1797 1901 1971 1976 (Psul.
2002 1903 2173 1974 xcv")
2219 1904 2273 1958 in
2311 1913 2587 1965 tantorum
2630 1903 2752 1959 ilice
2788 1901 3200 1958 miraculorum
3247 1900 3418 1973 Egre-

75 1989 352 2058 angelicas
376 1988 642 2046 ofﬁcinas.
673 1991 783 2048 Sed
811 1994 928 2049 hac
957 1995 1139 2050 omnia
1168 1995 1302 2053 fides
1323 1999 1488 2068 capit,
1513 1999 1688 2056 nescit

76 2079 240 2144 ratio,
271 2079 576 2136 intellectus
606 2081 821 2150 ignorat
857 2084 1148 2142 humanus.
1180 2086 1308 2142 Htec
1334 2103 1462 2145 sunt
1488 2090 1690 2148 fortas-

77 2174 160 2228 sis
191 2172 278 2227 illa
310 2183 566 2243 quatuor,
607 2190 728 2244 quae
763 2191 858 2231 vas
894 2176 1174 2234 electionis
1217 2179 1360 2236 felici
1393 2193 1688 2254 quaterna-

80 2266 162 2320 rio
207 2265 260 2321 in
304 2266 544 2337 Epistola
593 2270 661 2322 ad
706 2268 964 2325 Hebraeos
994 2272 1205 2339 dividit,
1253 2274 1483 2332 dicens:
1521 2297 1538 2330 ι
1571 2278 1686 2334 Νοη

76 2359 388 2414 accessistis
416 2358 525 2432 54
554 2361 619 2415 ad
663 2370 903 2416 montem
936 2362 1264 2433 fumantem,
1295 2368 1390 2423 sed
1437 2371 1502 2424 ad
1537 2388 1688 2427 mon-

74 2457 188 2527 tem
218 2449 366 2514 Sion,
400 2451 468 2505 ad
513 2449 850 2507 Hierusalem
885 2455 1161 2510 civitatem
1200 2457 1294 2514 Dei
1328 2461 1580 2527 viventis,
1622 2465 1690 2519 ad

72 2526 373 2594 multorum
419 2541 647 2597 millium
689 2543 1007 2614 angelorum
1055 2545 1446 2618 frequentiam,
1474 2553 1540 2608 ad
1571 2526 1686 2610 Ec-

76 2629 301 2686 clesiam
331 2633 733 2702 primitivorum
762 2636 1023 2706 scriptam
1055 2639 1108 2694 in
1140 2639 1314 2697 caelis.
1349 2661 1367 2695 ι

152 2741 310 2800 Nunc
338 2746 686 2817 accingamus
722 2765 822 2805 nos
850 2750 917 2805 ad
949 2751 1243 2810 videndum
1278 2757 1514 2826 qualiter
1541 2776 1690 2830 egre-

78 2835 264 2890 diatur
292 2837 357 2892 de
380 2839 627 2910 Virgine,
658 2841 784 2912 quia
818 2844 1060 2913 egressio
1089 2845 1190 2900 ista
1225 2848 1437 2902 dulcior
1463 2859 1518 2906 et
1561 2850 1694 2906 afi'e-

76 2927 680 2986 ctuosioresthumana:
703 2931 1096 3003 tuiserire,qute
1118 2935 1444 2992 intuentium
1471 2949 1691 3010 pectora

78 3018 357 3084 concutit,
411 3019 614 3075 irrorat
656 3021 863 3088 oculos,
897 3033 953 3079 et
997 3025 1175 3080 beatis
1223 3025 1467 3083 fontibus
1512 3029 1693 3086 vultus

80 3111 382 3165 amantium
411 3111 774 3184 superfundit.
808 3114 909 3170 Hic
940 3115 1119 3172 locum
1144 3116 1440 3190 voluptatis
1475 3130 1690 3176 uterum

80 3201 268 3258 Mariae
295 3204 557 3276 intelligo,
589 3205 642 3262 in
670 3223 780 3278 quo
803 3209 1100 3264 cumulavit
1126 3226 1318 3268 omnes
1349 3213 1570 3270 delicias
1601 3215 1692 3270 tle-

77 3296 332 3351 liciarum
362 3296 642 3364 Dominus,
673 3299 741 3354 de
763 3298 919 3368 cujus
949 3300 1158 3357 deliciis
1201 3301 1440 3372 Spiritus
1469 3314 1690 3360 sanctus

78 3387 438 3444 admiratorio
463 3405 719 3447 sermone
746 3392 798 3446 in
828 3392 1034 3448 amoris
1061 3392 1289 3449 Cantico
1323 3394 1404 3448 sic
1428 3404 1642 3450 eructat
1673 3413 1686 3450 :

84 3497 101 3528 ι
139 3476 272 3544 Quae
303 3488 390 3533 est
433 3479 557 3545 ista,
587 3496 708 3550 qum
751 3483 998 3537 ascendit
1033 3485 1098 3538 de
1126 3485 1346 3541 deserto
1374 3485 1583 3541 deliciis
1611 3484 1690 3540 af-

77 3568 299 3623 fluens?
322 3569 500 3641 (Cant.
529 3572 628 3642 v1.)
673 3591 692 3622 ι
722 3572 971 3642 Nunquid
1021 3575 1074 3629 in
1121 3575 1328 3646 angelis
1356 3576 1690 3647 voluptatem

78 3660 246 3714 habet
276 3660 609 3726 Altissimus,
641 3664 693 3717 in
725 3664 923 3735 quibus
954 3665 1068 3737 ipse
1096 3668 1298 3737 reperit
1326 3670 1690 3738 pravitatem?

77 3749 336 3822 Nunquid
382 3752 435 3806 in
475 3753 914 3820 constellatione,
949 3757 1035 3811 vel
1083 3758 1478 3813 scintillatione
1506 3760 1690 3814 stella-

77 3857 223 3904 runt,
251 3856 484 3911 quarum
516 3843 634 3898 alia:
676 3856 1073 3901 convertuntur
1102 3848 1155 3902 itt
1189 3851 1532 3920 sanguinem,
1569 3851 1690 3907 alia:

75 3929 285 3984 eadunt
310 3932 377 3986 de
404 3932 564 3997 cmlo,
587 3934 702 3988 alia:
736 3935 789 3988 in
820 3937 1075 3993 tenebras
1104 3938 1505 3994 obscurantur?
1535 3940 1690 3995 Nutr-

73 4021 209 4090 «ιειὶἀ
243 4023 294 4075 in
323 4037 470 4088 aere,
504 4025 585 4078 vel
624 4026 767 4097 igne,
802 4027 888 4084 vel
918 4031 1134 4086 ventis?
1155 4029 1533 4102 Nequaquam,
1560 4036 1686 4104 quia

81 4133 99 4164 ι
149 4129 256 4169 non
300 4115 350 4168 in
385 4115 506 4186 igne
535 4118 816 4184 Dominus,
857 4135 964 4175 non
998 4122 1050 4176 in
1085 4124 1454 4180 commotione
1503 4125 1687 4180 Domi-

75 4219 206 4271 nus,
237 4219 343 4260 non
375 4205 429 4260 in
458 4208 652 4277 spiritu
685 4209 947 4268 Dominus
975 4211 1094 4283 (Ill
1123 4212 1251 4284 Reg.
1280 4216 1420 4285 xix),
1459 4235 1476 4268 ι
1514 4218 1558 4272 si
1594 4233 1688 4273 νεα

76 4311 181 4348 rax
213 4305 297 4352 est
338 4296 430 4352 ille
452 4298 542 4367 qui
574 4314 737 4354 curru
771 4300 952 4370 igneo,
989 4312 1045 4357 et
1082 4305 1238 4374 equis
1267 4305 1440 4376 igneis
1478 4317 1556 4362 est
1594 4323 1685 4362 as-

75 4396 330 4456 sumptus
357 4387 410 4442 in
442 4388 638 4444 coelum
681 4389 792 4462 (IV
819 4389 954 4462 Reg.
997 4394 1081 4462 ιι).
1130 4394 1388 4468 Nunquid
1417 4379 1471 4453 in
1507 4401 1686 4469 aquis,

77 4476 173 4531 ubi
227 4477 411 4534 furens
444 4489 500 4534 et
539 4489 819 4539 tortuosos
864 4483 1166 4541 Leviathan
1211 4489 1560 4556 immoratur,
1594 4501 1687 4546 aut

78 4569 133 4620 in
171 4577 336 4632 terra,
367 4584 488 4638 qua:
528 4571 957 4629 sub'tnaledicto
987 4574 1116 4631 Adae
1158 4579 1345 4648 spinas
1389 4581 1592 4637 emittit
1633 4593 1688 4636 et

1789 1997 1938 2051 ditur
1969 2005 2024 2050 et
2051 2012 2176 2052 cum
2219 2005 2562 2068 paupertate,
2595 1996 2724 2067 quia
2776 1994 2972 2067 pannis
3016 1994 3298 2049 vilissimis
3331 1994 3414 2048 ἰηι-

1790 2090 2009 2146 volutus
2037 2099 2094 2146 et
2121 2091 2350 2161 przesepi
2381 2088 2676 2146 durissimo
2702 2089 3000 2144 reclinatus
3030 2086 3186 2158 (Luc.
3214 2086 3280 2156 ιι)
3301 2085 3420 2156 jam
3491 2092 3494 2094 ⁷

1791 2198 1858 2238 ex
1901 2191 2029 2239 tunc
2072 2183 2436 2239 sanctissimis
2475 2180 2737 2237 membris
2776 2181 2950 2250 legem
2991 2180 3240 2250 martyrii
3276 2193 3418 2248 pra:-

1795 2276 2012 2347 figebat.
2063 2275 2356 2346 Egreditur
2401 2274 2648 2340 occulte,
2698 2274 2825 2344 quia
2882 2271 3278 2328 subtilissimus
3329 2269 3423 2326 illo

1794 2365 2068 2420 fraudium
2093 2365 2454 2436 investigator
2477 2365 2545 2420 ab
2572 2363 2866 2419 altitudine
2892 2372 3058 2418 tantze
3083 2361 3418 2433 dignationis

1793 2457 2123 2512 excluditur.
2167 2457 2306 2512 llinc
2341 2465 2427 2512 est
2465 2456 2610 2527 quod
2647 2455 2918 2525 ambiguis
2954 2453 3415 2509 altercationibus

1794 2549 2079 2620 fatigatus,
2120 2564 2265 2605 nunc
2299 2549 2452 2604 illum
2495 2557 2688 2616 tentat,
2729 2563 2875 2603 nunc
2913 2554 3181 2602 tentatum
3214 2544 3420 2600 Filiunt

1795 2640 2030 2713 appellat
2074 2641 2362 2707 Altissimi,
2397 2658 2541 2696 nunc
2574 2640 2810 2695 instruit
2843 2654 3087 2703 crucem,
3140 2654 3286 2692 nunc
3322 2637 3421 2692 dc-

1795 2735 1988 2799 struit,
2029 2734 2302 2789 mandatis
2346 2748 2444 2804 per
2482 2732 2768 2788 mulierem
2811 2730 2918 2802 55
2954 2739 3281 2786 consuetum
3317 2729 3423 2784 sibi

1795 2839 2061 2894 organum
2095 2843 2107 2877 :
2148 2843 2167 2874 c
2207 2823 2353 2880 Nihil
2386 2824 2505 2889 tibi,
2537 2833 2593 2879 et
2618 2823 2769 2895 justo
2799 2823 2875 2878 illi
2911 2820 3131 2893 (Matth.
3158 2819 3357 2891 xxvn).
3400 2840 3417 2870 ι

1870 2916 2132 2985 Sequitur
2158 2934 2170 2968 :
2203 2936 2220 2968 ι
2249 2916 2330 2971 Ad
2361 2915 2700 2984 irrigandam
2731 2915 3040 2970 universam
3070 2912 3423 2983 superficiem

1799 3017 1979 3062 terrae.
2018 3026 2038 3058 ι
2084 3008 2166 3062 Ad
2216 3016 2493 3063 terrenam
2540 3007 2823 3061 miseriam
2868 3005 3223 3075 expiandum,
3255 3019 3416 3072 qtlau'

1799 3100 1954 3154 nobis
2001 3100 2055 3154 in
2098 3100 2474 3156 hereditatem
2521 3099 2734 3171 primus
2771 3097 2860 3152 ille
2896 3111 3155 3168 peccator
3187 3096 3411 3165 relique

1801 3202 1904 3246 rat.
1941 3191 2076 3247 Volo
2109 3202 2167 3246 ut
2204 3193 2504 3262 Apostolus
2543 3192 2633 3245 hic
2676 3206 2800 3244 eum
2845 3190 3001 3252 mihi,
3045 3190 3188 3244 sicut
3232 3198 3286 3242 et
3333 3205 3396 3241 sn

1799 3284 2004 3354 perius,
2046 3283 2099 3338 in
2131 3292 2371 3353 quatuor
2413 3283 2596 3350 capita
2639 3281 2956 3344 distribuat,
3001 3280 3128 3350 quia
3166 3281 3431 3335 securius

1796 3371 1914 3442 ejus
1942 3370 2345 3441 expositionem
2376 3370 2638 3441 suscipio.
2679 3388 2696 3421 ‹
2733 3367 2836 3436 Qui
2866 3367 3045 3423 factus
3081 3377 3187 3434 est,
3219 3370 3421 3439 inquit,

1797 3461 1955 3516 nobis
2000 3461 2293 3531 sapientia,
2328 3460 2562 3532 justitia,
2605 3459 2972 3515 sanctificatio
3013 3470 3070 3514 et
3115 3459 3426 3530 redemptio

1787 3552 1848 3622 .(l
1879 3551 2005 3607 Cor.
2041 3552 2105 3622 ι).
2140 3571 2158 3604 ι
2199 3552 2281 3607 Ad
2319 3567 2418 3606 nos
2454 3552 2655 3623 quippe
2692 3551 2940 3617 veniens,
2973 3551 3067 3622 qui
3109 3568 3333 3608 eramus
3365 3555 3422 3609 in

1795 3660 2040 3710 carcere,
2074 3646 2250 3714 primo
2285 3647 2532 3701 omnium
2570 3647 2827 3701 tenebras
2858 3646 3183 3717 ignorantia:
3217 3657 3426 3702 nostra.

1795 3736 2002 3805 depulit
2049 3736 2169 3792 luce
2207 3737 2494 3808 sapientia:
2540 3752 2680 3803 suae,
2728 3737 2926 3792 deinde
2975 3753 3072 3807 per
3110 3736 3386 3806 justitiam

1796 3845 1917 3898 qua:
1953 3845 2021 3883 ex
2060 3829 2169 3884 fide
2204 3839 2288 3884 est
2321 3828 2497 3899 (Rom.
2537 3833 2618 3900 χ),
2661 3829 2822 3884 solvit
2862 3829 3021 3885 funes
3065 3841 3405 3900 peccatorun

1796 3931 2133 3988 nostrorum,
2181 3923 2538 3980 sanctificans
2579 3939 2681 3979 nos
2732 3924 2782 3978 in
2831 3939 2931 3979 suo
2968 3940 3222 3995 corpore,
3270 3925 3387 3980 redi

1795 4028 1950 4069 mens
1989 4015 2040 4068 in
2088 4015 2335 4086 corporis
2369 4016 2650 4086 passione.
2700 4035 2716 4067 ι
2757 4015 3019 4071 Dominus
3061 4017 3208 4070 enim
3256 4017 3396 4072 solvi

1795 4108 2154 4178 compeditos,
2191 4109 2456 4164 Dominus
2494 4109 2769 4164 illuminat
2806 4125 2981 4164 (τερος
3014 4107 3190 4181 (Psal.
3224 4111 3388 4179 cxsv)

1795 4202 2112 4258 sanctificat
2137 4204 2554 4258 tabernaculum
2579 4219 2738 4258 suum
2764 4203 2941 4271 (Psal.
2969 4204 3128 4275 xu);
3161 4204 3229 4260 de
3255 4219 3414 4260 manu

1795 4293 2028 4349 redemit
2060 4295 2268 4350 inimici
2297 4292 2471 4364 (Psal.
2502 4297 2612 4365 cv).
2652 4315 2670 4347 ι
2705 4295 2994 4363 Dividitur,
3033 4307 3087 4353 et
3117 4297 3169 4351 in
3201 4299 3419 4366 patien-

1795 4383 1949 4449 tiam,
1997 4399 2104 4455 φη
2151 4394 2478 4455 peccatores
2524 4386 2788 4452 sustinet;
2843 4388 2895 4442 in
2949 4388 3412 4451 misericordiam,

1791 4492 1898 4547 qua
1929 4478 2262 4551 paenitentes
2285 4478 2458 4546 fovet;
2491 4480 2546 4536 in
2573 4480 2906 4551 largitatem,
2935 4499 3041 4554 qua
3065 4483 3422 4553 proficientes

1793 4567 2027 4635 exaltat;
2059 4567 2114 4622 in
2143 4568 2542 4635 fortitudinem,
2565 4587 2672 4642 qua
2700 4573 2974 4629 exaltalos
2997 4586 3309 4630 conservat.
3335 4576 3416 4630 De

77 4661 350 4717 tribulos?
378 4662 496 4717 Non
534 4673 616 4719 est
655 4664 808 4720 locus
840 4666 1154 4738 voluptatis,
1188 4643 1301 4727 nisi
1343 4682 1532 4730 uterus
1571 4674 1689 4730 Vir-
1721 4643 1768 4702 υ
1799 4663 1902 4717 hoc
1941 4663 2143 4718 εθευηά

1355 4682 1532 4730 merus
1571 4674 1689 4730 Vir.
1721 4643 1768 4702 ι)
1799 4663 1902 4717 hoc
1941 4663 2184 4718 secundo
2218 4664 2578 4741 quaternario
2627 4674 2739 4720 toto
2790 4665 2893 4721 hoc
2937 4667 3172 4722 adventu
3220 4680 3421 4722 vestrm

72 4768 241 4822 gtnts.

151 4846 235 4900 Ex
284 4848 388 4903 hoc
417 4851 693 4920 egreditur
738 4867 864 4907 cum
898 4854 1431 4928 lmmanitate,,quia
1462 4861 1690 4923 vestitus

53 4939 260 4993 ~cilicio
308 4952 507 4997 nostra:
555 4935 903 5002 mortalitatis
942 4947 1176 5005 visibilis
1217 4951 1472 5010 humanis
1515 4953 1690 5009 oculis

63 5031 347 5100 apparuit,
383 5034 530 5088 etde
560 5035 784 5108 Virgine
809 5037 1045 5108 virgam,
1089 5041 1158 5096 de
1197 5041 1338 5099 libro
1373 5053 1556 5102 autem
1591 5058 1686 5116 ge-

75 5125 379 5179 nerationis
415 5124 612 5180 lineam
659 5127 887 5196 faciens,
922 5131 1230 5189 divinitatis.
1254 5134 1478 5190 hamum
1524 5137 1682 5192 inne-

75 5217 216 5279 Xttil,
245 5230 406 5284 quem
437 5234 603 5274 carne
625 5223 840 5291 operuit
867 5223 1139 5294 virginali,
1171 5236 1230 5281 ut
1259 5227 1426 5285 draco
1456 5245 1685 5302 magnus

76 5304 292 5359 illectus
321 5306 389 5360 ad
424 5322 645 5364 carnem
676 5308 881 5366 ferrum
916 5312 1083 5368 divini
1126 5317 1368 5372 numinis
1410 5319 1683 5374 subsenti-

75 5405 185 5450 ret.
233 5396 522 5465 Egreditur
563 5411 768 5457 etcum
818 5404 1078 5473 novitate,
1112 5409 1241 5477 quia
1274 5425 1554 5481 nunquam
1603 5414 1684 5468 sic

76 5493 242 5539 natus
288 5495 374 5541 est
417 5489 601 5557 homo,
645 5492 787 5546 sicut
831 5494 944 5564 ipse
975 5497 1236 5564 pascitur.
1289 5497 1506 5556 Primus
1531 5503 1682 5557 enim

75 5578 244 5631 homo
272 5579 447 5645 primo
488 5580 555 5636 de
583 5589 726 5638 terra
773 5585 1062 5653 formatur,
1092 5592 1352 5658 secundo,
1385 5594 1582 5649 mulier
1617 5610 1684 5650 ex

74 5666 200 5734 ejus
245 5665 413 5726 latere
457 5670 775 5740 fabricatur,
818 5679 981 5732 tertio
1024 5679 1156 5734 Cain
1208 5684 1684 5741 consuetudinario

77 5759 276 5815 ordine
323 5765 578 5821 nascendi
612 5768 850 5840 gignitur
893 5771 962 5826 ab
993 5784 1240 5842 utroque.
1293 5776 1453 5832 Solus
1484 5778 1585 5834 iste
1615 5780 1683 5834 de

78 5854 201 5910 sola
233 5855 438 5925 virgine
469 5860 1048 5934 nascimur-Uirginis
1079 5875 1290 5923 uterum
1320 5885 1456 5926 nmo
1489 5882 1538 5928 et
1572 5874 1684 5929 sin-

1789 4752 2130 4821 'fraternitati
2168 4754 2554 4812 confabulatus
2581 4772 2728 4823 sum,
2763 4773 2857 4828 per
2894 4757 3177 4812 ﬂuminum
3217 4761 3418 4815 deem--

1796 4848 2006 4903 sionem
2032 4857 2086 4904 et
2110 4850 2392 4904 nominum
2420 4849 2933 4921 interpretationem
2967 4851 3193 4906 moralia
3227 4854 3418 4923 mysti«

1795 4943 1875 5000 cis
1902 4943 2303 5008 internectens;
2341 4951 2523 4998 utrum
2562 4942 2768 5015 aliquid
2804 4943 2990 5015 digne,
3019 4959 3115 4998 vos
3143 4945 3415 5000 videritis.

1797 5034 2000 5091 Verum
2039 5051 2152 5103 non
2189 5037 2375 5092 omnia
2411 5052 2702 5108 possumus
2738 5023 2992 5114 praesenti
3033 5053 3292 5093 sermone
3326 5053 3418 5093 co-

1795 5137 2034 5194 arctare,
2072 5128 2350 5191 fastidium
2388 5130 2676 5183 evitantes.

1869 5223 1982 5293 Ego
2015 5223 2190 5278 habeo
2217 5232 2454 5293 quatuor
2480 5223 2661 5293 capita
2687 5223 2930 5278 dulciora
2965 5240 3016 5293 pt
3035 5223 3265 5288 ioribus,
3295 5241 3416 5296 quae

1795 5316 2045 5372 fortassm
2073 5317 2271 5371 vestris
2298 5316 2554 5371 cordibus
2584 5316 2808 5370 suavius
2829 5315 3272 5384 complaeebunt.
3306 5317 3412 5371 Do.-

1796 5409 1977 5463 tninus
2014 5409 2160 5462 enim
2207 5417 2397 5463 noster
2441 5415 2687 5462 etevatus
2735 5409 2788 5462 in
2833 5422 3020 5466 cruce.
3071 5408 3410 5480 largissimas

1793 5500 2078 5572 sanguinis
2128 5499 2301 5555 undas
2352 5516 2383 5554 a
2432 5508 2667 5569 quatuor
2717 5501 2802 5556 sui
2858 5502 3107 5570 corporis
3162 5501 3411 5571 partibus

1793 5593 2159 5650 abundantius
2197 5592 2400 5647 emisit.
2451 5592 2638 5664 Spinis
2680 5595 2827 5649 enim
2871 5595 3241 5666 pungentibus
3279 5609 3408 5648 san-

1791 5687 2092 5742 ctissimum
2133 5695 2296 5756 caput
2337 5687 2494 5743 nivea
2537 5687 2753 5744 cervice
2801 5687 3089 5754 reflexum,
3132 5698 3188 5743 et
3227 5687 3398 5743 clavis

1790 5776 1956 5846 pedes
1986 5785 2038 5830 et
2077 5791 2290 5842 manus,
2321 5787 2375 5833 et
2404 5777 2595 5835 lancea
2633 5777 2776 5834 latus
2801 5777 2919 5849 ejus
2946 5777 3401 5834 transverberati-

1793 5872 1953 5929 tihus.
2004 5871 2274 5942 pretiosus
2327 5875 2548 5943 sanguis
2595 5875 2843 5941 emicuit,
2892 5873 3046 5944 cujus
3091 5887 3411 5943 aspetswnc
