5232 6550
70 449 169 507 565

1588 421 1827 483 SERMO
1846 418 1961 478 χιι.

72 574 392 627 convertens
418 562 629 621 animas
650 558 718 615 ad
747 550 1229 615 mansuetudinem
1257 542 1671 605 benevolentis.
1701 544 1750 602 Α
1783 535 1941 595 Unde
1968 532 2097 591 illud
2127 552 2138 590 :

1322 542 1671 603 :nevolentie.
1701 544 1750 602 Α
1783 535 1941 595 Unde
1968 532 2097 591 illud
2127 552 2141 590 :
2183 538 2483 590 rLucerna
2512 529 2745 605 pedibus
2789 532 2929 590 meis
2955 533 3183 589 verbum
3213 540 3388 597 tuum.

74 660 203 716 Nam
215 674 337 716 cum
352 666 460 713 tres
475 652 751 708 naturales
767 646 1021 721 potentite
1036 645 1201 701 insint
1216 635 1671 702 anitnmmcilicet,

1775 628 2038 685 et'lumen
2085 626 2302 684 sentitis
2352 626 2492 681 meis
2543 622 2721 695 (Paul.
2759 626 2975 698 cxvttt).
3005 645 3025 680 ι
3077 626 3146 683 Et
3196 625 3401 684 beatus

76 714 358 816 ira,ratio,
380 714 847 816 concupiscentia,
865 734 1310 807 concupiscentia
1342 731 1467 787 data
1482 737 1587 793 est,
1612 734 1674 816 ut
1772 718 2013 816 Petrus:
2045 736 2067 770 ς
2102 716 2201 774 Cui
2224 714 3223 816 ‘benefacillsr‘illiilliinalleliflfllles
3270 726 3392 816 13A"-

78 808 431 899 mo'vearisvad
454 808 818 908 appetendum
841 845 964 901 qua:
998 828 1095 884 tibi
1123 826 1271 881 licita
1300 830 1460 887 sunt;
1493 820 1568 875 ita
1604 815 1672 873 ad
1776 827 1940 908 quam
1959 813 2202 908 lucerna:
2223 809 2426 866 lucenti
2450 810 2503 865 in
2527 808 2828 908 caliginoso
2850 808 2971 908 loco
2993 808 3082 881 (11
3108 809 3259 866 Petr.
3291 812 3390 908 t).»

77 930 462 1003 indignandum
490 935 679 1002 contra
708 940 774 979 ea
799 938 921 995 qum
952 920 1141 976 illicita
1178 926 1337 979 sunt;
1371 914 1511 970 ratio
1548 910 1687 967 data-

78 1023 240 1081 estin
285 1020 520 1076 medium
556 1016 822 1073 cohibens
863 1020 921 1068 et
964 1010 1207 1083 dirigens
1250 1016 1567 1081 utrumque,
1606 1018 1676 1061 ne

81 1116 151 1171 ita
176 1113 317 1168 ultra
346 1111 609 1168 terminos
645 1109 741 1164 irae
762 1112 1065 1169 moveatur,
1098 1110 1154 1159 et
1190 1116 1260 1157 ne
1281 1098 1685 1169 concupiscen-

82 1209 153 1263 tia
178 1213 397 1277 appetat
427 1202 635 1259 illicita.
666 1200 854 1272 Itaque
878 1197 971 1255 lex
1008 1194 1297 1258 naturalis,
1327 1200 1591 1263 quantum
1621 1189 1676 1245 in

80 1312 138 1356 se
166 1306 268 1359 est,
297 1304 384 1353 est
410 1293 779 1351 inmtaculata.
812 1292 925 1349 Lex
968 1305 1187 1363 quoque
1227 1287 1432 1359 scripta
1478 1286 1677 1343 imma-

82 1391 259 1447 eulata
287 1398 449 1445 estet
473 1396 804 1444 convertens
828 1385 1062 1441 animas.
1093 1381 1473 1446 Immaculata.
1499 1380 1551 1436 id
1570 1387 1678 1445 est,

81 1484 198 1539 s'ne
249 1481 503 1539 sordibus
556 1477 909 1542 idololatrias,
967 1482 1296 1532 convertens
1344 1472 1561 1528 animas
1611 1470 1682 1527 ad

83 1573 427 1630 serviendum
461 1573 601 1637 Deo;
628 1569 772 1641 quod
802 1578 1012 1626 tantum
1042 1566 1135 1623 lilii
1178 1564 1345 1624 Israel
1382 1564 1679 1623 faciebant.

82 1660 195 1721 Lex
233 1676 415 1722 autem
442 1664 635 1738 gratim
662 1677 855 1719 revera
881 1673 967 1719 est
988 1661 1339 1718 immaculata
1370 1668 1429 1717 et
1453 1673 1687 1715 convero

83 1766 202 1814 texts
228 1760 461 1814 animas.
490 1757 627 1813 Nam
668 1768 724 1814 et
754 1756 997 1813 Ecclesia
1028 1755 1148 1827 lege
1174 1754 1395 1811 ducitur
1427 1770 1441 1807 :
1471 1751 1685 1808 Dicitur

84 1852 225 1907 enim
276 1866 399 1908 esse
447 1851 564 1906 sine.
613 1848 847 1916 macula,
886 1855 943 1905 et
990 1862 1122 1919 ruga
1174 1844 1391 1918 (Epltes.
1428 1842 1519 1915 v);
1565 1842 1687 1898 sine

1780 903 2148 976 Singulariter
2208 914 2396 961 autem
2444 902 2672 973 ponitur
2722 903 3094 972 praeceptum.
3144 903 3403 974 quamvis

1780 997 1949 1053 multa
1996 996 2108 1053 sint
2150 1004 2422 1069 praecepta
2447 1010 2463 1050 :
2493 995 2644 1067 quia,
2684 1004 2746 1050 ut
2775 994 2852 1050 ait
2882 992 3185 1066 Gregorius
3207 993 3396 1066 (flent.

1779 1088 1851 1144 27
1879 1090 1933 1143 in
1962 1087 2266 1161 Evangel.).
2298 1088 2645 1159 Praeceptum
2686 1085 2905 1143 Domini
2927 1094 2984 1142 et
3011 1102 3182 1141 unum
3210 1093 3318 1151 est,
3346 1096 3403 1141 et

1781 1180 1953 1239 multa
1974 1190 2135 1247 sunt;
2154 1179 2324 1237 multa
2345 1189 2572 1253 propter
2588 1179 2967 1237 diversitatem
2989 1178 3208 1251 operis;
3229 1194 3399 1235 unum

1785 1273 1838 1329 in
1866 1273 2052 1330 radice
2076 1273 2386 1331 cbaritatis.

1861 1386 1879 1420 ι
1913 1366 2105 1423 Timor
2151 1364 2367 1423 Domini
2418 1373 2642 1423 sanctus
2684 1379 3017 1437 permanens
3061 1364 3115 1419 in
3142 1364 3404 1420 saeculum

1784 1456 1969 1515 sieculi
1994 1454 2178 1530 (Paul.
2200 1457 2315 1530 ex).
2348 1476 2368 1511 ι
2400 1455 2642 1513 Exeluso
2665 1456 2907 1512 bumano
2936 1456 3158 1518 timore.
3185 1452 3278 1511 hic
3307 1469 3406 1510 tto-

1785 1558 1938 1606 tatur
1988 1548 2192 1615 lilialis,
2240 1549 2357 1606 sive
2395 1557 2604 1605 castus.
2651 1548 2710 1604 ln
2772 1548 2909 1615 boc,
2958 1548 3105 1621 quod
3157 1546 3409 1604 dicitur:

1789 1646 1955 1700 timor
2004 1644 2220 1701 Domini
2272 1653 2529 1716 sanctus,
2578 1640 2905 1714 intelligitur
2953 1651 3173 1707 castus;
3218 1649 3276 1697 et
3322 1649 3414 1703 est

1788 1736 2004 1793 initium
2045 1733 2335 1804 sapientiae
2376 1734 2545 1790 timor
2590 1731 2831 1789 Domini.
2871 1730 3028 1801 Quod
3060 1741 3245 1789 autem
3273 1730 3417 1788 dici-

1794 1837 1926 1884 tur:
1957 1841 2289 1899 permanens
2334 1826 2390 1882 in
2434 1826 2700 1884 saeculum
2740 1824 2951 1893 szeculi,
2990 1813 3211 1881 tilia'letn
3265 1824 3412 1882 desio

88 1943 292 1998 macula
332 1943 602 2007 criminis,
635 1942 755 1998 sine
801 1938 931 2013 rug’a
969 1937 1354 1995 simulationis.
1384 1935 1563 1992 Etiam
1600 1933 1691 1989 lex
1720 1926 1768 1988 Β
1796 1929 1950 2013 gnat.

84 2034 394 2107 evangelica
425 2035 649 2090 estsine
676 2047 867 2088 errore
906 2030 1150 2092 lueresis.
1199 2036 1529 2085 convertens
1570 2024 1697 2107 auif

86 2141 205 2183 mas
232 2126 578 2198 simpliciter,
610 2136 665 2181 et
688 2125 895 2180 directe
918 2123 1038 2180 sine
1074 2122 1333 2195 ligmento
1360 2120 1685 2193 hypocrisis.

85 2218 363 2273 Attendite
394 2219 601 2290 gradus
628 2217 785 2282 istos,
826 2216 957 2287 quia
995 2214 1172 2285 prima
1200 2212 1289 2269 lci
1313 2223 1400 2269 est
1427 2213 1693 2291 immacttf

87 2303 226 2373 lata;
268 2307 527 2368 secunda.
564 2306 771 2379 magis;
820 2304 984 2362 tertia
1027 2303 1290 2371 maxime,
1328 2303 1410 2361 sic
1463 2312 1522 2361 et
1560 2318 1695 2361 cono

87 2407 303 2455 vertens
335 2399 569 2455 animus.

158 2489 553 2547 Testimonium
584 2491 795 2547 Domini
824 2492 952 2549 bina
985 2492 1150 2550 habet
1187 2491 1515 2563 accidentia,
1550 2491 1696 2549 scili-

91 2589 177 2637 cet
196 2580 354 2638 lldele
372 2584 695 2653 sapientiam
716 2594 986 2655 praestans
1007 2585 1271 2656 parvulis.
1294 2584 1694 2641 Testimonium

93 2674 303 2746 Domini
332 2677 555 2744 dicitur,
584 2694 923 2751 quaecunque
961 2680 1015 2736 in
1058 2680 1279 2752 scriptis
1305 2680 1511 2738 sanctis
1544 2680 1698 2736 testi-

94 2766 289 2825 ﬁcatur
305 2770 585 2832 Dominus.
603 2782 692 2826 aut
711 2772 1032 2842 promittens
1044 2782 1133 2827 aut
1152 2772 1496 2843 prmcipiens.
1514 2771 1698 2828 Conti-

95 2873 295 2920 nentur
322 2864 505 2935 itaque
530 2865 844 2921 testimonia
888 2866 942 2921 in
981 2867 1268 2937 promissis
1307 2876 1363 2923 et
1387 2866 1696 2938 praeceptis,

96 2958 221 3029 quia
237 2974 361 3030 qua?
376 2960 551 3031 promi
560 2960 641 3015 ttil
653 3002 668 3027 ,
684 2960 844 3018 solvit
859 2960 1151 3031 sivejustis
1166 2961 1409 3031 prmmia,
1427 2961 1541 3016 sive
1558 2958 1700 3029 inju-

97 3049 168 3107 tis
191 3058 483 3105 tormenta.
518 3049 857 3120 Sapientiam
878 3060 1145 3122 prznslatts
1164 3052 1427 3122 parvulis,
1452 3051 1503 3105 in
1527 3066 1699 3121 quan-

98 3148 211 3197 tum
228 3150 314 3198 est
342 3143 692 3213 pneeipiens;
720 3144 846 3213 quia
872 3146 963 3215 qui
991 3143 1200 3215 parvuli
1223 3142 1699 3205 suntscientia,ex

97 3237 386 3307 prmceptis
410 3236 622 3292 Domini
652 3238 956 3293 redduntur
984 3239 1278 3309 sapientes,
1319 3248 1378 3292 ut
1410 3236 1482 3292 ibi
1510 3247 1699 3291 osten-

1863 2012 2077 2070 Judicia
2129 2028 2262 2071 vero
2307 2012 2524 2070 Domini
2565 2027 2669 2071 suo
2713 2011 3073 2085 quaternario
3113 2012 3418 2069 vehuntur.

1794 2102 1936 2161 Sunt
1984 2120 2138 2172 vera,
2192 2104 2493 2176 iustiﬁcata
2541 2104 2596 2160 lu
2648 2103 2968 2173 semetipsa,
3029 2101 3420 2160 desiderabilia

1794 2210 1959 2267 super
1979 2212 2176 2253 aurum
2206 2204 2261 2254 et
2287 2196 2526 2269 lapidem
2550 2195 2857 2267 pretiosum
2880 2193 3137 2260 multum,
3166 2192 3418 2251 dulciora

1798 2304 1965 2362 super
1992 2288 2123 2356 uel,
2154 2298 2211 2346 et
2241 2288 2447 2345 favum.
2481 2286 2694 2344 Judicia
2738 2286 2955 2343 Domini
2996 2295 3127 2343 sunt
3178 2286 3423 2343 retribu-

1797 2382 1996 2448 tiones,
2024 2382 2225 2453 quibus
2264 2380 2347 2438 vel
2394 2379 2661 2452 reprobus
2694 2382 2875 2454 punit,
2914 2379 3001 2438 vel
3025 2380 3206 2452 iustos
3235 2393 3420 2437 remu-

1798 2482 1975 2529 nerat.
2005 2473 2083 2529 Ea
2109 2474 2361 2546 quamvis
2395 2474 2507 2530 sint
2542 2487 2687 2545 saepe
2711 2472 2955 2539 occulta,
2986 2486 3205 2546 semper
3234 2482 3421 2530 tamen

1798 2582 1925 2623 vera
1950 2576 2109 2634 sunt;
2135 2578 2191 2624 ct
2206 2567 2380 2639 justa,
2410 2568 2703 2623 veritatem
2722 2564 2859 2635 justi
2878 2564 3083 2635 judicis
3106 2564 3419 2636 sequentia.

1801 2658 1942 2717 Sunt
1986 2661 2291 2733 justillcata
2337 2662 2392 2717 in
2438 2660 2768 2732 semetipsa,
2823 2675 2934 2716 non
2983 2659 3128 2716 sicut
3176 2660 3423 2715 humana

1792 2753 2026 2827 judicia,
2063 2768 2187 2824 qua:
2231 2752 2452 2810 aliunde
2476 2751 2811 2820 formantur,
2848 2752 2996 2809 sicut
3028 2766 3098 2807 ex
3128 2750 3419 2823 allegatiov

1800 2846 1964 2901 nibus
1988 2847 2404 2911 advocatorum,
2433 2853 2489 2900 et
2530 2860 2599 2901 ex
2639 2843 3082 2916 depositionibus
3115 2845 3337 2901 testium
3368 2853 3429 2900 et

1801 2938 2222 2995 recitationibus
2277 2938 2794 2994 instrumentorum.
2846 2935 3006 2993 Unde
3062 2944 3117 2992 et
3166 2950 3264 3007 per
3320 2936 3427 2993 hoc

1804 3045 1946 3101 stepe
1987 3030 2251 3087 falluntur
2272 3029 2511 3101 iudices,
2549 3039 2607 3086 et
2642 3030 2899 3102 quamvis
2924 3030 3063 3087 ordo
3099 3030 3430 3103 judiclarius

1803 3131 2075 3187 servetur,
2108 3137 2503 3194 nonnunquam
2545 3132 2731 3179 tamen
2782 3124 3048 3179 innocens
3092 3126 3431 3179 condemna-

1808 3222 1932 3278 tur,
1972 3223 2031 3269 et
2071 3229 2276 3270 nocens
2323 3214 2647 3270 absolvitur.
2703 3210 2917 3270 Judicia
2966 3223 3153 3269 autem
3214 3212 3313 3270 Dei
3357 3229 3433 3270 ex

97 3297 244 3382 ditur
317 3346 336 3379 σ
368 3328 411 3383 Δ
441 3328 713 3386 mandatis
736 3331 843 3386 tuis
866 3297 1130 3387 intellexi.
1161 3350 1179 3383 ι
1214 3297 1310 3384 Est
1337 3330 1520 3401 itaque
1542 3328 1703 3385 fidele
1730 3297 1777 3361 Ο
1807 3302 2163 3401 “fimum-“$1.

1365 3339 1520 3401 [aqua
1542 3328 1703 3385 mele
1730 3297 1777 3361 C
1807 3304 2116 3375 semetipsis
2148 3302 2599 3372 iustificationent
2641 3305 2941 3376 accipiunt,
2990 3306 3134 3361 sicut
3170 3320 3268 3376 per
3296 3321 3431 3378 pro-

103 3418 475 3473 testimonium
522 3419 735 3475 Domini
780 3420 834 3475 in
885 3420 1273 3491 explanatione
1305 3429 1703 3492 praeceptorum

99 3506 235 3575 eius.
261 3508 317 3563 ln
338 3509 515 3580 primo
530 3510 770 3581 intellige
784 3510 896 3584 58
911 3512 1303 3583 promissinncs
1326 3521 1379 3567 et
1404 3512 1707 3568 commina-

103 3599 309 3663 tiones;
339 3600 392 3653 itt
420 3602 660 3656 secundo
687 3604 1105 3673 prohibitiones.
1136 3602 1320 3659 Fidele
1344 3603 1708 3674 est,-promit-

105 3696 223 3743 tens
247 3697 303 3743 et
328 3691 702 3757 comminans;
747 3693 1073 3763 sapientiam
1118 3702 1388 3765 prtestans
1440 3693 1706 3764 parvulis,

102 3781 399 3850 prohibens
419 3792 472 3837 et
499 3784 844 3855 prtecipie'ns.

173 3870 409 3927 Justitim
446 3873 661 3928 Domini
695 3874 838 3929 binis
879 3883 1277 3931 convertuntur
1314 3876 1706 3943 accidentibus,

104 3976 225 4031 qua:
246 3972 397 4026 sunt,
427 3971 607 4024 rectm,
630 3962 971 4020 lmtitieantes
997 3966 1184 4019 corda.
1214 3964 1449 4021 Justitize
1473 3966 1709 4030 Domini,

104 4068 271 4121 onera
294 4054 566 4124 iustorum
602 4071 616 4107 :
655 4056 799 4112 unde
832 4064 889 4113 et
926 4056 1028 4127 ipsi
1052 4056 1181 4126 justt
1210 4057 1573 4127 appellantur.
1605 4057 1711 4115 Sed

106 4144 365 4201 dicuntur
388 4160 510 4200 esse
544 4144 784 4211 Domini,
811 4147 964 4218 quin,
992 4166 1012 4199 ς
1044 4163 1206 4204 omne
1231 4148 1416 4204 datum
1446 4150 1712 4219 optimum

106 4246 159 4295 et
182 4252 347 4294 omne
379 4238 581 4293 donum
626 4239 927 4310 perfectum
975 4240 1043 4296 de
1088 4255 1307 4295 sursum
1346 4251 1453 4305 est,
1487 4240 1716 4297 descen-

107 4330 243 4385 dens
270 4345 300 4384 a
335 4327 499 4385 Patre
543 4330 807 4385 luminum
840 4329 987 4399 (Jac.
1020 4330 1080 4403 t).
1115 4350 1132 4382 ι
1166 4331 1306 4399 Quid
1342 4332 1487 4387 enim
1522 4332 1711 4398 habes,

107 4437 143 4473 o
185 4420 373 4483 homo,
418 4421 561 4491 quod
608 4437 717 4476 non
761 4422 1057 4492 accepisti?
1087 4420 1151 4491 (1
1193 4422 1316 4479 Cor.
1368 4425 1475 4494 tv).
1519 4423 1650 4480 item
1698 4445 1711 4478 :

115 4530 133 4562 ι
166 4510 353 4569 Gratia
392 4510 486 4567 Dei
516 4527 635 4567 sum
665 4512 717 4567 id
755 4514 899 4583 quod
926 4528 1053 4569 sum
1080 4512 1132 4583 (Ι
1164 4511 1289 4569 Cor.
1320 4516 1432 4583 xv).
1466 4535 1484 4568 ι
1519 4514 1593 4569 Ea
1620 4531 1717 4569 au-

112 4612 218 4659 tem
283 4618 452 4675 Opera
509 4604 736 4675 iustitiae
776 4603 1040 4675 appellari
1087 4613 1362 4675 possunt,
1428 4620 1549 4675 qum
1609 4603 1715 4660 lide

111 4703 414 4751 nascuntur
452 4705 509 4751 et
552 4695 844 4751 dilectione
882 4706 1354 4751 consummantur.
1398 4693 1533 4751 Nam
1575 4698 1717 4752 sicut

110 4787 229 4842 sine
278 4785 387 4843 title
437 4787 775 4859 impossibile
824 4798 909 4844 est
956 4804 1285 4859 quemquam
1338 4789 1557 4859 placere.
1609 4790 1717 4845 Deo

111 4876 315 4950 (Hebr.
345 4879 443 4948 tt),
501 4879 574 4934 ita
616 4889 673 4935 et
726 4879 862 4936 fides
905 4880 1025 4935 sine
1063 4882 1322 4950 operibus
1368 4889 1591 4936 mortua
1633 4892 1720 4938 est

111 4969 255 5041 (Jac.
289 4977 368 5040 tt).
402 4968 563 5026 Fides
608 4978 815 5035 autem,
843 4985 966 5041 qum
1002 4985 1101 5041 per
1128 4970 1475 5027 dilectionem
1522 4986 1720 5042 opera-

114 5074 223 5128 tur,
254 5073 312 5119 et
338 5063 554 5133 prolicit
591 5068 647 5118 et
674 5061 867 5119 suﬁicit
897 5064 965 5119 ad
998 5063 1251 5120 salutem.
1290 5063 1384 5120 lla:
1410 5074 1534 5121 sunt
1556 5062 1718 5134 justi-

111 5157 201 5213 tite
244 5156 457 5211 Domini
508 5165 693 5223 rectae,
736 5155 1075 5214 lmtiﬂcantes
1121 5157 1287 5214 corda
1336 5173 1435 5229 per
1466 5173 1719 5214 serenam

22 5298 23 5305 η
110 5248 523 5304 conscientiam.

180 5339 523 5411 Praeceptum
581 5340 724 5395 binis
767 5340 969 5413 gaudet
1010 5326 1404 5399 accidentibus.
1444 5343 1539 5400 Est
1571 5345 1718 5400 enim

112 5427 373 5491 lucidum,
423 5430 735 5487 illuminans
788 5433 975 5489 oculos
1023 5450 1091 5490 ex
1148 5437 1230 5491 sui
1280 5437 1548 5491 doctrina.
1584 5436 1724 5492 Sunt

111 5520 314 5592 quippe
334 5522 582 5589 quaedam
611 5520 810 5587 lucida,
836 5532 889 5578 et
913 5536 1020 5579 non
1046 5525 1439 5592 illuminantia;
1468 5538 1525 5581 ut
1555 5529 1722 5583 carbo

22 5676 23 5687 χ
114 5614 233 5667 sine
282 5612 502 5668 ﬂamma
557 5613 770 5671 lucidus
824 5626 946 5682 est,
1004 5634 1110 5673 non
1178 5630 1359 5674 tamen
1427 5621 1719 5677 illuminat.

24 5754 25 5757 η
116 5704 356 5761 Flamma
404 5708 523 5762 sine
577 5708 814 5764 carbone
862 5719 920 5764 et
970 5710 1115 5767 lucet.
1157 5722 1211 5767 ct
1254 5712 1541 5769 illuminat.
1578 5715 1723 5770 Prte-

22 5846 23 5849 η
117 5807 334 5866 ceptum
363 5797 573 5853 Domini
606 5798 846 5855 lucidum
885 5810 969 5855 est
1004 5804 1121 5859 sine
1150 5804 1471 5860 confusione
1504 5816 1721 5863 senten-

119 5888 350 5957 tiarum;
407 5889 675 5947 illuminat
728 5892 914 5947 oculos
960 5909 1024 5948 (is
1080 5894 1344 5950 inlusione
1396 5886 1718 5964 gtatinrum.

1805 3399 2028 3471 pinetum
2078 3398 2323 3454 dicitur:
2361 3417 2380 3450 ι
2412 3397 2528 3454 Non
2580 3398 2887 3456 secundum
2936 3398 3209 3455 visionem
3244 3401 3438 3457 oculo-

1808 3509 1928 3549 rum
1950 3492 2247 3565 iudicabit,
2295 3507 2397 3549 nec
2438 3493 2741 3549 secundum
2790 3492 3041 3549 auditum
3082 3492 3300 3549 aurium
3334 3508 3431 3549 ar—

1809 3594 1956 3657 guet,
1990 3585 2086 3641 sed
2120 3583 2391 3655 judicabit
2420 3586 2472 3641 in
2501 3584 2719 3653 justitia
2753 3599 3049 3657 pauperes,
3073 3593 3128 3641 et
3154 3594 3350 3656 arguet
3378 3586 3437 3643 in

1810 3680 2071 3750 tequitate
2117 3693 2216 3749 pro
2271 3678 2578 3734 mansuetis
2627 3685 2790 3734 terra:
2842 3675 3015 3748 (Isai.
3060 3678 3171 3748 XI).
3209 3697 3228 3732 ι
3291 3675 3440 3734 Sunt

1811 3784 1992 3830 autem
2042 3774 2453 3839 desiderabilia,
2503 3775 2557 3830 id
2593 3783 2701 3840 est,
2751 3773 3057 3830 desiderari
3107 3774 3433 3847 dignissima

1812 3882 1978 3938 super
2010 3868 2232 3924 divitias
2269 3878 2327 3924 et
2360 3868 2606 3925 delicias.
2640 3868 2700 3923 in
2728 3882 2866 3924 auro
2893 3877 2949 3925 et
2979 3867 3161 3939 lapide
3191 3871 3438 3941 pretioso

1815 3960 2057 4032 intellige
2090 3961 2338 4029 divitias;
2370 3964 2423 4018 in
2457 3962 2642 4029 melle,
2680 3972 2737 4018 et
2774 3962 2901 4019 l‘avo
2937 3962 3187 4019 delicias.
3219 3962 3439 4020 Divitiae

1817 4062 2002 4108 autem
2040 4055 2280 4109 maxime
2318 4054 2698 4125 intelliguntur
2725 4054 2779 4110 in
2817 4056 3050 4125 pecunia
3080 4065 3138 4110 et
3166 4056 3441 4127 potentia.

1816 4141 1927 4214 59
1956 4142 2061 4198 Per
2090 4145 2324 4214 lapidem
2354 4146 2690 4224 pretiosum,
2723 4161 2833 4217 quo
2860 4154 3113 4217 potentes
3138 4154 3195 4200 et
3225 4142 3439 4202 nobiles

1817 4244 2069 4301 utuntur,
2116 4235 2286 4307 gloria
2334 4238 2616 4308 potentiae.
2674 4236 2846 4293 Porro
2902 4235 3271 4293 divitiae'alite
3311 4252 3441 4294 cum

1816 4326 2136 4384 dilIicultate
2186 4330 2582 4400 acquiruntur,
2630 4330 2773 4385 alim
2818 4329 2940 4385 sine
2988 4326 3333 4385 dillicultate.
3379 4327 3443 4386 in

1819 4418 2003 4485 melle,
2030 4418 2178 4489 quod
2208 4419 2475 4490 liquidum
2514 4429 2600 4476 est
2629 4420 2868 4485 deliciae,
2896 4428 2951 4476 et
2976 4419 3291 4489 voluptates
3317 4417 3443 4477 sine

1819 4508 2030 4564 labore.
2054 4508 2112 4565 ln
2142 4510 2291 4573 favo.
2322 4512 2470 4582 quod
2510 4510 2618 4566 mel
2651 4520 2705 4567 et
2737 4525 2924 4567 ceram
2965 4511 3214 4568 continet
3250 4512 3441 4579 simul,

1822 4601 2131 4672 voluptates
2156 4618 2281 4659 cum
2309 4602 2650 4661 difficultate.

1898 4693 2041 4750 Ecce
2073 4695 2299 4765 quidam
2340 4696 2499 4752 ludus
2531 4695 2861 4767 judiciarius
2909 4701 3157 4755 occurrit
3196 4700 3356 4756 nobis
3390 4703 3444 4757 in

1830 4770 2133 4858 scripturis
2163 4788 2331 4842 Deum
2357 4787 2575 4844 Patrem
2607 4799 3028 4860 reprmsentans.
3060 4788 3242 4847 Locus
3272 4791 3444 4860 juris,

1828 4882 1882 4936 in
1911 4896 2020 4953 quo
2053 4880 2362 4938 Advocatus
2400 4892 2587 4938 noster
2613 4882 2886 4953 postulat,
2924 4883 3229 4955 patibulum
3258 4888 3461 4943 crucis,

1830 4970 1951 5029 l‘uit.
1998 4972 2136 5041 Cum
2194 4974 2341 5027 enim
2385 4988 2451 5028 ex
2512 4973 2693 5030 oﬂicio
2743 4989 2845 5030 suo
2902 4964 3157 5033 advocati
3202 4976 3451 5034 habeant

1827 5076 1997 5133 stare,
2016 5068 2130 5137 ipse
2146 5081 2251 5121 non
2269 5075 2445 5132 stans,
2466 5067 2562 5123 sed
2586 5077 2704 5124 toto
2718 5083 2951 5140 corpore
2966 5080 3198 5126 extenso
3218 5071 3270 5127 in
3295 5071 3452 5142 ligno

1827 5158 2033 5224 crucis,
2060 5158 2201 5229 apud
2234 5157 2453 5213 Patrem
2484 5175 2582 5230 pro
2612 5159 3079 5232 nobisallegavit,
3109 5161 3447 5221 desiderium

1829 5268 1986 5308 suum
2027 5261 2083 5307 et
2122 5251 2683 5308 amicorumsuorum
2718 5268 3023 5324 exponens,
3052 5264 3107 5310 et
3141 5254 3451 5312 adversarii

1829 5344 2104 5400 desiderio
2153 5344 2537 5401 contradicens
2591 5361 2772 5415 usque
2812 5346 2878 5401 ad
2925 5348 3132 5418 proprii
3163 5350 3451 5420 sanguinis

1826 5438 2167 5493 elittsionem.
2200 5438 2342 5493 liem
2378 5455 2533 5493 suam
2569 5426 2827 5509 postulat,
2862 5441 2913 5495 id
2937 5452 3021 5495 est
3047 5457 3218 5508 genus
3247 5443 3443 5497 buma-

1828 5548 1979 5594 nunt,
2014 5532 2158 5602 quod
2187 5532 2299 5599 ipse
2330 5534 2570 5598 creavit,
2598 5534 2758 5601 cujus
2786 5550 2975 5589 verum
3012 5537 3313 5590 dominium
3348 5538 3449 5592 ltu-

1830 5620 2015 5677 bebat.
2070 5623 2371 5677 Ecclesium
2431 5628 2496 5678 de
2544 5628 2799 5694 gentibus
2839 5629 3086 5681 converti
3128 5629 3448 5697 postulavit,

1836 5723 2093 5783 tanquam
2126 5717 2379 5784 proprius
2410 5718 2583 5770 ltteres
2616 5717 2952 5772 ltmrcditatis
2977 5719 3297 5789 petitionem
3320 5736 3450 5792 pro-

1834 5821 2062 5871 ponens,
2090 5816 2147 5860 et
2177 5810 2226 5861 itt
2254 5808 2657 5875 possessionem
2689 5806 2898 5875 dejttre
2932 5810 3071 5864 mitti
3102 5811 3445 5867 desiderans.

1837 5900 2032 5953 i’s-titio
2068 5911 2242 5953 autem
2286 5900 2621 5955 lucreditittis
2649 5917 2708 5953 ex
2754 5918 2810 5953 κη’
2840 5902 2943 5952 λὶιιικ
2982 5914 3031 5953 nt
3069 5903 3299 5973 t't‘gtlat‘l
3325 5902 3448 5973 jure.
