5232 6556
178 483 276 539 5ῗῖ

1616 451 1852 511 SERMO
1892 450 2033 507 XIV.

3405 447 3512 504 573

180 590 362 651 rzctcri
430 583 775 659 evangelista;
841 579 987 649 quod
1055 593 1086 631 a
1155 575 1319 629 Petro
1381 571 1586 628 dictum
1651 577 1770 629 est.
1808 565 2080 632 Aasscrit
2103 565 2234 620 hora
2263 565 2424 621 tertia
2454 563 2654 636 (Marc.
2709 563 2801 636 xv)
2827 563 3120 620 Dominum
3161 562 3510 618 crucifixum-

178 683 360 739 verbis
413 676 720 734 mitioribus
781 670 1050 740 levigent;
1102 664 1251 722 solus
1297 664 1401 719 iste
1461 659 1654 716 durius
1709 659 1786 713 lo-

179 775 365 846 quitur
419 783 473 824 ct
528 775 787 835 tanquam
844 763 1050 817 crimen
1097 767 1420 829 exaggeret,
1477 753 1785 808 ineautiora

181 867 502 935 magistrum
552 859 720 914 verba
779 854 1188 926 przecipitanter
1229 847 1486 905 eﬂ'udisse
1532 853 1787 901 testatur.

187 979 207 1012 ι
238 957 446 1027 Cmpit.
493 952 701 1022 inquit,
741 946 1240 1006 auatbematizare,
1290 952 1345 997 et
1384 939 1607 1010 jurare,
1659 938 1785 1009 quia

183 1053 366 1108 nescio
407 1047 705 1110 hominem,
742 1057 904 1112 quem
944 1040 1084 1094 dicis
1127 1035 1351 1108 (lbid.).
1406 1034 1587 1113 iCur,
1630 1033 1790 1088 beate

187 1143 402 1200 Marce,
452 1149 559 1192 tam
606 1133 859 1204 egregio,
905 1140 1015 1185 tam
1062 1129 1258 1197 insigni
1301 1124 1622 1198 praeceptori
1672 1131 1787 1186 tuo,
1831 1163 1836 1167 -

181 1247 341 1303 quem
372 1230 557 1284 animo
591 1228 819 1281 devotus
849 1223 1008 1278 unice
1032 1221 1236 1292 diligis,
1263 1221 1406 1292 stylo
1433 1234 1538 1273 non
1571 1215 1792 1288 parcis?

189 1324 286 1385 Ut,
317 1334 371 1376 et
418 1335 539 1392 qua:
591 1317 840 1372 laudibus
901 1313 1010 1369 sint
1051 1311 1323 1368 eﬂ‘erenda
1363 1319 1688 1380 prretereas,
1733 1314 1793 1362 et

183 1429 304 1484 qua:
367 1408 811 1482 reprehensionis
870 1404 1161 1458 videantur
1223 1410 1386 1472 apta,
1465 1396 1790 1453 describas?

181 1505 295 1578 69
336 1505 448 1559 Cur
499 1503 603 1557 hoc
649 1498 832 1569 potius
875 1495 1020 1550 libro
1067 1503 1160 1548 tuo
1206 1507 1312 1545 non
1366 1489 1597 1554 inseris,
1647 1487 1789 1556 quod

185 1577 378 1652 Iletrus
421 1595 486 1648 ad
526 1591 830 1662 jussionem
879 1585 1127 1650 Domini,
1170 1583 1350 1651 primo
1393 1581 1603 1636 scilicet
1643 1577 1788 1633 hami

182 1689 350 1757 jactu,
382 1686 588 1756 piscem
629 1680 794 1749 cepit,
831 1678 882 1732 in
923 1677 1079 1746 cujus
1119 1689 1214 1729 ore
1260 1681 1519 1727 staterem
1561 1669 1788 1740 reperit,

187 1793 347 1847 quem
382 1791 480 1846 pro
521 1787 601 1834 se,
632 1769 794 1825 simul
840 1777 896 1822 et
937 1768 1053 1837 ipso
1091 1766 1376 1828 tributum,
1406 1761 1550 1831 quod
1586 1759 1789 1815 Caesari

186 1868 506 1928 debebatur,
549 1874 808 1931 tanquam
835 1858 1064 1919 Domino
1108 1861 1460 1923 comparatus
1492 1849 1792 1920 appendit?

189 1960 407 2031 (Matth.
441 1955 601 2025 xvii.)
649 1927 905 2021 ﬁunqnid
943 1959 998 2004 et
1038 1951 1142 2004 hoc
1187 1959 1240 2003 te
1283 1946 1421 2016 fuglt
1460 1945 1610 2015 qtlia,
1644 1952 1790 2012 post-
1824 1927 1868 1985 Β

188 2067 349 2121 quam
398 2048 472 2103 illi
522 2047 777 2102 Salvator
823 2041 1132 2106 claudendi,
1163 2042 1280 2096 sive
1316 2037 1590 2110 pandendi
1638 2036 1788 2109 regni

189 2138 427 2196 cmlestis
457 2137 800 2208 privilegium
830 2133 1083 2197 contulit,
1112 2141 1400 2201 postquam
1431 2129 1507 2184 illi
1537 2129 1793 2184 universa

191 2241 460 2287 terrarum
490 2243 658 2298 regna
688 2226 920 2297 subjecit
949 2224 1166 2296 (Matth.
1196 2224 1332 2292 xvi).
1364 2231 1656 2294 postquam
1693 2222 1793 2276 dc-

189 2325 373 2393 nilue,
407 2336 475 2376 ne
508 2319 642 2375 fides
669 2317 792 2388 ejus
822 2326 1080 2386 tanquam
1114 2315 1281 2370 totius
1306 2313 1565 2369 Ecclesia:
1594 2311 1793 2367 funda-

190 2424 436 2471 mentum
479 2410 807 2482 quandoque
851 2408 1133 2472 deﬁceret,
1172 2421 1231 2461 se
1279 2420 1470 2460 orasse
1517 2402 1796 2474 perhibuit

193 2508 361 2575 (Luc.
402 2500 590 2574 nu),
641 2516 806 2572 super
851 2506 1107 2555 cunctum
1161 2512 1287 2552 mox
1335 2495 1519 2552 ovium
1572 2507 1795 2549 suarum

192 2611 414 2671 gregem
457 2595 506 2648 ei
540 2594 659 2648 vice
700 2607 796 2646 sua
828 2589 1100 2660 passionis
1141 2587 1446 2643 custodiam
1493 2584 1798 2656 delegavit?

199 2708 218 2740 ι
253 2687 433 2752 Petre,
459 2684 658 2755 inquit,
685 2682 866 2753 diligis
897 2680 1020 2735 me?
1047 2679 1217 2734 Pasce
1259 2692 1389 2733 oves
1429 2691 1578 2731 meas
1608 2674 1796 2747 (Joaa.

194 2792 286 2830 xx:
317 2775 335 2843 )
361 2795 378 2827 ι
423 2774 533 2830 Cur
559 2773 724 2844 igitur
754 2786 785 2825 a
819 2778 898 2824 tot
921 2767 1170 2840 magistri
1211 2765 1501 2837 prteconiis
1529 2765 1798 2820 calamum

195 2865 466 2936 reprimis,
501 2873 558 2919 et
591 2861 726 2929 sola,
768 2875 890 2932 qua:
932 2858 1272 2913 inﬁrmitatis
1320 2863 1470 2920 sunt,
1509 2855 1576 2908 ad
1615 2860 1800 2924 poste-

197 2973 385 3013 rorum
439 2954 762 3012 memoriam
820 2951 961 3022 style
1016 2949 1355 3006 committis?
1412 2947 1521 3002 Sed
1578 2945 1802 3000 omnino

196 3049 530 3105 credendum
561 3055 665 3112 est,
695 3043 896 3100 fratres
927 3043 1057 3109 mei,
1084 3042 1236 3113 quia,
1265 3055 1390 3096 cum
1419 3054 1563 3093 unus
1593 3044 1804 3092 utrum-

197 3155 306 3212 que
351 3139 579 3208 spiritus
627 3135 875 3205 impleat,
904 3149 1047 3190 unus
1088 3132 1376 3200 utriusque
1421 3129 1590 3186 corda
1630 3129 1804 3198 possi-

201 3234 358 3296 deat;
395 3228 533 3283 alter
577 3227 646 3282 ab
683 3226 880 3291 altero,
909 3223 1000 3280 ille
1044 3224 1100 3279 in
1143 3221 1396 3288 docendi,
1423 3222 1527 3277 iste
1571 3220 1624 3275 in
1671 3219 1807 3276 scri-

1891 659 2019 726 Qua:
2051 658 2296 730 profecto
2325 658 2617 712 diversitas
2649 657 2752 711 ista
2797 655 3096 720 dirimitur,
3130 664 3214 720 ut,
3246 654 3509 725 quoniam

1892 755 2025 807 hora
2081 752 2242 806 tertia
2290 749 2609 808 tumultuati
2665 759 2792 803 sunt
2830 766 2842 802 :
2875 746 3172 816 Cruciiige,
3229 744 3514 815 crueiiigc,

1891 846 2080 899 eadem
2132 845 2267 899 liora
2314 842 2608 896 Dominum
2640 839 2839 909 lingua:
2872 837 3253 893 cruciﬁxerint
3293 836 3518 892 Judaeu-

1891 952 2037 999 rum,
2072 951 2234 1006 quem
2282 935 2414 989 hora
2466 941 2624 988 sexta
2672 930 3035 1002 corporaliter
3061 930 3202 985 clavi
3233 930 3518 985 confisete

1890 1028 2195 1100 gentilium.
2228 1027 2305 1082 illi
2355 1028 2542 1096 itaque
2584 1024 2740 1094 juxta
2785 1029 3157 1094 corporalem.
3204 1030 3266 1076 ut
3311 1023 3387 1077 ita
3436 1021 3519 1076 lo-

1892 1139 2053 1193 quar,
2081 1123 2159 1177 rei
2203 1131 2374 1193 gesta:
2408 1122 2710 1192 loquuntur
2747 1121 3066 1186 historiam;
3103 1119 3226 1183 iste,
3257 1117 3518 1188 spiritua-

1893 1213 1999 1270 lem
2037 1214 2265 1284 protulit
2306 1213 2374 1269 de
2418 1212 2624 1268 furiosa
2655 1211 2971 1267 Iudaeorum
3019 1210 3348 1267 crudelitate
3392 1223 3518 1264 seu-

1897 1307 2146 1362 tentiam.
2194 1305 2271 1360 llli
2319 1315 2588 1377 pmterea
2641 1305 2908 1368 referunt,
2941 1314 3073 1358 ante
3114 1302 3241 1372 galli
3290 1311 3518 1356 cantum

1897 1409 1980 1454 ter
2009 1415 2039 1454 a
2067 1399 2232 1454 Petro
2261 1399 2552 1457 Dominum
2599 1397 2772 1452 fuisse
2814 1407 3072 1469 negatum
3102 1393 3322 1466 (Martii.
3352 1409 3516 1459 xxvi;

1893 1491 2025 1546 Luc.
2072 1492 2232 1560 uti);
2265 1490 2392 1555 iste,
2420 1491 2515 1560 qui
2559 1491 2663 1545 hoc
2692 1504 2758 1544 ex
2783 1503 2886 1544 ore
2929 1489 3146 1544 scilicet
3187 1487 3358 1557 ipsius
3413 1499 3511 1543 ἰθ-

1892 1586 2074 1657 gantis
2123 1586 2354 1650 audivit,
2390 1600 2498 1640 non
2545 1595 2844 1658 antequam
2895 1584 3071 1652 gallus
3109 1590 3381 1647 cantaret,
3413 1579 3516 1640 sed

1895 1659 2189 1747 antequam
2243 1677 2327 1730 bis
2371 1684 2658 1740 cantaret,
2722 1675 3066 1746 negationem
3120 1675 3262 1728 hanc
3315 1673 3518 1728 factam

1895 1783 2018 1822 esse
2064 1767 2392 1837 perscripsit
2440 1766 2637 1837 (Marc.
2673 1769 2811 1837 XIV).
2847 1765 3002 1833 Quod
3054 1763 3328 1836 profecto,
3362 1762 3520 1832 juxta

1897 1859 2059 1913 iidem
2094 1859 2196 1922 rei,
2225 1859 2498 1912 veraciter
2525 1857 2844 1927 contigisse.
2877 1857 3020 1911 sicut
3048 1855 3269 1911 Marcus
3296 1855 3522 1921 asserit,

1899 1951 2280 2007 indubitanter
2317 1950 2654 2020 agnoscitur.
2703 1948 2857 2016 Quod
2911 1942 3095 2002 autem
3142 1948 3236 2002 alii
3277 1933 3520 2018 evange-

1900 2045 2040 2100 lisuc
2086 2045 2312 2109 dicunt,
2363 2045 2436 2097 ita
2487 2043 2652 2097 debet
2695 2041 2921 2112 intelligi
2975 2041 3084 2112 70
3129 2049 3188 2094 ut
3236 2041 3378 2094 trina
3427 2039 3523 2094 illa

1901 2137 2116 2208 negatio
2170 2146 2298 2191 ante
2344 2134 2468 2206 galli
2525 2132 2748 2204 quidem
2799 2141 3015 2187 tantum
3083 2131 3250 2186 fuerit
3307 2141 3521 2201 cmpta,

1901 2227 1997 2283 sed
2050 2235 2342 2297 postquam
2401 2224 2570 2280 semel
2618 2223 2845 2288 cecinit,
2887 2223 2960 2278 sit
3001 2223 3241 2292 expleta,
3277 2231 3355 2287 ut,
3388 2237 3526 2292 quo-

1856 2388 1860 2393 ,
1903 2316 2052 2371 niam
2083 2316 2137 2369 in
2168 2313 2474 2384 Scripturis
2499 2328 2630 2384 pars
2659 2312 2799 2368 solet
2833 2313 2966 2383 poni
2997 2328 3098 2384 pro
3128 2321 3260 2376 toto,
3295 2313 3346 2367 id
3377 2311 3526 2382 quod

1901 2423 2000 2479 per
2039 2406 2354 2462 Mattltaum
2401 2398 2646 2461 dicitur:
2686 2427 2715 2455 α
2743 2406 3056 2476 Antequam
3098 2404 3273 2475 gallus
3314 2413 3528 2468 cantet,

1905 2509 1988 2555 ter
2014 2515 2101 2554 me
2129 2498 2376 2570 negabis,
2411 2519 2429 2551 ι
2472 2499 2552 2553 sic
2603 2497 2945 2570 intelligatur
2976 2507 3238 2567 tanquam
3272 2497 3481 2552 diceret
3510 2514 3522 2549 :

1907 2599 1991 2646 ter
2021 2605 2108 2646 me
2144 2599 2444 2660 negaturus
2491 2596 2787 2658 antequam
2821 2589 2996 2658 gallus
3024 2597 3232 2652 cantet,
3259 2587 3521 2658 incipies;

1903 2681 2000 2736 sed
2029 2679 2276 2736 eamdem
2312 2680 2687 2751 negationem.
2716 2689 3011 2750 postquam
3053 2679 3227 2734 semel
3266 2691 3528 2734 cantave-

1905 2774 2009 2838 rit,
2051 2782 2346 2841 antequam
2390 2780 2620 2826 cantare
2661 2771 2745 2825 bis
2788 2769 3050 2840 adjiciat,
3092 2769 3524 2826 consummabis.

1907 2864 2000 2920 Sic
2027 2865 2232 2933 itaque,
2263 2871 2320 2918 et
2345 2864 2490 2933 quod
2526 2861 2744 2917 Marcus
2769 2864 2845 2916 ait
2878 2883 2891 2916 :
2933 2879 2950 2912 ι
2981 2859 3312 2930 Priusquam
3346 2859 3525 2930 gallus

1907 2966 2092 3013 cantet
2117 2956 2234 3020 bis;
2277 2975 2297 3009 ι
2342 2966 2398 3010 et
2435 2955 2581 3025 quod
2615 2955 2709 3008 alii
2745 2954 2936 3008 dicunt
2969 2970 2983 3006 :
3020 2972 3039 3004 ι
3074 2953 3386 3022 Antequam
3420 2951 3530 3022 gal-

1908 3048 1994 3103 lus
2019 3056 2225 3114 cantet,
2255 3056 2340 3101 ter
2382 3061 2472 3101 me
2515 3046 2763 3117 negabis,
2802 3063 2821 3097 ι
2859 3044 2990 3100 licet
3016 3044 3198 3099 verbis
3237 3043 3528 3098 videantur

1908 3140 2281 3195 exterioribus
2306 3138 2615 3202 dissonare,
2643 3136 3143 3205 congruentissima
3173 3135 3530 3206 reperiuntur

1911 3229 2214 3284 intentione
2251 3243 2580 3300 congruere.

198 3320 363 3377 bendi
415 3318 596 3375 studio
641 3332 749 3373 non
797 3315 1098 3372 discordat.
1140 3312 1297 3368 Sicut
1339 3312 1488 3369 enim
1531 3311 1727 3366 Petrus
1773 3327 1803 3366 a
1833 3321 1877 3382 ο
1979 3318 2169 3391 Neque
2208 3320 2356 3373 enim
2404 3319 2527 3375 sine
2569 3333 2760 3385 causa,
2796 3317 3002 3375 fratres
3036 3319 3166 3384 mei,
3197 3319 3390 3374 beatus
3423 3317 3530 3372 iste

203 3411 422 3484 propria
461 3424 556 3466 sua
595 3408 753 3464 laude
794 3406 1061 3472 cohibuit,
1097 3406 1173 3460 ita
1213 3404 1491 3460 veridicos
1532 3403 1679 3459 illius
1725 3403 1804 3457 in-

201 3516 414 3576 terpres
459 3503 528 3559 ab
571 3517 661 3568 ea,
694 3514 860 3572 quam
903 3500 961 3556 in
1010 3497 1277 3570 magistro
1308 3512 1418 3554 non
1446 3496 1660 3561 didicit,
1693 3510 1805 3550 suae

199 3596 588 3666 descriptionis
661 3591 964 3664 articulum.
1022 3589 1340 3646 refrenavit.
1395 3587 1481 3644 Ad
1546 3601 1804 3657 magnum

200 3687 402 3756 quippe
441 3683 644 3738 factum
687 3689 776 3738 est
821 3690 1025 3736 nostra:
1051 3677 1436 3735 ediﬁcetionis
1468 3676 1802 3746 exemplum,

199 3785 263 3832 ut
299 3784 353 3830 et
391 3774 481 3830 ille
516 3774 585 3831 de
625 3787 688 3830 se
732 3787 841 3830 non
889 3769 1189 3835 etl‘erenda,
1217 3768 1315 3825 sed
1354 3766 1804 3838 reprehendenda

204 3862 496 3937 proferret,
543 3870 599 3918 et
645 3863 748 3917 iste
791 3861 874 3918 sic
922 3875 1025 3931 per
1066 3859 1324 3916 veritatis
1372 3857 1575 3913 lineam
1625 3865 1810 3912 rectus

204 3955 485 4011 incederet
514 3963 575 4009 ut
604 3970 675 4008 ne
699 3953 766 4010 ad
798 3951 1042 4024 magistri
1073 3950 1294 4021 quidem
1317 3947 1569 4006 favorem
1600 3948 1809 4019 aliqua.

205 4057 367 4102 tenus
394 4034 715 4102 declinaret.
748 4043 883 4099 Nam
915 4059 1038 4098 cum
1067 4042 1273 4098 Paulus
1303 4042 1452 4098 dicat
1479 4040 1804 4112 apostolus:

211 4159 229 4190 ι
272 4138 385 4207 Ego
430 4137 473 4192 si
523 4135 838 4192 hominibus
873 4135 1091 4206 placere
1120 4133 1336 4197 vellent,
1370 4131 1576 4188 Christi
1618 4146 1812 4187 servus

206 4243 314 4285 non
365 4243 541 4284 essem
575 4224 777 4301 (Galat.
823 4228 884 4295 ι).
927 4243 947 4278 ι
999 4225 1070 4281 Et
1111 4224 1244 4281 alibi
1292 4217 1580 4294 scriptura
1627 4223 1812 4294 prohi-

207 4322 333 4377 beat
363 4335 377 4375 :
417 4341 434 4373 ι
467 4319 623 4386 Quod
653 4318 753 4374 tibi
780 4318 898 4373 tleri
931 4332 1038 4373 non
1068 4319 1176 4383 vis,
1203 4315 1296 4371 alii
1333 4329 1404 4372 ne
1431 4314 1630 4371 feceris
1655 4313 1810 4384 (Tob.

210 4416 324 4486 iv);
364 4434 382 4466 ι
428 4414 624 4470 beatus
667 4409 1001 4482 evangelista
1040 4408 1217 4464 noluit
1256 4408 1522 4478 exhibere
1551 4408 1815 4479 magistro

208 4505 355 4576 quod
394 4504 510 4575 ipse
554 4501 657 4558 sibi
687 4500 916 4572 praeberi
963 4499 1135 4556 nollet
1173 4500 1244 4556 ab
1282 4498 1480 4555 altero.
1510 4498 1684 4567 Quem
1711 4499 1818 4554 uti-

208 4613 317 4668 que
341 4597 388 4654 si
416 4595 577 4652 laude
603 4593 908 4666 pracrerret,
945 4594 1122 4665 magis
1150 4591 1455 4650 oﬂ'enderet
1478 4605 1646 4663 quam
1675 4606 1814 4662 pra:-

1871 3464 1873 3467 .
1913 3409 2147 3474 Marcus,
2180 3407 2265 3464 vel
2303 3407 2445 3477 apud
2483 3405 2704 3480 Moysen
2754 3408 2857 3464 sub
2906 3408 3191 3463 schemate
3236 3406 3530 3462 ﬂuviorum

1911 3498 2068 3571 (Gen.
2105 3498 2188 3570 ιι),
2225 3486 2316 3553 vel
2362 3498 2506 3570 apud
2554 3497 2903 3553 Ezechielem
2954 3513 3055 3570 per
3105 3498 3276 3553 facies
3321 3500 3535 3554 anima-

1910 3593 2043 3648 lium
2089 3592 2312 3662 (Επειδὴ.
2353 3591 2421 3661 ι),
2467 3591 2611 3647 sicut
2657 3591 2914 3661 superius
2961 3590 3168 3646 dictum
3219 3597 3338 3656 est,
3387 3591 3533 3646 inter

1912 3693 2132 3739 sanctos
2176 3681 2549 3753 evangelistas
2585 3680 2891 3737 secundum
2929 3680 3145 3735 obtinet
3190 3679 3392 3736 locum.
3425 3678 3535 3736 Sed

1912 3772 2200 3843 honorem,
2226 3791 2388 3848 quem
2425 3776 2476 3828 in
2508 3773 2905 3844 pradestinato
2941 3773 3175 3830 sortitus
3200 3783 3284 3829 est
3313 3774 3532 3838 ordine,

1913 3877 2098 3924 servat
2144 3868 2197 3922 in
2246 3865 2563 3938 evangelica
2613 3865 2870 3920 veritate.
2910 3864 3048 3920 Nam
3100 3865 3155 3919 in
3204 3863 3534 3936 Apocalypsi

1911 3957 2138 4015 Joannis
2164 3973 2288 4012 eum
2316 3965 2636 4011 sanctorum
2667 3955 2988 4011 animalium
3017 3956 3155 4011 ordo
3179 3955 3533 4021 describitur,

1915 4064 2022 4104 non
2065 4047 2179 4117 jam
2223 4046 2518 4111 secundus,
2554 4046 2649 4100 sed
2692 4045 2907 4116 primus
2939 4045 3029 4108 hie
3071 4045 3124 4100 in
3157 4061 3345 4100 eorum
3377 4053 3536 4101 cata-

1914 4140 2039 4211 logo
2088 4141 2380 4209 reperitur.
2420 4155 2438 4189 ι
2478 4136 2536 4190 ln
2584 4136 2766 4191 medio
2801 4137 2968 4202 sedis,
3004 4137 3201 4208 inquit,
3238 4145 3293 4191 et
3338 4137 3392 4191 in
3428 4137 3538 4191 cir-

1915 4233 2064 4289 cuitu
2104 4233 2252 4288 sedis
2291 4239 2530 4301 quatuor
2581 4229 2839 4284 animalia
2887 4229 3045 4299 plena
3100 4229 3277 4285 oculis
3315 4238 3444 4284 ante
3482 4237 3538 4284 et

1919 4335 2102 4391 retro;
2145 4344 2164 4377 ι
2200 4338 2438 4393 moxque
2461 4321 2741 4393 subjungit
2768 4341 2782 4376 :
2816 4342 2834 4374 ι
2867 4321 2932 4376 Et
2960 4321 3161 4375 animal
3192 4322 3430 4392 primum
3459 4322 3538 4377 sic

1919 4415 2047 4472 mile
2075 4415 2241 4480 leoni,
2267 4423 2323 4469 et
2345 4412 2649 4469 secundum
2677 4412 2883 4467 animal
2911 4413 3091 4468 simile
3115 4413 3309 4476 vitulo,
3343 4423 3400 4468 et
3430 4423 3542 4469 ter-

1923 4511 2057 4565 tium
2085 4507 2288 4564 animal
2317 4507 2528 4562 habens
2568 4503 2763 4560 faciem
2794 4507 2952 4576 quasi
2987 4505 3248 4568 hominis,
3286 4515 3341 4560 et
3376 4521 3540 4576 quar-

1923 4611 2037 4656 tum
2071 4597 2274 4655 animal
2304 4596 2485 4654 simile
2518 4596 2716 4667 aquila:
2744 4597 2948 4651 volanti
2976 4597 3165 4668 (Apoc.
3201 4599 3300 4668 Iv).
3343 4617 3361 4650 ι
3411 4598 3536 4652 Haec

209 4699 402 4746 staret.
450 4689 514 4745 Ili
557 4688 719 4759 plane
746 4687 980 4744 libenter
1008 4687 1145 4745 alios
1173 4687 1423 4744 laudibus
1449 4686 1684 4744 eiierunl
1717 4687 1811 4759 qui
1841 4671 1892 4732 θ
1917 4706 2001 4753 est
2031 4709 2165 4752 sane
2193 4692 2461 4765 quadriga
2507 4691 2598 4746 illa
2629 4690 2870 4754 Domini,
2895 4697 2952 4745 et
2983 4706 3174 4746 verum
3211 4691 3538 4754 Clterubitn,

209 4784 429 4840 laudem
458 4783 528 4838 ab
555 4780 928 4838 adulatoribus
973 4790 1245 4852 qua:runt.
1279 4780 1552 4837 Cancrum
1587 4779 1682 4852 qui
1723 4795 1816 4835 re-

211 4883 372 4933 cusat
426 4873 678 4942 accipere
739 4871 1066 4944 dedignatur
1124 4869 1339 4928 oﬂ‘erre.
1393 4866 1690 4928 Enimvero
1747 4886 1813 4927 ex

212 4964 455 5020 Matth-xi
500 4965 662 5030 libro,
693 4964 783 5034 qui
810 4962 925 5034 jam
951 4963 1143 5036 utique
1168 4963 1346 5021 fuerat
1373 4965 1554 5020 editus
1580 4963 1642 5019 Β.
1667 4963 1817 5022 Petri

148 5105 152 5110 .
215 5056 402 5112 laudes
449 5055 662 5112 Marcus
706 5056 992 5113 addiscere
1020 5058 1217 5127 potuit,
1245 5072 1384 5127 quas
1422 5058 1477 5112 in
1518 5056 1637 5125 ejus
1670 5057 1814 5113 rela-

215 5148 454 5204 tionibus
484 5163 589 5202 non
619 5149 858 5215 audivit;
891 5150 986 5205 sed
1019 5150 1378 5221 morigeratus
1407 5158 1492 5204 est
1524 5149 1812 5221 magistro,

211 5251 298 5315 et,
347 5240 435 5308 qui
487 5256 593 5295 non
640 5240 1015 5296 delectabatur
1058 5242 1201 5308 suis,
1253 5240 1505 5298 laudibus
1550 5242 1818 5298 abstinuit

213 5331 427 5384 alienis.

289 5420 456 5473 Porro
496 5429 679 5475 autem
721 5420 978 5476 nonnulla
1019 5421 1372 5493 reperiuntur
1409 5435 1530 5492 qua:
1571 5423 1651 5479 sic
1689 5433 1819 5479 sunt

213 5526 243 5562 a
279 5511 334 5564 Β.
371 5510 553 5566 Marco
583 5512 790 5583 digesta
838 5521 897 5568 ut
941 5513 1167 5584 reliquis
1209 5513 1558 5584 evangelistis
1588 5514 1816 5569 videan-

215 5612 308 5654 tur
335 5617 458 5657 esse
490 5606 784 5658 contraria.
817 5604 949 5672 Qua
981 5617 1162 5661 tamen
1192 5607 1237 5662 si
1274 5608 1526 5678 sagacius
1562 5623 1820 5678 perscru-

217 5702 424 5756 tentur,
473 5701 530 5749 et
580 5697 794 5751 cmteris
843 5712 1081 5753 consona
1131 5706 1185 5753 et
1239 5699 1623 5755 sincerissima:
1690 5702 1814 5756 fidei

217 5786 568 5854 reperiuntur
593 5790 824 5846 veritate
857 5790 1102 5855 fundata,
1134 5793 1276 5846 sicut
1322 5803 1405 5847 est
1445 5795 1603 5863 quod
1632 5795 1814 5849 caueri

215 5873 352 5929 hora
380 5886 532 5928 sexta
559 5876 774 5947 (Matth.
805 5895 985 5948 xxvii;
1012 5881 1141 5936 Luc.
1171 5896 1340 5942 xxm;
1369 5878 1530 5938 John.
1564 5886 1700 5956 xu),
1728 5885 1815 5941 hic

1917 4801 2027 4858 quo
2061 4785 2286 4840 innixus
2325 4782 2513 4838 omnia
2559 4780 2780 4840 circuit.
2811 4780 3012 4851 ubique
3053 4782 3334 4836 discurrit.
3368 4781 3533 4835 lunu-

1919 4877 2212 4934 merabiles
2252 4877 2380 4932 hinc
2423 4874 2550 4929 inde
2581 4873 2875 4944 pervigiles
2906 4875 3083 4940 oculi;
3123 4874 3380 4929 scintillze
3419 4888 3542 4929 cre-

1918 4969 2074 5025 brius
2115 4967 2396 5031 emicant,
2448 4965 2661 5036 fulgura
2716 4965 2962 5034 paven'da
3017 4975 3334 5021 coruscant.
3382 4965 3539 5020 Retti

1919 5061 2106 5131 pedes,
2139 5071 2197 5116 et
2241 5060 2297 5114 in
2339 5057 2574 5114 sublime
2605 5057 2894 5112 tendentes
2924 5076 2935 5110 :
2968 5058 3144 5130 Terga
3176 5070 3410 5130 pennata
3430 5101 3445 5126 ,
3487 5069 3542 5114 et

1919 5151 2124 5220 ubique
2151 5150 2408 5206 volantia.
2443 5151 2655 5206 Tenent
2702 5164 2761 5204 se
2809 5163 3020 5216 mutuo,
3050 5151 3263 5219 sibique
3294 5151 3539 5221 perplexi

1921 5255 2069 5299 sunt.
2100 5243 2170 5299 Et
2216 5252 2479 5314 tattquam
2529 5255 2649 5301 rota
2685 5249 2739 5301 in
2779 5247 2961 5301 medio
3012 5257 3144 5299 rota:
3187 5243 3542 5315 illncjngitcr

1922 5346 2194 5408 pergunt,
2240 5352 2352 5408 quo
2401 5343 2603 5396 virtute
2653 5339 2829 5394 sancti
2876 5337 3113 5408 Spiritus
3167 5337 3536 5406 itnpelluztittr.

1923 5428 2052 5484 Hmc
2079 5439 2186 5498 est,
2219 5430 2464 5500 inquam,
2498 5431 2786 5502 quadriga,
2820 5432 2887 5485 de
2928 5446 3033 5499 qua
3085 5431 3138 5483 in
3173 5429 3418 5484 Cauticis
3454 5429 3538 5482 di-

1922 5521 2108 5576 citur:
2145 5541 2162 5571 ι
2197 5521 2444 5588 Nescivi,
2492 5523 2674 5577 anima
2721 5539 2842 5577 mea
2890 5523 3238 5577 conturbavit
3285 5538 3371 5576 me
3415 5537 3544 5590 pro-

1921 5620 2044 5680 pter
2074 5612 2372 5683 quadrigas
2409 5613 2719 5668 Aminadab
2751 5612 2932 5677 (Cant.
2975 5615 3074 5683 vi).
3114 5631 3134 5663 ι
3171 5613 3282 5667 V'ox
3320 5620 3405 5666 est
3439 5611 3543 5682 Sy-

1923 5719 2167 5775 nagogaa,
2200 5719 2322 5776 qua!
2367 5704 2558 5760 videns
2608 5715 2816 5759 tantam
2860 5716 3064 5759 sancta
3103 5704 3364 5758 Ecclesim
3409 5720 3538 5774 gra-

1923 5796 2054 5848 tiam
2086 5810 2207 5850 esse
2225 5794 2513 5862 collatam,
2537 5795 2681 5850 dolet
2710 5812 2768 5849 se
2800 5795 3014 5850 tardius
3042 5795 3313 5864 recepisse
3346 5795 3538 5854 iidem.

1921 5902 1988 5942 eo
2011 5889 2156 5959 quod
2190 5887 2471 5959 Evangelii
2509 5904 2614 5944 non
2646 5890 2929 5960 agnoverit
2971 5891 3278 5942 veritatem.
3309 5887 3537 5941 Amina-

3416 0 5060 107 __/
