  <div class='ocr_page' id='page_1' title='image "/cluster/home/n/w/nwhite01/storage/ocr_20150623/144-145/uc1.31175001639262/298.png"; bbox 0 0 5232 6544; ppageno 0'>
   <div class='ocr_carea' id='block_1_1' title="bbox 201 519 291 581">
    <p class='ocr_par' dir='ltr' id='par_1_1' title="bbox 201 519 291 581">
     <span class='ocr_line' id='line_1_1' title="bbox 201 519 291 581; baseline -0.033 -1"><span class='ocrx_word' id='word_1_1' title='bbox 201 519 291 581; x_wconf 71' lang='grc'><strong>531</strong></span> 
     </span>
    </p>
   </div>
   <div class='ocr_carea' id='block_1_2' title="bbox 1670 469 2052 534">
    <p class='ocr_par' dir='ltr' id='par_1_2' title="bbox 1670 469 2052 534">
     <span class='ocr_line' id='line_1_2' title="bbox 1670 469 2052 534; baseline -0.029 1"><span class='ocrx_word' id='word_1_2' title='bbox 1670 474 1908 534; x_wconf 74' lang='lat' dir='ltr'><strong>SERMO</strong></span> <span class='ocrx_word' id='word_1_3' title='bbox 1937 469 2052 529; x_wconf 80' lang='lat' dir='ltr'><strong>XV.</strong></span> 
     </span>
    </p>
   </div>
   <div class='ocr_carea' id='block_1_3' title="bbox 3413 433 3522 494">
    <p class='ocr_par' dir='ltr' id='par_1_3' title="bbox 3413 433 3522 494">
     <span class='ocr_line' id='line_1_3' title="bbox 3413 433 3522 494; baseline 0 -2"><span class='ocrx_word' id='word_1_4' title='bbox 3413 433 3522 494; x_wconf 69' lang='lat'><strong>583</strong></span> 
     </span>
    </p>
   </div>
   <div class='ocr_carea' id='block_1_4' title="bbox 200 529 3519 679">
    <p class='ocr_par' dir='ltr' id='par_1_4' title="bbox 200 529 3519 679">
     <span class='ocr_line' id='line_1_4' title="bbox 201 529 1891 578; baseline -0.003 0"><span class='ocrx_word' id='word_1_5' title='bbox 201 529 232 578; x_wconf 74' lang='grc'>5</span> <span class='ocrx_word' id='word_1_6' title='bbox 274 529 291 576; x_wconf 94' lang='grc'><strong>1</strong></span> <span class='ocrx_word' id='word_1_7' title='bbox 1674 529 1772 534; x_wconf 34' lang='grc' dir='ltr'><strong>*Ψ</strong></span> <span class='ocrx_word' id='word_1_8' title='bbox 1812 529 1849 530; x_wconf 26' lang='lat' dir='ltr'>ﬂ</span> <span class='ocrx_word' id='word_1_9' title='bbox 1877 529 1891 532; x_wconf 54' lang='grc'><strong>⁷</strong></span> 
     </span>
     <span class='ocr_line' id='line_1_5' title="bbox 200 529 3519 679; baseline -0.015 -7"><span class='ocrx_word' id='word_1_10' title='bbox 200 529 481 673; x_wconf 61' lang='grc' dir='ltr'>(ἐῗιιὶειιιπι</span> <span class='ocrx_word' id='word_1_11' title='bbox 513 605 725 679; x_wconf 77' lang='lat' dir='ltr'><strong>primus</strong></span> <span class='ocrx_word' id='word_1_12' title='bbox 752 591 1087 651; x_wconf 87' lang='lat' dir='ltr'><strong>annuntians</strong></span> <span class='ocrx_word' id='word_1_13' title='bbox 1111 584 1243 656; x_wconf 73' lang='lat' dir='ltr'><strong>iecit</strong></span> <span class='ocrx_word' id='word_1_14' title='bbox 1274 593 1426 636; x_wconf 76' lang='lat' dir='ltr'><strong>nova:</strong></span> <span class='ocrx_word' id='word_1_15' title='bbox 1468 574 1588 628; x_wconf 79' lang='lat' dir='ltr'><strong>fidei</strong></span> <span class='ocrx_word' id='word_1_16' title='bbox 1620 568 1802 644; x_wconf 54' lang='lat' dir='ltr'><strong>[logia]</strong></span> <span class='ocrx_word' id='word_1_17' title='bbox 1835 574 1877 629; x_wconf 81' lang='grc' dir='ltr'>Α</span> <span class='ocrx_word' id='word_1_18' title='bbox 1909 575 2101 618; x_wconf 62' lang='grc' dir='ltr'><strong>οιιῑηθ⁵</strong></span> <span class='ocrx_word' id='word_1_19' title='bbox 2129 571 2267 627; x_wconf 67' lang='grc' dir='ltr'><strong>βεηο</strong></span> <span class='ocrx_word' id='word_1_20' title='bbox 2290 547 2607 623; x_wconf 60' lang='grc' dir='ltr'><strong>Ὕ³Ρ⁰τ³³¹¹ί⁵</strong></span> <span class='ocrx_word' id='word_1_21' title='bbox 2635 542 2756 597; x_wconf 23' lang='lat' dir='ltr'><strong>&quot;fel</strong></span> <span class='ocrx_word' id='word_1_22' title='bbox 2783 539 3000 595; x_wconf 53' lang='grc' dir='ltr'><strong>(δί’νθτθ</strong></span> <span class='ocrx_word' id='word_1_23' title='bbox 3031 530 3281 590; x_wconf 45' lang='lat' dir='ltr'><strong>amem!“</strong></span> <span class='ocrx_word' id='word_1_24' title='bbox 3317 529 3393 584; x_wconf 59' lang='lat'><strong>&quot;3</strong></span> <span class='ocrx_word' id='word_1_25' title='bbox 3419 543 3519 600; x_wconf 61' lang='lat' dir='ltr'><strong>per</strong></span> 
     </span>
     <span class='ocr_line' id='line_1_6' title="bbox 1197 623 3519 679; baseline -0.001 0"><span class='ocrx_word' id='word_1_26' title='bbox 1197 677 1203 679; x_wconf 77' lang='lat'><strong><em>_</em></strong></span> <span class='ocrx_word' id='word_1_27' title='bbox 1481 669 1490 679; x_wconf 91' lang='lat'><strong>.</strong></span> <span class='ocrx_word' id='word_1_28' title='bbox 1565 678 1570 679; x_wconf 64' lang='lat'><strong><em>,</em></strong></span> <span class='ocrx_word' id='word_1_29' title='bbox 1739 663 1770 679; x_wconf 72' lang='grc' dir='ltr'><strong>,ς</strong></span> <span class='ocrx_word' id='word_1_30' title='bbox 1909 671 2062 679; x_wconf 60' lang='grc' dir='ltr'><strong>μμ...</strong></span> <span class='ocrx_word' id='word_1_31' title='bbox 2084 644 2511 679; x_wconf 64' lang='grc' dir='ltr'><strong>..,.....η..ροιιιηηία</strong></span> <span class='ocrx_word' id='word_1_32' title='bbox 2541 642 2860 679; x_wconf 72' lang='grc' dir='ltr'>ιιί-ἰηοιιιιιιιν</span> <span class='ocrx_word' id='word_1_33' title='bbox 2888 629 3147 679; x_wconf 84' lang='lat' dir='ltr'><strong>anhelare</strong></span> <span class='ocrx_word' id='word_1_34' title='bbox 3179 623 3519 679; x_wconf 69' lang='lat' dir='ltr'><strong>nrono~itum</strong></span> 
     </span>
    </p>
   </div>
   <div class='ocr_carea' id='block_1_5' title="bbox 204 663 1804 769">
    <p class='ocr_par' dir='ltr' id='par_1_5' title="bbox 204 663 1804 769">
     <span class='ocr_line' id='line_1_7' title="bbox 204 663 1804 769; baseline -0.034 0"><span class='ocrx_word' id='word_1_35' title='bbox 204 663 637 769; x_wconf 52' lang='lat' dir='ltr'><strong>fundamentum.</strong></span> <span class='ocrx_word' id='word_1_36' title='bbox 687 693 754 747; x_wconf 86' lang='lat' dir='ltr'><strong>Et</strong></span> <span class='ocrx_word' id='word_1_37' title='bbox 799 689 925 741; x_wconf 92' lang='lat' dir='ltr'><strong>dum</strong></span> <span class='ocrx_word' id='word_1_38' title='bbox 955 697 1073 753; x_wconf 82' lang='lat' dir='ltr'><strong>ipse</strong></span> <span class='ocrx_word' id='word_1_39' title='bbox 1102 677 1359 745; x_wconf 81' lang='lat' dir='ltr'><strong>scriptor.</strong></span> <span class='ocrx_word' id='word_1_40' title='bbox 1401 669 1492 739; x_wconf 88' lang='lat' dir='ltr'><strong>qui</strong></span> <span class='ocrx_word' id='word_1_41' title='bbox 1524 678 1578 721; x_wconf 89' lang='lat' dir='ltr'><strong>et</strong></span> <span class='ocrx_word' id='word_1_42' title='bbox 1607 663 1804 734; x_wconf 56' lang='lat' dir='ltr'><strong>prasti-</strong></span> 
     </span>
    </p>
   </div>
   <div class='ocr_carea' id='block_1_6' title="bbox 204 757 1806 860">
    <p class='ocr_par' dir='ltr' id='par_1_6' title="bbox 204 757 1806 860">
     <span class='ocr_line' id='line_1_8' title="bbox 204 757 1806 860; baseline -0.031 0"><span class='ocrx_word' id='word_1_43' title='bbox 204 815 357 860; x_wconf 86' lang='lat' dir='ltr'><strong>cator</strong></span> <span class='ocrx_word' id='word_1_44' title='bbox 387 795 592 855; x_wconf 71' lang='lat' dir='ltr'><strong>exstitit</strong></span> <span class='ocrx_word' id='word_1_45' title='bbox 646 780 944 854; x_wconf 72' lang='lat' dir='ltr'><strong>Evangelii.</strong></span> <span class='ocrx_word' id='word_1_46' title='bbox 1001 775 1168 835; x_wconf 86' lang='lat' dir='ltr'><strong>idem.</strong></span> <span class='ocrx_word' id='word_1_47' title='bbox 1199 762 1602 838; x_wconf 85' lang='lat' dir='ltr'><strong>quodammodo</strong></span> <span class='ocrx_word' id='word_1_48' title='bbox 1653 757 1806 812; x_wconf 87' lang='lat' dir='ltr'><strong>faber</strong></span> 
     </span>
    </p>
   </div>
   <div class='ocr_carea' id='block_1_7' title="bbox 206 851 1807 968">
    <p class='ocr_par' dir='ltr' id='par_1_7' title="bbox 206 851 1807 968">
     <span class='ocr_line' id='line_1_9' title="bbox 206 851 1807 968; baseline -0.033 -16"><span class='ocrx_word' id='word_1_49' title='bbox 206 895 296 968; x_wconf 92' lang='lat' dir='ltr'><strong>qui</strong></span> <span class='ocrx_word' id='word_1_50' title='bbox 325 902 380 947; x_wconf 91' lang='lat' dir='ltr'><strong>et</strong></span> <span class='ocrx_word' id='word_1_51' title='bbox 408 882 672 957; x_wconf 85' lang='lat' dir='ltr'><strong>agricola,</strong></span> <span class='ocrx_word' id='word_1_52' title='bbox 706 860 821 946; x_wconf 80' lang='lat' dir='ltr'><strong>ipse.</strong></span> <span class='ocrx_word' id='word_1_53' title='bbox 869 869 970 925; x_wconf 83' lang='lat' dir='ltr'><strong>sibi</strong></span> <span class='ocrx_word' id='word_1_54' title='bbox 1021 877 1296 918; x_wconf 90' lang='lat' dir='ltr'><strong>vomerem</strong></span> <span class='ocrx_word' id='word_1_55' title='bbox 1346 851 1656 914; x_wconf 83' lang='lat' dir='ltr'><strong>fabricavit,</strong></span> <span class='ocrx_word' id='word_1_56' title='bbox 1698 861 1807 918; x_wconf 90' lang='lat' dir='ltr'><strong>quo</strong></span> 
     </span>
     <span class='ocr_line' id='line_1_10' title="bbox 843 940 1806 968; baseline -0.031 30"><span class='ocrx_word' id='word_1_57' title='bbox 843 967 850 968; x_wconf 27' lang='grc' dir='ltr'>ί</span> <span class='ocrx_word' id='word_1_58' title='bbox 1154 957 1179 968; x_wconf 73' lang='grc'><strong><em>⁸</em></strong></span> <span class='ocrx_word' id='word_1_59' title='bbox 1211 957 1220 968; x_wconf 91' lang='grc'><strong>¹</strong></span> <span class='ocrx_word' id='word_1_60' title='bbox 1261 954 1272 965; x_wconf 77' lang='grc'>⁸</span> <span class='ocrx_word' id='word_1_61' title='bbox 1404 951 1526 968; x_wconf 54' lang='grc' dir='ltr'><strong>νντ-ρ</strong></span> <span class='ocrx_word' id='word_1_62' title='bbox 1581 940 1806 968; x_wconf 75' lang='grc' dir='ltr'><strong>ι.....,.....;</strong></span> 
     </span>
    </p>
   </div>
   <div class='ocr_carea' id='block_1_8' title="bbox 205 940 1807 1044">
    <p class='ocr_par' dir='ltr' id='par_1_8' title="bbox 205 940 1807 1044">
     <span class='ocr_line' id='line_1_11' title="bbox 205 940 1807 1044; baseline -0.032 -2"><span class='ocrx_word' id='word_1_63' title='bbox 205 940 460 1042; x_wconf 57' lang='lat' dir='ltr'><strong>:idelicet</strong></span> <span class='ocrx_word' id='word_1_64' title='bbox 491 979 557 1032; x_wconf 89' lang='lat' dir='ltr'><strong>ad</strong></span> <span class='ocrx_word' id='word_1_65' title='bbox 585 967 886 1044; x_wconf 74' lang='lat' dir='ltr'><strong>spargenda</strong></span> <span class='ocrx_word' id='word_1_66' title='bbox 929 975 1102 1016; x_wconf 75' lang='lat' dir='ltr'><strong>sacra:</strong></span> <span class='ocrx_word' id='word_1_67' title='bbox 1151 954 1274 1023; x_wconf 60' lang='lat' dir='ltr'><strong>fidei</strong></span> <span class='ocrx_word' id='word_1_68' title='bbox 1321 951 1530 1006; x_wconf 75' lang='lat' dir='ltr'><strong>Semina</strong></span> <span class='ocrx_word' id='word_1_69' title='bbox 1581 940 1807 998; x_wconf 88' lang='lat' dir='ltr'><strong>immani</strong></span> 
     </span>
    </p>
   </div>
   <div class='ocr_carea' id='block_1_9' title="bbox 208 1031 1834 1134">
    <p class='ocr_par' dir='ltr' id='par_1_9' title="bbox 208 1031 1834 1134">
     <span class='ocr_line' id='line_1_12' title="bbox 208 1031 1834 1134; baseline -0.031 -1"><span class='ocrx_word' id='word_1_70' title='bbox 208 1073 392 1133; x_wconf 77' lang='lat' dir='ltr'><strong>cordis</strong></span> <span class='ocrx_word' id='word_1_71' title='bbox 423 1085 551 1124; x_wconf 81' lang='lat' dir='ltr'><strong>arva</strong></span> <span class='ocrx_word' id='word_1_72' title='bbox 586 1058 872 1134; x_wconf 72' lang='lat' dir='ltr'><strong>proscidit.</strong></span> <span class='ocrx_word' id='word_1_73' title='bbox 928 1052 1039 1107; x_wconf 91' lang='lat' dir='ltr'><strong>lloc</strong></span> <span class='ocrx_word' id='word_1_74' title='bbox 1081 1050 1266 1116; x_wconf 77' lang='lat' dir='ltr'><strong>itaque</strong></span> <span class='ocrx_word' id='word_1_75' title='bbox 1297 1043 1457 1097; x_wconf 88' lang='lat' dir='ltr'><strong>modo</strong></span> <span class='ocrx_word' id='word_1_76' title='bbox 1490 1031 1834 1092; x_wconf 62' lang='lat' dir='ltr'><strong>Alexandri--</strong></span> 
     </span>
    </p>
   </div>
   <div class='ocr_carea' id='block_1_10' title="bbox 208 1122 1812 1223">
    <p class='ocr_par' dir='ltr' id='par_1_10' title="bbox 208 1122 1812 1223">
     <span class='ocr_line' id='line_1_13' title="bbox 208 1122 1812 1223; baseline -0.031 0"><span class='ocrx_word' id='word_1_77' title='bbox 208 1183 333 1223; x_wconf 86' lang='lat' dir='ltr'><strong>nam</strong></span> <span class='ocrx_word' id='word_1_78' title='bbox 374 1157 615 1218; x_wconf 84' lang='lat' dir='ltr'><strong>fundavit</strong></span> <span class='ocrx_word' id='word_1_79' title='bbox 665 1149 975 1206; x_wconf 80' lang='lat' dir='ltr'><strong>eet-lesiam.</strong></span> <span class='ocrx_word' id='word_1_80' title='bbox 1009 1154 1241 1207; x_wconf 91' lang='lat' dir='ltr'><strong>eamque</strong></span> <span class='ocrx_word' id='word_1_81' title='bbox 1284 1150 1390 1188; x_wconf 91' lang='lat' dir='ltr'><strong>non</strong></span> <span class='ocrx_word' id='word_1_82' title='bbox 1423 1122 1543 1191; x_wconf 84' lang='lat' dir='ltr'><strong>suo.</strong></span> <span class='ocrx_word' id='word_1_83' title='bbox 1575 1127 1668 1180; x_wconf 67' lang='lat' dir='ltr'><strong>se]</strong></span> <span class='ocrx_word' id='word_1_84' title='bbox 1699 1136 1812 1176; x_wconf 89' lang='lat' dir='ltr'><strong>ma-</strong></span> 
     </span>
    </p>
   </div>
   <div class='ocr_carea' id='block_1_11' title="bbox 212 1212 1812 1328">
    <p class='ocr_par' dir='ltr' id='par_1_11' title="bbox 212 1212 1812 1328">
     <span class='ocr_line' id='line_1_14' title="bbox 212 1212 1812 1328; baseline -0.028 -18"><span class='ocrx_word' id='word_1_85' title='bbox 212 1253 368 1328; x_wconf 79' lang='lat' dir='ltr'><strong>gistri</strong></span> <span class='ocrx_word' id='word_1_86' title='bbox 401 1250 485 1307; x_wconf 78' lang='lat' dir='ltr'><strong>sui</strong></span> <span class='ocrx_word' id='word_1_87' title='bbox 517 1243 734 1302; x_wconf 77' lang='lat' dir='ltr'><strong>romine</strong></span> <span class='ocrx_word' id='word_1_88' title='bbox 763 1234 1022 1293; x_wconf 76' lang='lat' dir='ltr'><strong>titttlztvit.</strong></span> <span class='ocrx_word' id='word_1_89' title='bbox 1052 1240 1110 1284; x_wconf 90' lang='lat' dir='ltr'><strong>ut</strong></span> <span class='ocrx_word' id='word_1_90' title='bbox 1157 1229 1222 1282; x_wconf 86' lang='lat' dir='ltr'><strong>ad</strong></span> <span class='ocrx_word' id='word_1_91' title='bbox 1277 1226 1538 1281; x_wconf 86' lang='lat' dir='ltr'><strong>honorem</strong></span> <span class='ocrx_word' id='word_1_92' title='bbox 1568 1217 1631 1271; x_wconf 89' lang='lat' dir='ltr'><strong>B.</strong></span> <span class='ocrx_word' id='word_1_93' title='bbox 1666 1212 1812 1270; x_wconf 80' lang='lat' dir='ltr'><strong>l’elt‘i</strong></span> 
     </span>
     <span class='ocr_line' id='line_1_15' title="bbox 1177 1307 1812 1328; baseline -0.024 15"><span class='ocrx_word' id='word_1_94' title='bbox 1177 1323 1188 1328; x_wconf 79' lang='lat'><em>‘</em></span> <span class='ocrx_word' id='word_1_95' title='bbox 1418 1324 1426 1328; x_wconf 86' lang='lat'><strong><em>-</em></strong></span> <span class='ocrx_word' id='word_1_96' title='bbox 1625 1307 1662 1328; x_wconf 68' lang='grc' dir='ltr'>ἢ</span> <span class='ocrx_word' id='word_1_97' title='bbox 1684 1316 1812 1328; x_wconf 76' lang='grc' dir='ltr'><strong>.ι---.-</strong></span> 
     </span>
    </p>
   </div>
   <div class='ocr_carea' id='block_1_12' title="bbox 213 1307 1818 1410">
    <p class='ocr_par' dir='ltr' id='par_1_12' title="bbox 213 1307 1818 1410">
     <span class='ocr_line' id='line_1_16' title="bbox 213 1307 1818 1410; baseline -0.027 -8"><span class='ocrx_word' id='word_1_98' title='bbox 213 1307 374 1402; x_wconf 64' lang='grc' dir='ltr'><strong>ἔθιιεε</strong></span> <span class='ocrx_word' id='word_1_99' title='bbox 398 1336 694 1410; x_wconf 74' lang='lat' dir='ltr'><strong>apostolica</strong></span> <span class='ocrx_word' id='word_1_100' title='bbox 731 1335 1090 1395; x_wconf 83' lang='lat' dir='ltr'><strong>nuneupetnr.</strong></span> <span class='ocrx_word' id='word_1_101' title='bbox 1124 1323 1188 1375; x_wconf 82' lang='lat' dir='ltr'><strong>al</strong></span> <span class='ocrx_word' id='word_1_102' title='bbox 1218 1332 1381 1388; x_wconf 89' lang='lat' dir='ltr'><strong>quam</strong></span> <span class='ocrx_word' id='word_1_103' title='bbox 1415 1324 1593 1367; x_wconf 89' lang='lat' dir='ltr'><strong>tamen</strong></span> <span class='ocrx_word' id='word_1_104' title='bbox 1624 1307 1818 1362; x_wconf 82' lang='lat' dir='ltr'><strong>Petrus</strong></span> 
     </span>
    </p>
   </div>
   <div class='ocr_carea' id='block_1_13' title="bbox 216 1403 1820 1493">
    <p class='ocr_par' dir='ltr' id='par_1_13' title="bbox 216 1403 1820 1493">
     <span class='ocr_line' id='line_1_17' title="bbox 216 1403 1820 1493; baseline -0.027 1"><span class='ocrx_word' id='word_1_105' title='bbox 216 1403 518 1493; x_wconf 61' lang='lat' dir='ltr'><strong>accessisse</strong></span> <span class='ocrx_word' id='word_1_106' title='bbox 563 1444 669 1484; x_wconf 92' lang='lat' dir='ltr'><strong>non</strong></span> <span class='ocrx_word' id='word_1_107' title='bbox 709 1424 926 1492; x_wconf 80' lang='lat' dir='ltr'><strong>legitur.</strong></span> <span class='ocrx_word' id='word_1_108' title='bbox 961 1414 1134 1469; x_wconf 85' lang='lat' dir='ltr'><strong>Tanta</strong></span> <span class='ocrx_word' id='word_1_109' title='bbox 1169 1411 1335 1482; x_wconf 87' lang='lat' dir='ltr'><strong>igitttr</strong></span> <span class='ocrx_word' id='word_1_110' title='bbox 1365 1403 1626 1471; x_wconf 67' lang='lat' dir='ltr'><strong>magister</strong></span> <span class='ocrx_word' id='word_1_111' title='bbox 1657 1409 1820 1466; x_wconf 85' lang='lat' dir='ltr'><strong>atque</strong></span> 
     </span>
    </p>
   </div>
   <div class='ocr_carea' id='block_1_14' title="bbox 219 1501 1822 1596">
    <p class='ocr_par' dir='ltr' id='par_1_14' title="bbox 219 1501 1822 1596">
     <span class='ocr_line' id='line_1_18' title="bbox 219 1501 1822 1596; baseline -0.027 -12"><span class='ocrx_word' id='word_1_112' title='bbox 219 1501 516 1596; x_wconf 76' lang='lat' dir='ltr'><strong>discipulus</strong></span> <span class='ocrx_word' id='word_1_113' title='bbox 583 1513 943 1582; x_wconf 57' lang='lat' dir='ltr'><strong>unanimitate</strong></span> <span class='ocrx_word' id='word_1_114' title='bbox 1005 1501 1319 1573; x_wconf 83' lang='lat' dir='ltr'><strong>conjuncti,</strong></span> <span class='ocrx_word' id='word_1_115' title='bbox 1404 1505 1512 1550; x_wconf 90' lang='lat' dir='ltr'><strong>tam</strong></span> <span class='ocrx_word' id='word_1_116' title='bbox 1578 1502 1822 1546; x_wconf 76' lang='lat' dir='ltr'><strong>coitsoua</strong></span> 
     </span>
    </p>
   </div>
   <div class='ocr_carea' id='block_1_15' title="bbox 223 1579 1816 1682">
    <p class='ocr_par' dir='ltr' id='par_1_15' title="bbox 223 1579 1816 1682">
     <span class='ocr_line' id='line_1_19' title="bbox 223 1579 1816 1682; baseline -0.026 -9"><span class='ocrx_word' id='word_1_117' title='bbox 223 1579 394 1674; x_wconf 68' lang='lat' dir='ltr'><strong>sancti</strong></span> <span class='ocrx_word' id='word_1_118' title='bbox 426 1611 663 1682; x_wconf 81' lang='lat' dir='ltr'><strong>Spiritus</strong></span> <span class='ocrx_word' id='word_1_119' title='bbox 694 1613 821 1662; x_wconf 90' lang='lat' dir='ltr'><strong>sunt</strong></span> <span class='ocrx_word' id='word_1_120' title='bbox 853 1579 1212 1667; x_wconf 77' lang='lat' dir='ltr'><strong>inspiratione</strong></span> <span class='ocrx_word' id='word_1_121' title='bbox 1254 1586 1468 1644; x_wconf 79' lang='lat' dir='ltr'><strong>conﬂati</strong></span> <span class='ocrx_word' id='word_1_122' title='bbox 1517 1594 1576 1638; x_wconf 92' lang='lat' dir='ltr'><strong>ut</strong></span> <span class='ocrx_word' id='word_1_123' title='bbox 1625 1590 1681 1635; x_wconf 90' lang='lat' dir='ltr'><strong>et</strong></span> <span class='ocrx_word' id='word_1_124' title='bbox 1725 1579 1816 1633; x_wconf 82' lang='lat' dir='ltr'><strong>Pe-</strong></span> 
     </span>
    </p>
   </div>
   <div class='ocr_carea' id='block_1_16' title="bbox 221 1672 1827 1767">
    <p class='ocr_par' dir='ltr' id='par_1_16' title="bbox 221 1672 1827 1767">
     <span class='ocr_line' id='line_1_20' title="bbox 221 1672 1827 1767; baseline -0.028 -1"><span class='ocrx_word' id='word_1_125' title='bbox 221 1719 342 1767; x_wconf 89' lang='lat' dir='ltr'><strong>trus</strong></span> <span class='ocrx_word' id='word_1_126' title='bbox 394 1701 774 1761; x_wconf 84' lang='lat' dir='ltr'><strong>manifestaret</strong></span> <span class='ocrx_word' id='word_1_127' title='bbox 825 1687 1176 1749; x_wconf 68' lang='lat' dir='ltr'><strong>EvauceIium</strong></span> <span class='ocrx_word' id='word_1_128' title='bbox 1233 1681 1449 1742; x_wconf 64' lang='lat' dir='ltr'><strong>Manu,</strong></span> <span class='ocrx_word' id='word_1_129' title='bbox 1499 1685 1551 1730; x_wconf 91' lang='lat' dir='ltr'><strong>et</strong></span> <span class='ocrx_word' id='word_1_130' title='bbox 1609 1672 1827 1727; x_wconf 73' lang='lat' dir='ltr'><strong>Marcus</strong></span> 
     </span>
    </p>
   </div>
   <div class='ocr_carea' id='block_1_17' title="bbox 226 1759 1826 1858">
    <p class='ocr_par' dir='ltr' id='par_1_17' title="bbox 226 1759 1826 1858">
     <span class='ocr_line' id='line_1_21' title="bbox 226 1759 1826 1858; baseline -0.029 0"><span class='ocrx_word' id='word_1_131' title='bbox 226 1802 572 1858; x_wconf 88' lang='lat' dir='ltr'><strong>construeret</strong></span> <span class='ocrx_word' id='word_1_132' title='bbox 621 1786 908 1845; x_wconf 86' lang='lat' dir='ltr'><strong>ecclesiam</strong></span> <span class='ocrx_word' id='word_1_133' title='bbox 957 1779 1465 1846; x_wconf 50' lang='lat' dir='ltr'><strong>Pt-tro.‘quatenus.</strong></span> <span class='ocrx_word' id='word_1_134' title='bbox 1502 1767 1629 1823; x_wconf 89' lang='lat' dir='ltr'><strong>dum</strong></span> <span class='ocrx_word' id='word_1_135' title='bbox 1679 1759 1826 1834; x_wconf 79' lang='lat' dir='ltr'><strong>quod</strong></span> 
     </span>
    </p>
   </div>
   <div class='ocr_carea' id='block_1_18' title="bbox 231 1853 1830 1952">
    <p class='ocr_par' dir='ltr' id='par_1_18' title="bbox 231 1853 1830 1952">
     <span class='ocr_line' id='line_1_22' title="bbox 231 1853 1830 1952; baseline -0.028 -1"><span class='ocrx_word' id='word_1_136' title='bbox 231 1907 390 1952; x_wconf 81' lang='lat' dir='ltr'><strong>suum</strong></span> <span class='ocrx_word' id='word_1_137' title='bbox 419 1896 560 1950; x_wconf 83' lang='lat' dir='ltr'><strong>erat,</strong></span> <span class='ocrx_word' id='word_1_138' title='bbox 593 1882 732 1937; x_wconf 87' lang='lat' dir='ltr'><strong>alter</strong></span> <span class='ocrx_word' id='word_1_139' title='bbox 763 1873 1088 1932; x_wconf 85' lang='lat' dir='ltr'><strong>transferret</strong></span> <span class='ocrx_word' id='word_1_140' title='bbox 1135 1870 1186 1922; x_wconf 90' lang='lat' dir='ltr'><strong>in</strong></span> <span class='ocrx_word' id='word_1_141' title='bbox 1231 1866 1487 1922; x_wconf 64' lang='lat' dir='ltr'><strong>alterum.</strong></span> <span class='ocrx_word' id='word_1_142' title='bbox 1522 1857 1663 1928; x_wconf 85' lang='lat' dir='ltr'><strong>quod</strong></span> <span class='ocrx_word' id='word_1_143' title='bbox 1715 1853 1830 1910; x_wconf 81' lang='lat' dir='ltr'><strong>cui-</strong></span> 
     </span>
    </p>
   </div>
   <div class='ocr_carea' id='block_1_19' title="bbox 227 1933 1903 2058">
    <p class='ocr_par' dir='ltr' id='par_1_19' title="bbox 227 1933 1903 2058">
     <span class='ocr_line' id='line_1_23' title="bbox 227 1933 1903 2058; baseline -0.026 -17"><span class='ocrx_word' id='word_1_144' title='bbox 227 2001 335 2058; x_wconf 89' lang='lat' dir='ltr'><strong>que</strong></span> <span class='ocrx_word' id='word_1_145' title='bbox 382 1991 500 2038; x_wconf 89' lang='lat' dir='ltr'><strong>erat</strong></span> <span class='ocrx_word' id='word_1_146' title='bbox 551 1974 854 2048; x_wconf 80' lang='lat' dir='ltr'><strong>proprium.</strong></span> <span class='ocrx_word' id='word_1_147' title='bbox 903 1977 1193 2022; x_wconf 85' lang='lat' dir='ltr'><strong>commune</strong></span> <span class='ocrx_word' id='word_1_148' title='bbox 1241 1966 1390 2015; x_wconf 86' lang='lat' dir='ltr'><strong>esset</strong></span> <span class='ocrx_word' id='word_1_149' title='bbox 1428 1954 1738 2013; x_wconf 87' lang='lat' dir='ltr'><strong>amborum,</strong></span> <span class='ocrx_word' id='word_1_150' title='bbox 1769 1956 1825 2002; x_wconf 87' lang='lat' dir='ltr'><strong>et</strong></span> <span class='ocrx_word' id='word_1_151' title='bbox 1861 1933 1903 1990; x_wconf 75' lang='grc' dir='ltr'><strong>Β</strong></span> 
     </span>
    </p>
   </div>
   <div class='ocr_carea' id='block_1_20' title="bbox 230 2046 1831 2132">
    <p class='ocr_par' dir='ltr' id='par_1_20' title="bbox 230 2046 1831 2132">
     <span class='ocr_line' id='line_1_24' title="bbox 230 2046 1831 2132; baseline -0.024 0"><span class='ocrx_word' id='word_1_152' title='bbox 230 2046 745 2132; x_wconf 74' lang='lat' dir='ltr'><strong>utriuslibettomm</strong></span> <span class='ocrx_word' id='word_1_153' title='bbox 778 2069 924 2117; x_wconf 80' lang='lat' dir='ltr'><strong>esset</strong></span> <span class='ocrx_word' id='word_1_154' title='bbox 954 2057 1097 2125; x_wconf 81' lang='lat' dir='ltr'><strong>quod</strong></span> <span class='ocrx_word' id='word_1_155' title='bbox 1129 2062 1358 2120; x_wconf 87' lang='lat' dir='ltr'><strong>uterque</strong></span> <span class='ocrx_word' id='word_1_156' title='bbox 1393 2046 1672 2118; x_wconf 89' lang='lat' dir='ltr'><strong>proprium</strong></span> <span class='ocrx_word' id='word_1_157' title='bbox 1703 2056 1831 2110; x_wconf 87' lang='lat' dir='ltr'><strong>pos-</strong></span> 
     </span>
    </p>
   </div>
   <div class='ocr_carea' id='block_1_21' title="bbox 234 2135 1834 2224">
    <p class='ocr_par' dir='ltr' id='par_1_21' title="bbox 234 2135 1834 2224">
     <span class='ocr_line' id='line_1_25' title="bbox 234 2135 1834 2224; baseline -0.024 -1"><span class='ocrx_word' id='word_1_158' title='bbox 234 2167 459 2224; x_wconf 86' lang='lat' dir='ltr'><strong>sideret.</strong></span> <span class='ocrx_word' id='word_1_159' title='bbox 510 2158 664 2216; x_wconf 87' lang='lat' dir='ltr'><strong>Unde</strong></span> <span class='ocrx_word' id='word_1_160' title='bbox 711 2155 769 2208; x_wconf 87' lang='lat' dir='ltr'><strong>B.</strong></span> <span class='ocrx_word' id='word_1_161' title='bbox 809 2152 1001 2207; x_wconf 83' lang='lat' dir='ltr'><strong>l’etrus</strong></span> <span class='ocrx_word' id='word_1_162' title='bbox 1051 2161 1174 2201; x_wconf 90' lang='lat' dir='ltr'><strong>eum</strong></span> <span class='ocrx_word' id='word_1_163' title='bbox 1224 2141 1379 2213; x_wconf 90' lang='lat' dir='ltr'><strong>quasi</strong></span> <span class='ocrx_word' id='word_1_164' title='bbox 1432 2135 1725 2208; x_wconf 87' lang='lat' dir='ltr'><strong>specialem</strong></span> <span class='ocrx_word' id='word_1_165' title='bbox 1778 2138 1834 2185; x_wconf 91' lang='lat' dir='ltr'><strong>ct</strong></span> 
     </span>
    </p>
   </div>
   <div class='ocr_carea' id='block_1_22' title="bbox 232 2224 1834 2322">
    <p class='ocr_par' dir='ltr' id='par_1_22' title="bbox 232 2224 1834 2322">
     <span class='ocr_line' id='line_1_26' title="bbox 232 2224 1834 2322; baseline -0.025 -6"><span class='ocrx_word' id='word_1_166' title='bbox 232 2258 544 2316; x_wconf 89' lang='lat' dir='ltr'><strong>unanimem</strong></span> <span class='ocrx_word' id='word_1_167' title='bbox 599 2265 710 2322; x_wconf 67' lang='lat' dir='ltr'><strong>prae</strong></span> <span class='ocrx_word' id='word_1_168' title='bbox 758 2243 976 2300; x_wconf 54' lang='lat' dir='ltr'><strong>ca&#39;teris</strong></span> <span class='ocrx_word' id='word_1_169' title='bbox 1022 2239 1191 2294; x_wconf 83' lang='lat' dir='ltr'><strong>filium</strong></span> <span class='ocrx_word' id='word_1_170' title='bbox 1231 2243 1412 2296; x_wconf 79' lang='lat' dir='ltr'><strong>vocat,</strong></span> <span class='ocrx_word' id='word_1_171' title='bbox 1439 2246 1562 2286; x_wconf 90' lang='lat' dir='ltr'><strong>cum</strong></span> <span class='ocrx_word' id='word_1_172' title='bbox 1594 2224 1834 2297; x_wconf 80' lang='lat' dir='ltr'><strong>singula-</strong></span> 
     </span>
    </p>
   </div>
   <div class='ocr_carea' id='block_1_23' title="bbox 229 2317 1836 2408">
    <p class='ocr_par' dir='ltr' id='par_1_23' title="bbox 229 2317 1836 2408">
     <span class='ocr_line' id='line_1_27' title="bbox 229 2317 1836 2408; baseline -0.025 0"><span class='ocrx_word' id='word_1_173' title='bbox 229 2355 366 2408; x_wconf 88' lang='lat' dir='ltr'><strong>riter</strong></span> <span class='ocrx_word' id='word_1_174' title='bbox 398 2349 628 2403; x_wconf 76' lang='lat' dir='ltr'><strong>Romam</strong></span> <span class='ocrx_word' id='word_1_175' title='bbox 675 2339 894 2396; x_wconf 89' lang='lat' dir='ltr'><strong>nomine</strong></span> <span class='ocrx_word' id='word_1_176' title='bbox 927 2331 1220 2404; x_wconf 76' lang='lat' dir='ltr'><strong>Babylonis</strong></span> <span class='ocrx_word' id='word_1_177' title='bbox 1265 2325 1544 2398; x_wconf 87' lang='lat' dir='ltr'><strong>appellans</strong></span> <span class='ocrx_word' id='word_1_178' title='bbox 1577 2340 1590 2374; x_wconf 87' lang='lat'><strong>:</strong></span> <span class='ocrx_word' id='word_1_179' title='bbox 1625 2339 1642 2370; x_wconf 80' lang='grc' dir='ltr'><strong>ι</strong></span> <span class='ocrx_word' id='word_1_180' title='bbox 1679 2317 1836 2373; x_wconf 83' lang='lat' dir='ltr'><strong>Salti-</strong></span> 
     </span>
    </p>
   </div>
   <div class='ocr_carea' id='block_1_24' title="bbox 231 2407 1838 2506">
    <p class='ocr_par' dir='ltr' id='par_1_24' title="bbox 231 2407 1838 2506">
     <span class='ocr_line' id='line_1_28' title="bbox 231 2407 1838 2506; baseline -0.025 -6"><span class='ocrx_word' id='word_1_181' title='bbox 231 2453 318 2500; x_wconf 84' lang='lat' dir='ltr'><strong>tat</strong></span> <span class='ocrx_word' id='word_1_182' title='bbox 365 2456 482 2506; x_wconf 88' lang='lat' dir='ltr'><strong>vos,</strong></span> <span class='ocrx_word' id='word_1_183' title='bbox 525 2435 723 2506; x_wconf 91' lang='lat' dir='ltr'><strong>inquit.</strong></span> <span class='ocrx_word' id='word_1_184' title='bbox 758 2428 1024 2485; x_wconf 78' lang='lat' dir='ltr'><strong>Ecclesia</strong></span> <span class='ocrx_word' id='word_1_185' title='bbox 1054 2438 1174 2494; x_wconf 76' lang='lat' dir='ltr'><strong>qth</strong></span> <span class='ocrx_word' id='word_1_186' title='bbox 1221 2431 1305 2475; x_wconf 14' lang='lat' dir='ltr'><strong>eet</strong></span> <span class='ocrx_word' id='word_1_187' title='bbox 1337 2420 1388 2471; x_wconf 94' lang='lat' dir='ltr'><strong>in</strong></span> <span class='ocrx_word' id='word_1_188' title='bbox 1421 2413 1696 2484; x_wconf 76' lang='lat' dir='ltr'><strong>Babylone</strong></span> <span class='ocrx_word' id='word_1_189' title='bbox 1725 2407 1838 2464; x_wconf 86' lang='lat' dir='ltr'><strong>col-</strong></span> 
     </span>
    </p>
   </div>
   <div class='ocr_carea' id='block_1_25' title="bbox 233 2499 1839 2594">
    <p class='ocr_par' dir='ltr' id='par_1_25' title="bbox 233 2499 1839 2594">
     <span class='ocr_line' id='line_1_29' title="bbox 233 2499 1839 2594; baseline -0.026 -4"><span class='ocrx_word' id='word_1_190' title='bbox 233 2534 402 2594; x_wconf 85' lang='lat' dir='ltr'><strong>lecta.</strong></span> <span class='ocrx_word' id='word_1_191' title='bbox 432 2499 487 2582; x_wconf 79' lang='lat' dir='ltr'><strong>et</strong></span> <span class='ocrx_word' id='word_1_192' title='bbox 516 2499 729 2580; x_wconf 75' lang='lat' dir='ltr'><strong>Marcus</strong></span> <span class='ocrx_word' id='word_1_193' title='bbox 757 2519 899 2572; x_wconf 89' lang='lat' dir='ltr'><strong>lilius</strong></span> <span class='ocrx_word' id='word_1_194' title='bbox 929 2528 1080 2568; x_wconf 86' lang='lat' dir='ltr'><strong>meus</strong></span> <span class='ocrx_word' id='word_1_195' title='bbox 1103 2509 1156 2581; x_wconf 89' lang='grc' dir='ltr'><strong>(Ι</strong></span> <span class='ocrx_word' id='word_1_196' title='bbox 1187 2509 1328 2563; x_wconf 79' lang='lat' dir='ltr'><strong>I’elr.</strong></span> <span class='ocrx_word' id='word_1_197' title='bbox 1351 2509 1424 2572; x_wconf 90' lang='lat' dir='ltr'><strong>v).</strong></span> <span class='ocrx_word' id='word_1_198' title='bbox 1452 2525 1469 2556; x_wconf 69' lang='grc' dir='ltr'><strong>ι</strong></span> <span class='ocrx_word' id='word_1_199' title='bbox 1503 2503 1614 2556; x_wconf 73' lang='lat' dir='ltr'><strong>Nec</strong></span> <span class='ocrx_word' id='word_1_200' title='bbox 1640 2499 1839 2553; x_wconf 85' lang='lat' dir='ltr'><strong>mirqu</strong></span> 
     </span>
    </p>
   </div>
   <div class='ocr_carea' id='block_1_26' title="bbox 235 2595 1838 2682">
    <p class='ocr_par' dir='ltr' id='par_1_26' title="bbox 235 2595 1838 2682">
     <span class='ocr_line' id='line_1_30' title="bbox 235 2595 1838 2682; baseline -0.023 -3"><span class='ocrx_word' id='word_1_201' title='bbox 235 2601 283 2681; x_wconf 75' lang='lat' dir='ltr'><strong>si</strong></span> <span class='ocrx_word' id='word_1_202' title='bbox 312 2621 372 2677; x_wconf 87' lang='grc' dir='ltr'><strong>Β.</strong></span> <span class='ocrx_word' id='word_1_203' title='bbox 402 2620 618 2674; x_wconf 70' lang='lat' dir='ltr'><strong>Marcus</strong></span> <span class='ocrx_word' id='word_1_204' title='bbox 647 2612 787 2682; x_wconf 89' lang='lat' dir='ltr'><strong>apud</strong></span> <span class='ocrx_word' id='word_1_205' title='bbox 825 2606 1145 2676; x_wconf 84' lang='lat' dir='ltr'><strong>magistrum</strong></span> <span class='ocrx_word' id='word_1_206' title='bbox 1195 2615 1354 2654; x_wconf 90' lang='lat' dir='ltr'><strong>suum</strong></span> <span class='ocrx_word' id='word_1_207' title='bbox 1404 2595 1712 2666; x_wconf 65' lang='lat' dir='ltr'><strong>praecipuus</strong></span> <span class='ocrx_word' id='word_1_208' title='bbox 1739 2606 1838 2644; x_wconf 78' lang='lat' dir='ltr'><strong>ex—</strong></span> 
     </span>
    </p>
   </div>
   <div class='ocr_carea' id='block_1_27' title="bbox 237 2682 1844 2780">
    <p class='ocr_par' dir='ltr' id='par_1_27' title="bbox 237 2682 1844 2780">
     <span class='ocr_line' id='line_1_31' title="bbox 237 2682 1844 2780; baseline -0.021 -11"><span class='ocrx_word' id='word_1_209' title='bbox 237 2713 378 2771; x_wconf 79' lang='lat' dir='ltr'><strong>stitit</strong></span> <span class='ocrx_word' id='word_1_210' title='bbox 394 2720 447 2765; x_wconf 88' lang='lat' dir='ltr'><strong>et</strong></span> <span class='ocrx_word' id='word_1_211' title='bbox 465 2705 804 2780; x_wconf 86' lang='lat' dir='ltr'><strong>privilegium</strong></span> <span class='ocrx_word' id='word_1_212' title='bbox 831 2716 940 2770; x_wconf 76' lang='lat' dir='ltr'><strong>pra.-</strong></span> <span class='ocrx_word' id='word_1_213' title='bbox 964 2695 1178 2750; x_wconf 65' lang='lat' dir='ltr'><strong>cazteris</strong></span> <span class='ocrx_word' id='word_1_214' title='bbox 1202 2689 1512 2761; x_wconf 63' lang='lat' dir='ltr'><strong>apostolicae</strong></span> <span class='ocrx_word' id='word_1_215' title='bbox 1536 2682 1844 2740; x_wconf 79' lang='lat' dir='ltr'><strong>dilectionis</strong></span> 
     </span>
    </p>
   </div>
   <div class='ocr_carea' id='block_1_28' title="bbox 238 2773 1844 2864">
    <p class='ocr_par' dir='ltr' id='par_1_28' title="bbox 238 2773 1844 2864">
     <span class='ocr_line' id='line_1_32' title="bbox 238 2773 1844 2864; baseline -0.023 -1"><span class='ocrx_word' id='word_1_216' title='bbox 238 2803 496 2864; x_wconf 87' lang='lat' dir='ltr'><strong>obtinuit.</strong></span> <span class='ocrx_word' id='word_1_217' title='bbox 521 2799 608 2855; x_wconf 92' lang='lat' dir='ltr'><strong>cui</strong></span> <span class='ocrx_word' id='word_1_218' title='bbox 637 2773 890 2851; x_wconf 81' lang='lat' dir='ltr'><strong>nimirum</strong></span> <span class='ocrx_word' id='word_1_219' title='bbox 919 2791 1060 2843; x_wconf 85' lang='lat' dir='ltr'><strong>Deus</strong></span> <span class='ocrx_word' id='word_1_220' title='bbox 1079 2784 1428 2854; x_wconf 87' lang='lat' dir='ltr'><strong>omnipotens</strong></span> <span class='ocrx_word' id='word_1_221' title='bbox 1457 2788 1662 2833; x_wconf 85' lang='lat' dir='ltr'><strong>tantam</strong></span> <span class='ocrx_word' id='word_1_222' title='bbox 1691 2773 1844 2828; x_wconf 87' lang='lat' dir='ltr'><strong>verbi</strong></span> 
     </span>
    </p>
   </div>
   <div class='ocr_carea' id='block_1_29' title="bbox 243 2869 1844 2954">
    <p class='ocr_par' dir='ltr' id='par_1_29' title="bbox 243 2869 1844 2954">
     <span class='ocr_line' id='line_1_33' title="bbox 243 2869 1844 2954; baseline -0.022 0"><span class='ocrx_word' id='word_1_223' title='bbox 243 2899 502 2954; x_wconf 78' lang='lat' dir='ltr'><strong>virtutem</strong></span> <span class='ocrx_word' id='word_1_224' title='bbox 547 2888 810 2948; x_wconf 88' lang='lat' dir='ltr'><strong>contulit.</strong></span> <span class='ocrx_word' id='word_1_225' title='bbox 854 2892 1060 2938; x_wconf 87' lang='lat' dir='ltr'><strong>tantam</strong></span> <span class='ocrx_word' id='word_1_226' title='bbox 1106 2875 1507 2949; x_wconf 64' lang='lat' dir='ltr'><strong>prmdicationis</strong></span> <span class='ocrx_word' id='word_1_227' title='bbox 1548 2869 1844 2926; x_wconf 78' lang='lat' dir='ltr'><strong>emeoiatu</strong></span> 
     </span>
    </p>
   </div>
   <div class='ocr_carea' id='block_1_30' title="bbox 231 2962 1848 3061">
    <p class='ocr_par' dir='ltr' id='par_1_30' title="bbox 231 2962 1848 3061">
     <span class='ocr_line' id='line_1_34' title="bbox 231 2962 1848 3061; baseline -0.02 -18"><span class='ocrx_word' id='word_1_228' title='bbox 231 2983 571 3061; x_wconf 64' lang='lat' dir='ltr'><strong>praerogavit</strong></span> <span class='ocrx_word' id='word_1_229' title='bbox 616 2989 676 3034; x_wconf 91' lang='grc' dir='ltr'><strong>ιιι</strong></span> <span class='ocrx_word' id='word_1_230' title='bbox 713 2991 926 3037; x_wconf 78' lang='lat' dir='ltr'><strong>omnes,</strong></span> <span class='ocrx_word' id='word_1_231' title='bbox 958 2973 1049 3042; x_wconf 89' lang='lat' dir='ltr'><strong>qui</strong></span> <span class='ocrx_word' id='word_1_232' title='bbox 1101 2982 1228 3023; x_wconf 86' lang='lat' dir='ltr'><strong>tunc</strong></span> <span class='ocrx_word' id='word_1_233' title='bbox 1272 2968 1338 3020; x_wconf 88' lang='lat' dir='ltr'><strong>ad</strong></span> <span class='ocrx_word' id='word_1_234' title='bbox 1377 2964 1500 3018; x_wconf 61' lang='lat' dir='ltr'><strong>filei</strong></span> <span class='ocrx_word' id='word_1_235' title='bbox 1541 2962 1848 3016; x_wconf 86' lang='lat' dir='ltr'><strong>rudimenta</strong></span> 
     </span>
    </p>
   </div>
   <div class='ocr_carea' id='block_1_31' title="bbox 246 3050 1850 3152">
    <p class='ocr_par' dir='ltr' id='par_1_31' title="bbox 246 3050 1850 3152">
     <span class='ocr_line' id='line_1_35' title="bbox 246 3050 1850 3152; baseline -0.022 -17"><span class='ocrx_word' id='word_1_236' title='bbox 246 3050 367 3152; x_wconf 16' lang='lat'><strong>.73.</strong></span> <span class='ocrx_word' id='word_1_237' title='bbox 397 3074 761 3132; x_wconf 79' lang='lat' dir='ltr'><strong>conﬂuerent.</strong></span> <span class='ocrx_word' id='word_1_238' title='bbox 806 3081 928 3121; x_wconf 80' lang='lat' dir='ltr'><strong>mox</strong></span> <span class='ocrx_word' id='word_1_239' title='bbox 978 3078 1076 3132; x_wconf 87' lang='lat' dir='ltr'><strong>per</strong></span> <span class='ocrx_word' id='word_1_240' title='bbox 1132 3055 1528 3115; x_wconf 83' lang='lat' dir='ltr'><strong>continentiam</strong></span> <span class='ocrx_word' id='word_1_241' title='bbox 1577 3066 1640 3106; x_wconf 86' lang='lat' dir='ltr'><strong>ac</strong></span> <span class='ocrx_word' id='word_1_242' title='bbox 1681 3050 1850 3104; x_wconf 89' lang='lat' dir='ltr'><strong>totius</strong></span> 
     </span>
    </p>
   </div>
   <div class='ocr_carea' id='block_1_32' title="bbox 249 3141 1852 3226">
    <p class='ocr_par' dir='ltr' id='par_1_32' title="bbox 249 3141 1852 3226">
     <span class='ocr_line' id='line_1_36' title="bbox 249 3141 1852 3226; baseline -0.021 -1"><span class='ocrx_word' id='word_1_243' title='bbox 249 3178 456 3226; x_wconf 71' lang='lat' dir='ltr'><strong>sanctae</strong></span> <span class='ocrx_word' id='word_1_244' title='bbox 485 3156 920 3219; x_wconf 79' lang='lat' dir='ltr'><strong>conversationis</strong></span> <span class='ocrx_word' id='word_1_245' title='bbox 962 3150 1302 3212; x_wconf 84' lang='lat' dir='ltr'><strong>instantiam,</strong></span> <span class='ocrx_word' id='word_1_246' title='bbox 1337 3155 1599 3213; x_wconf 89' lang='lat' dir='ltr'><strong>tanquam</strong></span> <span class='ocrx_word' id='word_1_247' title='bbox 1629 3141 1697 3195; x_wconf 89' lang='lat' dir='ltr'><strong>ad</strong></span> <span class='ocrx_word' id='word_1_248' title='bbox 1735 3153 1852 3193; x_wconf 55' lang='lat' dir='ltr'><strong>mo-</strong></span> 
     </span>
    </p>
   </div>
   <div class='ocr_carea' id='block_1_33' title="bbox 249 3233 1848 3327">
    <p class='ocr_par' dir='ltr' id='par_1_33' title="bbox 249 3233 1848 3327">
     <span class='ocr_line' id='line_1_37' title="bbox 249 3233 1848 3327; baseline -0.019 -10"><span class='ocrx_word' id='word_1_249' title='bbox 249 3260 473 3318; x_wconf 76' lang='lat' dir='ltr'><strong>nastica:</strong></span> <span class='ocrx_word' id='word_1_250' title='bbox 501 3251 849 3327; x_wconf 80' lang='lat' dir='ltr'><strong>perfectionis</strong></span> <span class='ocrx_word' id='word_1_251' title='bbox 890 3246 1166 3316; x_wconf 69' lang='lat' dir='ltr'><strong>fastigium</strong></span> <span class='ocrx_word' id='word_1_252' title='bbox 1197 3240 1567 3311; x_wconf 76' lang='lat' dir='ltr'><strong>pervolat-ent.</strong></span> <span class='ocrx_word' id='word_1_253' title='bbox 1604 3233 1761 3291; x_wconf 89' lang='lat' dir='ltr'><strong>Unde</strong></span> <span class='ocrx_word' id='word_1_254' title='bbox 1793 3243 1848 3287; x_wconf 85' lang='lat' dir='ltr'><strong>et</strong></span> 
     </span>
    </p>
   </div>
   <div class='ocr_carea' id='block_1_34' title="bbox 251 3326 1852 3412">
    <p class='ocr_par' dir='ltr' id='par_1_34' title="bbox 251 3326 1852 3412">
     <span class='ocr_line' id='line_1_38' title="bbox 251 3326 1852 3412; baseline -0.02 -5"><span class='ocrx_word' id='word_1_255' title='bbox 251 3350 431 3412; x_wconf 84' lang='lat' dir='ltr'><strong>Philo.</strong></span> <span class='ocrx_word' id='word_1_256' title='bbox 488 3326 884 3401; x_wconf 73' lang='lat' dir='ltr'><strong>disertissimus</strong></span> <span class='ocrx_word' id='word_1_257' title='bbox 941 3337 1273 3393; x_wconf 60' lang='lat' dir='ltr'><strong>Judaeornnt,</strong></span> <span class='ocrx_word' id='word_1_258' title='bbox 1329 3331 1456 3383; x_wconf 90' lang='lat' dir='ltr'><strong>dum</strong></span> <span class='ocrx_word' id='word_1_259' title='bbox 1509 3328 1577 3382; x_wconf 88' lang='lat' dir='ltr'><strong>de</strong></span> <span class='ocrx_word' id='word_1_260' title='bbox 1615 3326 1852 3395; x_wconf 89' lang='lat' dir='ltr'><strong>priutatn</strong></span> 
     </span>
    </p>
   </div>
   <div class='ocr_carea' id='block_1_35' title="bbox 251 3414 1855 3500">
    <p class='ocr_par' dir='ltr' id='par_1_35' title="bbox 251 3414 1855 3500">
     <span class='ocr_line' id='line_1_39' title="bbox 251 3414 1855 3500; baseline -0.019 -5"><span class='ocrx_word' id='word_1_261' title='bbox 251 3439 399 3496; x_wconf 81' lang='lat' dir='ltr'><strong>beati</strong></span> <span class='ocrx_word' id='word_1_262' title='bbox 429 3435 592 3490; x_wconf 81' lang='lat' dir='ltr'><strong>Marci</strong></span> <span class='ocrx_word' id='word_1_263' title='bbox 653 3431 795 3500; x_wconf 90' lang='lat' dir='ltr'><strong>apud</strong></span> <span class='ocrx_word' id='word_1_264' title='bbox 834 3423 1264 3483; x_wconf 67' lang='lat' dir='ltr'><strong>Alexandrinam</strong></span> <span class='ocrx_word' id='word_1_265' title='bbox 1301 3418 1604 3474; x_wconf 82' lang='lat' dir='ltr'><strong>Ecclesium</strong></span> <span class='ocrx_word' id='word_1_266' title='bbox 1637 3414 1855 3483; x_wconf 81' lang='lat' dir='ltr'><strong>scripti-</strong></span> 
     </span>
    </p>
   </div>
   <div class='ocr_carea' id='block_1_36' title="bbox 255 3503 1859 3588">
    <p class='ocr_par' dir='ltr' id='par_1_36' title="bbox 255 3503 1859 3588">
     <span class='ocr_line' id='line_1_40' title="bbox 255 3503 1859 3588; baseline -0.019 -2"><span class='ocrx_word' id='word_1_267' title='bbox 255 3537 355 3588; x_wconf 64' lang='grc' dir='ltr'>ιιι.</span> <span class='ocrx_word' id='word_1_268' title='bbox 381 3527 434 3582; x_wconf 91' lang='lat' dir='ltr'><strong>in</strong></span> <span class='ocrx_word' id='word_1_269' title='bbox 469 3523 905 3579; x_wconf 77' lang='lat' dir='ltr'><strong>Christianorum</strong></span> <span class='ocrx_word' id='word_1_270' title='bbox 938 3515 1095 3568; x_wconf 89' lang='lat' dir='ltr'><strong>laude</strong></span> <span class='ocrx_word' id='word_1_271' title='bbox 1117 3519 1370 3582; x_wconf 83' lang='lat' dir='ltr'><strong>versatus</strong></span> <span class='ocrx_word' id='word_1_272' title='bbox 1408 3521 1601 3562; x_wconf 90' lang='lat' dir='ltr'><strong>eorum</strong></span> <span class='ocrx_word' id='word_1_273' title='bbox 1643 3503 1859 3558; x_wconf 75' lang='lat' dir='ltr'><strong>habita-</strong></span> 
     </span>
    </p>
   </div>
   <div class='ocr_carea' id='block_1_37' title="bbox 254 3592 1861 3676">
    <p class='ocr_par' dir='ltr' id='par_1_37' title="bbox 254 3592 1861 3676">
     <span class='ocr_line' id='line_1_41' title="bbox 254 3592 1861 3676; baseline -0.019 0"><span class='ocrx_word' id='word_1_274' title='bbox 254 3617 375 3676; x_wconf 84' lang='lat' dir='ltr'><strong>cula</strong></span> <span class='ocrx_word' id='word_1_275' title='bbox 417 3611 744 3670; x_wconf 87' lang='lat' dir='ltr'><strong>monasteria</strong></span> <span class='ocrx_word' id='word_1_276' title='bbox 784 3614 1080 3674; x_wconf 88' lang='lat' dir='ltr'><strong>nuncupat.</strong></span> <span class='ocrx_word' id='word_1_277' title='bbox 1114 3603 1178 3656; x_wconf 85' lang='lat' dir='ltr'><strong>Et</strong></span> <span class='ocrx_word' id='word_1_278' title='bbox 1231 3616 1339 3655; x_wconf 90' lang='lat' dir='ltr'><strong>non</strong></span> <span class='ocrx_word' id='word_1_279' title='bbox 1380 3597 1555 3652; x_wconf 89' lang='lat' dir='ltr'><strong>solum</strong></span> <span class='ocrx_word' id='word_1_280' title='bbox 1610 3609 1708 3663; x_wconf 84' lang='lat' dir='ltr'><strong>per</strong></span> <span class='ocrx_word' id='word_1_281' title='bbox 1735 3592 1861 3646; x_wconf 84' lang='lat' dir='ltr'><strong>Ale-</strong></span> 
     </span>
    </p>
   </div>
   <div class='ocr_carea' id='block_1_38' title="bbox 255 3685 1863 3768">
    <p class='ocr_par' dir='ltr' id='par_1_38' title="bbox 255 3685 1863 3768">
     <span class='ocr_line' id='line_1_42' title="bbox 255 3685 1863 3768; baseline -0.019 0"><span class='ocrx_word' id='word_1_282' title='bbox 255 3711 501 3768; x_wconf 70' lang='lat' dir='ltr'><strong>xandriae</strong></span> <span class='ocrx_word' id='word_1_283' title='bbox 523 3709 680 3768; x_wconf 82' lang='lat' dir='ltr'><strong>fines.</strong></span> <span class='ocrx_word' id='word_1_284' title='bbox 708 3704 803 3758; x_wconf 90' lang='lat' dir='ltr'><strong>sed</strong></span> <span class='ocrx_word' id='word_1_285' title='bbox 835 3710 889 3756; x_wconf 91' lang='lat' dir='ltr'><strong>ct</strong></span> <span class='ocrx_word' id='word_1_286' title='bbox 917 3701 968 3753; x_wconf 90' lang='lat' dir='ltr'><strong>in</strong></span> <span class='ocrx_word' id='word_1_287' title='bbox 996 3697 1182 3752; x_wconf 87' lang='lat' dir='ltr'><strong>multis</strong></span> <span class='ocrx_word' id='word_1_288' title='bbox 1206 3694 1349 3758; x_wconf 84' lang='lat' dir='ltr'><strong>aliis,</strong></span> <span class='ocrx_word' id='word_1_289' title='bbox 1388 3691 1574 3744; x_wconf 83' lang='lat' dir='ltr'><strong>Marco</strong></span> <span class='ocrx_word' id='word_1_290' title='bbox 1607 3697 1735 3740; x_wconf 88' lang='lat' dir='ltr'><strong>tunc</strong></span> <span class='ocrx_word' id='word_1_291' title='bbox 1762 3685 1863 3739; x_wconf 84' lang='lat' dir='ltr'><strong>Ee-</strong></span> 
     </span>
    </p>
   </div>
   <div class='ocr_carea' id='block_1_39' title="bbox 260 3775 1864 3859">
    <p class='ocr_par' dir='ltr' id='par_1_39' title="bbox 260 3775 1864 3859">
     <span class='ocr_line' id='line_1_43' title="bbox 260 3775 1864 3859; baseline -0.019 -1"><span class='ocrx_word' id='word_1_292' title='bbox 260 3801 481 3859; x_wconf 84' lang='lat' dir='ltr'><strong>clcsiam</strong></span> <span class='ocrx_word' id='word_1_293' title='bbox 537 3797 683 3852; x_wconf 84' lang='lat' dir='ltr'><strong>illaut</strong></span> <span class='ocrx_word' id='word_1_294' title='bbox 717 3791 1156 3848; x_wconf 87' lang='lat' dir='ltr'><strong>administrante.</strong></span> <span class='ocrx_word' id='word_1_295' title='bbox 1195 3781 1496 3854; x_wconf 83' lang='lat' dir='ltr'><strong>provinciis</strong></span> <span class='ocrx_word' id='word_1_296' title='bbox 1537 3777 1673 3853; x_wconf 82' lang='lat' dir='ltr'><strong>tales</strong></span> <span class='ocrx_word' id='word_1_297' title='bbox 1691 3775 1864 3831; x_wconf 80' lang='lat' dir='ltr'><strong>exsti-</strong></span> 
     </span>
    </p>
   </div>
   <div class='ocr_carea' id='block_1_40' title="bbox 261 3868 1865 3962">
    <p class='ocr_par' dir='ltr' id='par_1_40' title="bbox 261 3868 1865 3962">
     <span class='ocr_line' id='line_1_44' title="bbox 261 3868 1865 3962; baseline -0.019 -12"><span class='ocrx_word' id='word_1_298' title='bbox 261 3895 395 3951; x_wconf 80' lang='lat' dir='ltr'><strong>tisse</strong></span> <span class='ocrx_word' id='word_1_299' title='bbox 418 3891 668 3962; x_wconf 76' lang='lat' dir='ltr'><strong>perlubet</strong></span> <span class='ocrx_word' id='word_1_300' title='bbox 704 3883 1053 3942; x_wconf 89' lang='lat' dir='ltr'><strong>Christiauos</strong></span> <span class='ocrx_word' id='word_1_301' title='bbox 1083 3877 1275 3948; x_wconf 85' lang='lat' dir='ltr'><strong>quales</strong></span> <span class='ocrx_word' id='word_1_302' title='bbox 1297 3885 1372 3930; x_wconf 75' lang='grc' dir='ltr'><strong>τ’οι</strong></span> <span class='ocrx_word' id='word_1_303' title='bbox 1407 3872 1583 3930; x_wconf 73' lang='lat' dir='ltr'><strong>Lunas</strong></span> <span class='ocrx_word' id='word_1_304' title='bbox 1615 3868 1865 3923; x_wconf 86' lang='lat' dir='ltr'><strong>metninit</strong></span> 
     </span>
    </p>
   </div>
   <div class='ocr_carea' id='block_1_41' title="bbox 265 3964 1864 4055">
    <p class='ocr_par' dir='ltr' id='par_1_41' title="bbox 265 3964 1864 4055">
     <span class='ocr_line' id='line_1_45' title="bbox 265 3964 1864 4055; baseline -0.021 -15"><span class='ocrx_word' id='word_1_305' title='bbox 265 3983 632 4055; x_wconf 75' lang='lat' dir='ltr'><strong>apostolorum</strong></span> <span class='ocrx_word' id='word_1_306' title='bbox 703 3976 871 4030; x_wconf 85' lang='lat' dir='ltr'><strong>fuisse</strong></span> <span class='ocrx_word' id='word_1_307' title='bbox 920 3968 1239 4038; x_wconf 76' lang='lat' dir='ltr'><strong>discipulos,</strong></span> <span class='ocrx_word' id='word_1_308' title='bbox 1294 3964 1551 4017; x_wconf 76' lang='lat' dir='ltr'><strong>videlicrt</strong></span> <span class='ocrx_word' id='word_1_309' title='bbox 1584 3969 1642 4013; x_wconf 92' lang='grc' dir='ltr'><strong>ιιι</strong></span> <span class='ocrx_word' id='word_1_310' title='bbox 1672 3971 1864 4013; x_wconf 90' lang='lat' dir='ltr'><strong>eorum</strong></span> 
     </span>
    </p>
   </div>
   <div class='ocr_carea' id='block_1_42' title="bbox 265 4047 1870 4142">
    <p class='ocr_par' dir='ltr' id='par_1_42' title="bbox 265 4047 1870 4142">
     <span class='ocr_line' id='line_1_46' title="bbox 265 4047 1870 4142; baseline -0.022 -7"><span class='ocrx_word' id='word_1_311' title='bbox 265 4085 410 4142; x_wconf 81' lang='lat' dir='ltr'><strong>esset</strong></span> <span class='ocrx_word' id='word_1_312' title='bbox 437 4089 536 4130; x_wconf 86' lang='lat' dir='ltr'><strong>cor</strong></span> <span class='ocrx_word' id='word_1_313' title='bbox 559 4086 747 4132; x_wconf 85' lang='lat' dir='ltr'><strong>unum.</strong></span> <span class='ocrx_word' id='word_1_314' title='bbox 775 4076 829 4122; x_wconf 86' lang='lat' dir='ltr'><strong>et</strong></span> <span class='ocrx_word' id='word_1_315' title='bbox 860 4063 1042 4126; x_wconf 88' lang='lat' dir='ltr'><strong>anima</strong></span> <span class='ocrx_word' id='word_1_316' title='bbox 1075 4075 1180 4114; x_wconf 90' lang='lat' dir='ltr'><strong>una</strong></span> <span class='ocrx_word' id='word_1_317' title='bbox 1218 4057 1508 4131; x_wconf 88' lang='lat' dir='ltr'><strong>nullusque</strong></span> <span class='ocrx_word' id='word_1_318' title='bbox 1538 4066 1727 4106; x_wconf 89' lang='lat' dir='ltr'><strong>eorum</strong></span> <span class='ocrx_word' id='word_1_319' title='bbox 1770 4047 1870 4101; x_wconf 80' lang='lat' dir='ltr'><strong>ali-</strong></span> 
     </span>
    </p>
   </div>
   <div class='ocr_carea' id='block_1_43' title="bbox 268 4145 1868 4243">
    <p class='ocr_par' dir='ltr' id='par_1_43' title="bbox 268 4145 1868 4243">
     <span class='ocr_line' id='line_1_47' title="bbox 268 4145 1868 4243; baseline -0.022 -20"><span class='ocrx_word' id='word_1_320' title='bbox 268 4171 395 4243; x_wconf 83' lang='lat' dir='ltr'><strong>quid</strong></span> <span class='ocrx_word' id='word_1_321' title='bbox 441 4165 719 4238; x_wconf 89' lang='lat' dir='ltr'><strong>pr0prinm</strong></span> <span class='ocrx_word' id='word_1_322' title='bbox 769 4160 1000 4215; x_wconf 89' lang='lat' dir='ltr'><strong>diceret.</strong></span> <span class='ocrx_word' id='word_1_323' title='bbox 1041 4153 1136 4209; x_wconf 84' lang='lat' dir='ltr'><strong>sed</strong></span> <span class='ocrx_word' id='word_1_324' title='bbox 1168 4165 1360 4205; x_wconf 89' lang='lat' dir='ltr'><strong>omnes</strong></span> <span class='ocrx_word' id='word_1_325' title='bbox 1396 4145 1580 4199; x_wconf 84' lang='lat' dir='ltr'><strong>omnia</strong></span> <span class='ocrx_word' id='word_1_326' title='bbox 1621 4155 1868 4195; x_wconf 68' lang='grc' dir='ltr'>(εοιιιιηιιο</span> 
     </span>
    </p>
   </div>
   <div class='ocr_carea' id='block_1_44' title="bbox 270 4227 1872 4327">
    <p class='ocr_par' dir='ltr' id='par_1_44' title="bbox 270 4227 1872 4327">
     <span class='ocr_line' id='line_1_48' title="bbox 270 4227 1872 4327; baseline -0.023 -9"><span class='ocrx_word' id='word_1_327' title='bbox 270 4262 412 4318; x_wconf 85' lang='lat' dir='ltr'><strong>niter</strong></span> <span class='ocrx_word' id='word_1_328' title='bbox 450 4255 790 4327; x_wconf 84' lang='lat' dir='ltr'><strong>possiderent</strong></span> <span class='ocrx_word' id='word_1_329' title='bbox 847 4255 1100 4313; x_wconf 77' lang='lat' dir='ltr'><strong>essetque</strong></span> <span class='ocrx_word' id='word_1_330' title='bbox 1153 4242 1296 4294; x_wconf 91' lang='lat' dir='ltr'><strong>inter</strong></span> <span class='ocrx_word' id='word_1_331' title='bbox 1338 4251 1433 4291; x_wconf 89' lang='lat' dir='ltr'><strong>eos</strong></span> <span class='ocrx_word' id='word_1_332' title='bbox 1492 4227 1872 4302; x_wconf 74' lang='lat' dir='ltr'><strong>inseparabilis</strong></span> 
     </span>
    </p>
   </div>
   <div class='ocr_carea' id='block_1_45' title="bbox 269 4325 1870 4405">
    <p class='ocr_par' dir='ltr' id='par_1_45' title="bbox 269 4325 1870 4405">
     <span class='ocr_line' id='line_1_49' title="bbox 269 4325 1870 4405; baseline -0.021 1"><span class='ocrx_word' id='word_1_333' title='bbox 269 4325 810 4405; x_wconf 79' lang='lat' dir='ltr'><strong>uttitasattiutorum.</strong></span> <span class='ocrx_word' id='word_1_334' title='bbox 846 4338 988 4391; x_wconf 89' lang='lat' dir='ltr'><strong>inter</strong></span> <span class='ocrx_word' id='word_1_335' title='bbox 1026 4347 1162 4402; x_wconf 88' lang='lat' dir='ltr'><strong>quos</strong></span> <span class='ocrx_word' id='word_1_336' title='bbox 1192 4328 1337 4384; x_wconf 74' lang='lat' dir='ltr'><strong>nulla</strong></span> <span class='ocrx_word' id='word_1_337' title='bbox 1370 4334 1586 4397; x_wconf 84' lang='lat' dir='ltr'><strong>poterat</strong></span> <span class='ocrx_word' id='word_1_338' title='bbox 1628 4325 1870 4375; x_wconf 83' lang='lat' dir='ltr'><strong>interve-</strong></span> 
     </span>
    </p>
   </div>
   <div class='ocr_carea' id='block_1_46' title="bbox 273 4411 1875 4500">
    <p class='ocr_par' dir='ltr' id='par_1_46' title="bbox 273 4411 1875 4500">
     <span class='ocr_line' id='line_1_50' title="bbox 273 4411 1875 4500; baseline -0.021 0"><span class='ocrx_word' id='word_1_339' title='bbox 273 4445 392 4500; x_wconf 83' lang='lat' dir='ltr'><strong>nire</strong></span> <span class='ocrx_word' id='word_1_340' title='bbox 443 4438 728 4496; x_wconf 84' lang='lat' dir='ltr'><strong>diversitas</strong></span> <span class='ocrx_word' id='word_1_341' title='bbox 778 4431 1074 4487; x_wconf 89' lang='lat' dir='ltr'><strong>faculatum</strong></span> <span class='ocrx_word' id='word_1_342' title='bbox 1126 4426 1266 4496; x_wconf 70' lang='grc' dir='ltr'>(ιιι.</span> <span class='ocrx_word' id='word_1_343' title='bbox 1310 4423 1408 4492; x_wconf 75' lang='lat' dir='ltr'><strong>tt).</strong></span> <span class='ocrx_word' id='word_1_344' title='bbox 1443 4419 1590 4472; x_wconf 79' lang='lat' dir='ltr'><strong>Talis</strong></span> <span class='ocrx_word' id='word_1_345' title='bbox 1617 4428 1750 4482; x_wconf 79' lang='lat' dir='ltr'><strong>ergo</strong></span> <span class='ocrx_word' id='word_1_346' title='bbox 1773 4411 1875 4467; x_wconf 89' lang='lat' dir='ltr'><strong>sub</strong></span> 
     </span>
    </p>
   </div>
   <div class='ocr_carea' id='block_1_47' title="bbox 275 4504 1876 4592">
    <p class='ocr_par' dir='ltr' id='par_1_47' title="bbox 275 4504 1876 4592">
     <span class='ocr_line' id='line_1_51' title="bbox 275 4504 1876 4592; baseline -0.022 1"><span class='ocrx_word' id='word_1_347' title='bbox 275 4535 457 4592; x_wconf 67' lang='lat' dir='ltr'><strong>Marco</strong></span> <span class='ocrx_word' id='word_1_348' title='bbox 487 4525 853 4585; x_wconf 78' lang='lat' dir='ltr'><strong>Alexandrina</strong></span> <span class='ocrx_word' id='word_1_349' title='bbox 893 4521 998 4575; x_wconf 84' lang='lat' dir='ltr'><strong>fuit</strong></span> <span class='ocrx_word' id='word_1_350' title='bbox 1041 4515 1281 4572; x_wconf 76' lang='lat' dir='ltr'><strong>Ecclesia</strong></span> <span class='ocrx_word' id='word_1_351' title='bbox 1321 4510 1498 4582; x_wconf 88' lang='lat' dir='ltr'><strong>qualis</strong></span> <span class='ocrx_word' id='word_1_352' title='bbox 1535 4517 1592 4562; x_wconf 93' lang='lat' dir='ltr'><strong>et</strong></span> <span class='ocrx_word' id='word_1_353' title='bbox 1622 4504 1876 4558; x_wconf 81' lang='lat' dir='ltr'><strong>llieroso-</strong></span> 
     </span>
    </p>
   </div>
   <div class='ocr_carea' id='block_1_48' title="bbox 274 4602 1874 4701">
    <p class='ocr_par' dir='ltr' id='par_1_48' title="bbox 274 4602 1874 4701">
     <span class='ocr_line' id='line_1_52' title="bbox 274 4602 1874 4701; baseline -0.024 -17"><span class='ocrx_word' id='word_1_354' title='bbox 274 4626 432 4701; x_wconf 79' lang='lat' dir='ltr'><strong>lynue</strong></span> <span class='ocrx_word' id='word_1_355' title='bbox 461 4625 626 4680; x_wconf 85' lang='lat' dir='ltr'><strong>fuisse</strong></span> <span class='ocrx_word' id='word_1_356' title='bbox 654 4619 756 4676; x_wconf 85' lang='lat' dir='ltr'><strong>sub</strong></span> <span class='ocrx_word' id='word_1_357' title='bbox 792 4613 1089 4686; x_wconf 73' lang='lat' dir='ltr'><strong>apostolica</strong></span> <span class='ocrx_word' id='word_1_358' title='bbox 1120 4608 1315 4678; x_wconf 80' lang='lat' dir='ltr'><strong>legitur</strong></span> <span class='ocrx_word' id='word_1_359' title='bbox 1340 4602 1654 4671; x_wconf 87' lang='lat' dir='ltr'><strong>disciplina,</strong></span> <span class='ocrx_word' id='word_1_360' title='bbox 1685 4606 1745 4650; x_wconf 90' lang='grc' dir='ltr'><strong>ιιι</strong></span> <span class='ocrx_word' id='word_1_361' title='bbox 1778 4609 1874 4649; x_wconf 86' lang='lat' dir='ltr'><strong>ne-</strong></span> 
     </span>
    </p>
   </div>
   <div class='ocr_carea' id='block_1_49' title="bbox 279 4688 1879 4783">
    <p class='ocr_par' dir='ltr' id='par_1_49' title="bbox 279 4688 1879 4783">
     <span class='ocr_line' id='line_1_53' title="bbox 279 4688 1879 4783; baseline -0.023 -9"><span class='ocrx_word' id='word_1_362' title='bbox 279 4688 480 4775; x_wconf 69' lang='lat' dir='ltr'><strong>miuem</strong></span> <span class='ocrx_word' id='word_1_363' title='bbox 519 4707 856 4783; x_wconf 71' lang='lat' dir='ltr'><strong>paupertatis</strong></span> <span class='ocrx_word' id='word_1_364' title='bbox 896 4700 1191 4770; x_wconf 79' lang='lat' dir='ltr'><strong>indigentia</strong></span> <span class='ocrx_word' id='word_1_365' title='bbox 1252 4701 1542 4766; x_wconf 76' lang='lat' dir='ltr'><strong>premeret.</strong></span> <span class='ocrx_word' id='word_1_366' title='bbox 1568 4688 1748 4744; x_wconf 88' lang='lat' dir='ltr'><strong>nullus</strong></span> <span class='ocrx_word' id='word_1_367' title='bbox 1786 4700 1879 4741; x_wconf 89' lang='grc' dir='ltr'>οο-</span> 
     </span>
    </p>
   </div>
   <div class='ocr_carea' id='block_1_50' title="bbox 280 4783 1884 4867">
    <p class='ocr_par' dir='ltr' id='par_1_50' title="bbox 280 4783 1884 4867">
     <span class='ocr_line' id='line_1_54' title="bbox 280 4783 1884 4867; baseline -0.022 -2"><span class='ocrx_word' id='word_1_368' title='bbox 280 4825 402 4867; x_wconf 89' lang='lat' dir='ltr'><strong>rum</strong></span> <span class='ocrx_word' id='word_1_369' title='bbox 440 4805 644 4860; x_wconf 83' lang='lat' dir='ltr'><strong>divitiis</strong></span> <span class='ocrx_word' id='word_1_370' title='bbox 683 4797 1009 4857; x_wconf 80' lang='lat' dir='ltr'><strong>abun-taret,</strong></span> <span class='ocrx_word' id='word_1_371' title='bbox 1046 4793 1166 4854; x_wconf 82' lang='lat' dir='ltr'><strong>sel,</strong></span> <span class='ocrx_word' id='word_1_372' title='bbox 1207 4789 1334 4842; x_wconf 92' lang='lat' dir='ltr'><strong>dum</strong></span> <span class='ocrx_word' id='word_1_373' title='bbox 1365 4783 1680 4852; x_wconf 88' lang='lat' dir='ltr'><strong>unicuique.</strong></span> <span class='ocrx_word' id='word_1_374' title='bbox 1721 4785 1884 4848; x_wconf 87' lang='lat' dir='ltr'><strong>prout</strong></span> 
     </span>
    </p>
   </div>
   <div class='ocr_carea' id='block_1_51' title="bbox 282 4870 1885 4971">
    <p class='ocr_par' dir='ltr' id='par_1_51' title="bbox 282 4870 1885 4971">
     <span class='ocr_line' id='line_1_55' title="bbox 282 4870 1885 4971; baseline -0.021 -15"><span class='ocrx_word' id='word_1_375' title='bbox 282 4913 418 4971; x_wconf 77' lang='lat' dir='ltr'><strong>Opus</strong></span> <span class='ocrx_word' id='word_1_376' title='bbox 469 4905 611 4958; x_wconf 88' lang='lat' dir='ltr'><strong>erat.</strong></span> <span class='ocrx_word' id='word_1_377' title='bbox 669 4889 971 4947; x_wconf 80' lang='lat' dir='ltr'><strong>necessitas</strong></span> <span class='ocrx_word' id='word_1_378' title='bbox 1024 4883 1402 4940; x_wconf 86' lang='lat' dir='ltr'><strong>administrata</strong></span> <span class='ocrx_word' id='word_1_379' title='bbox 1436 4883 1776 4947; x_wconf 87' lang='lat' dir='ltr'><strong>suppeteret,</strong></span> <span class='ocrx_word' id='word_1_380' title='bbox 1805 4870 1885 4924; x_wconf 88' lang='lat' dir='ltr'><strong>lo-</strong></span> 
     </span>
    </p>
   </div>
   <div class='ocr_carea' id='block_1_52' title="bbox 283 4961 1885 5050">
    <p class='ocr_par' dir='ltr' id='par_1_52' title="bbox 283 4961 1885 5050">
     <span class='ocr_line' id='line_1_56' title="bbox 283 4961 1885 5050; baseline -0.021 -4"><span class='ocrx_word' id='word_1_381' title='bbox 283 5006 407 5046; x_wconf 88' lang='lat' dir='ltr'><strong>emn</strong></span> <span class='ocrx_word' id='word_1_382' title='bbox 451 4987 595 5042; x_wconf 90' lang='lat' dir='ltr'><strong>inter</strong></span> <span class='ocrx_word' id='word_1_383' title='bbox 643 4996 740 5036; x_wconf 88' lang='lat' dir='ltr'><strong>eos</strong></span> <span class='ocrx_word' id='word_1_384' title='bbox 789 4977 1012 5050; x_wconf 76' lang='lat' dir='ltr'><strong>querela</strong></span> <span class='ocrx_word' id='word_1_385' title='bbox 1068 4971 1353 5028; x_wconf 90' lang='lat' dir='ltr'><strong>nmrmurii</strong></span> <span class='ocrx_word' id='word_1_386' title='bbox 1415 4961 1745 5040; x_wconf 84' lang='lat' dir='ltr'><strong>[umrmuro]</strong></span> <span class='ocrx_word' id='word_1_387' title='bbox 1779 4976 1885 5014; x_wconf 90' lang='lat' dir='ltr'><strong>non</strong></span> 
     </span>
    </p>
   </div>
   <div class='ocr_carea' id='block_1_53' title="bbox 285 5059 1886 5146">
    <p class='ocr_par' dir='ltr' id='par_1_53' title="bbox 285 5059 1886 5146">
     <span class='ocr_line' id='line_1_57' title="bbox 285 5059 1886 5146; baseline -0.02 -8"><span class='ocrx_word' id='word_1_388' title='bbox 285 5081 530 5138; x_wconf 85' lang='lat' dir='ltr'><strong>haberet.</strong></span> <span class='ocrx_word' id='word_1_389' title='bbox 561 5076 849 5146; x_wconf 75' lang='lat' dir='ltr'><strong>Siguiticat</strong></span> <span class='ocrx_word' id='word_1_390' title='bbox 882 5086 1014 5140; x_wconf 83' lang='lat' dir='ltr'><strong>ergo</strong></span> <span class='ocrx_word' id='word_1_391' title='bbox 1049 5066 1341 5138; x_wconf 73' lang='lat' dir='ltr'><strong>przedictus</strong></span> <span class='ocrx_word' id='word_1_392' title='bbox 1375 5061 1530 5116; x_wconf 87' lang='lat' dir='ltr'><strong>Philo</strong></span> <span class='ocrx_word' id='word_1_393' title='bbox 1569 5059 1711 5111; x_wconf 89' lang='lat' dir='ltr'><strong>inter</strong></span> <span class='ocrx_word' id='word_1_394' title='bbox 1745 5067 1886 5117; x_wconf 83' lang='lat' dir='ltr'><strong>nova</strong></span> 
     </span>
    </p>
   </div>
   <div class='ocr_carea' id='block_1_54' title="bbox 288 5141 1889 5227">
    <p class='ocr_par' dir='ltr' id='par_1_54' title="bbox 288 5141 1889 5227">
     <span class='ocr_line' id='line_1_58' title="bbox 288 5141 1889 5227; baseline -0.02 0"><span class='ocrx_word' id='word_1_395' title='bbox 288 5181 417 5227; x_wconf 86' lang='lat' dir='ltr'><strong>tunc</strong></span> <span class='ocrx_word' id='word_1_396' title='bbox 447 5141 720 5223; x_wconf 70' lang='lat' dir='ltr'><strong>nascentis</strong></span> <span class='ocrx_word' id='word_1_397' title='bbox 751 5161 876 5217; x_wconf 80' lang='lat' dir='ltr'><strong>fidei</strong></span> <span class='ocrx_word' id='word_1_398' title='bbox 909 5156 1178 5215; x_wconf 87' lang='lat' dir='ltr'><strong>cunabula</strong></span> <span class='ocrx_word' id='word_1_399' title='bbox 1211 5169 1276 5208; x_wconf 87' lang='lat' dir='ltr'><strong>ac</strong></span> <span class='ocrx_word' id='word_1_400' title='bbox 1305 5162 1573 5213; x_wconf 84' lang='lat' dir='ltr'><strong>teneram,</strong></span> <span class='ocrx_word' id='word_1_401' title='bbox 1614 5153 1677 5199; x_wconf 92' lang='lat' dir='ltr'><strong>ut</strong></span> <span class='ocrx_word' id='word_1_402' title='bbox 1709 5143 1785 5198; x_wconf 90' lang='lat' dir='ltr'><strong>ita</strong></span> <span class='ocrx_word' id='word_1_403' title='bbox 1810 5141 1889 5196; x_wconf 82' lang='lat' dir='ltr'><strong>lo-</strong></span> 
     </span>
    </p>
   </div>
   <div class='ocr_carea' id='block_1_55' title="bbox 285 5233 1891 5337">
    <p class='ocr_par' dir='ltr' id='par_1_55' title="bbox 285 5233 1891 5337">
     <span class='ocr_line' id='line_1_59' title="bbox 285 5233 1891 5337; baseline -0.021 -17"><span class='ocrx_word' id='word_1_404' title='bbox 285 5280 451 5337; x_wconf 81' lang='lat' dir='ltr'><strong>quar,</strong></span> <span class='ocrx_word' id='word_1_405' title='bbox 504 5259 763 5316; x_wconf 64' lang='lat' dir='ltr'><strong>Ecclesiae</strong></span> <span class='ocrx_word' id='word_1_406' title='bbox 815 5251 1072 5309; x_wconf 88' lang='lat' dir='ltr'><strong>laetantis</strong></span> <span class='ocrx_word' id='word_1_407' title='bbox 1119 5245 1434 5306; x_wconf 77' lang='lat' dir='ltr'><strong>infantiam.</strong></span> <span class='ocrx_word' id='word_1_408' title='bbox 1497 5250 1745 5311; x_wconf 89' lang='lat' dir='ltr'><strong>quosque</strong></span> <span class='ocrx_word' id='word_1_409' title='bbox 1785 5233 1891 5288; x_wconf 88' lang='lat' dir='ltr'><strong>sub</strong></span> 
     </span>
    </p>
   </div>
   <div class='ocr_carea' id='block_1_56' title="bbox 288 5322 1888 5412">
    <p class='ocr_par' dir='ltr' id='par_1_56' title="bbox 288 5322 1888 5412">
     <span class='ocr_line' id='line_1_60' title="bbox 288 5322 1888 5412; baseline -0.022 -1"><span class='ocrx_word' id='word_1_410' title='bbox 288 5322 442 5411; x_wconf 66' lang='lat' dir='ltr'><strong>beati</strong></span> <span class='ocrx_word' id='word_1_411' title='bbox 495 5347 661 5406; x_wconf 69' lang='lat' dir='ltr'><strong>Marci</strong></span> <span class='ocrx_word' id='word_1_412' title='bbox 724 5343 994 5412; x_wconf 67' lang='lat' dir='ltr'><strong>regimine</strong></span> <span class='ocrx_word' id='word_1_413' title='bbox 1036 5337 1368 5395; x_wconf 88' lang='lat' dir='ltr'><strong>constitutos</strong></span> <span class='ocrx_word' id='word_1_414' title='bbox 1397 5327 1683 5388; x_wconf 83' lang='lat' dir='ltr'><strong>sobrietati</strong></span> <span class='ocrx_word' id='word_1_415' title='bbox 1722 5322 1888 5381; x_wconf 84' lang='lat' dir='ltr'><strong>siiuul</strong></span> 
     </span>
    </p>
   </div>
   <div class='ocr_carea' id='block_1_57' title="bbox 293 5418 1890 5514">
    <p class='ocr_par' dir='ltr' id='par_1_57' title="bbox 293 5418 1890 5514">
     <span class='ocr_line' id='line_1_61' title="bbox 293 5418 1890 5514; baseline -0.019 -12"><span class='ocrx_word' id='word_1_416' title='bbox 293 5462 357 5502; x_wconf 81' lang='lat' dir='ltr'><strong>ac</strong></span> <span class='ocrx_word' id='word_1_417' title='bbox 406 5441 682 5514; x_wconf 70' lang='lat' dir='ltr'><strong>pudicitia:</strong></span> <span class='ocrx_word' id='word_1_418' title='bbox 718 5436 952 5496; x_wconf 86' lang='lat' dir='ltr'><strong>deditos.</strong></span> <span class='ocrx_word' id='word_1_419' title='bbox 992 5429 1339 5487; x_wconf 88' lang='lat' dir='ltr'><strong>orationibus</strong></span> <span class='ocrx_word' id='word_1_420' title='bbox 1379 5435 1434 5481; x_wconf 91' lang='lat' dir='ltr'><strong>et</strong></span> <span class='ocrx_word' id='word_1_421' title='bbox 1464 5421 1691 5492; x_wconf 70' lang='lat' dir='ltr'><strong>ieiuniis</strong></span> <span class='ocrx_word' id='word_1_422' title='bbox 1721 5418 1890 5474; x_wconf 85' lang='lat' dir='ltr'><strong>vehe-</strong></span> 
     </span>
    </p>
   </div>
   <div class='ocr_carea' id='block_1_58' title="bbox 293 5513 1889 5596">
    <p class='ocr_par' dir='ltr' id='par_1_58' title="bbox 293 5513 1889 5596">
     <span class='ocr_line' id='line_1_62' title="bbox 293 5513 1889 5596; baseline -0.018 -6"><span class='ocrx_word' id='word_1_423' title='bbox 293 5513 505 5590; x_wconf 81' lang='lat' dir='ltr'><strong>menter</strong></span> <span class='ocrx_word' id='word_1_424' title='bbox 531 5533 768 5585; x_wconf 88' lang='lat' dir='ltr'><strong>iutentos</strong></span> <span class='ocrx_word' id='word_1_425' title='bbox 794 5540 932 5596; x_wconf 77' lang='lat' dir='ltr'><strong>quos</strong></span> <span class='ocrx_word' id='word_1_426' title='bbox 961 5523 1149 5592; x_wconf 87' lang='lat' dir='ltr'><strong>utique</strong></span> <span class='ocrx_word' id='word_1_427' title='bbox 1178 5522 1370 5575; x_wconf 84' lang='lat' dir='ltr'><strong>beatus</strong></span> <span class='ocrx_word' id='word_1_428' title='bbox 1392 5513 1754 5584; x_wconf 83' lang='lat' dir='ltr'><strong>evangelista,</strong></span> <span class='ocrx_word' id='word_1_429' title='bbox 1785 5522 1889 5563; x_wconf 90' lang='lat' dir='ltr'><strong>non</strong></span> 
     </span>
    </p>
   </div>
   <div class='ocr_carea' id='block_1_59' title="bbox 297 5604 1896 5683">
    <p class='ocr_par' dir='ltr' id='par_1_59' title="bbox 297 5604 1896 5683">
     <span class='ocr_line' id='line_1_63' title="bbox 297 5604 1896 5683; baseline -0.015 -7"><span class='ocrx_word' id='word_1_430' title='bbox 297 5621 460 5676; x_wconf 65' lang='lat' dir='ltr'><strong>inuito</strong></span> <span class='ocrx_word' id='word_1_431' title='bbox 481 5633 514 5672; x_wconf 78' lang='grc' dir='ltr'><strong>ιι</strong></span> <span class='ocrx_word' id='word_1_432' title='bbox 538 5617 867 5673; x_wconf 80' lang='lat' dir='ltr'><strong>iracnlorutn</strong></span> <span class='ocrx_word' id='word_1_433' title='bbox 899 5614 1286 5683; x_wconf 86' lang='lat' dir='ltr'><strong>pleroruntquc</strong></span> <span class='ocrx_word' id='word_1_434' title='bbox 1320 5604 1606 5676; x_wconf 86' lang='lat' dir='ltr'><strong>prodigiis,</strong></span> <span class='ocrx_word' id='word_1_435' title='bbox 1637 5617 1746 5655; x_wconf 88' lang='lat' dir='ltr'><strong>non</strong></span> <span class='ocrx_word' id='word_1_436' title='bbox 1777 5613 1896 5653; x_wconf 81' lang='lat' dir='ltr'><strong>mo-</strong></span> 
     </span>
    </p>
   </div>
   <div class='ocr_carea' id='block_1_60' title="bbox 296 5692 1894 5778">
    <p class='ocr_par' dir='ltr' id='par_1_60' title="bbox 296 5692 1894 5778">
     <span class='ocr_line' id='line_1_64' title="bbox 296 5692 1894 5778; baseline -0.014 -10"><span class='ocrx_word' id='word_1_437' title='bbox 296 5715 368 5768; x_wconf 86' lang='lat' dir='ltr'><strong>du</strong></span> <span class='ocrx_word' id='word_1_438' title='bbox 388 5719 592 5765; x_wconf 59' lang='lat' dir='ltr'><strong>sancite</strong></span> <span class='ocrx_word' id='word_1_439' title='bbox 623 5704 1032 5778; x_wconf 68' lang='lat' dir='ltr'><strong>pmdicationis</strong></span> <span class='ocrx_word' id='word_1_440' title='bbox 1087 5700 1373 5756; x_wconf 75' lang='lat' dir='ltr'><strong>erudiebat</strong></span> <span class='ocrx_word' id='word_1_441' title='bbox 1401 5697 1659 5766; x_wconf 83' lang='lat' dir='ltr'><strong>eloquiis,</strong></span> <span class='ocrx_word' id='word_1_442' title='bbox 1702 5693 1798 5748; x_wconf 89' lang='lat' dir='ltr'><strong>sed</strong></span> <span class='ocrx_word' id='word_1_443' title='bbox 1827 5692 1894 5747; x_wconf 82' lang='lat' dir='ltr'><strong>ad</strong></span> 
     </span>
    </p>
   </div>
   <div class='ocr_carea' id='block_1_61' title="bbox 299 5786 1898 5872">
    <p class='ocr_par' dir='ltr' id='par_1_61' title="bbox 299 5786 1898 5872">
     <span class='ocr_line' id='line_1_65' title="bbox 299 5786 1898 5872; baseline -0.009 -18"><span class='ocrx_word' id='word_1_444' title='bbox 299 5798 601 5872; x_wconf 76' lang='lat' dir='ltr'><strong>spiritualis</strong></span> <span class='ocrx_word' id='word_1_445' title='bbox 637 5799 758 5853; x_wconf 61' lang='lat' dir='ltr'><strong>vitae</strong></span> <span class='ocrx_word' id='word_1_446' title='bbox 815 5794 1200 5850; x_wconf 83' lang='lat' dir='ltr'><strong>rcctitudinem</strong></span> <span class='ocrx_word' id='word_1_447' title='bbox 1224 5790 1444 5845; x_wconf 80' lang='lat' dir='ltr'><strong>eximiis</strong></span> <span class='ocrx_word' id='word_1_448' title='bbox 1464 5788 1630 5842; x_wconf 82' lang='lat' dir='ltr'><strong>etiam</strong></span> <span class='ocrx_word' id='word_1_449' title='bbox 1659 5786 1898 5855; x_wconf 65' lang='lat' dir='ltr'><strong>proprie</strong></span> 
     </span>
    </p>
   </div>
   <div class='ocr_carea' id='block_1_62' title="bbox 302 5879 1900 5958">
    <p class='ocr_par' dir='ltr' id='par_1_62' title="bbox 302 5879 1900 5958">
     <span class='ocr_line' id='line_1_66' title="bbox 302 5879 1900 5958; baseline -0.011 -9"><span class='ocrx_word' id='word_1_450' title='bbox 302 5892 652 5954; x_wconf 72' lang='lat' dir='ltr'><strong>continentia:</strong></span> <span class='ocrx_word' id='word_1_451' title='bbox 705 5904 769 5945; x_wconf 85' lang='lat' dir='ltr'><strong>ac</strong></span> <span class='ocrx_word' id='word_1_452' title='bbox 833 5885 1057 5958; x_wconf 84' lang='lat' dir='ltr'><strong>pietatis</strong></span> <span class='ocrx_word' id='word_1_453' title='bbox 1101 5881 1438 5956; x_wconf 84' lang='lat' dir='ltr'><strong>provocabat</strong></span> <span class='ocrx_word' id='word_1_454' title='bbox 1493 5879 1780 5950; x_wconf 71' lang='lat' dir='ltr'><strong>exemptis,</strong></span> <span class='ocrx_word' id='word_1_455' title='bbox 1839 5887 1900 5932; x_wconf 87' lang='lat' dir='ltr'><strong>ut</strong></span> 
     </span>
    </p>
   </div>
   <div class='ocr_carea' id='block_1_63' title="bbox 1908 623 3522 714">
    <p class='ocr_par' dir='ltr' id='par_1_63' title="bbox 1908 623 3522 714">
     <span class='ocr_line' id='line_1_67' title="bbox 1908 623 3522 714; baseline -0.024 0"><span class='ocrx_word' id='word_1_456' title='bbox 1908 671 2064 714; x_wconf 65' lang='lat' dir='ltr'><strong>novm</strong></span> <span class='ocrx_word' id='word_1_457' title='bbox 2081 644 2514 709; x_wconf 83' lang='lat' dir='ltr'><strong>conversationis</strong></span> <span class='ocrx_word' id='word_1_458' title='bbox 2541 642 2860 695; x_wconf 71' lang='lat' dir='ltr'><strong>vi-Zerentur</strong></span> <span class='ocrx_word' id='word_1_459' title='bbox 2888 629 3147 686; x_wconf 77' lang='lat' dir='ltr'><strong>anhelare</strong></span> <span class='ocrx_word' id='word_1_460' title='bbox 3179 623 3522 696; x_wconf 72' lang='lat' dir='ltr'><strong>propo~itum</strong></span> 
     </span>
    </p>
   </div>
   <div class='ocr_carea' id='block_1_64' title="bbox 1911 717 3527 802">
    <p class='ocr_par' dir='ltr' id='par_1_64' title="bbox 1911 717 3527 802">
     <span class='ocr_line' id='line_1_68' title="bbox 1911 717 3527 802; baseline -0.022 0"><span class='ocrx_word' id='word_1_461' title='bbox 1911 763 1974 802; x_wconf 88' lang='lat' dir='ltr'><strong>ac</strong></span> <span class='ocrx_word' id='word_1_462' title='bbox 2015 745 2064 799; x_wconf 88' lang='lat' dir='ltr'><strong>si</strong></span> <span class='ocrx_word' id='word_1_463' title='bbox 2117 738 2454 796; x_wconf 71' lang='lat' dir='ltr'><strong>monachica:</strong></span> <span class='ocrx_word' id='word_1_464' title='bbox 2519 726 2876 802; x_wconf 77' lang='lat' dir='ltr'><strong>perfectionis</strong></span> <span class='ocrx_word' id='word_1_465' title='bbox 2923 721 3153 774; x_wconf 86' lang='lat' dir='ltr'><strong>arduum</strong></span> <span class='ocrx_word' id='word_1_466' title='bbox 3211 717 3527 786; x_wconf 73' lang='lat' dir='ltr'><strong>arriperent</strong></span> 
     </span>
    </p>
   </div>
   <div class='ocr_carea' id='block_1_65' title="bbox 1913 807 3519 910">
    <p class='ocr_par' dir='ltr' id='par_1_65' title="bbox 1913 807 3519 910">
     <span class='ocr_line' id='line_1_69' title="bbox 1913 807 3519 910; baseline -0.024 -13"><span class='ocrx_word' id='word_1_467' title='bbox 1913 841 2245 910; x_wconf 80' lang='lat' dir='ltr'><strong>institutum.</strong></span> <span class='ocrx_word' id='word_1_468' title='bbox 2285 833 2421 885; x_wconf 76' lang='lat' dir='ltr'><strong>Cum</strong></span> <span class='ocrx_word' id='word_1_469' title='bbox 2456 831 2643 895; x_wconf 86' lang='lat' dir='ltr'><strong>itaque</strong></span> <span class='ocrx_word' id='word_1_470' title='bbox 2670 825 2865 876; x_wconf 88' lang='lat' dir='ltr'><strong>beatus</strong></span> <span class='ocrx_word' id='word_1_471' title='bbox 2892 815 3124 872; x_wconf 83' lang='lat' dir='ltr'><strong>Marcus.</strong></span> <span class='ocrx_word' id='word_1_472' title='bbox 3167 809 3313 862; x_wconf 84' lang='lat' dir='ltr'><strong>velut</strong></span> <span class='ocrx_word' id='word_1_473' title='bbox 3342 807 3519 862; x_wconf 76' lang='lat' dir='ltr'><strong>electa</strong></span> 
     </span>
    </p>
   </div>
   <div class='ocr_carea' id='block_1_66' title="bbox 1915 898 3534 987">
    <p class='ocr_par' dir='ltr' id='par_1_66' title="bbox 1915 898 3534 987">
     <span class='ocr_line' id='line_1_70' title="bbox 1915 898 3534 987; baseline -0.023 0"><span class='ocrx_word' id='word_1_474' title='bbox 1915 929 2157 987; x_wconf 61' lang='lat' dir='ltr'><strong>caelestis</strong></span> <span class='ocrx_word' id='word_1_475' title='bbox 2185 926 2256 981; x_wconf 90' lang='lat' dir='ltr'><strong>nti</strong></span> <span class='ocrx_word' id='word_1_476' title='bbox 2285 925 2394 977; x_wconf 71' lang='lat' dir='ltr'><strong>itize</strong></span> <span class='ocrx_word' id='word_1_477' title='bbox 2442 922 2593 976; x_wconf 85' lang='lat' dir='ltr'><strong>tuba.</strong></span> <span class='ocrx_word' id='word_1_478' title='bbox 2623 898 3128 970; x_wconf 51' lang='lat' dir='ltr'><strong>vehententtss&#39;imis</strong></span> <span class='ocrx_word' id='word_1_479' title='bbox 3182 899 3534 973; x_wconf 68' lang='lat' dir='ltr'><strong>alat-gorihus</strong></span> 
     </span>
    </p>
   </div>
   <div class='ocr_carea' id='block_1_67' title="bbox 1916 997 3534 1081">
    <p class='ocr_par' dir='ltr' id='par_1_67' title="bbox 1916 997 3534 1081">
     <span class='ocr_line' id='line_1_71' title="bbox 1916 997 3534 1081; baseline -0.022 0"><span class='ocrx_word' id='word_1_480' title='bbox 1916 1027 2132 1081; x_wconf 88' lang='lat' dir='ltr'><strong>intonat</strong></span> <span class='ocrx_word' id='word_1_481' title='bbox 2169 1031 2226 1076; x_wconf 88' lang='lat' dir='ltr'><strong>et</strong></span> <span class='ocrx_word' id='word_1_482' title='bbox 2273 1017 2528 1072; x_wconf 83' lang='lat' dir='ltr'><strong>mandata</strong></span> <span class='ocrx_word' id='word_1_483' title='bbox 2589 1011 2682 1065; x_wconf 87' lang='lat' dir='ltr'><strong>Dei</strong></span> <span class='ocrx_word' id='word_1_484' title='bbox 2738 1017 2884 1062; x_wconf 75' lang='lat' dir='ltr'><strong>ta&#39;tta</strong></span> <span class='ocrx_word' id='word_1_485' title='bbox 2949 997 3357 1073; x_wconf 76' lang='lat' dir='ltr'><strong>prmdieationis</strong></span> <span class='ocrx_word' id='word_1_486' title='bbox 3415 1003 3534 1048; x_wconf 70' lang='lat' dir='ltr'><strong>arte</strong></span> 
     </span>
    </p>
   </div>
   <div class='ocr_carea' id='block_1_68' title="bbox 1918 1091 3511 1185">
    <p class='ocr_par' dir='ltr' id='par_1_68' title="bbox 1918 1091 3511 1185">
     <span class='ocr_line' id='line_1_72' title="bbox 1918 1091 3511 1185; baseline -0.021 -15"><span class='ocrx_word' id='word_1_487' title='bbox 1918 1117 2201 1185; x_wconf 78' lang='lat' dir='ltr'><strong>dispensat</strong></span> <span class='ocrx_word' id='word_1_488' title='bbox 2233 1119 2292 1162; x_wconf 90' lang='grc' dir='ltr'><strong>ιιι</strong></span> <span class='ocrx_word' id='word_1_489' title='bbox 2333 1107 2617 1160; x_wconf 72' lang='lat' dir='ltr'><strong>auditores</strong></span> <span class='ocrx_word' id='word_1_490' title='bbox 2641 1115 2769 1152; x_wconf 80' lang='lat' dir='ltr'><strong>suos</strong></span> <span class='ocrx_word' id='word_1_491' title='bbox 2792 1096 3045 1169; x_wconf 61' lang='lat' dir='ltr'><strong>pgotintts</strong></span> <span class='ocrx_word' id='word_1_492' title='bbox 3074 1091 3141 1141; x_wconf 90' lang='lat' dir='ltr'><strong>ad</strong></span> <span class='ocrx_word' id='word_1_493' title='bbox 3164 1103 3391 1139; x_wconf 71' lang='lat' dir='ltr'><strong>suntuta‘</strong></span> <span class='ocrx_word' id='word_1_494' title='bbox 3410 1099 3511 1153; x_wconf 85' lang='lat' dir='ltr'><strong>per</strong></span> 
     </span>
    </p>
   </div>
   <div class='ocr_carea' id='block_1_69' title="bbox 1922 1177 3530 1262">
    <p class='ocr_par' dir='ltr' id='par_1_69' title="bbox 1922 1177 3530 1262">
     <span class='ocr_line' id='line_1_73' title="bbox 1922 1177 3530 1262; baseline -0.024 0"><span class='ocrx_word' id='word_1_495' title='bbox 1922 1203 2174 1262; x_wconf 82' lang='lat' dir='ltr'><strong>fectionis</strong></span> <span class='ocrx_word' id='word_1_496' title='bbox 2208 1200 2315 1254; x_wconf 89' lang='lat' dir='ltr'><strong>alla</strong></span> <span class='ocrx_word' id='word_1_497' title='bbox 2349 1194 2624 1251; x_wconf 84' lang='lat' dir='ltr'><strong>sustollat.</strong></span> <span class='ocrx_word' id='word_1_498' title='bbox 2659 1189 2791 1260; x_wconf 85' lang='lat' dir='ltr'><strong>quid</strong></span> <span class='ocrx_word' id='word_1_499' title='bbox 2834 1185 3001 1243; x_wconf 75' lang='lat' dir='ltr'><strong>aliut.</strong></span> <span class='ocrx_word' id='word_1_500' title='bbox 3038 1195 3203 1250; x_wconf 90' lang='lat' dir='ltr'><strong>quam</strong></span> <span class='ocrx_word' id='word_1_501' title='bbox 3231 1177 3283 1230; x_wconf 90' lang='lat' dir='ltr'><strong>in</strong></span> <span class='ocrx_word' id='word_1_502' title='bbox 3315 1185 3530 1246; x_wconf 79' lang='lat' dir='ltr'><strong>etymo-</strong></span> 
     </span>
    </p>
   </div>
   <div class='ocr_carea' id='block_1_70' title="bbox 1922 1263 3538 1370">
    <p class='ocr_par' dir='ltr' id='par_1_70' title="bbox 1922 1263 3538 1370">
     <span class='ocr_line' id='line_1_74' title="bbox 1922 1263 3538 1370; baseline -0.023 -16"><span class='ocrx_word' id='word_1_503' title='bbox 1922 1299 2062 1370; x_wconf 91' lang='lat' dir='ltr'><strong>logia</strong></span> <span class='ocrx_word' id='word_1_504' title='bbox 2093 1296 2174 1349; x_wconf 88' lang='lat' dir='ltr'><strong>sui</strong></span> <span class='ocrx_word' id='word_1_505' title='bbox 2219 1290 2456 1347; x_wconf 69' lang='lat' dir='ltr'><strong>nominis</strong></span> <span class='ocrx_word' id='word_1_506' title='bbox 2480 1291 2801 1356; x_wconf 57' lang='lat' dir='ltr'><strong>pt-rst-verat</strong></span> <span class='ocrx_word' id='word_1_507' title='bbox 2827 1278 2850 1332; x_wconf 80' lang='lat'><strong>?</strong></span> <span class='ocrx_word' id='word_1_508' title='bbox 2879 1274 3097 1330; x_wconf 75' lang='lat' dir='ltr'><strong>Marcus</strong></span> <span class='ocrx_word' id='word_1_509' title='bbox 3124 1271 3270 1324; x_wconf 85' lang='lat' dir='ltr'><strong>enim</strong></span> <span class='ocrx_word' id='word_1_510' title='bbox 3296 1263 3538 1320; x_wconf 71' lang='lat' dir='ltr'><strong>excelsus</strong></span> 
     </span>
    </p>
   </div>
   <div class='ocr_carea' id='block_1_71' title="bbox 1924 1357 3539 1449">
    <p class='ocr_par' dir='ltr' id='par_1_71' title="bbox 1924 1357 3539 1449">
     <span class='ocr_line' id='line_1_75' title="bbox 1924 1357 3539 1449; baseline -0.024 -5"><span class='ocrx_word' id='word_1_511' title='bbox 1924 1388 2178 1445; x_wconf 81' lang='lat' dir='ltr'><strong>mundata</strong></span> <span class='ocrx_word' id='word_1_512' title='bbox 2217 1378 2652 1449; x_wconf 80' lang='lat' dir='ltr'><strong>interpretatur.</strong></span> <span class='ocrx_word' id='word_1_513' title='bbox 2685 1373 2750 1426; x_wconf 76' lang='lat' dir='ltr'><strong>Et</strong></span> <span class='ocrx_word' id='word_1_514' title='bbox 2778 1383 2906 1423; x_wconf 85' lang='lat' dir='ltr'><strong>vere</strong></span> <span class='ocrx_word' id='word_1_515' title='bbox 2957 1368 3152 1420; x_wconf 81' lang='lat' dir='ltr'><strong>beatus</strong></span> <span class='ocrx_word' id='word_1_516' title='bbox 3194 1360 3281 1414; x_wconf 88' lang='lat' dir='ltr'><strong>ltic</strong></span> <span class='ocrx_word' id='word_1_517' title='bbox 3321 1357 3405 1410; x_wconf 89' lang='lat' dir='ltr'><strong>vir</strong></span> <span class='ocrx_word' id='word_1_518' title='bbox 3432 1370 3539 1408; x_wconf 62' lang='lat' dir='ltr'><strong>nun</strong></span> 
     </span>
    </p>
   </div>
   <div class='ocr_carea' id='block_1_72' title="bbox 1926 1452 3542 1537">
    <p class='ocr_par' dir='ltr' id='par_1_72' title="bbox 1926 1452 3542 1537">
     <span class='ocr_line' id='line_1_76' title="bbox 1926 1452 3542 1537; baseline -0.024 0"><span class='ocrx_word' id='word_1_519' title='bbox 1926 1493 2044 1537; x_wconf 88' lang='lat' dir='ltr'><strong>erat</strong></span> <span class='ocrx_word' id='word_1_520' title='bbox 2074 1475 2326 1534; x_wconf 67' lang='lat' dir='ltr'><strong>excelsus</strong></span> <span class='ocrx_word' id='word_1_521' title='bbox 2350 1471 2556 1530; x_wconf 86' lang='lat' dir='ltr'><strong>animo,</strong></span> <span class='ocrx_word' id='word_1_522' title='bbox 2592 1464 2686 1520; x_wconf 76' lang='lat' dir='ltr'><strong>SCil</strong></span> <span class='ocrx_word' id='word_1_523' title='bbox 2723 1463 3001 1520; x_wconf 85' lang='lat' dir='ltr'><strong>mandato.</strong></span> <span class='ocrx_word' id='word_1_524' title='bbox 3035 1455 3185 1524; x_wconf 76' lang='lat' dir='ltr'><strong>quia,</strong></span> <span class='ocrx_word' id='word_1_525' title='bbox 3225 1452 3353 1503; x_wconf 88' lang='lat' dir='ltr'><strong>dum</strong></span> <span class='ocrx_word' id='word_1_526' title='bbox 3388 1460 3542 1502; x_wconf 79' lang='lat' dir='ltr'><strong>men-</strong></span> 
     </span>
    </p>
   </div>
   <div class='ocr_carea' id='block_1_73' title="bbox 1931 1544 3545 1642">
    <p class='ocr_par' dir='ltr' id='par_1_73' title="bbox 1931 1544 3545 1642">
     <span class='ocr_line' id='line_1_77' title="bbox 1931 1544 3545 1642; baseline -0.024 -13"><span class='ocrx_word' id='word_1_527' title='bbox 1931 1585 2038 1630; x_wconf 89' lang='lat' dir='ltr'><strong>tem</strong></span> <span class='ocrx_word' id='word_1_528' title='bbox 2077 1578 2290 1642; x_wconf 75' lang='lat' dir='ltr'><strong>gereret</strong></span> <span class='ocrx_word' id='word_1_529' title='bbox 2341 1562 2628 1621; x_wconf 84' lang='lat' dir='ltr'><strong>hutuilcm,</strong></span> <span class='ocrx_word' id='word_1_530' title='bbox 2693 1557 2858 1609; x_wconf 87' lang='lat' dir='ltr'><strong>vitam</strong></span> <span class='ocrx_word' id='word_1_531' title='bbox 2893 1547 3182 1617; x_wconf 78' lang='lat' dir='ltr'><strong>Sata&#39;gehat</strong></span> <span class='ocrx_word' id='word_1_532' title='bbox 3220 1544 3421 1599; x_wconf 80' lang='lat' dir='ltr'><strong>habere</strong></span> <span class='ocrx_word' id='word_1_533' title='bbox 3447 1554 3545 1594; x_wconf 81' lang='lat' dir='ltr'><strong>su-</strong></span> 
     </span>
    </p>
   </div>
   <div class='ocr_carea' id='block_1_74' title="bbox 1930 1633 3546 1728">
    <p class='ocr_par' dir='ltr' id='par_1_74' title="bbox 1930 1633 3546 1728">
     <span class='ocr_line' id='line_1_78' title="bbox 1930 1633 3546 1728; baseline -0.025 -6"><span class='ocrx_word' id='word_1_534' title='bbox 1930 1667 2178 1724; x_wconf 87' lang='lat' dir='ltr'><strong>blimem.</strong></span> <span class='ocrx_word' id='word_1_535' title='bbox 2220 1671 2275 1716; x_wconf 89' lang='lat' dir='ltr'><strong>et</strong></span> <span class='ocrx_word' id='word_1_536' title='bbox 2329 1657 2423 1728; x_wconf 89' lang='lat' dir='ltr'><strong>qui</strong></span> <span class='ocrx_word' id='word_1_537' title='bbox 2453 1651 2667 1709; x_wconf 87' lang='lat' dir='ltr'><strong>cunctis</strong></span> <span class='ocrx_word' id='word_1_538' title='bbox 2693 1661 2816 1703; x_wconf 80' lang='lat' dir='ltr'><strong>Sese</strong></span> <span class='ocrx_word' id='word_1_539' title='bbox 2868 1645 2920 1698; x_wconf 92' lang='lat' dir='ltr'><strong>iu</strong></span> <span class='ocrx_word' id='word_1_540' title='bbox 2954 1638 3261 1696; x_wconf 88' lang='lat' dir='ltr'><strong>humilitate</strong></span> <span class='ocrx_word' id='word_1_541' title='bbox 3298 1633 3546 1690; x_wconf 72' lang='lat' dir='ltr'><strong>suhttra-</strong></span> 
     </span>
    </p>
   </div>
   <div class='ocr_carea' id='block_1_75' title="bbox 1932 1723 3547 1823">
    <p class='ocr_par' dir='ltr' id='par_1_75' title="bbox 1932 1723 3547 1823">
     <span class='ocr_line' id='line_1_79' title="bbox 1932 1723 3547 1823; baseline -0.025 -8"><span class='ocrx_word' id='word_1_542' title='bbox 1932 1767 2117 1819; x_wconf 85' lang='lat' dir='ltr'><strong>verat,</strong></span> <span class='ocrx_word' id='word_1_543' title='bbox 2146 1770 2241 1823; x_wconf 89' lang='lat' dir='ltr'><strong>per</strong></span> <span class='ocrx_word' id='word_1_544' title='bbox 2267 1752 2409 1806; x_wconf 89' lang='lat' dir='ltr'><strong>viam</strong></span> <span class='ocrx_word' id='word_1_545' title='bbox 2459 1744 2850 1801; x_wconf 80' lang='lat' dir='ltr'><strong>mandatorum</strong></span> <span class='ocrx_word' id='word_1_546' title='bbox 2889 1731 3197 1790; x_wconf 68' lang='lat' dir='ltr'><strong>cmlcstium</strong></span> <span class='ocrx_word' id='word_1_547' title='bbox 3235 1723 3547 1780; x_wconf 75' lang='lat' dir='ltr'><strong>subleiter</strong></span> 
     </span>
    </p>
   </div>
   <div class='ocr_carea' id='block_1_76' title="bbox 1935 1849 2245 1906">
    <p class='ocr_par' dir='ltr' id='par_1_76' title="bbox 1935 1849 2245 1906">
     <span class='ocr_line' id='line_1_80' title="bbox 1935 1849 2245 1906; baseline -0.023 0"><span class='ocrx_word' id='word_1_548' title='bbox 1935 1849 2245 1906; x_wconf 88' lang='lat' dir='ltr'><strong>incedebat.</strong></span> 
     </span>
    </p>
   </div>
   <div class='ocr_carea' id='block_1_77' title="bbox 2005 1906 3552 1997">
    <p class='ocr_par' dir='ltr' id='par_1_77' title="bbox 2005 1906 3552 1997">
     <span class='ocr_line' id='line_1_81' title="bbox 2005 1906 3552 1997; baseline -0.025 -1"><span class='ocrx_word' id='word_1_549' title='bbox 2005 1942 2139 1997; x_wconf 81' lang='lat' dir='ltr'><strong>illud</strong></span> <span class='ocrx_word' id='word_1_550' title='bbox 2180 1938 2370 1995; x_wconf 89' lang='lat' dir='ltr'><strong>etiam.</strong></span> <span class='ocrx_word' id='word_1_551' title='bbox 2406 1925 2772 1987; x_wconf 84' lang='lat' dir='ltr'><strong>dilectissimi.</strong></span> <span class='ocrx_word' id='word_1_552' title='bbox 2808 1937 2907 1977; x_wconf 89' lang='lat' dir='ltr'><strong>vos</strong></span> <span class='ocrx_word' id='word_1_553' title='bbox 2935 1921 3195 1989; x_wconf 74' lang='lat' dir='ltr'><strong>ignorare</strong></span> <span class='ocrx_word' id='word_1_554' title='bbox 3228 1926 3334 1965; x_wconf 89' lang='lat' dir='ltr'><strong>non</strong></span> <span class='ocrx_word' id='word_1_555' title='bbox 3375 1906 3552 1979; x_wconf 85' lang='lat' dir='ltr'><strong>patiar</strong></span> 
     </span>
    </p>
   </div>
   <div class='ocr_carea' id='block_1_78' title="bbox 1937 1999 3552 2108">
    <p class='ocr_par' dir='ltr' id='par_1_78' title="bbox 1937 1999 3552 2108">
     <span class='ocr_line' id='line_1_82' title="bbox 1937 1999 3552 2108; baseline -0.022 -19"><span class='ocrx_word' id='word_1_556' title='bbox 1937 2035 2197 2108; x_wconf 91' lang='lat' dir='ltr'><strong>quoniam</strong></span> <span class='ocrx_word' id='word_1_557' title='bbox 2238 2035 2434 2082; x_wconf 77' lang='lat' dir='ltr'><strong>octavo</strong></span> <span class='ocrx_word' id='word_1_558' title='bbox 2488 2018 2783 2078; x_wconf 82' lang='lat' dir='ltr'><strong>Neroniani</strong></span> <span class='ocrx_word' id='word_1_559' title='bbox 2825 2011 3040 2084; x_wconf 90' lang='lat' dir='ltr'><strong>imperii</strong></span> <span class='ocrx_word' id='word_1_560' title='bbox 3076 2022 3222 2063; x_wconf 83' lang='lat' dir='ltr'><strong>anno</strong></span> <span class='ocrx_word' id='word_1_561' title='bbox 3250 1999 3552 2071; x_wconf 55' lang='lat' dir='ltr'><strong>triumpha.</strong></span> 
     </span>
    </p>
   </div>
   <div class='ocr_carea' id='block_1_79' title="bbox 1937 2089 3553 2192">
    <p class='ocr_par' dir='ltr' id='par_1_79' title="bbox 1937 2089 3553 2192">
     <span class='ocr_line' id='line_1_83' title="bbox 1937 2089 3553 2192; baseline -0.024 -10"><span class='ocrx_word' id='word_1_562' title='bbox 1937 2089 2044 2182; x_wconf 53' lang='lat' dir='ltr'><strong>l&#39;em</strong></span> <span class='ocrx_word' id='word_1_563' title='bbox 2087 2119 2340 2192; x_wconf 81' lang='lat' dir='ltr'><strong>martyrii</strong></span> <span class='ocrx_word' id='word_1_564' title='bbox 2380 2116 2619 2187; x_wconf 88' lang='lat' dir='ltr'><strong>palmam</strong></span> <span class='ocrx_word' id='word_1_565' title='bbox 2671 2111 2866 2165; x_wconf 78' lang='lat' dir='ltr'><strong>beatus</strong></span> <span class='ocrx_word' id='word_1_566' title='bbox 2925 2104 3142 2158; x_wconf 83' lang='lat' dir='ltr'><strong>Marcus</strong></span> <span class='ocrx_word' id='word_1_567' title='bbox 3170 2095 3430 2155; x_wconf 68' lang='lat' dir='ltr'><strong>Nitiuuit.</strong></span> <span class='ocrx_word' id='word_1_568' title='bbox 3465 2089 3553 2146; x_wconf 88' lang='lat' dir='ltr'><strong>cui</strong></span> 
     </span>
    </p>
   </div>
   <div class='ocr_carea' id='block_1_80' title="bbox 1941 2189 3554 2272">
    <p class='ocr_par' dir='ltr' id='par_1_80' title="bbox 1941 2189 3554 2272">
     <span class='ocr_line' id='line_1_84' title="bbox 1941 2189 3554 2272; baseline -0.023 0"><span class='ocrx_word' id='word_1_569' title='bbox 1941 2232 2064 2272; x_wconf 77' lang='lat' dir='ltr'><strong>mox</strong></span> <span class='ocrx_word' id='word_1_570' title='bbox 2089 2225 2144 2270; x_wconf 90' lang='lat' dir='ltr'><strong>ct</strong></span> <span class='ocrx_word' id='word_1_571' title='bbox 2174 2212 2420 2268; x_wconf 80' lang='lat' dir='ltr'><strong>Aniauus</strong></span> <span class='ocrx_word' id='word_1_572' title='bbox 2449 2207 2501 2260; x_wconf 92' lang='lat' dir='ltr'><strong>in</strong></span> <span class='ocrx_word' id='word_1_573' title='bbox 2535 2199 2922 2258; x_wconf 71' lang='lat' dir='ltr'><strong>Alexandrina:</strong></span> <span class='ocrx_word' id='word_1_574' title='bbox 2951 2194 3096 2250; x_wconf 83' lang='lat' dir='ltr'><strong>sedis</strong></span> <span class='ocrx_word' id='word_1_575' title='bbox 3126 2189 3393 2260; x_wconf 77' lang='lat' dir='ltr'><strong>dignitate</strong></span> <span class='ocrx_word' id='word_1_576' title='bbox 3425 2198 3554 2240; x_wconf 80' lang='lat' dir='ltr'><strong>suc-</strong></span> 
     </span>
    </p>
   </div>
   <div class='ocr_carea' id='block_1_81' title="bbox 1941 2273 3556 2363">
    <p class='ocr_par' dir='ltr' id='par_1_81' title="bbox 1941 2273 3556 2363">
     <span class='ocr_line' id='line_1_85' title="bbox 1941 2273 3556 2363; baseline -0.022 1"><span class='ocrx_word' id='word_1_577' title='bbox 1941 2307 2108 2363; x_wconf 77' lang='lat' dir='ltr'><strong>cessit</strong></span> <span class='ocrx_word' id='word_1_578' title='bbox 2136 2313 2191 2357; x_wconf 91' lang='lat' dir='ltr'><strong>et</strong></span> <span class='ocrx_word' id='word_1_579' title='bbox 2227 2303 2422 2355; x_wconf 83' lang='lat' dir='ltr'><strong>beatus</strong></span> <span class='ocrx_word' id='word_1_580' title='bbox 2453 2295 2655 2351; x_wconf 81' lang='lat' dir='ltr'><strong>Petrus</strong></span> <span class='ocrx_word' id='word_1_581' title='bbox 2697 2288 2985 2361; x_wconf 85' lang='lat' dir='ltr'><strong>apostolus</strong></span> <span class='ocrx_word' id='word_1_582' title='bbox 3032 2283 3223 2337; x_wconf 74' lang='lat' dir='ltr'><strong>Romae</strong></span> <span class='ocrx_word' id='word_1_583' title='bbox 3263 2273 3556 2350; x_wconf 70' lang='lat' dir='ltr'><strong>septentrio</strong></span> 
     </span>
    </p>
   </div>
   <div class='ocr_carea' id='block_1_82' title="bbox 1943 2373 3554 2470">
    <p class='ocr_par' dir='ltr' id='par_1_82' title="bbox 1943 2373 3554 2470">
     <span class='ocr_line' id='line_1_86' title="bbox 1943 2373 3554 2470; baseline -0.019 -14"><span class='ocrx_word' id='word_1_584' title='bbox 1943 2399 2264 2470; x_wconf 84' lang='lat' dir='ltr'><strong>supervixit.</strong></span> <span class='ocrx_word' id='word_1_585' title='bbox 2323 2393 2501 2456; x_wconf 80' lang='lat' dir='ltr'><strong>Unde,</strong></span> <span class='ocrx_word' id='word_1_586' title='bbox 2568 2403 2808 2459; x_wconf 85' lang='lat' dir='ltr'><strong>superna</strong></span> <span class='ocrx_word' id='word_1_587' title='bbox 2865 2385 3193 2454; x_wconf 84' lang='lat' dir='ltr'><strong>dispooente.</strong></span> <span class='ocrx_word' id='word_1_588' title='bbox 3242 2373 3554 2436; x_wconf 75' lang='lat' dir='ltr'><strong>clementia.</strong></span> 
     </span>
    </p>
   </div>
   <div class='ocr_carea' id='block_1_83' title="bbox 1947 2464 3563 2548">
    <p class='ocr_par' dir='ltr' id='par_1_83' title="bbox 1947 2464 3563 2548">
     <span class='ocr_line' id='line_1_87' title="bbox 1947 2464 3563 2548; baseline -0.017 -2"><span class='ocrx_word' id='word_1_589' title='bbox 1947 2493 2153 2547; x_wconf 78' lang='lat' dir='ltr'><strong>faction</strong></span> <span class='ocrx_word' id='word_1_590' title='bbox 2177 2499 2261 2542; x_wconf 91' lang='lat' dir='ltr'><strong>est</strong></span> <span class='ocrx_word' id='word_1_591' title='bbox 2291 2495 2370 2548; x_wconf 88' lang='lat' dir='ltr'><strong>ut,</strong></span> <span class='ocrx_word' id='word_1_592' title='bbox 2394 2499 2517 2538; x_wconf 88' lang='lat' dir='ltr'><strong>cum</strong></span> <span class='ocrx_word' id='word_1_593' title='bbox 2551 2477 2940 2535; x_wconf 71' lang='lat' dir='ltr'><strong>Alexandriam</strong></span> <span class='ocrx_word' id='word_1_594' title='bbox 2983 2474 3135 2544; x_wconf 91' lang='lat' dir='ltr'><strong>prius</strong></span> <span class='ocrx_word' id='word_1_595' title='bbox 3168 2481 3226 2526; x_wconf 90' lang='lat' dir='ltr'><strong>et</strong></span> <span class='ocrx_word' id='word_1_596' title='bbox 3255 2464 3563 2540; x_wconf 79' lang='lat' dir='ltr'><strong>splendori-</strong></span> 
     </span>
    </p>
   </div>
   <div class='ocr_carea' id='block_1_84' title="bbox 1946 2566 3560 2650">
    <p class='ocr_par' dir='ltr' id='par_1_84' title="bbox 1946 2566 3560 2650">
     <span class='ocr_line' id='line_1_88' title="bbox 1946 2566 3560 2650; baseline -0.019 -9"><span class='ocrx_word' id='word_1_597' title='bbox 1946 2586 2050 2641; x_wconf 86' lang='lat' dir='ltr'><strong>bus</strong></span> <span class='ocrx_word' id='word_1_598' title='bbox 2083 2581 2413 2650; x_wconf 63' lang='lat' dir='ltr'><strong>CVﬂllgt‘llt&#39;m</strong></span> <span class='ocrx_word' id='word_1_599' title='bbox 2442 2571 2851 2646; x_wconf 68' lang='lat' dir='ltr'><strong>pnedieationis</strong></span> <span class='ocrx_word' id='word_1_600' title='bbox 2886 2578 2940 2624; x_wconf 91' lang='lat' dir='ltr'><strong>et</strong></span> <span class='ocrx_word' id='word_1_601' title='bbox 2970 2566 3239 2622; x_wconf 77' lang='lat' dir='ltr'><strong>eﬂ&#39;usiouc</strong></span> <span class='ocrx_word' id='word_1_602' title='bbox 3267 2572 3560 2616; x_wconf 81' lang='lat' dir='ltr'><strong>sacrosan-</strong></span> 
     </span>
    </p>
   </div>
   <div class='ocr_carea' id='block_1_85' title="bbox 1947 2652 3562 2743">
    <p class='ocr_par' dir='ltr' id='par_1_85' title="bbox 1947 2652 3562 2743">
     <span class='ocr_line' id='line_1_89' title="bbox 1947 2652 3562 2743; baseline -0.02 -11"><span class='ocrx_word' id='word_1_603' title='bbox 1947 2676 2021 2732; x_wconf 90' lang='lat' dir='ltr'><strong>cti</strong></span> <span class='ocrx_word' id='word_1_604' title='bbox 2062 2689 2232 2743; x_wconf 86' lang='lat' dir='ltr'><strong>sangu</strong></span> <span class='ocrx_word' id='word_1_605' title='bbox 2262 2670 2345 2724; x_wconf 74' lang='lat' dir='ltr'><strong>nis</strong></span> <span class='ocrx_word' id='word_1_606' title='bbox 2370 2668 2725 2728; x_wconf 78' lang='lat' dir='ltr'><strong>illustrasset,</strong></span> <span class='ocrx_word' id='word_1_607' title='bbox 2753 2663 2821 2716; x_wconf 86' lang='lat' dir='ltr'><strong>ad</strong></span> <span class='ocrx_word' id='word_1_608' title='bbox 2849 2659 3059 2714; x_wconf 83' lang='lat' dir='ltr'><strong>Italiam</strong></span> <span class='ocrx_word' id='word_1_609' title='bbox 3091 2653 3288 2709; x_wconf 86' lang='lat' dir='ltr'><strong>deinde</strong></span> <span class='ocrx_word' id='word_1_610' title='bbox 3322 2652 3562 2721; x_wconf 63' lang='lat' dir='ltr'><strong>quodam</strong></span> 
     </span>
    </p>
   </div>
   <div class='ocr_carea' id='block_1_86' title="bbox 1949 2747 3562 2839">
    <p class='ocr_par' dir='ltr' id='par_1_86' title="bbox 1949 2747 3562 2839">
     <span class='ocr_line' id='line_1_90' title="bbox 1949 2747 3562 2839; baseline -0.017 -19"><span class='ocrx_word' id='word_1_611' title='bbox 1949 2765 2284 2839; x_wconf 86' lang='lat' dir='ltr'><strong>postliminio</strong></span> <span class='ocrx_word' id='word_1_612' title='bbox 2307 2761 2377 2815; x_wconf 89' lang='lat' dir='ltr'><strong>sit</strong></span> <span class='ocrx_word' id='word_1_613' title='bbox 2411 2765 2685 2817; x_wconf 81' lang='lat' dir='ltr'><strong>reversus.</strong></span> <span class='ocrx_word' id='word_1_614' title='bbox 2713 2766 2770 2808; x_wconf 90' lang='grc' dir='ltr'><strong>ιιι</strong></span> <span class='ocrx_word' id='word_1_615' title='bbox 2797 2754 2989 2809; x_wconf 86' lang='lat' dir='ltr'><strong>eadem</strong></span> <span class='ocrx_word' id='word_1_616' title='bbox 3022 2747 3369 2820; x_wconf 85' lang='lat' dir='ltr'><strong>potissimum</strong></span> <span class='ocrx_word' id='word_1_617' title='bbox 3397 2754 3562 2799; x_wconf 88' lang='lat' dir='ltr'><strong>terra.</strong></span> 
     </span>
    </p>
   </div>
   <div class='ocr_carea' id='block_1_87' title="bbox 1953 2837 3567 2926">
    <p class='ocr_par' dir='ltr' id='par_1_87' title="bbox 1953 2837 3567 2926">
     <span class='ocr_line' id='line_1_91' title="bbox 1953 2837 3567 2926; baseline -0.016 -14"><span class='ocrx_word' id='word_1_618' title='bbox 1953 2857 2150 2926; x_wconf 65' lang='lat' dir='ltr'><strong>iu&#39;qna</strong></span> <span class='ocrx_word' id='word_1_619' title='bbox 2184 2853 2288 2907; x_wconf 90' lang='lat' dir='ltr'><strong>sibi</strong></span> <span class='ocrx_word' id='word_1_620' title='bbox 2336 2854 2524 2903; x_wconf 85' lang='lat' dir='ltr'><strong>datum</strong></span> <span class='ocrx_word' id='word_1_621' title='bbox 2582 2855 2664 2900; x_wconf 85' lang='lat' dir='ltr'><strong>est</strong></span> <span class='ocrx_word' id='word_1_622' title='bbox 2698 2842 3054 2913; x_wconf 83' lang='lat' dir='ltr'><strong>Evangeliqu</strong></span> <span class='ocrx_word' id='word_1_623' title='bbox 3080 2837 3349 2900; x_wconf 80' lang='lat' dir='ltr'><strong>scribere,</strong></span> <span class='ocrx_word' id='word_1_624' title='bbox 3378 2845 3567 2888; x_wconf 83' lang='lat' dir='ltr'><strong>sacras</strong></span> 
     </span>
    </p>
   </div>
   <div class='ocr_carea' id='block_1_88' title="bbox 1955 2926 3562 3012">
    <p class='ocr_par' dir='ltr' id='par_1_88' title="bbox 1955 2926 3562 3012">
     <span class='ocr_line' id='line_1_92' title="bbox 1955 2926 3562 3012; baseline -0.016 -10"><span class='ocrx_word' id='word_1_625' title='bbox 1955 2954 2261 3002; x_wconf 86' lang='lat' dir='ltr'><strong>mereretur</strong></span> <span class='ocrx_word' id='word_1_626' title='bbox 2289 2942 2407 3012; x_wconf 81' lang='lat' dir='ltr'><strong>ejus</strong></span> <span class='ocrx_word' id='word_1_627' title='bbox 2458 2938 2717 3006; x_wconf 85' lang='lat' dir='ltr'><strong>reliquias</strong></span> <span class='ocrx_word' id='word_1_628' title='bbox 2747 2934 3054 3005; x_wconf 48' lang='lat' dir='ltr'><strong>possidere.</strong></span> <span class='ocrx_word' id='word_1_629' title='bbox 3089 2941 3138 2984; x_wconf 91' lang='lat' dir='ltr'><strong>et</strong></span> <span class='ocrx_word' id='word_1_630' title='bbox 3167 2928 3255 2982; x_wconf 90' lang='lat' dir='ltr'><strong>ubi</strong></span> <span class='ocrx_word' id='word_1_631' title='bbox 3286 2926 3387 2981; x_wconf 60' lang='lat' dir='ltr'><strong>sibi</strong></span> <span class='ocrx_word' id='word_1_632' title='bbox 3427 2939 3562 2980; x_wconf 83' lang='lat' dir='ltr'><strong>cort-</strong></span> 
     </span>
    </p>
   </div>
   <div class='ocr_carea' id='block_1_89' title="bbox 1955 3019 3567 3104">
    <p class='ocr_par' dir='ltr' id='par_1_89' title="bbox 1955 3019 3567 3104">
     <span class='ocr_line' id='line_1_93' title="bbox 1955 3019 3567 3104; baseline -0.016 -8"><span class='ocrx_word' id='word_1_633' title='bbox 1955 3055 2169 3096; x_wconf 79' lang='lat' dir='ltr'><strong>cessum</strong></span> <span class='ocrx_word' id='word_1_634' title='bbox 2202 3048 2282 3091; x_wconf 87' lang='lat' dir='ltr'><strong>est</strong></span> <span class='ocrx_word' id='word_1_635' title='bbox 2307 3032 2635 3104; x_wconf 66' lang='lat' dir='ltr'><strong>eVangelime</strong></span> <span class='ocrx_word' id='word_1_636' title='bbox 2665 3026 3052 3097; x_wconf 86' lang='lat' dir='ltr'><strong>descriptionis</strong></span> <span class='ocrx_word' id='word_1_637' title='bbox 3074 3023 3240 3090; x_wconf 85' lang='lat' dir='ltr'><strong>juhar</strong></span> <span class='ocrx_word' id='word_1_638' title='bbox 3261 3019 3567 3080; x_wconf 85' lang='lat' dir='ltr'><strong>et&#39;landere,</strong></span> 
     </span>
    </p>
   </div>
   <div class='ocr_carea' id='block_1_90' title="bbox 1959 3107 3571 3196">
    <p class='ocr_par' dir='ltr' id='par_1_90' title="bbox 1959 3107 3571 3196">
     <span class='ocr_line' id='line_1_94' title="bbox 1959 3107 3571 3196; baseline -0.015 -13"><span class='ocrx_word' id='word_1_639' title='bbox 1959 3129 2068 3183; x_wconf 90' lang='lat' dir='ltr'><strong>illic</strong></span> <span class='ocrx_word' id='word_1_640' title='bbox 2096 3141 2190 3196; x_wconf 89' lang='lat' dir='ltr'><strong>per</strong></span> <span class='ocrx_word' id='word_1_641' title='bbox 2207 3123 2411 3195; x_wconf 84' lang='lat' dir='ltr'><strong>glorios</strong></span> <span class='ocrx_word' id='word_1_642' title='bbox 2429 3139 2457 3172; x_wconf 85' lang='lat' dir='ltr'><strong>e</strong></span> <span class='ocrx_word' id='word_1_643' title='bbox 2485 3119 2656 3190; x_wconf 61' lang='lat' dir='ltr'><strong>gleba:</strong></span> <span class='ocrx_word' id='word_1_644' title='bbox 2686 3132 2799 3171; x_wconf 54' lang='lat' dir='ltr'><strong>suae</strong></span> <span class='ocrx_word' id='word_1_645' title='bbox 2820 3113 3167 3186; x_wconf 60' lang='lat' dir='ltr'><strong>pratscntiam</strong></span> <span class='ocrx_word' id='word_1_646' title='bbox 3193 3107 3444 3180; x_wconf 84' lang='lat' dir='ltr'><strong>plurimis</strong></span> <span class='ocrx_word' id='word_1_647' title='bbox 3462 3120 3571 3160; x_wconf 82' lang='lat' dir='ltr'><strong>vir-</strong></span> 
     </span>
    </p>
   </div>
   <div class='ocr_carea' id='block_1_91' title="bbox 1958 3207 3207 3285">
    <p class='ocr_par' dir='ltr' id='par_1_91' title="bbox 1958 3207 3207 3285">
     <span class='ocr_line' id='line_1_95' title="bbox 1958 3207 3207 3285; baseline -0.016 -11"><span class='ocrx_word' id='word_1_648' title='bbox 1958 3229 2132 3275; x_wconf 87' lang='lat' dir='ltr'><strong>tutum</strong></span> <span class='ocrx_word' id='word_1_649' title='bbox 2161 3228 2324 3285; x_wconf 83' lang='lat' dir='ltr'><strong>atque</strong></span> <span class='ocrx_word' id='word_1_650' title='bbox 2347 3215 2628 3280; x_wconf 67' lang='lat' dir='ltr'><strong>signorum</strong></span> <span class='ocrx_word' id='word_1_651' title='bbox 2670 3207 2838 3262; x_wconf 74' lang='lat' dir='ltr'><strong>radiis</strong></span> <span class='ocrx_word' id='word_1_652' title='bbox 2869 3212 3207 3260; x_wconf 69' lang='lat' dir='ltr'><strong>corttscaret.</strong></span> 
     </span>
    </p>
   </div>
   <div class='ocr_carea' id='block_1_92' title="bbox 1883 3286 3574 3370">
    <p class='ocr_par' dir='ltr' id='par_1_92' title="bbox 1883 3286 3574 3370">
     <span class='ocr_line' id='line_1_96' title="bbox 1883 3286 3574 3370; baseline -0.015 -3"><span class='ocrx_word' id='word_1_653' title='bbox 1883 3295 1927 3356; x_wconf 67' lang='grc' dir='ltr'><strong>(ἶ</strong></span> <span class='ocrx_word' id='word_1_654' title='bbox 2032 3310 2207 3364; x_wconf 75' lang='lat' dir='ltr'><strong>Porro</strong></span> <span class='ocrx_word' id='word_1_655' title='bbox 2239 3306 2284 3359; x_wconf 90' lang='lat' dir='ltr'><strong>si</strong></span> <span class='ocrx_word' id='word_1_656' title='bbox 2327 3303 2618 3370; x_wconf 71' lang='lat' dir='ltr'><strong>diligenter</strong></span> <span class='ocrx_word' id='word_1_657' title='bbox 2651 3299 2897 3352; x_wconf 80' lang='lat' dir='ltr'><strong>omnium</strong></span> <span class='ocrx_word' id='word_1_658' title='bbox 2941 3294 3430 3365; x_wconf 75' lang='lat' dir='ltr'><strong>evmigelistarum.</strong></span> <span class='ocrx_word' id='word_1_659' title='bbox 3461 3286 3574 3362; x_wconf 61' lang='lat'><strong>75.</strong></span> 
     </span>
    </p>
   </div>
   <div class='ocr_carea' id='block_1_93' title="bbox 1946 3377 3572 3473">
    <p class='ocr_par' dir='ltr' id='par_1_93' title="bbox 1946 3377 3572 3473">
     <span class='ocr_line' id='line_1_97' title="bbox 1946 3377 3572 3473; baseline -0.014 -17"><span class='ocrx_word' id='word_1_660' title='bbox 1946 3403 2015 3473; x_wconf 9' lang='lat' dir='ltr'><strong>Vin</strong></span> <span class='ocrx_word' id='word_1_661' title='bbox 2045 3399 2243 3469; x_wconf 50' lang='lat' dir='ltr'><strong>quibus</strong></span> <span class='ocrx_word' id='word_1_662' title='bbox 2273 3394 2514 3449; x_wconf 77' lang='lat' dir='ltr'><strong>defuncti</strong></span> <span class='ocrx_word' id='word_1_663' title='bbox 2546 3399 2694 3452; x_wconf 83' lang='lat' dir='ltr'><strong>sunt.</strong></span> <span class='ocrx_word' id='word_1_664' title='bbox 2726 3389 2841 3442; x_wconf 89' lang='lat' dir='ltr'><strong>loca</strong></span> <span class='ocrx_word' id='word_1_665' title='bbox 2868 3377 3260 3456; x_wconf 84' lang='lat' dir='ltr'><strong>percurrimus,</strong></span> <span class='ocrx_word' id='word_1_666' title='bbox 3295 3383 3572 3436; x_wconf 81' lang='lat' dir='ltr'><strong>nemiuem</strong></span> 
     </span>
    </p>
   </div>
   <div class='ocr_carea' id='block_1_94' title="bbox 1961 3471 3579 3552">
    <p class='ocr_par' dir='ltr' id='par_1_94' title="bbox 1961 3471 3579 3552">
     <span class='ocr_line' id='line_1_98' title="bbox 1961 3471 3579 3552; baseline -0.014 -3"><span class='ocrx_word' id='word_1_667' title='bbox 1961 3506 2150 3549; x_wconf 79' lang='lat' dir='ltr'><strong>eorum</strong></span> <span class='ocrx_word' id='word_1_668' title='bbox 2184 3490 2237 3543; x_wconf 86' lang='lat' dir='ltr'><strong>in</strong></span> <span class='ocrx_word' id='word_1_669' title='bbox 2262 3502 2348 3550; x_wconf 83' lang='lat' dir='ltr'><strong>eo.</strong></span> <span class='ocrx_word' id='word_1_670' title='bbox 2377 3501 2539 3552; x_wconf 78' lang='lat' dir='ltr'><strong>f|llt‘.l|l</strong></span> <span class='ocrx_word' id='word_1_671' title='bbox 2575 3483 2802 3536; x_wconf 89' lang='lat' dir='ltr'><strong>sortitus</strong></span> <span class='ocrx_word' id='word_1_672' title='bbox 2823 3489 2928 3539; x_wconf 85' lang='lat' dir='ltr'><strong>est.</strong></span> <span class='ocrx_word' id='word_1_673' title='bbox 2957 3489 3343 3548; x_wconf 68' lang='lat' dir='ltr'><strong>perseverasse</strong></span> <span class='ocrx_word' id='word_1_674' title='bbox 3369 3471 3579 3526; x_wconf 88' lang='lat' dir='ltr'><strong>tumulo</strong></span> 
     </span>
    </p>
   </div>
   <div class='ocr_carea' id='block_1_95' title="bbox 1963 3567 3576 3654">
    <p class='ocr_par' dir='ltr' id='par_1_95' title="bbox 1963 3567 3576 3654">
     <span class='ocr_line' id='line_1_99' title="bbox 1963 3567 3576 3654; baseline -0.015 -14"><span class='ocrx_word' id='word_1_675' title='bbox 1963 3583 2292 3654; x_wconf 69' lang='lat' dir='ltr'><strong>reperimus.</strong></span> <span class='ocrx_word' id='word_1_676' title='bbox 2328 3579 2382 3632; x_wconf 91' lang='lat' dir='ltr'><strong>In</strong></span> <span class='ocrx_word' id='word_1_677' title='bbox 2403 3575 2632 3632; x_wconf 81' lang='lat' dir='ltr'><strong>Joannis</strong></span> <span class='ocrx_word' id='word_1_678' title='bbox 2667 3574 2878 3628; x_wconf 74' lang='lat' dir='ltr'><strong>scilicet</strong></span> <span class='ocrx_word' id='word_1_679' title='bbox 2905 3571 3185 3640; x_wconf 83' lang='lat' dir='ltr'><strong>sepultura</strong></span> <span class='ocrx_word' id='word_1_680' title='bbox 3212 3577 3332 3636; x_wconf 86' lang='lat' dir='ltr'><strong>post</strong></span> <span class='ocrx_word' id='word_1_681' title='bbox 3362 3567 3576 3620; x_wconf 89' lang='lat' dir='ltr'><strong>ohitmn</strong></span> 
     </span>
    </p>
   </div>
   <div class='ocr_carea' id='block_1_96' title="bbox 1966 3658 3587 3743">
    <p class='ocr_par' dir='ltr' id='par_1_96' title="bbox 1966 3658 3587 3743">
     <span class='ocr_line' id='line_1_100' title="bbox 1966 3658 3587 3743; baseline -0.012 -14"><span class='ocrx_word' id='word_1_682' title='bbox 1966 3692 2072 3730; x_wconf 87' lang='lat' dir='ltr'><strong>non</strong></span> <span class='ocrx_word' id='word_1_683' title='bbox 2106 3688 2309 3743; x_wconf 71' lang='lat' dir='ltr'><strong>corpus</strong></span> <span class='ocrx_word' id='word_1_684' title='bbox 2336 3671 2476 3736; x_wconf 82' lang='lat' dir='ltr'><strong>ejus,</strong></span> <span class='ocrx_word' id='word_1_685' title='bbox 2516 3669 2611 3722; x_wconf 84' lang='lat' dir='ltr'><strong>sed</strong></span> <span class='ocrx_word' id='word_1_686' title='bbox 2645 3681 2843 3720; x_wconf 90' lang='lat' dir='ltr'><strong>manna</strong></span> <span class='ocrx_word' id='word_1_687' title='bbox 2875 3673 3152 3731; x_wconf 86' lang='lat' dir='ltr'><strong>repertum</strong></span> <span class='ocrx_word' id='word_1_688' title='bbox 3181 3658 3286 3715; x_wconf 70' lang='lat' dir='ltr'><strong>est.</strong></span> <span class='ocrx_word' id='word_1_689' title='bbox 3313 3658 3464 3712; x_wconf 78' lang='lat' dir='ltr'><strong>Beati</strong></span> <span class='ocrx_word' id='word_1_690' title='bbox 3491 3669 3587 3710; x_wconf 80' lang='lat' dir='ltr'><strong>ve-</strong></span> 
     </span>
    </p>
   </div>
   <div class='ocr_carea' id='block_1_97' title="bbox 1967 3750 3584 3830">
    <p class='ocr_par' dir='ltr' id='par_1_97' title="bbox 1967 3750 3584 3830">
     <span class='ocr_line' id='line_1_101' title="bbox 1967 3750 3584 3830; baseline -0.015 -7"><span class='ocrx_word' id='word_1_691' title='bbox 1967 3783 2030 3823; x_wconf 86' lang='lat' dir='ltr'><strong>ro</strong></span> <span class='ocrx_word' id='word_1_692' title='bbox 2057 3763 2296 3820; x_wconf 65' lang='lat' dir='ltr'><strong>Mattha‘i</strong></span> <span class='ocrx_word' id='word_1_693' title='bbox 2323 3774 2556 3830; x_wconf 85' lang='lat' dir='ltr'><strong>corpore</strong></span> <span class='ocrx_word' id='word_1_694' title='bbox 2601 3773 2708 3812; x_wconf 91' lang='lat' dir='ltr'><strong>non</strong></span> <span class='ocrx_word' id='word_1_695' title='bbox 2757 3753 3063 3822; x_wconf 63' lang='lat' dir='ltr'><strong>Etlt‘opia.</strong></span> <span class='ocrx_word' id='word_1_696' title='bbox 3123 3750 3211 3804; x_wconf 92' lang='lat' dir='ltr'><strong>ubi</strong></span> <span class='ocrx_word' id='word_1_697' title='bbox 3266 3754 3584 3817; x_wconf 83' lang='lat' dir='ltr'><strong>peremptus</strong></span> 
     </span>
    </p>
   </div>
   <div class='ocr_carea' id='block_1_98' title="bbox 1969 3842 3585 3929">
    <p class='ocr_par' dir='ltr' id='par_1_98' title="bbox 1969 3842 3585 3929">
     <span class='ocr_line' id='line_1_102' title="bbox 1969 3842 3585 3929; baseline -0.015 -15"><span class='ocrx_word' id='word_1_698' title='bbox 1969 3861 2304 3929; x_wconf 72' lang='lat' dir='ltr'><strong>agnoscitur.</strong></span> <span class='ocrx_word' id='word_1_699' title='bbox 2354 3853 2451 3909; x_wconf 82' lang='lat' dir='ltr'><strong>sed</strong></span> <span class='ocrx_word' id='word_1_700' title='bbox 2500 3850 2847 3906; x_wconf 85' lang='lat' dir='ltr'><strong>Salcrttitana</strong></span> <span class='ocrx_word' id='word_1_701' title='bbox 2890 3846 3072 3915; x_wconf 86' lang='lat' dir='ltr'><strong>potius</strong></span> <span class='ocrx_word' id='word_1_702' title='bbox 3122 3842 3320 3897; x_wconf 87' lang='lat' dir='ltr'><strong>civitas</strong></span> <span class='ocrx_word' id='word_1_703' title='bbox 3356 3843 3585 3893; x_wconf 79' lang='lat' dir='ltr'><strong>decora-</strong></span> 
     </span>
    </p>
   </div>
   <div class='ocr_carea' id='block_1_99' title="bbox 1973 3929 3590 4006">
    <p class='ocr_par' dir='ltr' id='par_1_99' title="bbox 1973 3929 3590 4006">
     <span class='ocr_line' id='line_1_103' title="bbox 1973 3929 3590 4006; baseline -0.014 -2"><span class='ocrx_word' id='word_1_704' title='bbox 1973 3961 2081 4006; x_wconf 92' lang='lat' dir='ltr'><strong>tur.</strong></span> <span class='ocrx_word' id='word_1_705' title='bbox 2120 3949 2358 4003; x_wconf 72' lang='lat' dir='ltr'><strong>Saocms</strong></span> <span class='ocrx_word' id='word_1_706' title='bbox 2405 3945 2572 3999; x_wconf 70' lang='lat' dir='ltr'><strong>etiam</strong></span> <span class='ocrx_word' id='word_1_707' title='bbox 2625 3940 2819 4002; x_wconf 82' lang='lat' dir='ltr'><strong>Lucas,</strong></span> <span class='ocrx_word' id='word_1_708' title='bbox 2863 3953 2987 3991; x_wconf 87' lang='lat' dir='ltr'><strong>cum</strong></span> <span class='ocrx_word' id='word_1_709' title='bbox 3025 3937 3078 3990; x_wconf 91' lang='lat' dir='ltr'><strong>in</strong></span> <span class='ocrx_word' id='word_1_710' title='bbox 3112 3932 3385 4002; x_wconf 72' lang='lat' dir='ltr'><strong>ltithyuize</strong></span> <span class='ocrx_word' id='word_1_711' title='bbox 3417 3929 3590 3998; x_wconf 82' lang='lat' dir='ltr'><strong>parti-</strong></span> 
     </span>
    </p>
   </div>
   <div class='ocr_carea' id='block_1_100' title="bbox 1973 4023 3590 4103">
    <p class='ocr_par' dir='ltr' id='par_1_100' title="bbox 1973 4023 3590 4103">
     <span class='ocr_line' id='line_1_104' title="bbox 1973 4023 3590 4103; baseline -0.015 -6"><span class='ocrx_word' id='word_1_712' title='bbox 1973 4043 2093 4103; x_wconf 78' lang='lat' dir='ltr'><strong>bus.</strong></span> <span class='ocrx_word' id='word_1_713' title='bbox 2130 4042 2277 4096; x_wconf 89' lang='lat' dir='ltr'><strong>sicut</strong></span> <span class='ocrx_word' id='word_1_714' title='bbox 2309 4036 2534 4092; x_wconf 89' lang='lat' dir='ltr'><strong>historia</strong></span> <span class='ocrx_word' id='word_1_715' title='bbox 2591 4042 2841 4094; x_wconf 75' lang='lat' dir='ltr'><strong>testatur,</strong></span> <span class='ocrx_word' id='word_1_716' title='bbox 2891 4028 3112 4101; x_wconf 81' lang='lat' dir='ltr'><strong>obierit.</strong></span> <span class='ocrx_word' id='word_1_717' title='bbox 3150 4023 3413 4078; x_wconf 81' lang='lat' dir='ltr'><strong>vicesimo</strong></span> <span class='ocrx_word' id='word_1_718' title='bbox 3444 4033 3590 4074; x_wconf 91' lang='lat' dir='ltr'><strong>anno</strong></span> 
     </span>
    </p>
   </div>
   <div class='ocr_carea' id='block_1_101' title="bbox 1975 4110 3589 4191">
    <p class='ocr_par' dir='ltr' id='par_1_101' title="bbox 1975 4110 3589 4191">
     <span class='ocr_line' id='line_1_105' title="bbox 1975 4110 3589 4191; baseline -0.017 0"><span class='ocrx_word' id='word_1_719' title='bbox 1975 4132 2283 4191; x_wconf 87' lang='lat' dir='ltr'><strong>Constantii</strong></span> <span class='ocrx_word' id='word_1_720' title='bbox 2349 4127 2585 4184; x_wconf 65' lang='lat' dir='ltr'><strong>Caesaris</strong></span> <span class='ocrx_word' id='word_1_721' title='bbox 2654 4125 2720 4176; x_wconf 88' lang='lat' dir='ltr'><strong>de</strong></span> <span class='ocrx_word' id='word_1_722' title='bbox 2782 4120 2989 4177; x_wconf 83' lang='lat' dir='ltr'><strong>Achaia</strong></span> <span class='ocrx_word' id='word_1_723' title='bbox 3057 4110 3589 4181; x_wconf 79' lang='lat' dir='ltr'><strong>Coustaatiuopoliut</strong></span> 
     </span>
    </p>
   </div>
   <div class='ocr_carea' id='block_1_102' title="bbox 1978 4205 3592 4280">
    <p class='ocr_par' dir='ltr' id='par_1_102' title="bbox 1978 4205 3592 4280">
     <span class='ocr_line' id='line_1_106' title="bbox 1978 4205 3592 4280; baseline -0.014 -1"><span class='ocrx_word' id='word_1_724' title='bbox 1978 4215 2276 4280; x_wconf 70' lang='lat' dir='ltr'><strong>translatus</strong></span> <span class='ocrx_word' id='word_1_725' title='bbox 2293 4232 2379 4276; x_wconf 88' lang='lat' dir='ltr'><strong>est</strong></span> <span class='ocrx_word' id='word_1_726' title='bbox 2401 4237 2526 4276; x_wconf 91' lang='lat' dir='ltr'><strong>cum</strong></span> <span class='ocrx_word' id='word_1_727' title='bbox 2556 4214 2924 4272; x_wconf 76' lang='lat' dir='ltr'><strong>sacrosanctis</strong></span> <span class='ocrx_word' id='word_1_728' title='bbox 2941 4211 3082 4265; x_wconf 82' lang='lat' dir='ltr'><strong>beati</strong></span> <span class='ocrx_word' id='word_1_729' title='bbox 3107 4206 3336 4277; x_wconf 77' lang='lat' dir='ltr'><strong>apostoli</strong></span> <span class='ocrx_word' id='word_1_730' title='bbox 3360 4205 3592 4258; x_wconf 67' lang='lat' dir='ltr'><strong>Andreae</strong></span> 
     </span>
    </p>
   </div>
   <div class='ocr_carea' id='block_1_103' title="bbox 1979 4302 3594 4388">
    <p class='ocr_par' dir='ltr' id='par_1_103' title="bbox 1979 4302 3594 4388">
     <span class='ocr_line' id='line_1_107' title="bbox 1979 4302 3594 4388; baseline -0.017 -14"><span class='ocrx_word' id='word_1_731' title='bbox 1979 4317 2248 4388; x_wconf 84' lang='lat' dir='ltr'><strong>reliquiis.</strong></span> <span class='ocrx_word' id='word_1_732' title='bbox 2311 4314 2591 4373; x_wconf 85' lang='lat' dir='ltr'><strong>Ilicvero,</strong></span> <span class='ocrx_word' id='word_1_733' title='bbox 2657 4310 2722 4363; x_wconf 91' lang='lat' dir='ltr'><strong>de</strong></span> <span class='ocrx_word' id='word_1_734' title='bbox 2770 4324 2880 4376; x_wconf 92' lang='lat' dir='ltr'><strong>quo</strong></span> <span class='ocrx_word' id='word_1_735' title='bbox 2940 4319 3084 4358; x_wconf 90' lang='lat' dir='ltr'><strong>nunc</strong></span> <span class='ocrx_word' id='word_1_736' title='bbox 3133 4302 3333 4371; x_wconf 80' lang='lat' dir='ltr'><strong>agitur.</strong></span> <span class='ocrx_word' id='word_1_737' title='bbox 3366 4305 3594 4350; x_wconf 75' lang='lat' dir='ltr'><strong>sanctus</strong></span> 
     </span>
    </p>
   </div>
   <div class='ocr_carea' id='block_1_104' title="bbox 1981 4394 3592 4476">
    <p class='ocr_par' dir='ltr' id='par_1_104' title="bbox 1981 4394 3592 4476">
     <span class='ocr_line' id='line_1_108' title="bbox 1981 4394 3592 4476; baseline -0.018 -11"><span class='ocrx_word' id='word_1_738' title='bbox 1981 4407 2315 4476; x_wconf 58' lang='lat' dir='ltr'><strong>evangelista</strong></span> <span class='ocrx_word' id='word_1_739' title='bbox 2373 4403 2591 4457; x_wconf 74' lang='lat' dir='ltr'><strong>Marcus</strong></span> <span class='ocrx_word' id='word_1_740' title='bbox 2641 4400 2705 4452; x_wconf 90' lang='lat' dir='ltr'><strong>de</strong></span> <span class='ocrx_word' id='word_1_741' title='bbox 2743 4395 3073 4452; x_wconf 76' lang='lat' dir='ltr'><strong>Alexandria</strong></span> <span class='ocrx_word' id='word_1_742' title='bbox 3110 4400 3457 4446; x_wconf 70' lang='lat' dir='ltr'><strong>transvectus</strong></span> <span class='ocrx_word' id='word_1_743' title='bbox 3485 4394 3592 4447; x_wconf 75' lang='lat' dir='ltr'><strong>est,</strong></span> 
     </span>
    </p>
   </div>
   <div class='ocr_carea' id='block_1_105' title="bbox 1987 4476 3596 4560">
    <p class='ocr_par' dir='ltr' id='par_1_105' title="bbox 1987 4476 3596 4560">
     <span class='ocr_line' id='line_1_109' title="bbox 1987 4476 3596 4560; baseline -0.018 -3"><span class='ocrx_word' id='word_1_744' title='bbox 1987 4503 2097 4557; x_wconf 87' lang='lat' dir='ltr'><strong>Deo</strong></span> <span class='ocrx_word' id='word_1_745' title='bbox 2142 4497 2574 4554; x_wconf 72' lang='lat' dir='ltr'><strong>tttiscricorditcr</strong></span> <span class='ocrx_word' id='word_1_746' title='bbox 2632 4493 2979 4560; x_wconf 82' lang='lat' dir='ltr'><strong>dispOuente.</strong></span> <span class='ocrx_word' id='word_1_747' title='bbox 3049 4486 3356 4541; x_wconf 69' lang='lat' dir='ltr'><strong>Venetiam.</strong></span> <span class='ocrx_word' id='word_1_748' title='bbox 3407 4487 3463 4532; x_wconf 92' lang='grc' dir='ltr'><strong>ιιι</strong></span> <span class='ocrx_word' id='word_1_749' title='bbox 3502 4476 3596 4544; x_wconf 85' lang='lat' dir='ltr'><strong>qui</strong></span> 
     </span>
    </p>
   </div>
   <div class='ocr_carea' id='block_1_106' title="bbox 1987 4573 3598 4648">
    <p class='ocr_par' dir='ltr' id='par_1_106' title="bbox 1987 4573 3598 4648">
     <span class='ocr_line' id='line_1_110' title="bbox 1987 4573 3598 4648; baseline -0.017 -2"><span class='ocrx_word' id='word_1_750' title='bbox 1987 4605 2115 4648; x_wconf 88' lang='lat' dir='ltr'><strong>tunc</strong></span> <span class='ocrx_word' id='word_1_751' title='bbox 2147 4601 2320 4646; x_wconf 88' lang='lat' dir='ltr'><strong>totum</strong></span> <span class='ocrx_word' id='word_1_752' title='bbox 2350 4587 2633 4643; x_wconf 86' lang='lat' dir='ltr'><strong>Orientem</strong></span> <span class='ocrx_word' id='word_1_753' title='bbox 2657 4585 2804 4637; x_wconf 88' lang='lat' dir='ltr'><strong>velut</strong></span> <span class='ocrx_word' id='word_1_754' title='bbox 2828 4593 3029 4633; x_wconf 85' lang='lat' dir='ltr'><strong>aureus</strong></span> <span class='ocrx_word' id='word_1_755' title='bbox 3057 4573 3250 4630; x_wconf 80' lang='lat' dir='ltr'><strong>luetfcr</strong></span> <span class='ocrx_word' id='word_1_756' title='bbox 3283 4573 3598 4625; x_wconf 52' lang='lat' dir='ltr'><strong>illustrave-</strong></span> 
     </span>
    </p>
   </div>
   <div class='ocr_carea' id='block_1_107' title="bbox 1989 4665 3600 4751">
    <p class='ocr_par' dir='ltr' id='par_1_107' title="bbox 1989 4665 3600 4751">
     <span class='ocr_line' id='line_1_111' title="bbox 1989 4665 3600 4751; baseline -0.017 -11"><span class='ocrx_word' id='word_1_757' title='bbox 1989 4696 2092 4743; x_wconf 79' lang='lat' dir='ltr'><strong>rat.</strong></span> <span class='ocrx_word' id='word_1_758' title='bbox 2125 4699 2270 4737; x_wconf 77' lang='lat' dir='ltr'><strong>nunc</strong></span> <span class='ocrx_word' id='word_1_759' title='bbox 2300 4697 2394 4751; x_wconf 90' lang='lat' dir='ltr'><strong>per</strong></span> <span class='ocrx_word' id='word_1_760' title='bbox 2426 4680 2613 4750; x_wconf 79' lang='lat' dir='ltr'><strong>plagas</strong></span> <span class='ocrx_word' id='word_1_761' title='bbox 2638 4675 2862 4731; x_wconf 86' lang='lat' dir='ltr'><strong>Occidui</strong></span> <span class='ocrx_word' id='word_1_762' title='bbox 2891 4671 3130 4728; x_wconf 87' lang='lat' dir='ltr'><strong>climatis</strong></span> <span class='ocrx_word' id='word_1_763' title='bbox 3155 4665 3457 4738; x_wconf 54' lang='lat' dir='ltr'><strong>praesentia:</strong></span> <span class='ocrx_word' id='word_1_764' title='bbox 3487 4678 3600 4715; x_wconf 71' lang='lat' dir='ltr'><strong>sua:</strong></span> 
     </span>
    </p>
   </div>
   <div class='ocr_carea' id='block_1_108' title="bbox 1987 4754 3604 4842">
    <p class='ocr_par' dir='ltr' id='par_1_108' title="bbox 1987 4754 3604 4842">
     <span class='ocr_line' id='line_1_112' title="bbox 1987 4754 3604 4842; baseline -0.017 -11"><span class='ocrx_word' id='word_1_765' title='bbox 1987 4775 2160 4833; x_wconf 87' lang='lat' dir='ltr'><strong>radiis</strong></span> <span class='ocrx_word' id='word_1_766' title='bbox 2187 4775 2476 4842; x_wconf 73' lang='lat' dir='ltr'><strong>enitescat.</strong></span> <span class='ocrx_word' id='word_1_767' title='bbox 2531 4769 2636 4822; x_wconf 81' lang='lat' dir='ltr'><strong>Per</strong></span> <span class='ocrx_word' id='word_1_768' title='bbox 2665 4764 2962 4835; x_wconf 62' lang='lat' dir='ltr'><strong>Egyptqu</strong></span> <span class='ocrx_word' id='word_1_769' title='bbox 3001 4762 3202 4830; x_wconf 87' lang='lat' dir='ltr'><strong>quippe</strong></span> <span class='ocrx_word' id='word_1_770' title='bbox 3258 4754 3604 4811; x_wconf 63' lang='lat' dir='ltr'><strong>sibidedicat</strong></span> 
     </span>
    </p>
   </div>
   <div class='ocr_carea' id='block_1_109' title="bbox 1989 4844 3604 4935">
    <p class='ocr_par' dir='ltr' id='par_1_109' title="bbox 1989 4844 3604 4935">
     <span class='ocr_line' id='line_1_113' title="bbox 1989 4844 3604 4935; baseline -0.017 -11"><span class='ocrx_word' id='word_1_771' title='bbox 1989 4877 2192 4927; x_wconf 90' lang='lat' dir='ltr'><strong>ortum.</strong></span> <span class='ocrx_word' id='word_1_772' title='bbox 2219 4880 2316 4935; x_wconf 88' lang='lat' dir='ltr'><strong>per</strong></span> <span class='ocrx_word' id='word_1_773' title='bbox 2347 4861 2629 4918; x_wconf 74' lang='lat' dir='ltr'><strong>Venetiam</strong></span> <span class='ocrx_word' id='word_1_774' title='bbox 2665 4869 2813 4914; x_wconf 86' lang='lat' dir='ltr'><strong>tenet</strong></span> <span class='ocrx_word' id='word_1_775' title='bbox 2835 4869 3111 4910; x_wconf 77' lang='lat' dir='ltr'><strong>occasum.</strong></span> <span class='ocrx_word' id='word_1_776' title='bbox 3140 4849 3248 4903; x_wconf 91' lang='lat' dir='ltr'><strong>Illic</strong></span> <span class='ocrx_word' id='word_1_777' title='bbox 3279 4844 3604 4901; x_wconf 66' lang='lat' dir='ltr'><strong>Alexandri-</strong></span> 
     </span>
    </p>
   </div>
   <div class='ocr_carea' id='block_1_110' title="bbox 1993 4937 3611 5014">
    <p class='ocr_par' dir='ltr' id='par_1_110' title="bbox 1993 4937 3611 5014">
     <span class='ocr_line' id='line_1_114' title="bbox 1993 4937 3611 5014; baseline -0.016 1"><span class='ocrx_word' id='word_1_778' title='bbox 1993 4974 2078 5014; x_wconf 72' lang='lat' dir='ltr'><strong>na:</strong></span> <span class='ocrx_word' id='word_1_779' title='bbox 2107 4957 2335 5012; x_wconf 86' lang='lat' dir='ltr'><strong>sortitus</strong></span> <span class='ocrx_word' id='word_1_780' title='bbox 2350 4963 2440 5008; x_wconf 87' lang='lat' dir='ltr'><strong>est</strong></span> <span class='ocrx_word' id='word_1_781' title='bbox 2459 4952 2707 5008; x_wconf 70' lang='lat' dir='ltr'><strong>ecclesia:</strong></span> <span class='ocrx_word' id='word_1_782' title='bbox 2729 4949 2936 5013; x_wconf 83' lang='lat' dir='ltr'><strong>solum;</strong></span> <span class='ocrx_word' id='word_1_783' title='bbox 2969 4945 3056 4999; x_wconf 91' lang='lat' dir='ltr'><strong>hic</strong></span> <span class='ocrx_word' id='word_1_784' title='bbox 3076 4940 3420 4997; x_wconf 88' lang='lat' dir='ltr'><strong>renascentis</strong></span> <span class='ocrx_word' id='word_1_785' title='bbox 3439 4937 3611 5005; x_wconf 74' lang='lat' dir='ltr'><strong>Aqui-</strong></span> 
     </span>
    </p>
   </div>
   <div class='ocr_carea' id='block_1_111' title="bbox 1996 5029 3612 5116">
    <p class='ocr_par' dir='ltr' id='par_1_111' title="bbox 1996 5029 3612 5116">
     <span class='ocr_line' id='line_1_115' title="bbox 1996 5029 3612 5116; baseline -0.017 -8"><span class='ocrx_word' id='word_1_786' title='bbox 1996 5053 2116 5108; x_wconf 77' lang='lat' dir='ltr'><strong>leia:</strong></span> <span class='ocrx_word' id='word_1_787' title='bbox 2143 5067 2342 5106; x_wconf 90' lang='lat' dir='ltr'><strong>novum</strong></span> <span class='ocrx_word' id='word_1_788' title='bbox 2373 5048 2564 5104; x_wconf 81' lang='lat' dir='ltr'><strong>statuit</strong></span> <span class='ocrx_word' id='word_1_789' title='bbox 2606 5043 2994 5116; x_wconf 87' lang='lat' dir='ltr'><strong>principatum.</strong></span> <span class='ocrx_word' id='word_1_790' title='bbox 3031 5037 3131 5092; x_wconf 84' lang='lat' dir='ltr'><strong>Est</strong></span> <span class='ocrx_word' id='word_1_791' title='bbox 3161 5037 3347 5104; x_wconf 78' lang='lat' dir='ltr'><strong>itaque</strong></span> <span class='ocrx_word' id='word_1_792' title='bbox 3374 5030 3522 5086; x_wconf 89' lang='lat' dir='ltr'><strong>velut</strong></span> <span class='ocrx_word' id='word_1_793' title='bbox 3545 5029 3612 5084; x_wconf 80' lang='lat' dir='ltr'><strong>si-</strong></span> 
     </span>
    </p>
   </div>
   <div class='ocr_carea' id='block_1_112' title="bbox 1996 5120 3611 5202">
    <p class='ocr_par' dir='ltr' id='par_1_112' title="bbox 1996 5120 3611 5202">
     <span class='ocr_line' id='line_1_116' title="bbox 1996 5120 3611 5202; baseline -0.014 -5"><span class='ocrx_word' id='word_1_794' title='bbox 1996 5143 2098 5198; x_wconf 89' lang='lat' dir='ltr'><strong>dus</strong></span> <span class='ocrx_word' id='word_1_795' title='bbox 2134 5154 2361 5195; x_wconf 87' lang='lat' dir='ltr'><strong>aureum</strong></span> <span class='ocrx_word' id='word_1_796' title='bbox 2418 5147 2535 5193; x_wconf 86' lang='lat' dir='ltr'><strong>toto</strong></span> <span class='ocrx_word' id='word_1_797' title='bbox 2565 5134 2701 5189; x_wconf 87' lang='lat' dir='ltr'><strong>orbe</strong></span> <span class='ocrx_word' id='word_1_798' title='bbox 2731 5130 3057 5202; x_wconf 61' lang='lat' dir='ltr'><strong>praeclarum</strong></span> <span class='ocrx_word' id='word_1_799' title='bbox 3117 5140 3181 5181; x_wconf 84' lang='lat' dir='ltr'><strong>ac</strong></span> <span class='ocrx_word' id='word_1_800' title='bbox 3209 5121 3411 5180; x_wconf 82' lang='lat' dir='ltr'><strong>Celebri</strong></span> <span class='ocrx_word' id='word_1_801' title='bbox 3441 5120 3611 5174; x_wconf 82' lang='lat' dir='ltr'><strong>totius</strong></span> 
     </span>
    </p>
   </div>
   <div class='ocr_carea' id='block_1_113' title="bbox 1996 5221 3037 5309">
    <p class='ocr_par' dir='ltr' id='par_1_113' title="bbox 1996 5221 3037 5309">
     <span class='ocr_line' id='line_1_117' title="bbox 1996 5221 3037 5309; baseline -0.014 -22"><span class='ocrx_word' id='word_1_802' title='bbox 1996 5229 2258 5309; x_wconf 70' lang='lat' dir='ltr'><strong>Ecclesia:</strong></span> <span class='ocrx_word' id='word_1_803' title='bbox 2282 5227 2637 5284; x_wconf 80' lang='lat' dir='ltr'><strong>veneratione</strong></span> <span class='ocrx_word' id='word_1_804' title='bbox 2658 5221 3037 5292; x_wconf 89' lang='lat' dir='ltr'><strong>conspicuum.</strong></span> 
     </span>
    </p>
   </div>
   <div class='ocr_carea' id='block_1_114' title="bbox 2071 5303 3616 5392">
    <p class='ocr_par' dir='ltr' id='par_1_114' title="bbox 2071 5303 3616 5392">
     <span class='ocr_line' id='line_1_118' title="bbox 2071 5303 3616 5392; baseline -0.014 -13"><span class='ocrx_word' id='word_1_805' title='bbox 2071 5323 2188 5378; x_wconf 87' lang='lat' dir='ltr'><strong>Hoc</strong></span> <span class='ocrx_word' id='word_1_806' title='bbox 2213 5323 2399 5392; x_wconf 85' lang='lat' dir='ltr'><strong>itaque</strong></span> <span class='ocrx_word' id='word_1_807' title='bbox 2426 5320 2599 5381; x_wconf 85' lang='lat' dir='ltr'><strong>sidus.</strong></span> <span class='ocrx_word' id='word_1_808' title='bbox 2652 5311 3020 5372; x_wconf 84' lang='lat' dir='ltr'><strong>dilectissimi.</strong></span> <span class='ocrx_word' id='word_1_809' title='bbox 3071 5322 3185 5379; x_wconf 66' lang='lat' dir='ltr'><strong>pra:</strong></span> <span class='ocrx_word' id='word_1_810' title='bbox 3218 5303 3394 5363; x_wconf 84' lang='lat' dir='ltr'><strong>oculis</strong></span> <span class='ocrx_word' id='word_1_811' title='bbox 3409 5303 3616 5375; x_wconf 74' lang='lat' dir='ltr'><strong>iugiter</strong></span> 
     </span>
    </p>
   </div>
   <div class='ocr_carea' id='block_1_115' title="bbox 1999 5399 3613 5480">
    <p class='ocr_par' dir='ltr' id='par_1_115' title="bbox 1999 5399 3613 5480">
     <span class='ocr_line' id='line_1_119' title="bbox 1999 5399 3613 5480; baseline -0.018 -7"><span class='ocrx_word' id='word_1_812' title='bbox 1999 5416 2322 5474; x_wconf 87' lang='lat' dir='ltr'><strong>habeamus.</strong></span> <span class='ocrx_word' id='word_1_813' title='bbox 2365 5409 2529 5480; x_wconf 83' lang='lat' dir='ltr'><strong>hujus</strong></span> <span class='ocrx_word' id='word_1_814' title='bbox 2555 5409 2837 5463; x_wconf 87' lang='lat' dir='ltr'><strong>imitemur</strong></span> <span class='ocrx_word' id='word_1_815' title='bbox 2864 5400 3199 5470; x_wconf 78' lang='lat' dir='ltr'><strong>exemplum.</strong></span> <span class='ocrx_word' id='word_1_816' title='bbox 3230 5399 3274 5452; x_wconf 92' lang='lat' dir='ltr'><strong>si</strong></span> <span class='ocrx_word' id='word_1_817' title='bbox 3309 5400 3450 5451; x_wconf 88' lang='lat' dir='ltr'><strong>inter</strong></span> <span class='ocrx_word' id='word_1_818' title='bbox 3480 5408 3613 5462; x_wconf 80' lang='lat' dir='ltr'><strong>spu-</strong></span> 
     </span>
    </p>
   </div>
   <div class='ocr_carea' id='block_1_116' title="bbox 2002 5487 3618 5569">
    <p class='ocr_par' dir='ltr' id='par_1_116' title="bbox 2002 5487 3618 5569">
     <span class='ocr_line' id='line_1_120' title="bbox 2002 5487 3618 5569; baseline -0.02 -2"><span class='ocrx_word' id='word_1_819' title='bbox 2002 5523 2189 5567; x_wconf 85' lang='lat' dir='ltr'><strong>ntosos</strong></span> <span class='ocrx_word' id='word_1_820' title='bbox 2247 5505 2539 5562; x_wconf 75' lang='lat' dir='ltr'><strong>mundana:</strong></span> <span class='ocrx_word' id='word_1_821' title='bbox 2590 5497 2869 5569; x_wconf 75' lang='lat' dir='ltr'><strong>voraginis</strong></span> <span class='ocrx_word' id='word_1_822' title='bbox 2901 5489 3100 5550; x_wconf 77' lang='lat' dir='ltr'><strong>[luctus</strong></span> <span class='ocrx_word' id='word_1_823' title='bbox 3127 5492 3380 5560; x_wconf 83' lang='lat' dir='ltr'><strong>cupimus</strong></span> <span class='ocrx_word' id='word_1_824' title='bbox 3408 5487 3618 5541; x_wconf 88' lang='lat' dir='ltr'><strong>evitare</strong></span> 
     </span>
    </p>
   </div>
   <div class='ocr_carea' id='block_1_117' title="bbox 2002 5575 3616 5670">
    <p class='ocr_par' dir='ltr' id='par_1_117' title="bbox 2002 5575 3616 5670">
     <span class='ocr_line' id='line_1_121' title="bbox 2002 5575 3616 5670; baseline -0.019 -12"><span class='ocrx_word' id='word_1_825' title='bbox 2002 5599 2373 5670; x_wconf 79' lang='lat' dir='ltr'><strong>naufragium.</strong></span> <span class='ocrx_word' id='word_1_826' title='bbox 2403 5597 2541 5651; x_wconf 79' lang='lat' dir='ltr'><strong>Hinc</strong></span> <span class='ocrx_word' id='word_1_827' title='bbox 2567 5608 2719 5648; x_wconf 87' lang='lat' dir='ltr'><strong>mare</strong></span> <span class='ocrx_word' id='word_1_828' title='bbox 2747 5590 3015 5644; x_wconf 54' lang='lat' dir='ltr'><strong>tumidum</strong></span> <span class='ocrx_word' id='word_1_829' title='bbox 3047 5587 3254 5642; x_wconf 76' lang='lat' dir='ltr'><strong>szeviat.</strong></span> <span class='ocrx_word' id='word_1_830' title='bbox 3289 5582 3436 5636; x_wconf 90' lang='lat' dir='ltr'><strong>illinc</strong></span> <span class='ocrx_word' id='word_1_831' title='bbox 3469 5575 3616 5634; x_wconf 84' lang='lat' dir='ltr'><strong>venti</strong></span> 
     </span>
    </p>
   </div>
   <div class='ocr_carea' id='block_1_118' title="bbox 2005 5670 3620 5760">
    <p class='ocr_par' dir='ltr' id='par_1_118' title="bbox 2005 5670 3620 5760">
     <span class='ocr_line' id='line_1_122' title="bbox 2005 5670 3620 5760; baseline -0.017 -10"><span class='ocrx_word' id='word_1_832' title='bbox 2005 5693 2250 5750; x_wconf 86' lang='lat' dir='ltr'><strong>furentes</strong></span> <span class='ocrx_word' id='word_1_833' title='bbox 2282 5688 2582 5760; x_wconf 87' lang='lat' dir='ltr'><strong>impingant</strong></span> <span class='ocrx_word' id='word_1_834' title='bbox 2607 5685 2696 5758; x_wconf 76' lang='grc' dir='ltr'><strong>υ..</strong></span> <span class='ocrx_word' id='word_1_835' title='bbox 2729 5678 3099 5754; x_wconf 82' lang='lat' dir='ltr'><strong>impuguent].</strong></span> <span class='ocrx_word' id='word_1_836' title='bbox 3129 5677 3173 5732; x_wconf 90' lang='lat' dir='ltr'><strong>si</strong></span> <span class='ocrx_word' id='word_1_837' title='bbox 3209 5676 3278 5728; x_wconf 92' lang='lat' dir='ltr'><strong>ab</strong></span> <span class='ocrx_word' id='word_1_838' title='bbox 3303 5674 3407 5728; x_wconf 87' lang='lat' dir='ltr'><strong>hoc</strong></span> <span class='ocrx_word' id='word_1_839' title='bbox 3439 5670 3620 5724; x_wconf 70' lang='lat' dir='ltr'><strong>sidere</strong></span> 
     </span>
    </p>
   </div>
   <div class='ocr_carea' id='block_1_119' title="bbox 2007 5761 3619 5842">
    <p class='ocr_par' dir='ltr' id='par_1_119' title="bbox 2007 5761 3619 5842">
     <span class='ocr_line' id='line_1_123' title="bbox 2007 5761 3619 5842; baseline -0.017 -2"><span class='ocrx_word' id='word_1_840' title='bbox 2007 5783 2210 5840; x_wconf 85' lang='lat' dir='ltr'><strong>mentis</strong></span> <span class='ocrx_word' id='word_1_841' title='bbox 2238 5781 2414 5836; x_wconf 85' lang='lat' dir='ltr'><strong>aciem</strong></span> <span class='ocrx_word' id='word_1_842' title='bbox 2450 5794 2557 5833; x_wconf 89' lang='lat' dir='ltr'><strong>nou</strong></span> <span class='ocrx_word' id='word_1_843' title='bbox 2580 5776 2904 5836; x_wconf 83' lang='lat' dir='ltr'><strong>avertimus,</strong></span> <span class='ocrx_word' id='word_1_844' title='bbox 2939 5769 3303 5842; x_wconf 71' lang='lat' dir='ltr'><strong>procellarum</strong></span> <span class='ocrx_word' id='word_1_845' title='bbox 3343 5761 3619 5817; x_wconf 81' lang='lat' dir='ltr'><strong>inundan-</strong></span> 
     </span>
    </p>
   </div>
   <div class='ocr_carea' id='block_1_120' title="bbox 2010 5855 3622 5947">
    <p class='ocr_par' dir='ltr' id='par_1_120' title="bbox 2010 5855 3622 5947">
     <span class='ocr_line' id='line_1_124' title="bbox 2010 5855 3622 5947; baseline -0.016 -15"><span class='ocrx_word' id='word_1_846' title='bbox 2010 5877 2150 5932; x_wconf 85' lang='lat' dir='ltr'><strong>tium</strong></span> <span class='ocrx_word' id='word_1_847' title='bbox 2180 5874 2418 5947; x_wconf 85' lang='lat' dir='ltr'><strong>impctus</strong></span> <span class='ocrx_word' id='word_1_848' title='bbox 2443 5887 2550 5929; x_wconf 89' lang='lat' dir='ltr'><strong>non</strong></span> <span class='ocrx_word' id='word_1_849' title='bbox 2586 5869 2862 5926; x_wconf 85' lang='lat' dir='ltr'><strong>timemus.</strong></span> <span class='ocrx_word' id='word_1_850' title='bbox 2897 5865 2978 5921; x_wconf 78' lang='lat' dir='ltr'><strong>Ad</strong></span> <span class='ocrx_word' id='word_1_851' title='bbox 3010 5862 3114 5918; x_wconf 86' lang='lat' dir='ltr'><strong>hoc</strong></span> <span class='ocrx_word' id='word_1_852' title='bbox 3152 5861 3338 5929; x_wconf 84' lang='lat' dir='ltr'><strong>itaque</strong></span> <span class='ocrx_word' id='word_1_853' title='bbox 3361 5855 3516 5911; x_wconf 83' lang='lat' dir='ltr'><strong>sidus</strong></span> <span class='ocrx_word' id='word_1_854' title='bbox 3537 5865 3622 5908; x_wconf 46' lang='lat' dir='ltr'><strong>sa.</strong></span> 
     </span>
    </p>
   </div>
  </div>
