5232 6466
1588 374 1694 429 583

2192 368 2251 423 S.
2291 365 2495 422 PETRI
2537 362 2818 420 οΑιιιΑΝι
2859 358 3010 418 ουρ.
3055 360 3236 414 PARS
3273 358 3404 415 δεῖ)
3449 359 3688 416 TOML'S
3730 359 3790 415 ll.
3835 391 3900 402 -ς
3942 360 4310 417 SERMONES

4751 365 4858 420 εει

1587 499 1779 555 genam
1822 485 2016 536 utentis
2062 488 2263 534 nostra
2291 479 2423 533 certi
2455 492 2649 532 cursus
2679 477 2818 530 linea
2848 475 3067 544 dirigat,
3103 473 3170 526 ad
3201 476 3244 533 Α
3276 475 3559 540 quemdam
3597 473 3894 526 Hartialeni
3921 474 4169 542 gloriosa
4208 476 4516 530 sanctitatis
4555 478 4860 536 antis...cin

1588 577 1693 630 hoc
1739 588 1898 629 omne
1939 557 2139 625 laboris
2185 569 2356 623 nostri
2393 569 2676 636 remigium
2721 567 2921 624 tendat,
2950 575 3005 618 ut
3036 579 3163 624 non.

1589 667 1732 734 quod
1763 663 1917 722 absit,
1955 676 2152 730 vorago
2193 675 2291 713 nos
2323 658 2528 728 Syllae:
2560 656 2946 726 profunditatis
2976 655 3166 707 absor-

1588 757 1730 814 hetrt.
1757 769 1864 807 non
1900 767 2146 806 errorum
2188 761 2394 810 cautes.
2447 750 2529 802 vel
2559 749 2828 802 invadas:
2867 755 3044 814 syrtes
3071 746 3168 797 itu-

1589 845 1839 916 providos
1866 843 2118 903 obruant,
2145 842 2239 895 sed
2264 858 2315 894 tn
2349 850 2475 893 tutae
2499 840 2695 907 quietis
2724 845 2960 905 portum,
2991 845 3042 886 et
3067 850 3166 902 op-

1591 947 1713 991 tata:
1745 933 2149 1004 tranquillitatis
2180 937 2359 987 sinum
2403 945 2668 1001 supernus
2699 944 2798 981 nos
2841 929 3168 995 gubernator

1592 1027 1832 1096 impellat
1886 1025 2043 1084 Jesus
2089 1024 2339 1085 Christus
2395 1024 2653 1078 Dominus
2683 1032 2888 1078 noster.
2927 1021 3166 1087 quicum

1587 1116 1698 1172 Deo
1729 1115 1887 1169 Patre
1917 1125 1971 1168 et
1998 1113 2202 1183 Spiritu
2236 1122 2425 1168 sancto
2456 1113 2586 1165 vivit
2611 1121 2666 1166 et
2692 1120 2882 1178 regnat
2910 1110 2962 1163 iu
2993 1123 3164 1162 mu-

1587 1207 1638 1262 la
1671 1207 2008 1263 saeculorum.
2047 1207 2241 1260 Amen.

2170 1294 2401 1348 δεῖξιιο
2439 1291 2550 1345 XVI

1768 1404 1825 1442 ιιι
1863 1402 1927 1441 nx
1967 1402 1993 1440 s
2029 1399 2202 1439 utaco
2240 1398 2625 1438 svaxcettsn.
2672 1385 2800 1448 (xxv
2837 1380 2987 1444 Αγι.)

1656 1478 1860 1542 Nostis,
1907 1475 2262 1538 dilectissimi,
2300 1475 2424 1543 quia
2481 1475 2548 1527 de
2589 1473 2730 1526 beati
2763 1471 2924 1524 Iarci
2959 1470 3166 1524 meritis

1602 1573 1856 1640 :lartsque
1886 1570 2176 1624 virtutibus
2210 1570 2345 1622 duos
2362 1567 2474 1635 jam
2503 1581 2784 1620 sermones
2811 1565 3160 1622 absolvimus,

1583 1664 1652 1717 ab
1700 1662 1816 1729 ejus
1869 1672 2052 1714 tamen
2096 1659 2268 1712 adhuc
2310 1658 2466 1710 laude
2517 1670 2801 1723 quiescere
2853 1653 3165 1721 impellente

1583 1752 1918 1807 conscientia
1950 1765 2056 1804 non
2088 1750 2346 1802 valemus.
2389 1745 2521 1800 Nam
2554 1746 2680 1798 dum
2712 1746 2824 1798 hac
2852 1754 2905 1796 et
2936 1745 3024 1795 illa
3060 1744 3164 1794 vir-

3267 579 3296 612 e.
3323 579 3382 614 us
3416 564 3689 616 exstitisse
3732 574 4020 631 nepotem;
4079 565 4173 618 sed
4214 580 4389 634 neque
4429 567 4652 626 Achaia.
4689 585 4858 638 quam

3271 654 3355 705 ille
3383 669 3476 720 per
3499 653 3825 721 triumphale
3851 654 4104 707 vexillum
4129 655 4308 708 crucis
4327 657 4574 718 irradiat,
4594 658 4676 711 vel
4691 661 4860 714 etiam

3271 745 3549 798 Lemovica
3585 747 3884 813 pruiinria,
3939 747 3992 798 in
4023 762 4126 813 qua
4159 747 4366 800 scilicet
4398 749 4500 802 iste
4532 750 4704 804 multo
4733 767 4860 820 pro-

3269 839 3533 905 digiornm
3575 848 3737 904 atque
3790 840 4071 907 signorum
4115 839 4324 908 fulgore
4378 853 4652 902 coruscat,
4699 847 4863 898 sedes

3269 931 3412 984 Petri
3461 934 3677 991 dicitur.
3719 935 3807 984 sed
3841 934 4307 1000 qumlihctearum
4360 935 4479 1002 ejus
4511 945 4722 988 tantum
4767 939 4862 1002 qui

3269 1022 3368 1073 sibi
3401 1024 3652 1088 pra-sitiet
3681 1023 3900 1074 nomine
3929 1023 4190 1074 titulatur.
4225 1022 4336 1076 lloc
4366 1026 4710 1092 potissimum
4737 1027 4864 1079 Ale-

3269 1113 3490 1164 xandria
3519 1114 3628 1164 sola
3654 1115 3975 1179 promeruit,
4003 1123 4058 1165 ιιι
4084 1130 4176 1182 per
4191 1115 4504 1168 cathedram
4520 1117 4668 1170 beati
4686 1116 4859 1171 Iarci

3268 1203 3423 1254 sedes
3473 1203 3697 1268 apostoli
3740 1202 3880 1256 Petri
3938 1207 4231 1258 constituta
4283 1207 4374 1268 sit,
4407 1207 4689 1276 appellari.
4723 1207 4860 1268 Nec.

3268 1302 3326 1343 ut
3363 1293 3659 1352 credimus,
3711 1293 3914 1360 absque
3965 1294 4150 1347 divino
4194 1307 4324 1348 nutu
4371 1297 4472 1350 hoc
4523 1297 4597 1351 illi
4649 1299 4860 1353 civitati

3269 1396 3464 1433 nomen
3497 1385 3816 1448 impressum
3843 1395 3944 1437 est.
3979 1387 4302 1440 Alexandria
4325 1388 4590 1457 siquidem
4622 1392 4692 1444 ab
4720 1393 4864 1446 Ale-

3270 1475 3474 1526 xandro
3519 1475 3662 1525 dicta
3711 1486 3813 1527 est.
3869 1477 4177 1530 Alexander
4219 1487 4400 1532 autem
4465 1481 4864 1549 interpretatur

3268 1567 3442 1619 levans
3477 1569 3748 1634 angustias
3783 1569 4146 1630 tenebrarum;
4177 1571 4272 1624 sed
4301 1581 4354 1623 et
4380 1570 4664 1640 £gyptus,
4683 1573 4736 1624 in
4753 1588 4858 1641 qua

3269 1657 3474 1706 scilicet
3521 1658 3848 1710 Alexandria
3905 1661 4009 1710 sila
4055 1672 4158 1722 est,
4212 1661 4435 1713 tenebar
4465 1663 4685 1714 dicitur.
4715 1663 4860 1729 Quid

3270 1755 3448 1797 autem
3491 1757 3632 1797 totus
3668 1750 3898 1799 mundus
3925 1757 4044 1800 erat
4079 1759 4205 1802 ante
4245 1748 4623 1819 Redemptoris
4656 1755 4862 1808 adven-

1586 1853 1763 1896 tutum
1796 1842 1910 1910 ejus
1937 1848 2085 1910 gesta
2113 1838 2494 1908 perpendimus
2517 1847 2571 1889 et
2618 1845 2724 1888 tam
2767 1835 3014 1888 sublimis
3045 1848 3164 1902 gra-
3197 1819 3240 1877 Β
3272 1836 3404 1896 tum,
3462 1836 3560 1887 nisi
3613 1838 3852 1890 densitas
3905 1849 3956 1890 et
3986 1838 4231 1892 conlusio
4269 1841 4614 1895 tenebrarum
4645 1842 4671 1894 2
4705 1843 4864 1898 ιῖιιιό

1588 1935 1674 1988 tia
1704 1933 1952 1986 meritum
1979 1932 2032 1984 in
2063 1939 2240 1983 mente
2271 1942 2570 1989 versamus,
2603 1927 2800 1995 stylum
2829 1940 3043 1993 quoque
3065 1939 3160 1976 ex-

1585 2024 1802 2079 terioris
1829 2022 2036 2075 articuli
2092 2021 2345 2073 leriatum
2385 2019 2583 2072 habere
2617 2035 2720 2071 non
2751 2034 3052 2086 possumus.
3081 2017 3163 2069 ln-

1588 2124 1673 2167 ter
1692 2113 1869 2166 omnia
1916 2112 2072 2178 plane
2109 2119 2216 2163 tam
2249 2109 2525 2178 conspicui
2572 2109 2875 2177 splendoris
2909 2109 3161 2174 insignia.

1587 2204 1716 2257 illud
1749 2203 1880 2255 mihi
1907 2199 2178 2270 singulare
2209 2200 2422 2254 videtur
2457 2209 2621 2268 atquc
2658 2201 2988 2267 praecipuum
3021 2201 3164 2265 quod

1583 2308 1685 2361 per
1714 2290 1952 2345 Marcum
1984 2291 2314 2344 Alexandria
2342 2291 2573 2344 secunda
2603 2289 2744 2343 Petri
2777 2291 2953 2350 sedes,
2980 2305 3042 2342 ac
3071 2304 3167 2356 per

1587 2383 1692 2438 ltoc
1739 2381 2031 2451 apostolica
2083 2382 2240 2435 sedes
2265 2391 2347 2435 est
2381 2396 2409 2433 a
2436 2383 2640 2436 sanctis
2669 2382 2918 2435 Patribus
2955 2397 3162 2434 nuncu-

1585 2482 1729 2541 pata.
1761 2471 1868 2527 Nec
1886 2472 2030 2526 enim
2055 2471 2158 2524 ulla
2198 2472 2478 2540 scriptura
2495 2482 2725 2526 testatur
2753 2474 3063 2525 antlieutiea
3102 2472 3161 2524 ii.

1584 2561 1805 2618 Petrum
1827 2560 2125 2632 apostolum
2158 2562 2210 2614 in
2247 2560 2580 2615 Alexandria
2612 2563 2926 2616 cathedram
2957 2563 3162 2615 tenuis-

1586 2669 1662 2717 se,
1716 2654 1798 2708 vel
1857 2669 2007 2707 suam
2061 2656 2252 2707 saltem
2295 2654 2405 2706 illic
2441 2654 2752 2708 exhibuisse
2802 2655 3165 2721 praesentiam.

1588 2740 1719 2804 Sed,
1749 2742 1873 2794 dum
1905 2740 2165 2803 Marcum,
2206 2743 2482 2810 egregium
2515 2742 2766 2795 videlicet
2815 2743 3163 2809 discipulum.

1587 2832 1661 2887 illi
1702 2832 1992 2903 przesiderc
2019 2831 2324 2894 constituit,
2365 2846 2484 2884 eam
2525 2832 2627 2886 sibi
2667 2837 2922 2901 tanquam
2951 2848 3047 2901 per
3077 2849 3166 2886 ac-

1587 2939 1773 2979 cessus
1799 2925 1880 2978 sui
1910 2924 2254 2992 praesentiam
2279 2923 2566 2976 dedicavit.
2610 2923 2872 2977 Similiter
2899 2933 2954 2978 et
2985 2923 3168 2976 Evan-

1586 3015 1783 3085 geliutn
1825 3014 1988 3067 Marci
2035 3011 2386 3082 Evangelium
2433 3013 2634 3066 dicitur
2685 3013 2854 3076 Petri,
2908 3016 3166 3083 quoniam

3269 1940 3364 1991 per
3389 1925 3576 1976 Isaiam
3607 1929 3806 1979 tilt‘illll’
3832 1946 3842 1978 :
3877 1948 3892 1978 ι
3927 1928 4306 1984 llabitantibus
4336 1933 4387 1984 in
4411 1933 4630 2002 regione
4651 1937 4860 1989 umbra:

3269 2017 3481 2074 mortis,
3527 2017 3607 2066 lux
3643 2030 3758 2067 orta
3787 2030 3866 2068 est
3893 2019 3971 2071 eis
4002 2017 4137 2084 (luti
4167 2021 4264 2086 ta).
4311 2039 4328 2070 ι
4363 2019 4710 2076 Tenebmaua
4739 2037 4862 2078 erat

3269 2109 3520 2166 nittudus.
3576 2111 3699 2176 quia
3759 2111 3986 2161 necdum
4051 2111 4335 2179 splendore
4382 2112 4621 2168 calcatis
4666 2117 4862 2184 (alia!

3269 2199 3447 2251 fuerat
3504 2201 3827 2253 illustratus.
3881 2201 4140 2254 Tenebrae
4186 2213 4342 2255 erant
4390 2203 4642 2258 homines
4697 2206 4860 2274 hujus

3270 2292 3472 2348 mundi,
3505 2293 3625 2354 quia
3655 2293 3880 2341 necdum
3908 2289 4122 2343 fuerant
4149 2293 4216 2345 ad
4245 2307 4432 2346 verum
4460 2293 4642 2348 lumen
4675 2311 4704 2347 ι
4741 2310 4861 2364 pra-

3272 2379 3449 2428 titatis
3481 2393 3588 2428 sua:
3634 2381 3878 2429 crcttate
3928 2380 4198 2432 t-ouversi.
4229 2379 4436 2445 Quibus
4459 2381 4573 2448 jam
4599 2385 4672 2437 de
4701 2395 4856 2438 tene-

3269 2470 3380 2520 bris
3413 2471 3742 2520 illittleilldlis
3792 2472 4000 2522 eductis
4030 2480 4083 2522 et
4130 2485 4271 2525 verte
4307 2472 4428 2527 nilei
4462 2473 4582 2526 luce
4601 2475 4860 2528 nia-ti-

3270 2561 3367 2609 ltus
3400 2575 3492 2624 per
3533 2560 3844 2625 Apustoltttu
3875 2560 4074 2611 dicitur
4110 2577 4120 2610 :
4159 2578 4177 2609 ο
4218 2560 4418 2615 Fuislis
4441 2560 4736 2631 aliqmb
4781 2577 4858 2618 Ib

3271 2653 3475 2709 nebrx.
3508 2665 3650 2700 nunc
3677 2661 3855 2701 autem
3885 2649 3968 2702 lux
3997 2652 4049 2702 in
4078 2650 4538 2722 Domino(Eplua.
4571 2657 4647 2722 v).
4680 2655 4860 2724 amis

3271 2743 3433 2806 igttur
3462 2743 3682 2791 istarum
3718 2743 3915 2792 levavit
3939 2745 4216 2810 angustias
4245 2746 4612 2808 tenebrarum,
4641 2747 4748 2800 nisi
4777 2749 4856 2802 sui

3271 2831 3357 2882 ille
3384 2829 3604 2895 Ῑιιιιιιιιιιε
3631 2829 3958 2899 Redemptor
3986 2843 4190 2895 noster,
4216 2835 4307 2901 qui
4326 2833 4542 2904 dispulit
4563 2835 4854 2906 caliginem

3270 2931 3612 2985 peccazorum
3641 2919 3834 2984 iQuis.
3876 2923 4112 2989 inquam,
4150 2924 4236 2976 ille
4265 2927 4478 2992 est,qni
4499 2927 4855 2982 tenebrarum

3270 3008 3410 3058 levat
3447 3010 3746 3077 angustias,
3787 3012 3891 3062 nisi
3925 3011 3991 3072 is,
4024 3013 4089 3064 de
4117 3027 4223 3081 quo
4245 3011 4436 3068 Petrus
4467 3016 4597 3070 dicit
4633 3033 4858 3086 aposto-

1587 3107 1688 3162 hoc
1749 3105 1919 3159 ﬁdelis
1971 3103 2238 3171 interpres
2286 3102 2604 3170 simpliciter
2659 3111 2713 3155 et
2760 3104 3167 3157 immutabilium
3203 3171 3233 3176 _
3274 3097 3396 3150 Ιιηε
3439 3115 3455 3146 ι
3502 3100 3603 3163 Qui
3633 3109 3850 3165 peccata
3885 3112 4068 3154 nostra
4105 3104 4218 3171 ipse
4257 3105 4478 3172 pertulit
4526 3107 4580 3158 in
4621 3123 4856 3176 corpore

1584 3197 1804 3266 scripsit
1850 3193 1994 3276 quod
2028 3207 2097 3247 ex
2136 3208 2228 3247 ore
2265 3193 2516 3262 magistri
2561 3195 2830 3247 veraciter
2865 3192 2971 3263 ’1⁵
3001 3210 3160 3247 enar-
3193 3171 3234 3230 c
3269 3203 3365 3239 suo
3395 3204 3556 3254 super
3583 3189 3781 3257 lignum
3837 3189 3898 3258 (1
3941 3190 4082 3244 l’etr.
4139 3209 4172 3246 ιι
4205 3171 4271 3260 );7
4312 3213 4331 3245 ι
4388 3206 4443 3249 et
4508 3212 4604 3264 per
4659 3171 4854 3252 lsaiaui

1585 3289 1755 3343 rantis
1785 3287 2007 3341 audivit.
2043 3283 2210 3340 Porro
2250 3296 2453 3347 autem,
2490 3299 2614 3339 cum
2650 3284 3032 3339 clavicularius
3061 3287 3162 3339 iste

1583 3379 1706 3433 eali
1743 3394 1837 3448 per
1881 3387 1960 3432 tot
1986 3387 2256 3432 terrarum
2307 3390 2476 3443 regna
2499 3375 2789 3443 discipulus
2809 3376 3163 3429 destinaverit

1584 3471 1772 3539 eisque
1823 3485 1921 3539 per
1959 3468 2204 3522 diversas
2228 3467 2414 3520 mundi
2458 3467 2766 3533 provincias
2795 3464 3160 3519 Ecclesiarum

1585 3562 1828 3622 regimen
1881 3557 2235 3618 commiserit,
2285 3556 2416 3626 quid
2462 3565 2548 3610 eat
2593 3558 2735 3625 quod
2769 3556 2915 3610 nulla
2950 3571 3160 3618 earum,

1586 3660 1782 3720 praeter
1803 3648 1972 3703 solam
1995 3648 2256 3701 duntaxat
2283 3645 2685 3710 Alexandriam,
2712 3647 2792 3700 vel
2817 3645 2959 3699 Petri
2984 3646 3158 3706 sedes,

1575 3725 1670 3807 ’τοι
1699 3738 1993 3807 apostolica
2017 3737 2255 3792 Ecclesia
2287 3746 2372 3792 est
2392 3736 2700 3805 appellata?
2726 3737 3012 3790 Antiochia
3045 3736 3158 3804 pla-

1582 3805 1657 3884 ἰιο
1692 3805 1748 3884 et
1792 3829 1906 3898 ipsa
1939 3828 2096 3881 sedes
2127 3825 2270 3882 Petra“
2318 3827 2537 3890 dicitur,
2591 3827 2849 3880 nimirum
2880 3826 3022 3897 quod
3053 3827 3160 3880 illic

1585 3920 1702 3988 ipse
1725 3933 1821 3990 per
1839 3932 1896 3972 se
1927 3918 2167 3972 tenuisse
2192 3915 2507 3972 cathedram
2548 3916 2897 3986 perhibetur;
2927 3917 3161 3970 Alexan-

1585 4010 1716 4066 driae
1746 4023 1873 4062 vero
1909 4023 2007 4076 per
2035 4022 2094 4060 se
2119 4006 2313 4062 Petrus
2355 4008 2472 4076 ipse
2513 4022 2619 4062 non
2646 4007 2881 4077 prefuit,
2918 4009 3012 4061 sed
3041 4022 3159 4060 eam

1582 4113 1681 4169 per
1720 4096 1937 4151 beatum
1989 4094 2250 4160 Marcum,
2297 4110 2458 4166 quem
2503 4096 2751 4150 videlicet
2797 4096 2984 4150 habuit
3031 4099 3159 4150 etin

1583 4187 1828 4242 doctrina
1857 4185 2179 4254 discipulum
2206 4195 2262 4239 et
2287 4186 2341 4238 in
2372 4186 2695 4255 baptismate
2729 4186 2920 4248 ιιιιιιω,
2953 4186 3158 4255 proprii

1582 4281 1819 4335 nominis
1874 4279 2030 4334 titulo
2090 4275 2383 4333 decoravit.
2441 4280 2640 4347 Atque,
2689 4281 2831 4350 quod
2860 4281 3160 4335 mirabilius

1583 4379 1686 4434 est,
1713 4370 1852 4424 sicut
1874 4369 2118 4423 Romana
2155 4370 2309 4425 sedes
2338 4370 2557 4424 excedit
2600 4369 3019 4426 Alexandrinum
3048 4373 3159 4426 sin-

1583 4460 1785 4531 gularis
1831 4461 2162 4516 excellentia:
2189 4461 2445 4527 culmine,
2484 4462 2563 4518 sic
2585 4472 2640 4517 et
2670 4463 3034 4518 Alexandrina
3065 4479 3158 4518 su-

1585 4551 1888 4621 pereminet
1926 4551 2227 4606 Antiochia
2269 4553 2502 4621 quada
2530 4552 2794 4623 privilegii
2821 4555 3080 4624 dignitate
3102 4567 3161 4609 ut

1587 4643 1834 4712 superior
1863 4641 1949 4696 illa
1971 4642 2045 4695 sit
2069 4642 2246 4707 sedes,
2270 4643 2368 4698 cui
2381 4642 2594 4699 Ianus
2621 4645 2738 4699 vice
2760 4644 2904 4700 Petri
2923 4645 3158 4715 praiuit,

1585 4747 1746 4800 quam
1784 4747 1846 4786 ea
1870 4732 1959 4787 cui
1992 4733 2270 4802 propriam
2323 4735 2638 4790 cathedram
2667 4733 2856 4790 Petrus
2885 4736 2998 4804 ipse
3024 4751 3158 4804 pra:-

1586 4821 1743 4875 setlit.
1760 4821 1869 4875 Cur
1887 4836 2021 4890 ergo
2037 4821 2273 4890 Spiritus
2295 4833 2515 4878 metus
2543 4825 2821 4880 beatorum
2847 4829 3158 4895 pontiticum

1588 4911 1857 4966 mentibus
1881 4921 1940 4965 ut
1970 4912 2072 4965 hoc
2097 4920 2399 4968 statuerent
2426 4916 2734 4983 inspiravit.
2767 4918 2866 4971 nisi
2891 4921 3034 4988 quod
3066 4919 3160 4973 Pc-

1585 5010 1730 5055 tru
1758 5011 1813 5055 et
1838 4999 2082 5055 Marcum
2131 5012 2311 5057 mente
2333 5003 2495 5056 simul
2526 5015 2578 5059 et
2626 5007 2826 5070 animo,
2851 5008 2954 5061 (ide
2981 5019 3036 5062 et
3067 5025 3161 5063 vo-

1584 5087 1812 5153 luntate,
1852 5105 1954 5144 non
1995 5092 2130 5145 duos
2157 5092 2575 5159 quodammodo,
2621 5097 2716 5148 sed
2762 5112 2926 5149 unum
2983 5101 3166 5166 potius

1585 5194 1706 5234 esse
1733 5181 1985 5249 cognovit
2014 5181 2038 5234 τ
2078 5179 2249 5235 Tanta
2280 5183 2487 5237 scilicet
2520 5185 2660 5238 idem
2695 5185 2927 5254 Spiritus
2959 5203 3052 5240 eos
3085 5189 3166 5240 in-

1589 5272 1760 5325 vicem
1785 5270 2051 5325 charitate
2100 5275 2527 5337 constrinxerat,
2569 5284 2720 5328 tanta
2754 5279 2949 5330 utentis
2977 5279 3164 5330 unani-

1588 5362 1776 5415 mitate
1825 5359 2156 5415 conﬂaverat
2215 5375 2270 5416 ιιι
2326 5374 2380 5416 et
2417 5379 2512 5417 cor
2560 5381 2726 5418 unum
2756 5377 2812 5419 et
2844 5381 2995 5420 meus
3021 5378 3164 5421 esset

1586 5467 1692 5505 una
1742 5452 1990 5507 duorum.
2055 5451 2206 5507 Unde
2255 5451 2456 5507 {aetum
2506 5465 2590 5509 est
2638 5466 2694 5510 ut
2723 5471 2843 5527 qua
2882 5460 3040 5512 sedes
3061 5458 3160 5512 iuit

1588 5540 1750 5595 Marci
1775 5544 1928 5595 iteret
1951 5542 2316 5599 indiﬂ'erenter
2344 5557 2399 5599 et
2428 5545 2594 5599 Petri.

1657 5629 1913 5685 Novimus
1944 5633 2105 5701 plane
2151 5633 2368 5688 beatum
2400 5637 2670 5690 Andream
2718 5638 2954 5706 ejusdem
2987 5643 3159 5693 sancti

1587 5719 1734 5774 Petri
1785 5721 1946 5777 fuisse
1997 5738 2352 5792 germanum;
2414 5733 2642 5782 testatur
2688 5730 2852 5783 etiam
2891 5732 3159 5787 scrintura

3265 3280 3463 3332 dicitur
3497 3298 3506 3330 :
3549 3299 3565 3328 ι
3614 3282 3746 3333 \‘ere
3779 3280 4063 3348 Iangnores
4096 3297 4308 3339 nostros
4340 3288 4454 3356 ipse
4483 3290 4626 3354 tulit,
4665 3302 4722 3346 et
4760 3293 4858 3345 de-

3265 3368 3407 3422 lores
3437 3381 3651 3423 nostros
3685 3373 3796 3440 ipse
3825 3377 4063 3441 portavit
4099 3375 4254 3442 (laci.
4285 3381 4424 3446 ιιιι).
4468 3399 4484 3429 ι
4523 3380 4658 3434 Nam
4700 3384 4746 3437 ai
4779 3393 4854 3435 Ib

3265 3459 3604 3518 tiebmsuut
3656 3472 3902 3530 peccata,
3958 3465 4068 3536 ⁷ο
4102 3471 4366 3536 angustia:
4398 3471 4749 3526 tenebrarum
4775 3476 4856 3525 ui-

3267 3553 3440 3605 tienes
3466 3566 3590 3606 sunt
3619 3556 3805 3622 procul
3842 3557 4006 3611 dubio
4039 3569 4092 3612 ct
4120 3545 4380 3629 supplicia
4411 3563 4698 3618 hominum
4725 3581 4856 3635 pec-

3264 3653 3529 3697 catorum.
3553 3645 3614 3698 Et
3643 3649 3766 3714 quis
3797 3649 3933 3702 istas
3949 3651 4294 3705 tenebrarum
4327 3655 4520 3708 levavit
4544 3660 4852 3726 angustias

3264 3734 3372 3787 imo
3401 3739 3523 3803 quis
3554 3738 3776 3803 pemlit
3817 3739 4008 3808 dignas
4042 3741 4474 3810 delinquentium
4503 3761 4719 3815 ponas,
4749 3753 4852 3800 nisi

3263 3824 3328 3885 is,
3359 3823 3426 3878 de
3455 3840 3561 3894 quo
3590 3827 3730 3879 idem
3791 3830 4051 3897 propheta
4106 3833 4239 3886 dicit
4270 3850 4281 3885 :
4329 3854 4345 3883 ι
4379 3833 4494 3903 Ipse
4529 3847 4713 3891 autem
4741 3841 4854 3890 vul.

3261 3926 3483 3969 neratus
3533 3927 3614 3971 est
3649 3930 3871 3988 propter
3915 3923 4230 3990 iniquitates
4258 3938 4491 3990 nostras,
4518 3931 4746 3984 attritus
4769 3939 4855 3985 est

3261 4017 3481 4074 propter
3531 4009 3736 4061 scelera
3791 4019 3976 4065 nostra
4021 4012 4256 4086 ?(lbid.)
4290 4036 4307 4064 ι
4339 4016 4490 4070 Sicut
4545 4019 4854 4075 Alexander

3263 4102 3315 4153 in
3344 4101 3574 4170 inpio
3600 4107 3788 4157 uri-ein
3828 4110 4134 4160 construxit
4180 4109 4585 4174 Alexandriam,
4629 4115 4711 4168 sic
4739 4113 4850 4168 ﬂe.

3261 4192 3513 4261 deutptor
3541 4205 3724 4248 noster
3748 4197 3889 4250 inter
3907 4198 4071 4264 hujus
4100 4201 4284 4254 mundi
4319 4202 4573 4256 tenebras
4600 4215 4848 4260 unctam

3260 4284 3548 4337 adificavit
3598 4285 3914 4339 Ecclesiam.
3972 4290 4072 4353 Qui
4107 4304 4232 4344 vere
4274 4293 4621 4346 tencbrarum
4657 4296 4852 4348 levavit

3261 4375 3562 4441 angustias,
3624 4377 3748 4428 dum
3787 4379 4056 4430 scelerum
4103 4387 4411 4433 nostrorum
4441 4385 4707 4452 supplicm
4734 4403 4850 4452 prr-

3267 4463 3387 4514 tulit
3411 4471 3466 4515 et
3489 4466 3670 4517 mundi
3695 4465 3854 4534 liujus
3877 4464 4167 4537 Egyptum
4193 4484 4331 4523 novo
4356 4486 4494 4524 vera
4522 4471 4646 4526 ﬁdei
4674 4479 4850 4544 splen-

3266 4553 3398 4608 dore
3452 4554 3706 4623 perfudit.
3769 4555 3879 4610 Hoc
3929 4557 4052 4611 fecit
4092 4557 4340 4614 Christus
4397 4562 4448 4613 in
4497 4561 4732 4633 Αἰωνριο
4759 4581 4852 4632 per

3269 4641 3528 4706 Iarcum,
3565 4647 3662 4699 hoc
3704 4661 3802 4714 per
3826 4659 4053 4702 caeteros
4105 4652 4342 4705 caelestis
4369 4655 4532 4706 curia
4575 4668 4853 4711 senatores

3269 4734 3320 4784 iu
3353 4743 3465 4786 toto
3496 4734 3625 4788 fecit
3653 4739 3782 4789 orbe
3817 4747 4101 4790 terrarum.

3341 4823 3446 4878 Sed
3472 4841 3589 4886 cur.
3615 4825 3905 4896 £gyptum
3937 4830 4092 4884 beato
4137 4830 4336 4892 Barce,
4374 4833 4594 4894 fratres,
4625 4839 4850 4891 ascribi-

3271 4931 3390 4968 mus
3441 4925 3495 4970 et
3544 4920 3934 4984 amplissimam
3996 4932 4103 4974 tam
4155 4926 4471 4979 excellentis
4495 4929 4594 4978 viri
4627 4929 4850 4997 gloriam

3270 5006 3410 5058 inter
3453 5018 3743 5075 angustum
3789 5011 3948 5062 unius
3990 5021 4146 5072 terra
4180 5016 4434 5083 angulum
4466 5023 4854 5072 coarctamus.’

3267 5094 3370 5147 iste
3400 5098 3655 5149 nimirum
3693 5099 3929 5152 caelestis
3958 5104 4180 5156 tonitrul
4224 5106 4514 5159 vehemens
4541 5109 4670 5161 tuba
4701 5121 4827 5161 terrt

3270 5185 3447 5238 biliter
3504 5188 3735 5264 intonat.
3766 5202 3817 5242 et
3843 5191 3984 5244 velut
4035 5210 4172 5246 unus
4221 5211 4282 5248 cx
4335 5199 4566 5263 paradisi
4617 5197 4824 5254 ﬂumini

3268 5278 3366 5330 bus
3397 5280 3588 5347 raptim
3619 5281 3908 5349 profluens,
3940 5289 4248 5340 universam
4289 5291 4474 5342 mundi
4509 5290 4838 5346 latitudine-tr

3265 5372 3690 5426 cxuberautibus
3756 5377 3926 5428 sancti
4000 5375 4274 5446 Evangelii
4335 5373 4552 5433 ﬂuenlis
4603 5383 4846 5436 inundat

3265 5458 3414 5511 Felix
3444 5462 3662 5528 quidem
3714 5464 4062 5526 Alexandria.
4092 5484 4252 5536 quam
4284 5469 4370 5522 hic
4399 5469 4602 5522 Christi
4627 5472 4852 5524 bellator

3270 5549 3501 5602 invictus
3560 5553 3902 5620 triumphalis
3949 5559 4193 5626 martyrii
4232 5559 4315 5610 sui
4351 5559 4616 5628 sanguine
4645 5573 4846 5628 perpu—

3271 5641 3426 5698 rav‘it,
3459 5643 3549 5693 sed
3584 5645 3853 5710 praecipue
3887 5655 3939 5696 tu
3981 5645 4108 5699 felix
4149 5663 4209 5701 es
4231 5656 4284 5701 et
4309 5649 4533 5700 nimium
4567 5650 4730 5703 beata
4755 5649 4850 5700 Ve»

3272 5733 3436 5796 netia,
3483 5745 3644 5799 quam
3689 5735 3754 5784 ad
3786 5735 3886 5787 hoc
3937 5745 3992 5787 ιιι
4022 5737 4314 5803 pretiosum
4339 5738 4584 5806 corporis
4614 5740 4698 5791 sui
4733 5741 4846 5792 the-
