5232 6550
119 499 223 560 583

1586 472 1823 530 SERMO
1860 468 2025 529 XVll.

3327 464 3436 522 586

121 631 350 676 saurum
402 610 495 670 tibi
546 605 957 666 commendaret
998 600 1182 673 elegit.
1227 594 1468 652 Plurima
1496 590 1717 661 quidem
1747 590 1793 649 Α
1828 601 1945 639 runt
1977 582 2270 654 spirituum
2302 582 2535 676 emtibus
2575 574 3020 676 inenarrabiliter
3058 575 3283 676 emicat,
3315 590 3441 635 cum

124 708 438 766 divitiarum
488 702 639 773 copia
688 714 755 755 ex
807 694 1040 753 diversis
1071 694 1124 747 in
1158 699 1210 745 te
1245 686 1433 744 mundi
1473 683 1722 756 partibus

125 802 368 863 conlinit,
410 797 505 855 sed
537 796 653 850 hare
686 804 899 865 gemma
930 784 1189 850 caelestis,
1216 794 1339 853 qua:
1358 779 1413 833 in
1440 775 1618 832 medio
1648 773 1724 828 tui

127 898 304 969 posita
335 900 438 955 est,
462 891 517 945 in
546 887 823 943 excelsum
856 891 910 938 te
943 878 1117 951 gloria
1150 873 1465 945 conspicua
1494 867 1727 942 dignita-

130 968 203 1045 tis
235 985 457 1044 attollit.
503 976 952 1049 lueomparabilis
977 975 1124 1031 enim
1149 970 1251 1025 iste
1289 968 1585 1022 thesaurus
1609 977 1731 1016 om-

131 1084 219 1137 nia
276 1076 604 1134 vibrantium
641 1069 984 1129 metailorum
1041 1059 1455 1134 supergreditur
1505 1067 1728 1124 genera,

132 1181 328 1229 cuncta
351 1181 690 1242 gemmarum
721 1158 1127 1220 coruscantium
1182 1160 1409 1221 superat
1431 1161 1729 1242 ornamen-

134 1275 212 1321 ta.
240 1239 396 1320 Sicut
422 1258 568 1316 enim
606 1258 798 1315 beatus
822 1253 923 1311 Job
952 1252 1019 1308 de
1046 1246 1319 1321 sapientia
1344 1244 1516 1302 dicit:
1548 1260 1569 1295 ι
1612 1239 1732 1296 Non

133 1353 511 1428 adtequabitur
549 1351 600 1409 ei
642 1363 858 1414 aurum,
906 1344 991 1401 vel
1022 1342 1259 1408 vitrum;
1287 1354 1397 1396 non
1424 1342 1731 1428 commuta-

132 1424 337 1503 buntur
366 1458 467 1514 pro
513 1457 577 1498 ea
607 1454 736 1497 vasa
760 1436 976 1494 excelsa
1005 1442 1060 1489 et
1100 1430 1395 1490 eminentia
1422 1445 1436 1493 ;
1474 1441 1580 1482 non
1636 1424 1732 1479 ad-

134 1537 440 1611 azquabitur
466 1536 515 1591 ei
539 1547 733 1590 aurum
757 1530 825 1587 de
844 1526 1150 1597 Ethiopia,
1167 1538 1271 1581 nec
1294 1523 1546 1579 tinctura:
1574 1534 1733 1572 mun-

136 1630 376 1686 dissimae
393 1618 911 1696 componetur(lob.
936 1615 1163 1685 xxvut);
1190 1634 1210 1669 ι
1241 1623 1317 1680 et,
1341 1623 1400 1668 ut
1422 1613 1494 1666 ita
1518 1611 1735 1679 loquar,

134 1721 255 1776 hrec
266 1728 351 1775 est
376 1714 603 1786 insignis
626 1712 875 1784 quaedam
898 1707 1110 1779 species
1138 1704 1462 1766 aromatica,
1494 1715 1615 1770 quae
1637 1714 1733 1753 sua

138 1810 339 1865 virtute
359 1803 613 1863 mellillua
638 1803 1046 1858 cinnamomum
1065 1794 1287 1853 excellit
1313 1808 1377 1849 ac
1402 1790 1733 1851 balsamum,

134 1912 193 1955 et
217 1897 458 1955 omnium
482 1900 704 1965 supcrat
745 1887 1100 1961 fragrantiam
1127 1885 1552 1957 pigmentorum.

1832 676 2092 734 trabeatis
2122 675 2469 733 senatoribus
2506 673 2676 730 curiae
2718 670 2962 729 cmlestis
3003 668 3286 736 exsultat,
3318 683 3445 725 cum

1828 769 2161 841 patriarchis
2193 769 2247 825 in
2276 783 2448 825 aureo
2488 765 2799 823 sublimiter
2825 764 2963 820 solio
3004 764 3447 829 inthronizatus,

1834 880 1957 920 cum
1982 863 2247 920 laureatis
2268 861 2608 935 martyribus
2628 859 2958 916 mirabiliter
2982 868 3297 924 coronatus,
3322 872 3448 915 cuni

1836 953 1921 1009 his
1946 942 2208 1010 omnibus
2232 953 2373 1009 stola
2418 953 2639 1009 indutus
2683 949 2871 1022 gloriae
2900 948 3162 1006 ineffabili
3208 949 3456 1007 exsulta-

1838 1047 1983 1101 tione
2014 1046 2295 1117 tripudiat,
2330 1045 2464 1100 etin
2499 1051 2800 1116 conspectu
2834 1042 3026 1097 aeterni
3073 1041 3238 1114 Regis
3276 1043 3450 1099 inelu-

1836 1138 1963 1194 dum
2012 1136 2240 1193 Alleluia
2285 1134 2683 1205 iucundissima
2740 1136 3013 1191 suavitate
3067 1135 3345 1191 decantat.
3403 1134 3446 1195 0

1836 1246 2001 1302 quam
2055 1231 2231 1287 beate-
2264 1229 2500 1285 moritur
2543 1228 2635 1300 qui
2688 1227 2974 1283 moriendo
3020 1227 3231 1283 oritur!
3286 1243 3454 1298 quam

1840 1322 2077 1380 feliciter
2105 1322 2457 1394 temporalem
2483 1321 2655 1377 vitam
2686 1319 2809 1377 ﬁnit
2832 1320 2925 1392 qui
2959 1320 3146 1375 vivere
3166 1331 3453 1390 perpetua-

1840 1413 1968 1468 liter
1994 1412 2211 1483 incipit!
2250 1411 2387 1468 Hinc
2418 1421 2504 1469 est
2531 1412 2677 1483 quod
2707 1419 2899 1467 sancta
2934 1409 3178 1466 Ecclesia
3210 1410 3329 1468 dies
3354 1410 3459 1467 mi-

1842 1504 2105 1574 grationis
2136 1513 2454 1558 sanctorum
2488 1502 2699 1557 natales
2738 1516 2934 1557 vocare
2965 1503 3290 1568 consuevit,
3327 1504 3455 1574 quia

1841 1604 2090 1673 protinus
2123 1602 2177 1655 in
2204 1601 2346 1657 coelo
2371 1610 2691 1669 nascuntur,
2723 1616 2848 1656 cum
2893 1600 2946 1655 in
2989 1609 3137 1656 terra
3162 1598 3457 1657 visibiliter

1842 1695 2188 1760 moriuntur;
2219 1703 2273 1752 et
2300 1704 2429 1750 tunc
2456 1709 2584 1751 vere
2620 1694 2889 1765 incipiunt
2912 1692 3118 1757 vivere,
3149 1709 3274 1750 cum
3306 1709 3458 1751 mor-

1846 1787 2007 1841 talem
2039 1786 2297 1842 videntnr
2326 1786 2491 1842 vitam
2528 1785 2706 1841 ﬁnire.

1915 1877 2265 1951 Perpendite,
2313 1877 2510 1934 fratres
2554 1880 2697 1943 mei,
2749 1879 2837 1934 hic
2874 1878 3268 1936 invio-tissimus
3299 1880 3457 1937 niiies

211 1990 381 2046 Porro
402 1987 447 2043 si
474 1956 639 2041 tantae
661 1993 757 2054 per
780 1956 905 2037 eum
930 1978 1219 2052 dignitatis
1237 1984 1337 2032 'est
1379 1972 1731 2038 Alexandria,
1767 1956 1811 2015 Β
1846 1970 2052 2027 Christi
2082 1986 2247 2041 quam
2276 1970 2439 2038 forte,
2464 1986 2627 2041 quam
2651 1970 2935 2027 robustum
2963 1981 3154 2042 pectus
3178 1972 3456 2036 habuerit,

138 2099 300 2154 quant
323 2080 561 2155 glorioso
591 2076 838 2148 martyrii
864 2074 946 2131 sui
970 2086 1169 2129 cruore
1198 2069 1460 2143 perfundit,
1489 2076 1549 2122 ut
1580 2067 1739 2122 sedes

135 2173 432 2247 apostolica
484 2177 850 2239 nuncupetur,
881 2174 1099 2237 quanta:
1150 2174 1407 2236 putamus
1442 2172 1526 2217 est
1553 2160 1737 2217 excel-

138 2267 319 2325 lentim
343 2264 472 2320 felix
498 2262 586 2318 illa
615 2259 923 2322 Provincia,
956 2258 1011 2312 in
1037 2272 1143 2328 qna
1170 2271 1315 2311 nunc
1347 2255 1585 2325 pretiosa
1610 2268 1732 2306 cor-

138 2359 291 2430 poris
320 2358 439 2430 cjus
468 2354 623 2427 gleba
664 2350 983 2409 reconditur
1018 2350 1043 2405 ?
1069 2348 1324 2419 Nunquid
1359 2364 1465 2402 non
1491 2347 1737 2417 ejusdem

140 2452 331 2525 gratiae
357 2460 415 2506 et
442 2448 727 2522 dignitatis
753 2461 877 2503 esse
901 2445 1172 2502 credenda
1202 2452 1306 2507 est,
1339 2442 1439 2498 etsi
1480 2458 1586 2497 non
1616 2439 1736 2494 vnl-

138 2555 269 2617 gato
315 2542 558 2607 nomine,
616 2540 710 2596 sed
736 2540 852 2609 ipsa
885 2553 945 2594 re
990 2547 1046 2592 et
1082 2552 1278 2591 arcana
1309 2550 1465 2590 sacra
1495 2534 1739 2607 mysterii

138 2628 375 2692 veritate
400 2633 427 2687 ?
464 2632 588 2687 Illas
637 2630 874 2700 denique
925 2636 1109 2698 partes
1160 2628 1438 2698 ingressus
1473 2635 1578 2689 est,
1610 2624 1739 2679 dum

141 2729 321 2783 adhuc
350 2726 462 2797 jam
503 2723 558 2778 in
584 2719 929 2791 corruptibili
957 2733 1126 2774 carne
1178 2718 1426 2773 mortalis
1449 2717 1737 2779 existeret;

142 2820 279 2874 istas
306 2808 487 2872 autem
514 2812 699 2885 elegit,
726 2825 849 2867 cum
875 2808 988 2879 jam
1030 2808 1082 2862 in
1120 2817 1385 2862 :eternum
1411 2807 1655 2860 victurus
1687 2806 1739 2858 in

140 2908 297 2980 regni
328 2904 570 2962 ctelestis
599 2901 722 2957 aula
749 2908 1022 2971 regnaret.
1066 2897 1189 2952 Illos
1224 2897 1430 2961 invisit,
1466 2905 1524 2950 nt
1548 2911 1643 2950 eos
1675 2895 1742 2950 de

141 2997 390 3059 tenebris
412 2993 749 3051 inﬁdelitatis
776 2991 841 3047 ad
873 2990 926 3045 id
957 2990 1102 3061 quod
1136 2988 1383 3059 ipsejam
1405 2996 1586 3041 mente
1604 3001 1739 3042 con-

142 3100 385 3164 ceperat,
422 3104 563 3146 vera:
592 3089 718 3144 fidei
746 3087 931 3143 lumen
958 3085 1254 3150 educeret;
1288 3083 1355 3138 ad
1384 3083 1520 3137 istos
1554 3089 1736 3137 autem

145 3181 432 3240 transferri
457 3182 645 3246 voluit,
672 3190 733 3236 ut
751 3180 876 3236 illos
906 3179 974 3235 ad
1002 3194 1151 3243 eum,
1179 3192 1304 3233 cum
1328 3191 1435 3247 quo
1465 3190 1609 3230 nunc
1638 3180 1740 3235 cst,

144 3274 429 3330 ductorem
458 3270 681 3327 luminis
708 3280 1013 3326 revocaret.
1042 3267 1230 3324 Gaude
1257 3267 1441 3336 igitur,
1475 3274 1531 3320 et
1555 3265 1741 3321 exsul-

1844 2064 1934 2135 qui
1970 2064 2037 2119 de
2072 2064 2157 2118 sui
2205 2063 2449 2134 periculo
2495 2064 2813 2120 omnimodo
2854 2079 3113 2125 securus.
3166 2066 3236 2120 de
3281 2065 3459 2123 alieno

1845 2155 2141 2223 sollicitus,
2192 2171 2302 2212 uno
2344 2155 2495 2211 verbi
2544 2155 2651 2211 telo
2695 2162 2751 2212 et
2799 2155 3086 2213 inimicum
3130 2158 3364 2229 perculit
3408 2169 3464 2213 et

1846 2250 2243 2307 claudicantem
2280 2247 2398 2319 jam
2443 2246 2653 2306 inﬂicto
2691 2248 2911 2305 vulnere
2954 2250 3165 2306 socium
3195 2252 3263 2307 ad
3294 2267 3462 2323 agen-

1846 2342 1974 2397 dum
2008 2339 2226 2396 fortiter
2250 2340 2528 2395 excitavit.
2554 2338 2723 2396 Docta
2750 2355 2944 2395 manus
2966 2341 3032 2395 ad
3060 2340 3306 2412 praelium
3328 2342 3459 2398 dunt

1848 2434 2083 2491 vibravit
2114 2436 2351 2500 hastam,
2378 2426 2692 2499 socium,'ut
2725 2444 2999 2504 surgeret,
3035 2434 3237 2509 tetigit.
3263 2445 3318 2495 et
3345 2438 3465 2492 vii-.-

1846 2527 1991 2585 eenti
2013 2528 2129 2600 jam
2161 2526 2482 2583 adversario
2505 2527 2710 2583 lethale
2760 2527 2935 2583 'ultttts
2968 2527 3184 2601 inﬂixit.
3217 2528 3288 2587 Ut
3315 2530 3465 2587 enim

1846 2624 1898 2677 in
1952 2620 2307 2678 veracissima
2357 2629 2636 2693 gestorum
2694 2621 2840 2677 illius
2886 2632 3151 2679 narratur
3198 2623 3464 2684 historia.

1846 2731 1969 2771 cum
1999 2724 2125 2787 post
2156 2716 2323 2770 nimia
2358 2724 2627 2771 tormenta
2682 2714 2966 2771 Ursicinus
2996 2718 3289 2788 capitalem
3337 2734 3468 2776 sen-

1850 2809 2075 2863 tentiam
2098 2806 2359 2863 voluisset
2381 2808 2639 2870 evadere,
2667 2808 2995 2863 exclamavit
3022 2806 3218 2866 beatus
3244 2808 3464 2871 Vitalis,

1847 2901 2071 2956 dicens:
2105 2899 2246 2966 Noli,
2275 2899 2404 2963 noli,
2442 2899 2694 2957 Ursicine
2724 2901 2955 2964 medice,
2984 2902 3075 2973 qui
3106 2902 3245 2959 alios
3269 2918 3469 2959 curare

1845 2991 2200 3056 consuevisti,
2217 2991 2451 3061 teipsum
2474 3002 2695 3046 atteram
2721 2992 2909 3047 nmrtis
2944 2991 3129 3061 jacuio
3150 2993 3462 3050 vulnerare.

1849 3083 2178 3140 Sanctorum
2222 3083 2424 3154 quippe
2461 3084 2705 3138 virorum
2740 3093 2824 3139 est
2860 3088 3231 3151 consuetudo,
3266 3085 3468 3144 fratres

1849 3175 1977 3239 mei,
2011 3183 2073 3230 ut
2096 3176 2151 3230 in
2180 3174 2594 3231 tribulationum
2618 3176 2763 3233 bello
2791 3177 3143 3247 deprehensi,
3166 3178 3293 3232 dum
3318 3180 3471 3235 illinc

1849 3266 2193 3321 adversarios
2224 3266 2609 3337 insequentes,
2663 3267 2794 3322 hinc
2831 3276 2965 3323 Suos
3008 3265 3284 3339 fugientes
3323 3272 3473 3342 aspi-

147 3376 271 3421 tans
311 3365 365 3420 in
394 3362 625 3419 Domino
652 3360 850 3431 plaude
876 3359 1129 3425 Venetia,
1161 3359 1287 3428 quia
1336 3371 1433 3428 per
1465 3357 1593 3412 illud
1620 3371 1740 3427 pre-
1776 3352 1819 3412 C
1854 3360 2038 3424 ciunt,
2070 3359 2176 3415 illis
2205 3369 2485 3430 opponant
2528 3367 2744 3417 scutum
2790 3361 3097 3432 patientiae,
3140 3363 3259 3420 istis
3292 3365 3469 3420 intur-

144 3455 272 3511 tiosi
321 3452 558 3510 thesauri
592 3452 877 3517 talentum,
919 3450 1063 3522 quod
1099 3451 1150 3504 in
1187 3458 1238 3504 te
1264 3458 1481 3505 constat
1506 3464 1628 3505 esse
1660 3465 1742 3504 re-

142 3549 447 3615 conditum,
499 3545 644 3601 facta
683 3559 743 3601 es
772 3544 992 3614 superni
1021 3544 1165 3613 regis
1207 3544 1484 3607 aerarium,
1530 3553 1586 3597 et
1615 3543 1743 3595 dum

144 3640 204 3693 in
246 3647 337 3694 tuo
383 3635 593 3711 gremio
645 3634 823 3690 virum
863 3631 1174 3704 apostolica:
1201 3632 1391 3701 gratiae
1430 3631 1743 3699 suscepisti,

145 3740 205 3785 et
234 3730 350 3801 ipsa
372 3726 772 3799 quodammodo
798 3725 957 3782 sedes
987 3723 1283 3794 apostolica
1325 3722 1441 3777 ﬁeri
1475 3723 1741 3777 meruisti.

145 3819 539 3891 Quamobrem,
570 3820 714 3876 sicut
740 3827 919 3874 mater
942 3817 1156 3872 urbium
1187 3815 1359 3871 Roma
1383 3830 1546 3886 super
1560 3815 1744 3869 omnia

147 3928 317 3987 regna
369 3925 640 3970 terrarum
687 3910 1016 3967 subiimatur
1049 3911 1100 3963 in
1132 3909 1238 3980 77
1269 3908 1451 3975 Petro,
1476 3909 1558 3964 sic
1588 3916 1642 3962 et
1665 3916 1742 3971 tu,

144 4004 304 4061 velut
355 4002 476 4072 ejus
526 4002 757 4073 insignis
800 4000 933 4067 tilia,
988 4015 1085 4070 per
1128 3999 1369 4054 Marcum
1410 3998 1665 4070 gloriaris
1690 3998 1744 4053 in

142 4096 383 4157 Christo.
400 4096 571 4163 Quem
592 4093 801 4149 scilicet
822 4092 1099 4148 humiliter
1121 4091 1494 4163 imploramus,
1521 4099 1601 4157 ut,
1634 4091 1739 4147 sic-

148 4188 442 4243 utbeatum
465 4186 686 4243 Petrum
714 4188 780 4243 de
807 4186 943 4241 mari
970 4186 1182 4241 vocavit
1203 4194 1256 4240 et
1270 4186 1390 4240 navi
1413 4184 1630 4242 (Matth.
1662 4201 1741 4249 tv;

150 4276 303 4333 Marc
314 4287 392 4347 .t),
407 4276 601 4334 deinde
615 4294 681 4334 ne
696 4277 879 4348 lapsus
894 4279 946 4331 iu
964 4277 1187 4347 pelagus
1199 4276 1523 4332 obrueretur
1538 4280 1749 4347 erigen-

147 4367 224 4425 (ιο
249 4368 538 4433 continuit,
555 4370 633 4424 sic
652 4369 935 4440 remigium
960 4377 1111 4422 tuum
1143 4369 1283 4423 inter
1302 4368 1618 4423 discrimina
1637 4384 1749 4422 tua-

148 4457 274 4513 rina
303 4458 595 4521 custodiat,
621 4466 676 4513 et
715 4466 768 4513 te
792 4474 916 4513 cum
942 4457 1067 4512 filiis
1103 4459 1209 4513 tuis
1241 4460 1308 4513 ad
1340 4470 1555 4529 portum
1588 4460 1746 4530 quie-

148 4546 225 4602 tis
274 4554 492 4603 eterna:
547 4548 814 4603 subducat
872 4550 963 4618 qui
1006 4548 1134 4601 vivit
1169 4557 1221 4601 et
1258 4558 1449 4618 rcguat
1476 4564 1601 4603 eum
1637 4548 1748 4603 Deo

145 4631 316 4690 Putre
342 4634 397 4689 in
420 4635 626 4690 unitate
658 4634 893 4705 Spiritus
922 4634 1099 4690 sancti
1139 4635 1279 4690 Deus
1309 4650 1404 4704 per
1434 4636 1616 4690 omnia
1645 4651 1746 4691 δερ-

147 4724 273 4780 cuia
303 4726 648 4782 saeculorum.
690 4727 884 4793 Amen.

728 4814 962 4872 SERMO
1007 4815 1171 4872 XVII.

332 4921 369 4961 ι.
404 4921 471 4961 οι
499 4922 545 4961 s.
580 4923 1076 4964 VITALBIARTYRB.
1109 4912 1300 4973 (xxvm
1329 4914 1531 4982 APRIL.)

228 4995 521 5051 Itnmensas
551 4997 662 5052 Deo
693 4996 881 5051 laudes
909 5005 964 5052 et
995 4999 1203 5069 gratias
1249 4999 1581 5064 referamus,
1615 5000 1747 5055 dile-

149 5085 383 5140 ctissimi
409 5084 628 5152 fratres,
654 5088 799 5157 quia,
829 5089 960 5143 dum
982 5104 1077 5158 per
1104 5098 1273 5144 totum
1295 5092 1485 5147 orbem
1515 5093 1748 5161 pascha-

147 5176 220 5231 lis
253 5177 521 5233 festivitas
551 5180 754 5240 nititat,
788 5190 991 5236 nostra:
1020 5182 1209 5251 patriae
1236 5180 1371 5237 lines
1398 5183 1562 5237 etiam
1598 5185 1741 5238 beati

148 5266 347 5326 Vltalis
404 5272 744 5341 triumphalis
800 5272 917 5329 dies
976 5274 1231 5329 illustrat.
1286 5273 1458 5331 Hodie
1511 5292 1745 5347 namque

150 5361 308 5417 miles
333 5359 543 5418 Christi
566 5364 836 5433 gloriosus
883 5380 981 5435 pro
1025 5366 1129 5421 tide
1173 5365 1515 5437 imperatoris
1559 5369 1642 5423 sui
1691 5371 1742 5423 in

150 5460 414 5507 arternum
445 5454 684 5509 victurus
719 5456 992 5510 occubuit.
1027 5454 1229 5522 llodie,
1278 5458 1492 5514 devicto
1522 5460 1739 5514 humani

148 5547 368 5615 generis
399 5547 640 5612 inimico,
673 5564 795 5603 cum
830 5551 1101 5623 triumpho
1129 5550 1313 5623 gloria:
1337 5569 1498 5622 regna
1531 5555 1742 5611 sidcrca

148 5638 473 5706 penetravit.
518 5636 689 5693 Hodie
728 5650 947 5709 peracto
988 5643 1149 5696 studii
1179 5645 1261 5697 sui
1302 5659 1466 5697 cursu
1496 5646 1561 5699 de
1588 5662 1742 5715 erga-

148 5728 292 5783 stulo
336 5729 518 5783 carnis
546 5731 720 5786 vietor
748 5732 933 5787 exivit.
977 5733 1147 5788 Hodie
1190 5734 1582 5791 alternantibus
1616 5740 1741 5791 hinc

148 5823 275 5878 inde
323 5822 651 5893 bymnidicis
694 5826 1006 5895 angelorum
1042 5828 1225 5885 choris
1268 5828 1525 5898 palatium
1581 5831 1741 5902 Regis

146 5911 335 5967 αξιοι-ιιί
370 5922 699 5983 purpuratus
736 5914 979 5980 intravit,
1019 5917 1109 5971 ubi
1151 5932 1272 5972 cum
1322 5918 1506 5987 ignitis
1547 5920 1738 5979 beato-

556 6045 825 6098 t'nuOL.
862 6049 1139 6112 (ἒχων,

1848 3459 2050 3520 queant
2067 3449 2249 3519 jacula
2272 3452 2564 3519 doctrinm;
2590 3462 2756 3522 atque
2776 3455 2845 3509 ad
2871 3463 3164 3527 utrumque
3185 3460 3467 3531 pugnandi

1850 3542 2068 3596 modum
2121 3542 2258 3595 mira
2303 3543 2524 3598 virtutis
2568 3551 2686 3599 arte
2729 3559 2787 3599 se
2828 3545 3070 3617 erigunt,
3111 3558 3384 3619 quatenus
3408 3561 3466 3608 et

1849 3630 2052 3685 infirmi
2085 3632 2232 3688 intus
2268 3630 2489 3688 fortiter
2520 3649 2579 3690 se
2604 3635 2822 3705 erigant
2849 3647 2905 3692 et
2938 3637 3071 3694 foris
3102 3640 3335 3699 viriliter
3363 3644 3463 3700 ad-

1850 3736 2005 3776 versa
2036 3731 2412 3789 contemnant,
2437 3723 2539 3779 hos
2568 3726 2827 3783 docentes
2850 3730 3152 3800 corrigunt,
3186 3732 3308 3789 illos
3331 3736 3465 3792 tole-

1850 3824 2033 3871 rantes
2057 3828 2328 3885 premant.
2355 3816 2705 3889 lnsurgentes
2731 3835 2967 3891 namque
2994 3822 3179 3881 hostes
3200 3828 3461 3896 patiendo

1849 3908 2152 3978 despiciunt
2172 3949 2185 3972 ,
2219 3909 2331 3980 78
2360 3909 2701 3966 infirmantes
2730 3927 2863 3968 vero
2900 3913 3050 3970 cives
3078 3920 3461 3988 compatiendo

1849 4001 1914 4054 aal
1943 4000 2173 4056 salutem
2205 4003 2490 4057 reducunt.
2532 4002 2643 4058 lliis
2678 4004 2962 4071 resistunt,
2996 4021 3063 4061 ne
3089 4017 3147 4063 et
3172 4010 3309 4067 alios
3333 4014 3461 4067 sub~

1852 4093 2104 4158 trahant;
2133 4091 2251 4147 istis
2278 4100 2551 4159 metuunt,
2569 4108 2659 4159 ne,
2691 4097 2985 4152 metuendo
3008 4108 3264 4168 mortem,
3292 4103 3461 4159 vitam

1852 4183 2097 4238 funditus
2126 4183 2379 4253 perdant.
2417 4183 2570 4239 illinc
2606 4182 2808 4254 iaculis
2846 4188 3201 4243 adversantia
3241 4202 3462 4262 pectora

1853 4274 2084 4342 feriunt;
2122 4276 2250 4331 hinc
2275 4285 2432 4332 scuto
2456 4278 2761 4348 postposito
2787 4278 2995 4335 debiles
3021 4289 3261 4338 tuentur.
3289 4286 3469 4355 Atque

1854 4366 1926 4421 ita
1958 4367 2249 4438 utrobique
2276 4367 2565 4424 velocitate
2603 4369 3116 4441 circnmspeetionis
3145 4374 3468 4447 invigilant.

1851 4468 2123 4528 quatenus
2161 4466 2219 4513 et
2261 4468 2390 4513 ante
2419 4474 2477 4514 se
2507 4458 2744 4515 audaces
2787 4461 3126 4529 confodiant,
3173 4475 3229 4519 et
3257 4478 3377 4535 post
3408 4484 3469 4522 se

1856 4546 2097 4618 trepidos
2132 4563 2161 4601 a
2194 4547 2420 4603 vulnere
2455 4548 2772 4603 defendant.
2822 4548 2931 4606 Sed
2977 4552 3227 4625 quisquis
3254 4554 3371 4611 vult
3408 4557 3462 4612 in

1855 4653 2049 4709 campo
2072 4638 2390 4696 certaminis
2420 4639 2635 4695 fortiter
2673 4655 2857 4712 agerc,
2894 4651 3073 4708 curet,
3104 4660 3328 4703 necesse
3357 4659 3466 4711 est.

1773 4704 1828 4767 D
1856 4730 1909 4786 in
1941 4745 2073 4801 pace
2095 4730 2399 4787 domestica
2420 4745 2481 4788 se
2502 4731 2811 4798 custodire;
2842 4733 2896 4789 in
2924 4734 3037 4790 otio
3065 4751 3123 4790 se
3151 4735 3470 4808 frequenter

1854 4833 2128 4892 exerceat,
2159 4838 2231 4881 ne
2256 4826 2481 4895 ignarus
2504 4825 2785 4895 pugnandi
2815 4827 3033 4891 incaute
3065 4828 3132 4883 ad
3163 4829 3303 4885 bella
3344 4847 3469 4902 pro-

1855 4924 2090 4985 rumpat,
2126 4929 2213 4983 ne,
2246 4916 2291 4972 si
2324 4916 2477 4972 rudis
2511 4925 2566 4971 et
2598 4915 2885 4986 imperitus
2916 4933 3040 4972 cum
3068 4919 3315 4978 doctiorc
3337 4939 3470 4979 cou-

1854 5008 2119 5081 greditur,
2149 5009 2275 5065 dum
2308 5022 2462 5063 arma
2490 5008 2661 5064 armis
2688 5018 2891 5080 praeter
2917 5011 3136 5068 solitum
3168 5029 3467 5073 conserere

1856 5102 2067 5166 nititur,
2113 5110 2409 5171 antequam
2441 5100 2653 5172 insigne
2681 5101 2885 5172 aliquid
2921 5100 3117 5169 faciat,
3168 5106 3463 5177 improviso

1855 5193 2083 5247 vulnere
2112 5203 2497 5264 prosternatur
2521 5202 2578 5249 et
2605 5194 2786 5251 victus
2816 5193 3082 5263 intereat,
3116 5200 3259 5256 unde
3287 5200 3464 5259 victor

1851 5301 1975 5341 esse
2002 5286 2131 5341 totis
2156 5284 2365 5340 nisibus
2399 5284 2715 5341 anhelabat.

1924 5376 2111 5447 Neque
2137 5378 2340 5433 etenim
2367 5379 2704 5433 credendum
2741 5387 2826 5436 est
2866 5380 3011 5451 quod
3044 5372 3244 5441 beatus
3269 5385 3465 5444 Vitalis

1854 5470 2107 5540 religiose
2137 5470 2320 5525 vivere
2348 5477 2404 5524 et
2441 5470 2495 5524 in
2527 5469 2720 5551 p‘rimis
2750 5468 2862 5527 Deo
2888 5473 3097 5529 servire
3125 5485 3256 5534 tunc
3283 5495 3464 5551 coepe-

1854 5564 1947 5625 rit,
1974 5578 2100 5617 cum
2131 5562 2199 5617 ad
2224 5577 2454 5633 agonem
2482 5543 2731 5633 martyrii
2761 5570 3132 5635 persecutoris
3162 5571 3312 5629 illum
3336 5591 3462 5630 cru-

1852 5654 2047 5709 delitas
2076 5654 2415 5723 provocavit.
2458 5654 2555 5709 Vir
2598 5654 2835 5725 denique
2867 5664 3089 5714 sanctus
3131 5671 3261 5719 tunc
3290 5666 3455 5720 etiam

1852 5747 2080 5801 summis
2114 5746 2325 5799 viribus
2357 5744 2527 5801 fultus
2555 5754 2694 5811 erat,
2725 5762 2849 5803 cum
2883 5749 3000 5804 siue
3042 5751 3150 5807 ulla
3194 5768 3455 5823 persecu-

1852 5841 2015 5897 tionis
2042 5839 2293 5895 molestia
2322 5840 2374 5894 in
2405 5840 2555 5911 pacis
2580 5854 2692 5896 sum
2720 5844 3119 5912 tranquillitate
3148 5847 3456 5915 quieverat.

1851 5934 1951 6001 Qui
1989 5932 2091 5989 sibi
2123 5931 2503 5989 tantummodo
2535 5942 2697 5989 notus
2741 5945 2797 5990 et
2846 5934 2982 5998 Deo,
3034 5937 3137 5992 nisi
3170 5953 3459 6011 cogeretur

2969 6049 3043 6109 19
