5232 6514
1617 423 1718 481 587

2282 419 2340 474 S.
2370 416 2574 475 ρετω
2611 418 2889 476 DAIIANI
2928 418 3078 475 OPP.
3120 416 3297 475 PARS
3330 417 3463 476 εει)
3494 415 3733 475 TOIUS
3771 418 3833 473 ll.
3874 447 3943 459 —
3968 415 4361 473 SERIONES.

1617 539 1674 593 lo
1704 533 1947 605 cat‘upum
1976 533 2285 588 certaminis
2314 534 2559 605 progredi
2578 574 2596 603 ,
2630 548 2661 587 a
2691 533 2846 587 nobis
2873 532 3178 587 nullatenus
3209 542 3251 599 Α
3280 532 3545 586 coronari.
3597 530 3747 587 Unde
3799 546 3903 585 non
3953 529 4309 586 dubitandum
4351 542 4431 586 est
4476 532 4622 601 quod
4670 533 4832 603 lpu-

1620 627 1879 697 potuisset
1917 622 2156 694 agnosci.
2194 622 2375 679 Virtus
2412 624 2610 694 quippe
2650 637 2708 677 se
2734 622 2895 677 etiam
2940 630 3182 691 tempore

1618 717 1816 785 quietis
1844 715 2116 779 exercuit,
2157 714 2249 768 sed
2279 729 2565 785 pravorum
2596 714 2788 769 ictibus
2815 724 2972 768 tunsa
3004 716 3057 768 in
3084 714 3181 767 ad-

1616 809 1889 862 versitatis
1912 807 2017 877 pila
2047 807 2322 878 fragravit.
2360 808 2423 862 Et
2450 808 2542 877 qui
2572 808 2786 876 quietus
2814 809 2866 859 in
2892 805 3182 874 semetipso

1617 899 1759 966 quod
1788 905 1904 951 erat
1940 897 2221 961 continuit,
2252 906 2549 951 commotas
2572 897 2638 950 ad
2665 896 2909 950 notitiam
2936 896 3177 948 omnium

1617 980 1845 1041 odorem
1881 1002 1990 1042 sua:
2032 985 2359 1040 fortitudinis
2398 986 2645 1055 aspersit.
2694 983 2847 1038 Sicut
2891 984 3035 1039 enlm
3081 999 3179 1037 un-

1623 1084 1822 1145 guenta
1868 1074 2107 1129 redolere
2136 1074 2295 1128 latins
2336 1075 2612 1139 nesciunt,
2659 1073 2759 1128 nisi
2807 1082 3094 1135 commota,
3126 1082 3179 1127 et

1619 1164 1763 1219 sicut
1785 1173 2020 1218 aromata
2048 1162 2396 1233 fragrantiam
2428 1178 2580 1217 suam
2609 1162 2817 1217 nonnisi
2849 1176 2969 1215 cum
3000 1162 3181 1215 incert.

1617 1252 1819 1306 tluntur
1852 1254 2181 1321 espandunt,
2212 1254 2282 1305 ita
2312 1252 2484 1306 sancti
2517 1252 2615 1305 viri
2649 1266 2808 1305 omne
2847 1252 2988 1319 quod
3014 1252 3180 1305 virtu-

1622 1341 1765 1394 tibus
1810 1340 2049 1394 redolent
2088 1339 2140 1392 in
2176 1338 2607 1391 tribulationibus
2639 1338 2995 1391 innotescunt.
3031 1336 3181 1393 Unde

1618 1438 1767 1483 recte
1813 1429 1863 1481 in
1912 1427 2200 1496 Evangelia
2242 1427 2473 1482 dicitur:
2521 1444 2540 1477 ι
2578 1425 2636 1479 Si
2682 1426 2976 1479 habueritis
3021 1425 3178 1479 idem

1618 1519 1756 1572 sicut
1786 1531 2008 1587 granum
2047 1516 2281 1587 sinapis,
2332 1516 2523 1571 dicetis
2570 1515 2693 1569 huic
2742 1516 2948 1570 monti:
2988 1516 3177 1570 Transi

1617 1607 1777 1670 hinc,
1807 1615 1862 1661 et
1889 1605 2136 1661 transibit
2179 1604 2403 1676 (lsttlt.
2452 1606 2616 1673 am).
2652 1624 2671 1658 ο
2707 1605 2944 1660 Granum
2987 1608 3180 1675 quippe

1616 1700 1821 1769 sinapis
1850 1700 1951 1753 nisi
1982 1708 2311 1763 conteratur,
2352 1713 2688 1769 nequaquam
2718 1700 2801 1753 vis
2829 1700 3037 1754 virtutis
3066 1700 3182 1769 ejus

1617 1790 1965 1861 agnoscitur,
2010 1803 2134 1843 nam
2180 1802 2285 1843 non
2332 1789 2619 1843 contritum
2664 1787 2783 1843 leue
2825 1798 2941 1851 est;
2982 1790 3026 1843 si
3055 1804 3180 1841 vero

3282 619 3648 674 beatissimum
3676 620 3848 673 virum
3870 634 4024 674 suum
4047 619 4289 687 quotidie
4306 620 4525 688 speciali
4545 622 4835 677 devotioni

3282 709 3645 765 familiaritate
3672 711 4002 780 deposceret,
4030 722 4296 780 quatenus
4320 714 4439 783 ejus
4461 716 4837 774 sacratissimis

3280 799 3527 869 precibus
3552 798 3620 853 ad
3651 798 3891 867 martyrii
3923 799 4154 866 palmam
4184 802 4487 869 pertingere
4512 815 4834 869 mereretur,

3280 899 3337 941 ut
3369 887 3618 941 nimirum
3649 903 3786 957 quos
3821 887 4192 941 immaculatos
4221 890 4309 943 hic
4340 901 4540 946 mutua
4567 894 4839 951 ciuitatis

3280 977 3591 1031 devinxerat
3616 976 3902 1037 thalamus,
3934 990 4039 1029 non
4065 978 4247 1046 dispar
4269 980 4320 1032 in
4350 994 4595 1048 superna
4616 982 4839 1038 beatita-

3280 1067 3421 1122 dinis
3442 1066 3613 1136 gloria
3632 1065 3879 1135 jungeret
3905 1076 3958 1121 et
3984 1067 4306 1137 triumphus,
4341 1079 4420 1133 et,
4447 1072 4571 1141 quia
4599 1075 4709 1129 duo
4732 1072 4837 1129 fua-

3280 1168 3399 1210 rsnt
3444 1159 3495 1209 in
3544 1172 3708 1211 carne
3738 1172 3875 1219 una,
3906 1158 4041 1211 auiti
4089 1159 4279 1213 tierent
4322 1162 4485 1215 etiam
4524 1164 4579 1217 in
4623 1179 4833 1220 coruus.

3277 1246 3612 1315 Quapropter
3643 1262 3763 1301 cum
3793 1263 3820 1298 a
3850 1248 4171 1300 Christianis
4220 1248 4313 1316 qui
4373 1259 4500 1306 tune
4536 1262 4693 1306 erant
4734 1252 4841 1307 ιι-

3278 1350 3483 1395 venum,
3515 1346 3655 1387 esset
3686 1336 3953 1403 prohibita
3985 1350 4051 1389 ne
4085 1346 4328 1389 sanctum
4356 1352 4556 1409 corpus
4584 1340 4835 1405 auferret,

3278 1436 3331 1481 et
3380 1426 3481 1478 hac
3528 1428 3822 1479 intentione
3871 1428 4111 1495 deposita
4163 1428 4228 1481 ad
4277 1431 4488 1498 propria
4538 1446 4837 1500 remearet,

3282 1516 3507 1570 incurrit
3548 1518 3600 1569 in
3646 1517 3890 1571 homines
3920 1516 4228 1571 idololatras
4273 1518 4491 1573 Silvano
4534 1523 4841 1577 sacrilcas-

3284 1618 3380 1667 tes,
3424 1608 3511 1675 qui
3558 1608 3885 1674 deponentes
3926 1620 4047 1659 eam
4091 1607 4160 1661 de
4197 1611 4463 1679 sagmaria
4492 1611 4843 1670 bombo-tur

3282 1704 3338 1748 ut
3381 1711 3502 1749 cum
3534 1697 3664 1765 ipsis
3693 1697 3999 1767 epularetur
4033 1696 4100 1751 de
4144 1697 4229 1751 his
4270 1712 4387 1768 qua
4429 1711 4588 1756 erant
4630 1702 4844 1759 Silus.

3284 1787 3576 1839 immolata.

1615 1882 1942 1941 conteritur.
1974 1880 2283 1943 inardescit,
2314 1887 2369 1933 et
2393 1876 2649 1948 quidquid
2689 1878 2742 1931 in
2772 1894 2831 1932 se
2860 1880 3176 1933 acerrimum
3210 1881 3254 1941 Β
3352 1878 3456 1930 Sed
3488 1880 3612 1945 quid
3640 1890 3709 1933 tu.
3737 1879 3893 1933 beata
3924 1879 4432 1952 ValeriaYNuoqnld
4461 1886 4669 1953 poteris
4690 1888 4845 1941 vesti-

1613 1974 1814 2029 latebat
1844 1974 2096 2027 ostendit.
2130 1969 2219 2025 Sic
2258 1971 2505 2024 nimirum
2528 2010 2543 2034 ,
2590 1970 2665 2023 sic
2697 1972 3060 2040 unusquisque
3098 1974 3179 2024 vir

1616 2070 1837 2117 sanctus
1860 2075 1982 2115 cum
2008 2075 2111 2114 non
2141 2058 2400 2128 pulsatur,
2430 2058 2771 2127 despicabilis
2793 2074 2855 2112 ac
2884 2059 3017 2112 lenis
3038 2060 3181 2127 aspi—

1618 2152 1789 2213 citur;
1821 2150 1863 2205 si
1890 2164 1993 2219 qua
2024 2163 2149 2204 vero
2176 2147 2321 2202 illum
2357 2148 2545 2201 tritura
2583 2149 2973 2217 persecutionis
3000 2150 3180 2217 Oppri-

1617 2252 1748 2307 mat,
1776 2258 1897 2296 mnx
1928 2256 2088 2296 Omne
2118 2243 2258 2310 quod
2293 2240 2521 2295 calidum
2554 2241 2694 2310 sapit
2735 2251 2989 2301 ostentat.
3019 2252 3179 2311 atque

1618 2331 1673 2386 in
1719 2332 1982 2386 fervorem
2026 2330 2242 2384 virtutis
2286 2330 2511 2384 vertitur
2538 2330 2792 2399 quidquid
2841 2331 2893 2384 iu
2941 2330 3028 2383 illo
3056 2342 3180 2384 ante

1618 2418 2352 2488 despicabilminlirmumque
2396 2419 2707 2481 ridebatur,
2751 2422 2997 2489 quodque
3035 2422 3085 2473 in
3122 2436 3178 2475 se

1618 2525 1718 2581 per
1740 2510 2141 2578 tranquillitatis
2165 2517 2403 2578 tempora
2433 2508 2603 2563 libens
2622 2512 2852 2578 operuit,
2879 2513 3178 2579 exagitatus

1618 2600 2051 2655 tribulationibus
2094 2610 2313 2653 coactus
2361 2600 2669 2653 innatcscit.
2721 2598 2869 2653 Unde
2914 2602 3045 2655 bene
3085 2618 3178 2672 per

1617 2688 1940 2759 Prophetam
1972 2689 2202 2741 dicitur'
2246 2706 2264 2738 ι
2294 2687 2351 2742 In
2381 2691 2465 2743 die
2496 2691 2766 2744 mandarit
2802 2691 3055 2745 Dominus
3081 2696 3177 2746 uii-

1619 2778 1968 2832 sericortliam
2001 2791 2174 2841 suam,
2199 2787 2254 2832 et
2285 2790 2437 2831 nocte
2464 2780 2757 2833 declaravit
2782 2779 2952 2847 (I’sal.
2989 2794 3114 2845 stt}.
3158 2802 3174 2832 ι

1621 2865 1983 2919 Misericordia
2030 2867 2173 2919 enim
2221 2867 2429 2920 Domini
2473 2869 2524 2920 iu
2570 2871 2657 2922 die
2706 2872 3009 2933 mandatur,
3058 2873 3179 2939 quia

1617 2959 1669 3009 in
1701 2955 1988 3025 tranquillo
2019 2964 2258 3026 tempore
2287 2958 2454 3011 virtus
2488 2959 2745 3013 divinitus
2780 2975 3034 3015 cuncessa
3063 2978 3181 3031 per-

1614 3054 1840 3123 CipilJ‘;
1894 3052 1947 3104 itt
1999 3060 2153 3105 nocte
2202 3066 2329 3106 vero
2376 3052 2713 3115 declaratur,
2766 3056 2890 3122 quia
2941 3058 3134 3109 donum
3164 3095 3179 3119 ,

1616 3143 1758 3211 quod
1801 3142 1853 3195 in
1893 3142 2283 3212 tranunlitate
2316 3145 2579 3209 sumitur,
2612 3144 3044 3201 tribulationibus
3070 3163 3180 3200 ma‘

1618 3235 1920 3291 uil‘estatur.

1689 3326 1747 3383 Si
1775 3326 1918 3381 enim
1943 3326 2202 3396 quaeritur
2228 3324 2382 3394 cujus
2411 3328 2620 3382 virtutis
2640 3329 2828 3383 beatus
2850 3328 3038 3383 Vitalis
3058 3339 3180 3384 ante

1613 3428 1890 3474 certamen
1920 3418 2101 3483 fuerit,
2130 3432 2236 3486 quo
2264 3418 2557 3487 disciplima
2578 3421 2759 3489 vigore
2788 3421 3001 3474 domum
3029 3438 3178 3475 suam

1618 3508 1791 3563 bonus
1817 3505 2203 3576 paterfamilias
2244 3508 2476 3569 rexerit,
2523 3522 2683 3577 quam
2724 3507 2991 3579 religioso,
3020 3525 3180 3578 quam

1617 3606 1807 3656 sancto
1837 3598 2046 3653 vivendi
2074 3599 2264 3654 ordine
2288 3599 2425 3653 lilios
2448 3600 2761 3665 instituerit,
2790 3602 2945 3657 beata
2974 3604 3179 3658 Valeria

1617 3703 1756 3743 uxor
1782 3687 1896 3755 ejus
1923 3702 2043 3741 cum
2082 3688 2289 3742 duobus
2320 3687 2445 3742 ﬁliis
2482 3690 2737 3758 requisita
2779 3690 2952 3755 dicat;
2990 3710 3009 3743 ι
3042 3703 3095 3745 ιιι
3130 3694 3180 3746 in

1617 3793 1715 3834 ore
1763 3777 1989 3831 duorum
2046 3777 2132 3830 vel
2162 3778 2324 3832 trium
2357 3779 2568 3832 testium
2619 3790 2725 3833 stet
2767 3795 2925 3835 omne
2963 3781 3179 3835 verbum

1622 3870 1838 3942 (ﬂuuii.
1868 3870 2041 3939 mu).
2070 3888 2089 3922 s
2123 3869 2212 3923 llla
2243 3871 2409 3935 enim,
2439 3871 2618 3924 audita
2651 3882 2821 3925 morte
2850 3872 3037 3927 Vitalis
3067 3874 3183 3927 bes.

1625 3958 1820 4014 tissimi
1847 3956 2110 4027 contingis,
2148 3971 2252 4011 nou
2283 3958 2469 4011 avidos
2490 3971 2804 4025 pervasores
2828 3960 2939 4012 suis
2966 3974 3179 4028 posses-

1618 4047 1859 4104 sionibus
1889 4046 2085 4110 timuit,
2116 4060 2220 4099 non
2268 4045 2586 4114 potentioris
2623 4044 2903 4114 cujuslibet
2952 4046 3184 4115 patroci-

1622 4136 1772 4192 nium
1802 4134 2079 4204 quesivit,
2116 4148 2220 4188 non
2260 4148 2411 4188 more
2453 4133 2565 4204 79
2604 4135 2881 4188 viduarum
2914 4135 3183 4203 dispersas

1618 4224 1930 4291 ubicunque
1975 4237 2063 4276 res
2108 4233 2231 4277 suas
2260 4223 2314 4276 in
2346 4231 2460 4277 tuto
2504 4223 2621 4277 loco
2657 4223 2906 4293 colligere
2949 4225 3181 4283 studuit.

1624 4314 1722 4369 sed
1748 4311 2033 4367 cnstissimi
2071 4310 2296 4381 conjugii
2324 4310 2482 4363 ﬁdem
2506 4325 2728 4365 servans
2749 4350 2762 4373 ,
2786 4313 2851 4363 ad
2880 4313 3185 4380 impenden-

1620 4403 1752 4457 dutn
1784 4401 1989 4455 funeris
2013 4401 2327 4469 obsequium
2360 4401 2425 4453 de
2450 4398 2829 4454 lediolauensi
2865 4403 2993 4455 urbe
3022 4419 3186 4469 usque

1621 4482 1933 4547 Ravennam
1962 4491 2186 4544 mirabili
2219 4490 2431 4545 fervore
2472 4492 2734 4559 pervenit.
2778 4491 2889 4547 Non
2926 4494 3069 4547 illam
3094 4496 3183 4549 de-

1622 4584 1814 4639 terruit
1863 4593 1969 4637 tam
2015 4582 2157 4652 longi
2201 4580 2486 4636 diﬂicultas
2535 4581 2761 4646 itineris,
2799 4600 2903 4637 non
2954 4586 3187 4640 retinere

1624 4672 1795 4745 potuit
1827 4680 1999 4725 metus
2028 4670 2335 4725 amittendae
2368 4670 2722 4738 possessionis
2743 4712 2757 4733 ,
2787 4687 2890 4725 non
2919 4688 3035 4726 eam
3069 4688 3187 4742 pro-

1627 4763 1981 4833 pinquorum,
2013 4759 2125 4814 sive
2154 4759 2456 4814 concivium
2508 4773 2659 4811 amor
2706 4761 2756 4812 in
2808 4760 3186 4816 Mediolanensi

1630 4851 1765 4903 urbe
1804 4849 2072 4911 devinxit,
2119 4862 2222 4901 non
2263 4862 2381 4901 eam
2426 4848 2726 4901 consularis
2770 4850 3189 4905 immanissimus

1631 4940 1784 4994 furor
1828 4952 1856 4990 τι
1906 4935 2172 4991 Ravenna:
2215 4935 2411 4990 ﬁnibus
2446 4938 2769 4990 exturbavit.
2822 4938 2948 4994 llluc
2993 4942 3187 5009 quippe

1628 5037 1843 5086 erectus
1892 5027 2011 5097 ejus
2062 5027 2282 5096 spiritus
2330 5026 2632 5081 medullitus
2689 5028 3028 5095 intendebat,
3078 5050 3185 5102 quo

1627 5120 1993 5176 beatissimum
2024 5118 2222 5181 virum,
2251 5118 2453 5173 calcata
2482 5117 2594 5186 jam
2629 5131 2821 5179 morte,
2851 5128 3185 5191 prmcessisse

1626 5219 1973 5282 cognoverat.
2009 5209 2109 5265 Ubi
2143 5210 2286 5264 enim
2316 5219 2436 5263 erat
2484 5212 2768 5264 thesaurus
2797 5212 2941 5279 ejus,
2974 5215 3042 5267 ibi
3072 5228 3187 5270 erat

1625 5311 1683 5357 et
1702 5315 1797 5355 cor
1822 5298 1933 5368 ejus
1965 5300 2178 5369 (Matth.
2212 5302 2341 5367 ιιί).
2382 5300 2690 5375 [.mtabatur
2722 5301 2864 5354 illum
2898 5304 2947 5354 in
2981 5305 3185 5358 habita-

1627 5391 1902 5459 tionejam
1932 5392 2142 5461 degere,
2178 5390 2388 5446 dolebat
2417 5406 2475 5444 se
2504 5392 2680 5445 adhuc
2712 5392 2763 5445 in
2795 5393 2982 5445 exsilio
3012 5411 3182 5447 rema-

1626 5497 1775 5540 nere.
1811 5467 1891 5535 Ad
1919 5482 2019 5535 hoc
2046 5480 2133 5534 illa
2162 5490 2271 5534 toto
2297 5481 2492 5533 mentis
2522 5480 2791 5535 desiderio
2820 5482 3105 5535 anhelabat
3134 5486 3181 5535 in

1627 5584 1713 5627 ιιι
1742 5587 1845 5642 quo
1886 5572 1975 5625 ille
2007 5570 2117 5639 jam
2149 5570 2538 5625 delectabiliter
2578 5568 2855 5623 fruebatur
2900 5573 2951 5624 in
2987 5578 3177 5641 patria.

1631 5662 1909 5718 Gaudebat
1930 5662 1997 5713 ab
2026 5662 2325 5715 hominibus
2350 5675 2485 5714 uxor
2516 5661 2768 5729 martyris
2789 5664 3063 5728 appellari.
3090 5666 3183 5717 sed

1634 5750 1801 5810 multo
1824 5747 2229 5805 iueuarrabilius
2252 5750 2509 5805 amabat
2532 5750 2718 5806 eadem
2744 5753 2986 5825 martyrii
3014 5755 3181 5825 gloria

3282 1967 3365 2036 gis
3398 1969 3495 2020 tiri
3524 1970 3595 2019 tui
3630 1970 3950 2035 relinquere,
3980 1981 4031 2023 et
4054 1984 4293 2027 erectum
4308 1972 4420 2040 jam
4453 1976 4505 2029 iu
4539 1976 4847 2032 (alcath-

3280 2058 3517 2108 anitnum
3539 2058 3817 2109 diabolicrs
3839 2062 4265 2129 sttggrstionibus
4290 2064 4581 2119 inclinare?
4602 2066 4849 2136 Ναυσιῦδ

3280 2148 3501 2215 poteris,
3531 2150 3751 2201 educata
3784 2150 3833 2200 in
3865 2150 3966 2202 fide
3994 2152 4277 2217 catholica,
4300 2154 4441 2222 quod
4472 2156 4525 2207 lu
4554 2158 4849 2226 tranquil»

3283 2246 3390 2287 tate
3420 2238 3651 2289 drdlCibli
3678 2240 3987 2291 carniﬁcum
4021 2250 4227 2293 terrore
4254 2258 4320 2310 po
4354 2251 4599 2312 tpouere,
4626 2256 4684 2300 et
4712 2248 4851 2314 posi-

3282 2335 3392 2377 tum
3426 2342 3584 2392 supra
3624 2330 3833 2380 firmam
3874 2340 4081 2395 petram
4116 2330 4232 2384 lidci
4276 2334 4685 2388 fundamentum
4716 2351 4851 2406 quo-

3279 2416 3331 2467 ld
3355 2428 3405 2466 et
3437 2417 3808 2483 trepidationis
3850 2419 4059 2475 turbine
4089 2422 4321 2476 \iolare?
4364 2426 4494 2493 Age,
4525 2440 4667 2497 age.
4700 2427 4851 2483 beata

3283 2503 3525 2557 Valeria!
3574 2508 3654 2559 eia
3678 2549 3691 2567 ,
3743 2510 3932 2563 nubilis
3972 2514 4247 2565 matrona!
4283 2529 4421 2567 nunc
4450 2516 4549 2569 viri
4578 2520 4654 2571 tui
4688 2520 4849 2573 docto

3280 2604 3459 2647 treula
3502 2598 3725 2649 νιτιΙιιιτ
3775 2598 3966 2659 ret-nle,
4016 2610 4069 2651 et
4117 2602 4241 2668 quid
4288 2604 4381 2656 tibi
4432 2608 4567 2657 tanti
4616 2608 4853 2662 doctoris

3281 2690 3649 2753 magisterium
3704 2688 4009 2755 prastilcri
4060 2688 4292 2745 duclara.
4337 2692 4429 2748 Ait
4474 2696 4652 2749 enim:
4702 2696 4853 2753 Chri-

3282 2780 3453 2827 stiana
3486 2794 3623 2835 sum,
3655 2788 3705 2827 et
3741 2794 3841 2830 non
3890 2780 4013 2831 licet
4059 2782 4189 2836 mihi
4230 2782 4299 2836 de
4336 2784 4619 2839 sacrificiis
4648 2786 4851 2842 Silvani

3283 2866 3445 2915 vestri
3481 2876 3817 2917 ntarniucare.
3866 2868 3931 2919 At
3970 2868 4041 2921 illi
4088 2868 4199 2923 bam
4229 2872 4506 2926 audientes
4538 2884 4689 2929 tanta
4734 2892 4853 2931 eam

3283 2960 3425 3009 (νει-ἐρ
3458 2970 3842 3019 mactate-runt,
3873 2970 3927 3011 ut
3951 2960 4033 3013 vis
4066 2962 4386 3016 seminecem
4415 2978 4533 3018 eam
4564 2966 4647 3019 sui
4686 2968 4853 3021 book

3284 3060 3377 3097 nes
3406 3046 3467 3095 ad
3510 3044 3953 3100 Hediolauensem
4000 3052 4187 3103 urbem
4236 3054 4624 3120 perducerent,
4680 3058 4753 3110 ita
4802 3068 4859 3111 ut

3286 3135 3422 3187 intra
3457 3140 3689 3190 triduum
3725 3140 3875 3190 beata
3908 3138 4114 3194 Valeria
4146 3144 4403 3213 migraret
4436 3146 4502 3199 ad
4544 3146 4853 3201 Dominum

3206 3211 3251 3271 C
3284 3226 3327 3277 υ
3355 3242 3511 3292 quam
3544 3228 3884 3282 ibeﬂabiliter
3919 3231 4112 3286 divina
4140 3211 4556 3303 dispensationis
4584 3242 4723 3292 ordo
4750 3244 4849 3296 dis—

3282 3316 3535 3381 ponitur!
3580 3332 3741 3385 quam
3786 3320 4207 3377 misericorditer
4240 3324 4485 3381 humana:
4529 3332 4861 3387 condiionis

3284 3410 3449 3459 series
3496 3410 3766 3459 variatur!
3827 3409 4015 3464 Iiulier
4064 3416 4235 3466 virum
4290 3417 4355 3469 de
4400 3420 4653 3485 paradiso
4700 3424 4863 3491 eiecit

3285 3494 3438 3561 (Gen.
3474 3500 3587 3559 ut);
3628 3500 3709 3548 vir
3740 3500 4013 3553 mulierem
4044 3504 4110 3555 ad
4146 3506 4379 3572 paradisi
4426 3510 4659 3576 patriam
4704 3527 4861 3567 reru-

3284 3584 3443 3635 cavit.
3482 3583 3593 3647 Illa,
3640 3594 3697 3637 ut
3740 3586 3898 3641 homo
3940 3591 4301 3659 deciperetur,
4330 3595 4541 3649 diabolo
4582 3598 4729 3652 facta
4778 3614 4865 3657 est

3286 3672 3728 3737 instrumentum;
3758 3678 3873 3737 iste,
3902 3688 3958 3731 ut
3981 3680 4172 3734 mulier
4193 3694 4563 3745 coronaretur.
4594 3690 4863 3745 imitabile

3284 3764 3508 3830 prrbuit
3539 3766 3745 3819 tirtutis
3770 3768 4093 3836 exemplum.
4136 3770 4365 3840 Antiqua
4410 3774 4601 3828 mulier
4640 3793 4861 3846 pomum

3284 3856 3507 3907 vetitum
3545 3857 3871 3911 comedendo
3896 3860 4220 3915 miserabilis
4238 3860 4427 3931 jejunii
4460 3879 4517 3918 se
4550 3868 4693 3919 fame
4724 3876 4865 3921 nuit.

3286 3944 3450 4005 tatit;
3486 3960 3618 3997 που
3650 3961 3774 3999 vero
3802 3948 3993 4001 mulier
4019 3949 4088 4002 ab
4115 3950 4423 4023 idolothytis
4450 3970 4507 4009 se
4534 3956 4866 4015 alatiuentb

3284 4050 3498 4093 reterns:
3545 4042 3808 4095 satietatis
3850 4044 3950 4098 sibi
4000 4046 4300 4102 convivium
4346 4054 4687 4119 prrpsrsvit.
4736 4054 4863 4117 ω..

3285 4126 3464 4182 fructu
3511 4132 3720 4184 arboris
3742 4133 4021 4195 delectata.
4071 4135 4239 4189 beat:
4287 4142 4615 4195 amittatis
4660 4145 4863 4198 ostium

3284 4220 3421 4271 seris
3447 4222 3890 4288 concupiscentia:
3924 4223 4024 4278 sibi
4059 4225 4289 4281 exiendo
4312 4225 4605 4301 [exeundo]
4636 4234 4865 4287 damus-

3284 4308 3393 4369 vit;
3430 4310 3554 4369 ista,
3582 4328 3730 4363 csum
3760 4313 4001 4365 carnium
4030 4326 4335 4382 aspernata,
4360 4320 4707 4387 sempiterna:
4734 4324 4867 4377 siri~

3287 4397 3467 4451 dtlJliI
3512 4415 3709 4467 pascua
3762 4402 4001 4457 claribus
4046 4404 4146 4458 sibi
4190 4408 4532 4463 continenti:
4580 4414 4859 4480 patefecit.

3290 4487 3425 4540 Ecce
3470 4492 3667 4556 liqmdo
3698 4502 3840 4557 patet
3877 4508 4036 4561 quam
4065 4494 4176 4564 ﬁo
4203 4499 4487 4565 conspicua
4530 4516 4749 4557 morum
4780 4508 4869 4559 ho-

3289 4590 3495 4631 nestate
3524 4596 3601 4631 nr
3634 4592 3850 4635 sanctus
3876 4582 3929 4634 in
3958 4584 4343 4653 tranquillitate
4376 4588 4655 4651 claruerit,
4688 4598 4783 4660 qui
4816 4607 4869 4647 et

3289 4670 3647 4722 beatissimam
3680 4672 3957 4740 conjugem
3988 4674 4054 4725 ad
4085 4684 4248 4727 tanta:
4277 4676 4625 4746 perfectionis
4648 4686 4869 4735 culmen

3288 4760 3487 4811 eduxit.
3526 4762 3578 4811 Si
3627 4762 3768 4814 enim
3801 4764 3867 4815 ab
3911 4762 3997 4817 illo
4038 4765 4257 4818 studere
4288 4769 4528 4823 avaritia
4556 4772 4867 4835 didicisset,

3289 4866 3622 4919 nequaquam
3655 4867 3748 4905 sua
3788 4854 3967 4906 omnia
4010 4869 4107 4923 pro
4144 4854 4254 4909 sola
4292 4856 4567 4925 sepultura
4597 4860 4869 4917 εσυ-απαξ

3293 4940 3627 5011 [venerandi]
3677 4943 3954 4996 cadaveris
3996 4946 4425 5014 contempsisset.
4468 4947 4526 5001 Si
4567 4948 4873 5007 luxuriosis

3288 5050 3408 5086 cum
3441 5050 3503 5084 eo
3535 5033 3721 5085 fuisset
3750 5048 3843 5085 usa
3882 5034 4173 5097 conviviis,
4222 5035 4474 5087 nimirum
4506 5038 4708 5093 itinere
4740 5042 4867 5093 btt-

3286 5135 3407 5190 gata
3451 5126 3738 5191 prodit-ius
3776 5124 4137 5193 acquiesceret
4179 5127 4321 5179 relici
4354 5141 4513 5193 quam
4544 5132 4875 5185 verberibus

3288 5230 3454 5280 usque
3488 5216 3551 5264 ad
3584 5214 3770 5265 mortis
3798 5214 4087 5267 confinium
4131 5214 4340 5268 laniari.
4382 5216 4477 5275 Et.
4526 5228 4586 5270 ut
4628 5220 4879 5275 breviter

3289 5316 3480 5357 cuncta
3530 5306 3879 5367 cancludant,
3930 5305 4029 5358 nisi
4072 5307 4219 5373 pacis
4266 5316 4505 5373 tempore
4554 5325 4657 5377 per
4688 5327 4875 5365 orum;

3290 5398 3561 5449 didicisset
3598 5398 3775 5449 vivere
3814 5396 4058 5455 Christo,
4111 5397 4163 5449 iu
4210 5398 4600 5465 persecutionis
4638 5408 4875 5455 δηὶειιιοι

3292 5500 3624 5551 "(umquam
3651 5486 3907 5551 potuisset
3935 5483 4068 5536 mori
4097 5499 4191 5553 pro
4211 5486 4444 5541 Christo.
4474 5488 4583 5543 Sed
4605 5498 4873 5557 qmum

3292 5576 3613 5641 ίιιιετιοε.ιιλ
3655 5573 3883 5637 Valeria,
3923 5574 4071 5642 cujus
4117 5578 4328 5630 virtutis
4372 5582 4873 5635 excellentissimus

3294 5668 3373 5719 t’ir
3421 5668 3531 5731 ejus
3580 5676 3702 5719 ante
3749 5678 4020 5719 certamen
4070 5668 4371 5729 nstiterit.
4407 5674 4733 5725 assertimis
4766 5692 4875 5725 se:

3292 5760 3654 5811 testiinonium
3697 5758 3929 5811 bretitcr
3956 5756 4181 5812 reddidit
4204 5773 4217 5817 ;
4244 5758 4355 5826 μοι
4401 5762 4669 5813 accrdant
4700 5774 4751 5817 et
4782 5766 4869 5812 ale.
