5232 6536
182 438 290 498 ass
810 512 811 515 γ
1414 482 1423 531 ,

1616 424 1852 482 εοειι-Μο
1890 423 2050 480 XVII.

3363 419 3469 475 59’s

185 562 370 609 testes.
413 548 485 609 Ut
520 549 779 621 probetur
819 560 981 618 quam
1012 545 1242 603 honeste
1270 512 1457 599 vixere
1486 548 1770 611 parentes,
1802 554 1851 612 Α
1878 549 2099 593 strenue
2130 537 2371 591 Rubrum
2417 553 2568 593 mare
2594 540 2930 607 pertransiit,
2970 543 3026 589 et
3062 533 3205 589 facto
3251 535 3469 605 agmine

186 645 253 698 ad
282 640 647 700 testimonium
677 648 936 693 vocentur
955 635 1216 691 bteredes.
1247 630 1553 689 Verisimile
1574 629 1771 700 quippe

185 744 271 791 cst
298 746 355 789 ut
384 730 643 804 quidquid
685 728 903 784 virtutis
938 728 991 782 in
1021 734 1333 781 sanctorum
1378 723 1503 777 filiis
1530 721 1775 777 cernitur

189 834 359 879 totum
396 823 464 876 ab
495 820 625 890 ipsis
653 816 969 889 parentibus
1000 818 1255 871 traditum
1297 815 1463 869 fuisse
1498 814 1771 869 credatur.

232 910 423 983 igitur
452 908 750 965 beatissimi
777 906 1071 963 Cervasius
1107 914 1161 961 et
1204 904 1513 969 Protasius,
1544 911 1774 971 utroque

187 1010 411 1073 parente
441 1011 546 1051 non
575 998 749 1051 dicam
776 994 984 1060 orbati,
1016 994 1109 1048 sed
1139 993 1317 1063 potius
1341 988 1773 1073 splendidissima

188 1108 375 1149 corum
406 1100 577 1147 morte
599 1089 830 1144 feliciter
848 1087 1120 1151 illustrati,
1138 1088 1279 1141 sicut
1301 1086 1355 1140 in
1377 1092 1563 1139 sancta
1584 1095 1775 1145 eorum

187 1179 422 1238 refertur
464 1178 719 1242 historia,
767 1176 900 1231 nihil
948 1187 1223 1231 terrenum
1274 1173 1515 1244 nihilque
1560 1170 1776 1226 carnale

188 1273 653 1343 concupiscentes,
684 1270 779 1325 sed
810 1270 862 1323 in
892 1278 1000 1323 uu‘o
1030 1281 1090 1323 se
1125 1266 1410 1323 caenaculo
1451 1264 1778 1321 concluden-

191 1377 296 1431 tes,
320 1379 419 1434 per
441 1363 629 1418 decem
652 1376 822 1417 annos
844 1360 1063 1416 lectioni
1087 1368 1143 1414 et
1162 1359 1393 1414 orationi
1422 1364 1773 1434 vacaverunt.

193 1420 569 1519 Considerate,
600 1453 798 1508 fratres
840 1450 1147 1507 cbarissimi
1168 1491 1184 1516 ,
1224 1420 1651 1505 inmstimabiiem
1684 1462 1779 1517 pa-

192 1557 359 1604 terna:
404 1543 759 1602 institutionis
810 1542 1061 1608 laudem,
1111 1542 1428 1613 perpendite
1476 1539 1777 1595 mirabilem

191 1637 377 1707 rigida:
398 1650 644 1691 censurae
671 1620 1041 1697 traditionem,
1076 1642 1259 1689 notate
1287 1632 1532 1687 relictum
1564 1631 1781 1702 pupillis

191 1744 345 1785 novae
375 1726 807 1783 conversationis
849 1725 1188 1795 exemplum,
1220 1726 1633 1781 animadvertite
1662 1724 1777 1779 evi—

190 1816 569 1873 dentissimum
628 1818 871 1885 paternae
930 1815 1239 1871 severitatis
1291 1815 1574 1870 iudicium.
1633 1814 1783 1871 Solet

1878 630 1944 685 ad
1973 630 2414 700 repromissionis
2442 640 2645 683 terram
2676 626 3062 696 triumphando
3098 625 3347 696 pervenit
3376 624 3389 676 ι
3422 624 3467 679 0

1876 735 2138 792 generosa
2169 720 2477 790 progenies,
2520 733 2640 788 qua:
2669 717 2945 772 nascendo
2980 717 3197 785 quidem
3226 717 3293 770 de
3321 725 3467 769 terra

1878 810 2350 880 traxitorigiuem,
2395 811 2489 864 sed
2520 807 2737 862 vivitice
2779 806 3061 861 moriendo
3090 806 3155 860 ad
3182 806 3466 861 ctelestem

1878 901 2110 955 transire
2139 901 2337 955 meruit
2367 899 2688 970 dignitatem
2714 896 2732 959 ,
2771 913 2935 968 quam
2966 896 3223 951 nobilitas
3254 912 3470 951 morum

1876 993 1945 1047 ad
1984 992 2321 1057 nobilitatem
2367 989 2646 1045 transtulit
2688 987 3003 1059 angelorum
3036 987 3048 1040 ἓ
3081 986 3255 1053 Quam
3299 986 3471 1042 ardua

1877 1082 2068 1151 domus
2093 1080 2177 1134 illa
2204 1080 2327 1144 fuit,
2356 1094 2476 1151 quae
2504 1088 2582 1134 tot
2608 1078 2943 1134 clarissimos
2981 1077 3129 1132 cives
3161 1076 3228 1130 ad
3276 1090 3463 1147 superi

1879 1186 2003 1226 nam
2051 1169 2392 1224 Hierusalem
2438 1169 2814 1224 transmittere
2866 1166 3104 1221 meruit!
3138 1166 3268 1232 Quae
3318 1165 3467 1221 enim

1878 1264 2094 1325 civitas,
2133 1262 2433 1331 quamlibet
2474 1260 2692 1317 excelsa
2718 1259 2933 1315 turritis
2980 1258 3278 1322 montibus,
3312 1256 3474 1325 hujus

1879 1352 2219 1409 domunculae
2268 1352 2585 1423 dignitatem
2634 1350 2904 1406 excellere
2940 1347 3157 1418 poterit,
3200 1361 3321 1416 quae
3346 1345 3476 1402 caeli

1879 1446 2041 1517 digna
2070 1445 2334 1501 vocabulo
2371 1445 2647 1514 copiosam
2675 1451 2978 1515 martyrum
3009 1440 3223 1495 turbam
3249 1437 3393 1493 felici
3420 1438 3474 1493 in

1879 1549 1939 1589 se
1968 1534 2311 1589 habitatione
2340 1530 2646 1588 continuit?
2682 1529 2830 1598 Quos
2852 1537 3000 1585 totus
3030 1528 3263 1582 mundus
3287 1538 3476 1583 tenere

1881 1622 2075 1694 dignus
2125 1636 2232 1675 non
2264 1621 2389 1687 fuit,
2446 1621 2549 1677 hos
2597 1620 2791 1675 domus
2840 1618 2933 1674 illa
2970 1617 3070 1673 sub
3109 1616 3235 1671 unis
3265 1614 3475 1672 foribus

1881 1712 2099 1768 clausit.
2136 1712 2268 1767 Nam
2300 1720 2354 1767 et
2380 1712 2710 1783 Apostolus,
2745 1726 2869 1766 cum
2894 1710 2962 1765 de
2987 1709 3193 1765 sanctis
3222 1709 3478 1780 martyri-

1881 1804 1983 1859 bus
2010 1804 2343 1872 loqueretur,
2391 1803 2644 1872 protinus
2675 1800 2917 1863 addidit,
2952 1799 3139 1855 dicens
3168 1815 3182 1853 :
3217 1817 3235 1849 ι
3264 1797 3473 1864 Quibus

193 1906 338 1960 inter
364 1903 557 1959 fratres
586 1873 889 1961 communis
926 1904 1226 1960 substantia
1266 1905 1546 1961 divisionis
1582 1905 1697 1961 fieri
1726 1916 1779 1960 ct
1813 1899 1856 1958 Β
1884 1893 2079 1963 (“ﬁlms
2112 1906 2217 1946 ηοη
2245 1901 2363 1946 erat
2389 1891 2620 1946 mundus
2641 1873 2830 1962 ("el"-
2861 1890 2958 1961 ῖ¹)ο
2992 1909 3009 1941 ³
3102 1949 3117 1968 ,

191 1995 475 2051 discordia
495 2010 691 2061 causa;
724 1996 864 2052 inter
886 1997 1231 2052 istos-autem
1256 1997 1539 2053 dividenda
1564 1998 1778 2067 quidem

192 2084 483 2140 bareditas
501 2085 716 2152 aderat;
749 2088 977 2141 duorum
1008 2095 1187 2141 tamen
1219 2087 1383 2141 corda
1413 2102 1519 2141 una
1542 2086 1779 2143 charitas

193 2170 454 2241 replebat.
482 2171 559 2227 De
588 2173 847 2243 populosa
878 2175 1012 2228 urbe
1044 2173 1251 2230 faciunt
1274 2190 1518 2231 eremum
1544 2218 1559 2242 ,
1605 2178 1781 2232 diver-

189 2261 395 2318 ttOrium
426 2262 700 2319 habitandi
731 2269 950 2319 vertunt
974 2265 1027 2319 in
1058 2266 1382 2323 oratorium.
1407 2265 1596 2321 Solent
1616 2268 1780 2323 etiam

192 2352 601 2420 adolescentuli,
620 2342 845 2411 amissis
866 2356 1203 2427 parentibus,
1228 2372 1323 2425 per
1342 2359 1545 2428 proprii
1572 2359 1781 2413 arbitrii

189 2440 493 2499 libertatem
523 2443 796 2499 luxuriose
821 2443 1064 2501 difﬂuere
1083 2486 1097 2510 ,
1138 2455 1193 2501 ct
1222 2449 1374 2516 quasi
1394 2446 1507 2515 jam
1539 2448 1622 2502 sui
1640 2446 1783 2516 juris

192 2532 363 2588 libera
393 2534 725 2605 voluptatum
754 2551 973 2591 suarum
1008 2537 1235 2593 licenter
1260 2538 1361 2594 sibi
1391 2538 1543 2595 frena
1571 2538 1779 2603 laxare,

190 2612 513 2678 excellentes
540 2624 807 2693 siquidem
850 2625 1190 2680 rectitudinis
1227 2635 1425 2681 metam
1453 2629 1509 2683 in
1535 2629 1601 2683 Β)
1639 2629 1783 2698 quod

191 2708 337 2778 licet,
363 2726 553 2769 omnes
577 2713 669 2782 qui
694 2714 1008 2769 existimant
1031 2715 1194 2772 licere
1222 2717 1515 2787 quodlibet.
1533 2716 1625 2773 isti
1655 2734 1784 2775 vero

190 2794 451 2871 angelicae
482 2804 676 2859 indolis
701 2804 876 2874 pueri,
905 2821 1011 2861 non
1046 2816 1285 2863 ventura:
1311 2808 1489 2863 adhuc
1518 2808 1642 2864 vitae
1670 2808 1778 2863 sol-

193 2893 359 2961 liciti,
411 2903 750 2950 terrenarum
808 2910 989 2950 rcrum
1046 2911 1280 2966 opumve
1334 2897 1437 2953 sibi
1494 2898 1782 2967 provident

195 2993 486 3054 sumptum,
526 3000 631 3038 non
680 2993 855 3039 morte
903 2986 1255 3040 dissolvendae
1301 2986 1539 3041 carnalis
1578 2987 1782 3055 copula:

192 3071 361 3125 ullum
407 3056 662 3143 pepigere
701 3072 1045 3145 coniugium,
1091 3090 1197 3129 non
1229 3076 1387 3145 equis
1426 3076 1783 3131 frementibus

194 3164 553 3231 delectantur,
598 3182 707 3221 non
754 3166 1071 3222 deliciarum
1121 3168 1361 3225 lasciviis
1400 3171 1779 3235 resolvuntur,

1953 1984 2142 2041 Gaude
2172 1984 2337 2056 igitur
2361 1983 2642 2049 Ravenna,
2672 1984 2804 2038 urbs
2845 1981 3173 2046 clarissima,
3199 1988 3476 2036 tantorum

1885 2089 2187 2151 martyrum
2224 2080 2468 2149 pretioso
2506 2078 2771 2151 sanguine
2798 2087 3130 2148 purpurata,
3155 2092 3295 2148 qum,
3350 2076 3483 2134 licet

1884 2187 1954 2226 ex
2002 2170 2088 2225 bis
2138 2180 2376 2240 quatuor
2421 2169 2589 2225 solius
2641 2168 2783 2224 beati
2818 2169 3007 2224 Vitatis
3046 2169 3480 2225 sacratissimum

1882 2274 2083 2329 corpus
2126 2259 2485 2329 corporaliter
2534 2268 2740 2324 teneas,
2802 2273 3149 2328 nequaquam
3203 2268 3387 2315 tamen
3447 2275 3491 2312 a,

1888 2348 2114 2417 reliquis
2136 2349 2311 2403 tribus
2332 2364 2430 2418 per
2450 2348 2677 2404 occulta:
2701 2348 2920 2402 virtutis
2941 2349 3267 2419 mysterium
3295 2365 3477 2405 vacas.

1886 2436 2021 2493 Nam
2049 2438 2095 2493 si
2127 2440 2283 2493 beata
2314 2440 2525 2495 Valeria
2562 2456 2684 2494 cum
2717 2439 2832 2494 viro
2864 2454 2985 2503 suo,
3005 2438 3292 2510 Scriptura
3318 2449 3479 2503 teste,

1887 2527 1985 2581 fuit
2036 2528 2087 2581 in
2115 2542 2280 2583 carne
2316 2545 2421 2583 una
2460 2528 2613 2598 (Cen.
2657 2528 2740 2601 ιι),
2781 2530 3092 2586 necessario
3132 2532 3380 2601 sequitur
3424 2542 3484 2586 ut

1887 2619 2049 2674 unius
2093 2621 2277 2674 carnis
2327 2636 2433 2673 una
2491 2620 2885 2690 sitsepultura.
2930 2621 3153 2676 Etcum
3195 2622 3477 2693 legamus:

1892 2729 1908 2759 ι
1945 2708 2103 2777 Quod
2132 2711 2274 2767 Deus
2311 2710 2634 2779 conjunxit,
2675 2711 2841 2766 homo
2880 2729 2988 2767 non
3017 2722 3234 2783 separet
3260 2713 3482 2784 (Matth.

1888 2804 2027 2875 sta),
2049 2823 2069 2857 ι
2090 2818 2191 2860 nos
2213 2804 2378 2859 etiam
2406 2804 2706 2874 gaudentes
2729 2804 2979 2860 dicamus
2999 2804 3125 2875 quia
3147 2807 3292 2875 quod
3319 2805 3483 2868 Deus,

1886 2893 1977 2962 qui
2031 2901 2116 2948 est
2167 2902 2374 2947 :etcrna
2423 2895 2554 2958 vita,
2602 2893 2904 2963 conjunxit,
2954 2886 3284 2965 temporalis
3336 2912 3486 2950 mors

1888 2983 2257 3038 interveniens
2299 2999 2405 3037 non
2447 2985 2651 3038 divisit.
2695 2985 2769 3040 De
2808 2985 2931 3039 filiis
2966 2994 3147 3040 autem
3180 2986 3309 3054 quid
3337 2985 3483 3039 aliud

1886 3073 2174 3149 dicendum
2202 3082 2306 3137 est,
2335 3074 2440 3127 nisi
2464 3075 2589 3149 quia
2612 3075 2703 3143 qui
2728 3074 3047 3129 beatissimo
3069 3076 3299 3143 genitori
3330 3075 3475 3130 inso-

1887 3144 2141 3218 lubilibus
2158 3144 2609 3219 natumviuculi‘s
2620 3175 2746 3220 sunt
2760 3166 2988 3220 connexi
3012 3165 3321 3220 nullatenus
3332 3166 3402 3220 ab
3414 3181 3483 3221 eo

193 3269 302 3307 non
353 3255 608 3325 pretiosis
652 3255 891 3312 vestibus
938 3258 1193 3312 adornari
1245 3260 1480 3313 inaniter
1528 3260 1782 3331 ccncnpi—
1812 3251 1856 3311 C
1890 3255 2049 3309 locali
2072 3264 2366 3324 potucrant
2399 3256 2696 3311 interstitio
2727 3258 3009 3325 separari?
3039 3257 3264 3327 Legitur
3297 3267 3481 3314 autem

190 3355 370 3398 scunt.
400 3344 652 3399 thdani
673 3347 932 3417 strepitus
953 3348 1165 3419 negotia
1190 3348 1419 3421 fugiunt,
1442 3359 1780 3405 terrenarum

195 3448 377 3487 rerum
425 3434 638 3489 divitias
684 3446 1078 3506 aspernantur,
1127 3439 1457 3495 transitorios
1502 3440 1782 3510 dignitatis

192 3522 429 3577 culmina
478 3535 772 3595 respuunt,
821 3527 1053 3581 carnalis
1099 3526 1367 3582 illecebra:
1415 3528 1781 3584 blandimenta

194 3626 567 3671 contemnunt.
601 3616 670 3671 Et
691 3632 796 3672 non
828 3618 1002 3673 solum
1034 3618 1207 3675 aliena
1235 3634 1342 3675 non
1374 3621 1655 3685 ambiunt,
1688 3622 1782 3675 sed

192 3715 252 3760 et
275 3706 453 3760 omnia
481 3721 577 3761 sua
605 3707 829 3778 prodiga
869 3707 1254 3763 misericordiae
1292 3708 1544 3780 largitate
1571 3709 1780 3781 δίψει·-

191 3806 346 3867 gunt.
392 3796 470 3852 De
517 3805 629 3853 tota
674 3799 860 3854 mundi
903 3798 1189 3854 latitudine
1230 3815 1396 3854 unam
1431 3799 1532 3854 sibi
1572 3800 1780 3871 glebam

191 3886 562 3957 angustissimi
592 3888 830 3942 carceris
854 3886 1077 3958 eligunt,
1108 3887 1223 3953 ubi,
1240 3888 1528 3943 collectisa
1547 3890 1783 3973 vanitate

193 3978 379 4031 mundi
409 3977 645 4047 undique
666 3976 933 4041 sensibus,
953 3977 1122 4033 solam
1144 3978 1420 4033 Creatoris
1440 3979 1523 4032 sui
1546 3979 1781 4049 speciem

195 4066 504 4123 medullitus
541 4071 996 4139 contemplantur.
1028 4070 1111 4124 Ad
1163 4070 1336 4137 illum,
1385 4071 1619 4127 claustra
1667 4070 1779 4139 iam

191 4159 376 4212 carnis
402 4158 744 4225 cxcedentes,
762 4159 1000 4235 assidua:
1016 4161 1381 4217 meditationis
1411 4163 1589 4217 studio
1620 4158 1783 4232 spui-

184 4256 313 4301 tum
342 4248 598 4319 dirigunt,
631 4250 697 4303 ad
732 4249 880 4304 illum
911 4251 1117 4305 amoris
1148 4251 1298 4305 nimii
1326 4252 1537 4308 facibus
1569 4255 1779 4308 accensi

188 4336 327 4391 totis
352 4338 648 4392 visceribus
677 4338 1044 4394 inardescunt.
1081 4340 1213 4395 Erat
1258 4342 1458 4411 quippe
1500 4344 1783 4413 utriusque

192 4442 350 4481 mens
382 4428 434 4480 in
471 4443 704 4497 superno
730 4428 997 4485 desiderio
1039 4432 1230 4496 anxia,
1265 4446 1293 4485 a
1327 4433 1782 4503 concupiscentiis

193 4520 425 4573 terrenis
454 4520 663 4584 aliena;
712 4536 866 4575 amor
912 4536 1144 4592 namque
1175 4538 1356 4589 verus,
1397 4524 1485 4593 qui
1522 4523 1661 4577 hanc
1693 4541 1780 4577 rc-

1885 3344 2014 3412 quia
2035 3344 2230 3408 Adam,
2256 3360 2378 3398 cum
2408 3345 2643 3414 primum
2670 3360 2897 3415 uxorem
2924 3346 3080 3410 vidit,
3113 3346 3366 3415 putiuus
3396 3348 3481 3401 di-

1885 3426 1963 3488 xit
1988 3447 2002 3486 :
2035 3452 2052 3483 ι
2084 3434 2199 3493 Hoc
2227 3450 2373 3489 nunc
2396 3451 2458 3489 os
2484 3450 2549 3488 ex
2572 3434 2787 3489 ossibus
2814 3435 3045 3501 meis,et
3065 3452 3194 3491 caro
3223 3430 3291 3490 d‘e
3314 3452 3481 3492 carne

1887 3538 2005 3578 mea
2039 3522 2196 3591 (Gen.
2222 3525 2304 3594 ιι).
2341 3544 2361 3576 ι
2392 3524 2447 3579 Si
2480 3538 2613 3596 ergo
2641 3524 2773 3590 Eva,
2811 3525 2940 3595 quia
2972 3526 3040 3581 de
3072 3526 3170 3581 viri
3200 3526 3373 3582 latere
3401 3538 3487 3584 est

1888 3616 2144 3681 formata,
2181 3631 2245 3673 os
2288 3631 2354 3671 ex
2393 3616 2610 3673 ossibus
2637 3616 2755 3687 eius
2789 3626 2841 3672 et
2878 3633 3007 3675 caro
3052 3618 3120 3675 de
3160 3635 3325 3677 carne
3367 3620 3486 3692 ejus

1888 3705 2109 3771 dicitur,
2126 3722 2226 3761 cur
2248 3722 2353 3761 non
2381 3718 2435 3761 et
2454 3709 2576 3772 lilii,
2594 3710 2687 3777 qui
2710 3710 2775 3763 de
2800 3710 2998 3766 lumbis
3018 3712 3191 3781 patris
3204 3714 3482 3780 exierunt,

1886 3797 2076 3850 eadem
2113 3804 2171 3851 et
2211 3808 2334 3850 ossa
2374 3806 2429 3851 et
2455 3813 2677 3853 carnem
2709 3815 2830 3853 cum
2861 3811 3018 3869 patre
3049 3802 3254 3857 habere
3290 3804 3483 3859 dican-

1889 3885 2008 3939 tur?
2030 3883 2183 3941 Licet
2201 3901 2331 3959 ergo
2355 3887 2585 3956 sejuncti
2607 3889 2893 3945 videantur
2915 3905 3012 3959 per
3036 3892 3318 3945 intervalla
3339 3893 3479 3947 loco.

1887 3993 2028 4043 rum,
2073 3994 2170 4052 per
2197 3979 2473 4035 occultum
2522 3991 2705 4037 tamen
2750 3984 2991 4053 mysticae
3042 3984 3260 4041 virtutis
3302 3987 3479 4057 juncti

1886 4084 1985 4123 Sllll
1995 4079 2013 4123 ι
2034 4080 2438 4128 sacramentum
2448 4112 2462 4125 .

1955 4162 2144 4219 Gaude
2174 4164 2358 4235 igitur,
2374 4164 2571 4227 nobilis
2596 4166 2733 4239 urbs,
2757 4166 3037 4233 ltavenna,
3062 4177 3117 4225 et
3141 4170 3269 4225 totis
3297 4171 3350 4225 in
3375 4171 3481 4230 Do-

1887 4254 2036 4310 mino
2065 4256 2369 4313 visceribus
2394 4258 2694 4327 delectare,
2724 4273 2867 4330 quae,
2894 4260 3023 4317 licet
3046 4263 3218 4317 ardua
3255 4265 3333 4320 sis
3362 4281 3486 4322 mu—

1885 4346 2015 4400 ralis
2041 4348 2307 4401 maebinze
2330 4349 2677 4415 celsitudine,
2711 4352 2883 4407 multo
2911 4362 3096 4409 tamen
3122 4355 3395 4412 excelsior
3421 4372 3483 4414 es

1882 4437 2164 4491 beatorum
2193 4448 2493 4509 martyrum
2521 4440 2813 4512 dignitate,
2844 4442 3073 4511 lapideis
3094 4446 3323 4515 quidem
3348 4451 3477 4518 pro-

1886 4527 2208 4598 pugnaculis
2235 4528 2728 4599 inexpugnabiliter
2742 4534 2944 4597 cincta,
2962 4532 3055 4587 sed
3079 4535 3232 4590 valde
3256 4537 3484 4609 inexpu-

191 4607 456 4679 pleverat,
474 4611 524 4664 in
542 4609 754 4665 ﬂetibus
773 4591 1069 4668 cruciabat.
1094 4613 1220 4678 Sed,
1239 4615 1363 4668 dum
1388 4591 1439 4669 in
1472 4616 1561 4669 tali
1586 4616 1780 4670 ardore
1812 4591 1860 4649 D
1886 4591 2152 4686 gnabilius
2174 4591 2393 4673 fortium
2410 4591 2612 4675 thristi
2634 4621 2868 4675 militum
2893 4625 3233 4692 protectione
3259 4591 3480 4683 valla'ta.

180 4701 586 4766 cruciarentur,
621 4701 750 4771 ipsis
773 4700 883 4756 suis
907 4702 1236 4758 cruciatibus
1257 4704 1364 4773 81
1401 4704 1779 4773 pascebantur,

194 4796 252 4843 ct
279 4790 462 4845 tandiu
494 4790 547 4845 in
578 4789 881 4845 admirabili
913 4791 1072 4861 hujus
1106 4795 1535 4849 conversationis
1569 4794 1783 4849 fervore

192 4882 511 4951 persistunt,
540 4882 712 4938 donec
741 4882 974 4953 gloriosa
1010 4895 1295 4954 parentum
1341 4888 1514 4942 secuti
1558 4888 1781 4959 vestigia

192 4986 295 5044 pro
323 4973 427 5028 fide
451 4972 653 5028 Christi
688 4974 946 5044 martyrio
972 4984 1321 5028 coronantur.
1355 4975 1618 5031 Nimirum
1648 4994 1782 5047 quo-

194 5079 315 5119 rum
346 5064 540 5119 imitati
584 5074 710 5119 sunt
756 5066 999 5133 exempla
1039 5066 1267 5121 vivendo
1316 5075 1369 5120 ct
1415 5085 1445 5120 a
1484 5068 1679 5137 quibus
1727 5068 1780 5122 in

196 5164 343 5212 terra
372 5163 501 5209 sunt
527 5154 819 5209 carnaliter
864 5156 1014 5220 editi,
1057 5170 1246 5211 eorum
1287 5168 1411 5212 sunt
1458 5158 1683 5228 collegio
1728 5158 1781 5213 in

193 5244 405 5301 c‘tnlesti
454 5246 789 5301 beatitudine
821 5247 1051 5312 sociati;
1090 5256 1145 5302 et
1189 5263 1327 5318 quos
1372 5250 1607 5303 carnalis
1652 5266 1782 5320 pro-

193 5336 409 5407 pagatio
432 5334 637 5404 iunxit,
673 5337 990 5392 meritormn
1040 5339 1379 5407 inzequalitas
1418 5355 1522 5395 non
1563 5342 1781 5407 divisit;

194 5435 382 5497 etquo
412 5442 505 5482 eos
532 5428 721 5482 ordine
766 5428 818 5481 in
860 5429 1117 5483 mundum
1170 5432 1361 5483 natura
1402 5432 1684 5499 produxit,
1717 5446 1782 5485 eo

194 5518 361 5572 etiam
395 5520 459 5572 ad
492 5518 733 5574 celestis
764 5519 945 5574 divina
978 5518 1095 5575 illos
1125 5524 1295 5591 gratia
1325 5524 1653 5577 sublimavlt.
1694 5523 1783 5589 lli,

196 5608 447 5664 videlicet
491 5610 583 5681 qui
629 5626 898 5681 genuere,
948 5614 1290 5680 pracedunt;
1334 5616 1425 5684 qui
1461 5630 1587 5669 vero
1608 5615 1785 5687 geniti

191 5706 324 5757 sunt
354 5707 500 5753 recto
528 5713 623 5753 eos
646 5700 832 5754 ordine
859 5701 1281 5769 subsequuntur.

270 5788 315 5847 0
346 5790 498 5845 beata
547 5790 783 5856 familia,
833 5807 952 5861 quae
998 5792 1290 5865 Aﬂgyptum
1343 5797 1621 5853 deserens.
1676 5809 1784 5853 tam

1887 4711 2019 4777 Qua:
2077 4712 2481 4779 quodammodo
2536 4712 2801 4769 Romanis
2847 4716 3071 4772 arcibus
3122 4718 3489 4776 amicabiliter

1887 4800 2104 4863 temula,
2136 4801 2214 4856 sic
2240 4816 2336 4869 per
2369 4802 2507 4857 duos
2547 4805 2852 4874 praecipuos
2894 4814 3196 4877 martyres,
3250 4810 3487 4867 Vitaleut

1888 4891 2137 4946 videlicet
2160 4899 2216 4945 et
2237 4891 2635 4961 Apollinarem,
2665 4904 2843 4950 mater
2868 4912 2991 4951 esse
3024 4900 3269 4955 meruisti
3301 4911 3357 4958 et
3386 4904 3486 4958 ιιι)⁴

1887 4984 2032 5038 mina
2069 4985 2582 5055 circumpositarum
2625 4991 2999 5058 quarumlibet
3037 4992 3275 5048 urbium.
3329 4996 3488 5051 Sicut

1891 5076 1981 5129 illa
2012 5090 2107 5145 per
2140 5078 2274 5133 duos
2309 5092 2553 5135 smnmos
2597 5082 2907 5152 apostolos,
2940 5085 3162 5141 Petrum
3189 5088 3302 5158 82
3335 5090 3487 5144 vide-

1890 5165 2018 5219 licet
2040 5174 2095 5220 et
2125 5166 2349 5221 Paulum
2371 5207 2387 5231 ,
2421 5170 2587 5225 totius
2610 5172 2761 5226 orbis
2790 5174 2892 5227 sibi
2934 5175 3178 5230 vindicat
3215 5178 3492 5249 principa.

1891 5265 2025 5320 tum,
2042 5258 2194 5325 quasi
2212 5268 2374 5327 caput
2395 5261 2619 5331 reliquis
2635 5264 2948 5345 civitatibus
2964 5265 3127 5333 facta,
3143 5268 3216 5323 ita
3229 5274 3490 5328 coruscas

1888 5350 2119 5405 duorum
2150 5352 2442 5421 splenuore
2478 5365 2821 5421 sanctorum,
2857 5359 3005 5415 velut
3047 5361 3283 5418 humana
3316 5363 3486 5423 facies

1891 5444 2231 5512 geminorum
2272 5445 2566 5503 luminibus
2599 5448 2906 5504 oculorum.
2953 5451 3165 5507 Laetare
3219 5454 3389 5525 igitur
3435 5467 3487 5508 et

1888 5532 2265 5602 cxsulta,quia
2295 5548 2414 5602 cpite
2441 5536 2746 5593 daemonum
2778 5547 2937 5593 antea
2970 5538 3152 5597 fueras
3173 5542 3484 5608 delubrum,

1893 5638 2037 5677 nunc
2060 5638 2155 5692 per
2184 5634 2492 5693 respectum
2535 5627 2734 5683 divina:
2766 5630 2956 5700 gratia:
2988 5632 3289 5687 caelestium
3330 5650 3489 5688 sena-

1893 5723 2068 5769 torum
2095 5714 2235 5769 facta
2259 5732 2320 5771 es
2342 5719 2745 5789 capitolium,et
2769 5736 2889 5791 quae
2911 5724 3065 5794 prius
3094 5725 3234 5779 male
3261 5726 3491 5782 fecunda

1846 5792 1853 5803 ’
1892 5806 1946 5860 in
1977 5805 2100 5860 filiis
2128 5807 2233 5861 tuis
2264 5806 2578 5864 innumeras
2615 5812 2845 5882 stipulas
2878 5815 3224 5882 gt'l‘ltlinailas
3250 5816 3489 5873 inferno.
