5232 6476
128 1116 255 1197 ἔξω

132 1208 266 1319 ῑ

132 1310 137 1313 .
162 1300 237 1339 Α.

126 1330 221 1381 ἐξ·
257 1363 264 1384 ε

182 1636 185 1639 ν
257 1619 266 1646 ’i

136 1670 257 1743 iis?"

142 1768 159 1793 «ο
197 1771 210 1804 _-
255 1739 260 1792 ἶ

174 1836 251 1883 ’λθ

150 1886 177 1913 ἐν
234 1912 239 1913 ,

1819 368 1912 422 59l

2354 365 2410 418 S.
2443 365 2643 419 PETRI
2687 366 2967 419 DAMIANI
3008 365 3156 420 ΟΡΡ.
3205 366 3380 422 PARS
3423 368 3550 422 δερ
3596 368 3831 425 ΤΟΜΕΒ
3869 371 3930 425 ΙΙ.
3969 402 4036 412 -—
4081 370 4468 427 SERMONES.

4968 369 5064 425 δυ

1812 478 1927 545 jam
1960 494 2054 545 ιιι-τ
2086 477 2364 530 beatorum
2428 485 2727 543 martyrum
2773 475 2960 527 merita
3009 474 3203 528 multos
3252 476 3398 530 cives
3428 485 3472 540 Α
3505 478 3705 532 feruore
3735 497 3874 544 meo,
3904 493 3955 536 et
3987 482 4150 537 facies
4180 484 4312 537 mihi
4349 485 4779 540 misericordiam
4803 493 4860 539 et
4883 489 5063 539 ver-ita-

1812 570 2054 636 parturis
2075 568 2231 621 cmlo.
2266 564 2398 631 Quae
2443 567 2584 619 enim
2635 581 2744 633 pne
2794 566 3110 621 confusione
3157 568 3393 621 virorum

1810 661 2036 730 antiqua
2060 659 2239 714 fueras
2275 657 2590 728 Babylonia,
2622 658 2735 725 ipsa
2773 673 2871 726 per
2895 658 3190 711 novitatem
3222 659 3396 710 virtu-

1809 763 1924 806 tum
1958 767 2094 806 nova
2123 750 2463 805 Hierusalem
2491 748 2633 804 facta
2664 766 2723 804 es
2750 751 2887 803 vivis
2916 751 3171 803 nimirum
3207 750 3396 818 lapidi-

1809 843 1909 897 bus
1942 841 2225 906 adornata,
2256 851 2315 894 ut
2337 840 2450 910 jam
2479 841 2676 910 populo
2721 850 2812 894 tuo
2853 855 2956 892 non
3001 839 3268 892 immerito
3300 854 3397 907 per

1812 931 2037 984 Paulum
2070 932 2285 985 dicatur
2313 948 2324 982 :
2365 948 2381 980 ι
2422 931 2539 984 .lam
2586 945 2692 982 non
2725 930 2856 982 estis
2885 929 3120 996 hospites
3152 938 3205 981 et
3233 929 3396 980 adve—

1810 1034 1913 1083 na,
1967 1021 2061 1075 sed
2110 1022 2243 1075 estis
2291 1020 2441 1074 cives
2507 1030 2818 1074 sanctorum
2878 1029 2931 1071 et
2979 1019 3255 1072 domestici
3305 1019 3392 1071 Dei

1809 1109 2028 1179 (Ep/tes.
2062 1110 2144 1177 tt);
2166 1129 2184 1162 ι
2216 1120 2272 1164 et
2302 1126 2396 1180 per
2425 1109 2638 1162 Petrum
2669 1127 2680 1162 :
2718 1129 2735 1160 ι
2773 1109 2879 1163 Vos
2904 1110 3038 1163 estis
3077 1123 3246 1177 genus
3287 1108 3393 1161 ele-

1812 1212 1983 1268 ctum,
1998 1202 2176 1272 regale
2196 1201 2573 1262 sacerdotium,
2589 1215 2722 1270 gens
2734 1209 2940 1261 sancta,
2957 1199 3184 1268 populus
3208 1199 3394 1266 aequi-

1807 1295 2020 1349 sitionis
2047 1293 2098 1361 (Ι
2125 1291 2269 1346 Petr.
2303 1292 2388 1362 ιι).
2411 1310 2428 1341 ι
2465 1290 2571 1345 Nec
2610 1291 2725 1346 leve
2756 1292 2851 1345 tibi
2881 1292 3063 1344 datum
3088 1301 3173 1343 est
3200 1291 3394 1344 divina:

1808 1385 2112 1441 dilectionis
2143 1385 2401 1439 indicium
2443 1384 2496 1438 in
2527 1399 2594 1439 eo
2616 1385 2759 1455 quod
2787 1386 2976 1438 beatus
3011 1384 3203 1438 Vitalis
3227 1386 3389 1438 etiam

1805 1485 1924 1546 post
1955 1475 2167 1530 felicem
2195 1475 2481 1530 transitum
2512 1490 2666 1528 suum
2695 1476 2748 1528 in
2789 1484 2838 1527 te
2881 1472 3049 1526 voluit
3079 1475 3277 1527 habere
3307 1489 3390 1526 se-

1800 1565 2066 1635 pulcrum.
2106 1563 2223 1618 Non
2251 1572 2336 1617 est
2362 1577 2552 1633 passus
2578 1578 2641 1615 ex
2668 1570 2719 1617 te
2746 1578 2902 1616 suum
2934 1577 3134 1631 corpus
3161 1560 3386 1622 auferri,

1801 1655 1929 1724 quia
1961 1654 2132 1708 noluit
2163 1664 2214 1707 te
2253 1652 2539 1723 patrocinii
2567 1652 2647 1706 sui
2683 1653 3018 1722 protectione
3050 1650 3293 1703 destitui.
3331 1647 3385 1700 In

1803 1759 1913 1813 qua
1947 1759 2005 1798 re
2040 1743 2137 1797 tibi
2185 1743 2374 1812 utique
2425 1741 2596 1812 magis
2641 1755 2804 1809 quam
2855 1740 3007 1794 uxori
3059 1737 3384 1791 beatissima:

3500 583 3605 624 tem
3635 584 3691 626 ut
3723 590 3828 627 non
3880 575 4108 646 sepelias
4156 591 4242 630 me
4295 577 4347 629 in
4395 575 4654 646 ligypto,
4688 577 4780 631 sed
4817 576 5066 631 dormiam

3497 679 3617 716 cum
3652 666 3890 732 patribus
3930 667 4158 735 meis.|et
4185 668 4402 720 auferas
4428 685 4512 722 me
4534 670 4598 724 de
4627 670 4730 724 hac
4754 680 4923 730 terra,
4948 684 5065 723 con-

3498 755 3700 822 dasque
3724 755 3774 805 in
3800 755 4048 824 sepulcro
4073 754 4358 823 majorum.
4383 775 4400 805 ι
4431 757 4525 808 Cui
4554 759 4828 828 respondit
4851 756 5061 825 Joseph:

3505 861 3523 891 ι
3553 842 3663 911 Ego
3693 842 3885 896 faciam
3909 844 4296 914 quodjussisti.
4321 867 4339 897 ι
4370 847 4436 900 Ει
4462 847 4546 902 ille
4576 867 4587 900 ε
4621 847 4779 902 ..ιυη
4812 864 4957 917 ergm
4991 852 5066 902 in-

3496 933 3631 1000 quit,
3662 933 3957 1000 mihi(Cen.
3990 939 4175 1004 atvn).
4211 957 4227 986 ι
4257 939 4372 1001 Qno
4388 938 4625 1007 jnrante,
4653 941 4894 992 adoravit
4921 940 5069 994 lsrael

3500 1023 3683 1076 Deum.
3724 1024 3860 1090 Quid
3888 1037 3970 1078 est
3999 1026 4119 1088 hoc,
4147 1025 4345 1082 fratres
4373 1030 4517 1082 mei?
4565 1029 4700 1095 Quid
4736 1031 4836 1086 sibi
4892 1031 4995 1083 vult
5041 1049 5066 1081 a

3497 1122 3645 1166 tanto
3667 1115 3784 1168 viro
3813 1125 3920 1168 tam
3949 1117 4106 1170 anxia
4139 1117 4436 1185 sepeliendi
4460 1122 4706 1190 corporis
4737 1121 5068 1175 sollicitudo?

3495 1202 3549 1253 Si
3580 1201 3722 1255 enim
3759 1204 3860 1258 hoc
3917 1221 3983 1259 ex
4040 1205 4275 1261 humana
4323 1210 4713 1264 consuetudine
4766 1212 5065 1270 metiamur,

3494 1290 3732 1358 profecto
3755 1294 3884 1347 nihil
3911 1295 4129 1366 dignum
4155 1305 4303 1349 tanta
4328 1299 4657 1367 prophetica!
4682 1300 4879 1353 mentis
4902 1301 5070 1353 excel.

3493 1378 3652 1432 lentia
3682 1384 4000 1450 reperimus.
4040 1384 4352 1456 Ubicunque
4389 1389 4530 1442 enim
4556 1403 4753 1457 corpus
4781 1391 5067 1442 humanum

3492 1473 3769 1540 sepelitur,
3803 1490 3907 1529 non
3957 1476 4079 1530 ideo
4122 1478 4202 1532 vel
4246 1480 4425 1532 minus
4469 1480 4729 1550 perfecta.
4770 1481 4855 1535 vel
4900 1482 5068 1535 minus

3491 1563 3730 1632 gloriosa
3759 1568 3879 1634 ejus
3908 1569 4236 1624 resurrectio
4277 1569 4453 1623 futura
4484 1571 4672 1641 procul
4703 1574 4872 1626 dubio
4898 1576 5060 1627 credi-

3493 1663 3601 1706 tur.
3640 1656 3744 1708 Sed
3770 1657 3814 1710 si
3847 1657 4064 1727 mystici
4091 1661 4418 1714 sacramenti
4463 1661 4803 1729 profunditas
4833 1665 4886 1716 in
4920 1664 5068 1730 hujus

3490 1743 3784 1798 dubietatis
3832 1748 4063 1816 caligine
4122 1749 4461 1818 requiratur,
4502 1751 4846 1819 perspicuum
4897 1751 5068 1805 lumen

1794 1834 2070 1901 prastitit,
2109 1833 2224 1903 qui,
2271 1834 2398 1886 dum
2448 1838 2551 1885 tua:
2579 1830 2800 1884 utilitati
2835 1828 3124 1890 consuluit,
3175 1836 3381 1881 sancta
3416 1825 3458 1884 ll
3489 1835 3854 1905 intelligentia
3897 1838 3995 1907 ipsi
4035 1839 4124 1907 qui
4186 1840 4453 1895 invenerit
4508 1844 4734 1895 orietur.
4795 1842 5066 1898 Cadaver:

1795 1925 2062 1980 voluntati
2093 1926 2210 1993 ejus
2253 1940 2359 1979 non
2395 1923 2681 1993 acquievit.
2724 1921 2997 1992 Scriptum
3026 1935 3260 1988 namque
3299 1928 3382 1972 est

1801 2015 1930 2084 quia
1965 2023 2147 2069 sancta
2178 2013 2410 2076 Valeria,
2441 2013 2568 2067 dum
2595 2011 2737 2067 beati
2775 2009 2966 2065 Vitalis
2999 2009 3159 2064 vellet
3187 2023 3382 2077 corpus

1793 2105 2030 2172 auferre,
2057 2120 2087 2158 a
2122 2104 2450 2159 Christianis
2478 2104 2751 2174 prohibita
2775 2112 2859 2156 est
2883 2113 2939 2156 et
2975 2117 3118 2172 saepe
3147 2102 3198 2155 in
3224 2102 3380 2154 visio-

1793 2204 1954 2259 nibus
1998 2203 2067 2258 ab
2116 2203 2231 2274 ipso
2269 2202 2545 2257 admonita
2577 2216 2643 2256 ne
2677 2210 2927 2257 sanctum
2959 2215 3155 2270 corpus
3183 2215 3211 2252 a
3234 2199 3376 2252 malo

1793 2295 2015 2350 homine
2042 2295 2178 2350 bene
2206 2295 2441 2364 positum
2466 2293 2708 2349 violaret.

1860 2385 2022 2441 Certe
2054 2399 2160 2438 non
2203 2399 2420 2454 possum
2464 2385 2666 2448 dicere,
2704 2383 2906 2438 fratres
2944 2399 3072 2447 met,
3100 2399 3262 2454 quam
3287 2384 3374 2452 jn-

1791 2479 1988 2542 cunde,
2021 2493 2182 2548 quam
2212 2476 2608 2532 delectabiliter
2646 2487 2921 2532 certamen
2974 2478 3134 2548 hujus
3179 2493 3373 2548 pugna:

1787 2568 2092 2631 considero,
2117 2582 2278 2637 quam
2310 2567 2623 2622 avidissime
2665 2577 2807 2622 totos
2849 2567 3170 2622 interiorum
3215 2569 3375 2622 lumi-

1788 2677 1918 2715 num
1968 2661 2148 2716 radios
2204 2661 2272 2714 ad
2324 2660 2693 2728 spectaculum
2760 2670 2961 2714 sancta
3013 2661 3376 2715 contentionis

1783 2750 2054 2820 evpando.
2111 2749 2389 2818 Perpendo
2441 2749 2711 2804 diversam
2767 2749 3092 2818 litigantium
3158 2750 3367 2810 aciem;

1787 2840 1916 2895 ltinc
1943 2839 2197 2894 videlicet
2229 2840 2533 2904 civitatem,
2567 2838 2690 2894 inde
2723 2853 2884 2892 unam
2933 2839 3138 2906 aspicio
3181 2839 3372 2892 mulie-

1775 2943 1929 2992 rem;
1965 2927 2016 2981 in
2043 2927 2218 2982 medio
2260 2942 2386 2980 vero
2420 2925 2658 2996 positum
2709 2941 2908 2996 corpus
2961 2927 3134 2982 sancti
3185 2928 3371 2981 Vitatis

1785 3019 2012 3072 materia
2049 3028 2131 3072 est
2160 3027 2213 3071 et
2242 3033 2404 3072 causa
2432 3017 2766 3073 certaminis.
2811 3016 3051 3086 Quaque
3085 3033 3214 3087 pars
3253 3019 3370 3072 suis

1777 3110 2195 3180 allegationibus
2225 3111 2418 3174 utitur,
2455 3119 2511 3164 et
2543 3124 2764 3165 causam
2788 3123 2942 3163 suam
2967 3110 3180 3164 diversa
3223 3110 3364 3178 juris

3486 1927 3681 1996 quippe
3702 1937 4059 1992 mortuorum,
4084 1939 4304 1999 peccata
4332 1932 4643 2001 signiﬁcant
4665 1934 4866 2000 injuste
4891 1935 5066 1988 viven-

3486 2016 3640 2068 titul.
3685 2017 3836 2072 Sicut
3885 2019 4028 2074 enim
4069 2030 4190 2090 post
4225 2032 4531 2076 contactum
4584 2039 4877 2093 corporum
4928 2041 5042 2079 mor

3485 2116 3699 2161 tuorum
3733 2109 3814 2162 lex
3848 2111 4094 2179 pra-cipit
4123 2112 4370 2166 homines
4398 2112 4671 2182 purillcari
4707 2113 4906 2180 (Nunt.
4935 2117 5066 2178 ιιι).

3484 2198 3552 2250 ita
3580 2200 3739 2252 etiam
3781 2210 3902 2266 post
3944 2204 4401 2270 perpetrationem
4448 2204 4767 2258 delictorum
4810 2203 5068 2270 jnbcmur

3481 2302 3577 2354 per
3610 2292 3983 2356 paenitentiam
4014 2291 4177 2344 ablui.
4204 2291 4342 2346 ﬂiuc
4373 2293 4626 2347 nimirum
4663 2294 4749 2348 illa
4792 2299 5062 2350 sententia

3479 2379 3622 2431 dicta
3660 2390 3775 2433 est:
3813 2399 3829 2430 ι
3861 2379 3960 2445 Qui
3992 2382 4298 2450 baptizatur
4320 2398 4348 2435 a
4383 2393 4616 2446 mortuo,
4641 2394 4694 2436 et
4719 2385 4919 2438 iterum
4954 2395 5070 2438 tan-

3480 2469 3554 2536 git
3578 2469 3892 2538 illum,quitl
3925 2472 4144 2539 prodest
4171 2471 4370 2527 lavatio
4396 2472 4543 2541 ejus?
4569 2494 4588 2525 ι
4624 2470 4815 2540 (Eceli.
4851 2477 5066 2532 ιιιιι.)

3483 2558 3799 2626 Baptizatur
3833 2563 4028 2630 quippe
4063 2579 4089 2614 a
4125 2573 4362 2628 mortuo,
4402 2565 4492 2633 qui
4525 2565 4818 2618 mundatur
4853 2565 5066 2618 lletilms

3477 2665 3506 2701 a
3536 2647 3788 2716 peccato;
3820 2653 3912 2703 sed
3946 2662 4064 2719 post
4096 2653 4422 2721 baptismum
4446 2667 4715 2709 mortuum
4751 2659 4949 2725 tangit.
4977 2661 5065 2726 qui

3476 2739 3688 2806 culpam
3721 2751 3836 2808 post
3865 2741 4135 2810 lacrymss
4163 2745 4384 2812 repetit.
4426 2742 4711 2813 Sepultura
4755 2760 4888 2798 vero
4918 2763 5064 2800 mor-

3480 2838 3692 2883 tuorum
3742 2832 4115 2886 remissionem
4167 2834 4436 2904 signiﬁcat
4481 2846 4854 2904 peccatorum.
4917 2836 5069 2893 Unde

3475 2936 3569 2987 per
3599 2918 3924 2988 Prnpltetam
3966 2922 4204 2976 dicitur:
4245 2942 4261 2974 ι
4296 2923 4482 2987 Beati,
4532 2940 4764 2993 quorum
4821 2929 5066 2982 remissa:

3472 3025 3602 3065 sunt
3633 3014 3965 3086 iniquitates.
3995 3023 4049 3068 et
4074 3029 4301 3082 quorum
4333 3026 4470 3071 tecta
4493 3029 4616 3071 sunt
4642 3032 4865 3088 peccata
4889 3018 5065 3080 tPsal.

3473 3105 3645 3170 aut).
3685 3123 3701 3153 ι
3744 3103 3839 3158 tibi
3869 3120 3997 3171 ergo
4026 3105 4330 3174 sepelienda
4363 3110 4802 3163 erantcadavcra
4831 3115 5068 3180 patriar-

1778 3170 1990 3254 rati‘one
2022 3207 2219 3252 tuetur.
2252 3197 2343 3251 llla
2380 3170 2574 3258 repetit
2601 3196 2693 3265 jus
2720 3198 2957 3266 antiquae
2975 3170 3362 3267 possessionis,
3395 3170 3439 3233 (ἶ
3472 3193 3712 3252 charum.
3754 3196 3852 3247 nisi
3883 3170 3940 3246 iu
3963 3212 4022 3249 ea
4054 3170 4195 3250 terra
4230 3198 4318 3252 ubi
4374 3197 4459 3253 ille
4496 3211 4616 3254 erat
4657 3170 5070 3271 eruciflgeans

1776 3289 1880 3343 ista
1903 3287 2127 3357 opponit
2163 3287 2371 3342 titulum
2406 3285 2603 3344 divina:
2629 3286 3031 3350 concessionis;
3082 3287 3170 3341 illa
3220 3303 3358 3342 con-

1774 3378 2028 3450 queritur
2082 3376 2184 3431 sibi
2239 3375 2504 3430 violenter
2556 3375 2828 3442 ablatum;
2870 3377 2970 3430 ista
3009 3391 3040 3431 e
3089 3378 3369 3432 contrario

1779 3467 1982 3522 asserit
2017 3466 2097 3521 eis
2126 3465 2305 3520 divina
2359 3464 2461 3518 sibi
2511 3459 2843 3534 benignitate
2897 3466 3173 3521 donatum.
3230 3467 3368 3521 Dicit

1777 3558 1870 3612 illa
1899 3576 1913 3612 :
1945 3557 2079 3612 Rem
2110 3558 2339 3627 proximi
2375 3557 2450 3610 tui
2483 3571 2588 3612 non
2629 3559 2987 3628 concupiscas
3019 3558 3216 3628 (Exod.
3250 3563 3362 3626 xx).

1776 3650 2087 3721 Respondet
2135 3650 2274 3704 ista:
2306 3648 2461 3716 Quod
2513 3657 2660 3703 tuum
2719 3663 2825 3704 non
2870 3659 2987 3713 est,
3034 3666 3099 3704 ne
3151 3661 3365 3720 repetas

1776 3743 1933 3814 (Luc.
1957 3742 2055 3812 vs).
2078 3742 2219 3797 Dicit
2240 3742 2328 3795 illa
2355 3760 2366 3794 :
2394 3740 2502 3799 Sed
2519 3741 2652 3795 mihi
2673 3749 2778 3806 est,
2807 3741 3003 3810 inquit,
3027 3741 3222 3796 dotalis
3247 3758 3362 3795 ma-

1775 3833 2016 3890 trimonii
2058 3834 2174 3904 lege
2214 3833 2556 3902 eonjunctus.
2598 3831 2910 3902 Respondet
2945 3834 3044 3888 ista
3079 3853 3089 3886 :
3124 3836 3259 3901 Quia
3307 3843 3362 3889 et

1777 3931 1914 3986 mihi
1975 3937 2058 3984 est
2113 3929 2352 3998 pretioso
2411 3925 2658 3997 martyrii
2721 3927 2988 3996 sanguine
3045 3925 3359 3982 foederatus.

1773 4020 2026 4076 Habuisti
2068 4030 2156 4084 tu,
2183 4019 2309 4073 dum
2352 4018 2533 4084 licuit,
2559 4017 2851 4089 eonjugem
2897 4029 3076 4084 tuum;
3125 4020 3283 4075 liceat
3310 4031 3364 4076 et

1773 4113 1912 4169 mihi
1947 4110 2148 4166 habere
2194 4111 2313 4165 sine
2362 4110 2605 4166 molestia
2636 4120 2933 4182 martyrem
2987 4125 3186 4166 meum.
3240 4112 3358 4167 Tibi

1776 4204 1925 4258 enim
1953 4211 2034 4257 est
2059 4201 2294 4256 carnalis
2321 4201 2526 4269 copula:
2555 4199 2762 4270 glutino
2794 4202 3055 4265 sociatus,
3086 4202 3138 4256 in
3165 4217 3248 4255 me
3278 4212 3362 4258 est

1773 4293 2117 4362 triumphalis
2144 4291 2391 4361 martyrii
2413 4290 2583 4361 gloria
2614 4301 2926 4346 coronatus.
2961 4293 3098 4346 Audi
3127 4293 3356 4362 Aposto—

1768 4388 1883 4442 lttm
1932 4387 2242 4440 dicentem:
2284 4405 2301 4434 ι
2341 4383 2535 4440 Mulier
2582 4383 2799 4456 alligata
2851 4393 2933 4437 est
2974 4384 3074 4454 legi
3116 4385 3354 4453 quandiu

1773 4479 1857 4529 vir
1879 4474 1993 4542 ejus
2020 4475 2179 4538 vivit;
2215 4489 2338 4527 cum
2371 4483 2549 4529 autem
2574 4474 2771 4530 ohierit
2800 4474 2884 4528 vir
2903 4471 3040 4541 ejus.
3068 4475 3242 4530 soluta
3273 4485 3356 4529 est
3385 4516 3435 4576 υ

1771 4589 1801 4626 a
1832 4571 1950 4640 lege
1979 4569 2076 4622 viri
2112 4567 2162 4638 (I
2196 4567 2318 4619 Cor.
2347 4568 2468 4635 vn),
2493 4582 2512 4619 ι
2546 4565 2602 4622 Si
2636 4581 2765 4638 ergo
2794 4575 2849 4620 ιιι
2876 4565 3049 4620 soluta
3087 4580 3144 4620 es
3182 4583 3209 4618 a
3255 4567 3354 4621 viri

1771 4664 1908 4733 lege,
1939 4677 2058 4730 quae
2089 4661 2138 4714 itt
2169 4674 2335 4714 carne
2364 4659 2542 4714 adhuc
2562 4657 2720 4724 vivis,
2743 4657 3017 4726 quomodo
3044 4657 3141 4722 illi,
3167 4657 3257 4726 qui
3285 4659 3352 4712 ad

1772 4754 2016 4806 coelestia
2073 4765 2234 4821 regna
2279 4750 2390 4819 jam
2444 4747 2697 4812 transiit,
2743 4748 3028 4803 innectere
3078 4748 3352 4801 vinculum

1777 4841 2013 4911 qnmris?
2042 4841 2148 4894 Sed
2179 4839 2245 4892 ad
2273 4837 2630 4894 dirimendum
2656 4836 2962 4906 lmjnsmodi
2991 4840 3355 4893 contentionis

1773 4943 1978 4988 sancta:
2008 4931 2262 5000 litigium,
2292 4930 2521 4984 accessit
2551 4929 2665 5000 ipse
2685 4929 2877 4984 beatus
2905 4939 3113 4999 martyr
3154 4931 3204 4983 in
3239 4944 3353 4984 tne-

1773 5028 1943 5089 dium,
1959 5020 2349 5078 etvencrantlm
2367 5019 2552 5074 uxoris
2573 5019 2807 5089 querela:
2833 5019 3086 5087 imposuit
3109 5021 3345 5073 modum.

1774 5119 1842 5171 Et
1865 5115 1952 5187 qui
1971 5123 2197 5170 eatenus
2221 5111 2400 5166 fuerat
2419 5110 2641 5165 materia
2667 5110 3033 5164 contentionis
3077 5122 3349 5179 sequester

1773 5219 1828 5261 et
1857 5209 2121 5262 mediator
2151 5205 2326 5259 factus
2353 5210 2436 5257 est
2468 5202 2637 5272 pacis.

1847 5297 1954 5352 Sed
1985 5296 2109 5351 dum
2140 5294 2312 5357 vobis,
2343 5291 2535 5347 fratres
2563 5290 2898 5355 charissimi,
2940 5291 3041 5344 ista
3087 5288 3344 5355 dicimus,

1770 5389 1902 5444 illud
1929 5388 2089 5441 etiam
2119 5387 2184 5440 ad
2225 5393 2460 5440 mentem
2494 5383 2763 5438 reducitur
2793 5383 2937 5452 quod
2985 5383 3346 5450 patriarchatn

1772 5480 1883 5551 83
1915 5478 2083 5533 Jacob
2115 5476 2308 5530 fecisse
2335 5475 2616 5545 Scriptura
2650 5490 2803 5529 sacra
2839 5482 3087 5528 testatur.
3133 5472 3349 5542 Legitur

1771 5571 1913 5623 enim
1936 5567 2082 5637 quia,
2100 5581 2218 5620 cum
2237 5567 2672 5637 appropinquare
2695 5573 2948 5619 cerneret
2972 5565 3161 5618 mortis
3181 5565 3345 5627 diem,

1773 5660 1988 5712 vocavit
2017 5657 2183 5712 lilium
2211 5672 2366 5712 suum
2406 5656 2629 5728 Ioseph,
2659 5665 2716 5710 et
2745 5656 2879 5710 dixit
2921 5655 2989 5710 ad
3032 5669 3152 5709 eum
3181 5669 3193 5708 :
3233 5674 3249 5704 ι
3290 5654 3344 5710 Si

1774 5751 1957 5807 inveni
1986 5750 2215 5820 gratiam
2245 5748 2300 5806 in
2330 5759 2615 5821 conspectu
2648 5758 2771 5815 tuo,
2826 5764 2966 5820 pone
2999 5763 3213 5803 manum
3247 5749 3347 5804 sub

3469 3281 3623 3350 cujus
3646 3286 3902 3352 sanguine
3935 3284 4074 3340 facta
4099 3296 4180 3340 est
4217 3288 4462 3341 remissio
4489 3292 4881 3358 peccatorum?
4932 3298 5069 3359 Qua.-

3471 3387 3598 3441 ergo
3624 3389 3784 3426 causa
3804 3375 3896 3427 fuit
3920 3387 3975 3427 ιιι
3993 3378 4304 3444 patriarcha
4321 3376 4487 3432 Iacob
4505 3380 4829 3448 sepeliretur
4851 3384 4902 3434 in
4918 3383 5064 3435 Cna-

3471 3477 3781 3516 nanteorum
3809 3474 3973 3527 terra,
4003 3467 4190 3520 eadem
4215 3466 4312 3519 fttit
4345 3479 4400 3519 ιιι
4443 3469 4630 3522 beatus
4663 3470 4856 3525 Vitalis
4880 3477 5064 3540 sepul-

3468 3566 3617 3604 crum
3638 3553 3736 3604 Sllll
3769 3554 4072 3622 specialiter
4101 3555 4326 3623 eligeret
4352 3557 4404 3610 in
4438 3557 4566 3612 urbe
4587 3559 4872 3613 Ravenna.
4905 3563 5067 3617 Sicut

3468 3644 3608 3694 enim
3639 3645 3723 3696 ille
3747 3662 3839 3713 pcr
3864 3647 4198 3713 sepulturam
4243 3649 4325 3702 sui
4376 3651 4640 3719 corporis,
4676 3654 5064 3710 remissionem

3465 3748 3809 3802 peccatorum
3844 3738 3896 3789 in
3929 3738 4032 3790 illis
4063 3741 4246 3792 mundi
4278 3741 4504 3806 finibus,
4531 3745 4657 3812 quia
4692 3747 4761 3797 ibi
4792 3746 5065 3802 Dominus

3465 3833 3583 3876 erat
3606 3826 4024 3893 eruciﬁgendus,
4049 3829 4369 3898 significavit
4398 3846 4518 3886 esse
4550 3833 4809 3894 futuram,
4853 3839 4926 3890 ita
4961 3841 5067 3892 iste

3467 3912 3606 3966 hanc
3647 3914 4018 3969 felicissimam
4052 3922 4238 3972 urbem
4260 3922 4326 3972 ad
4353 3922 4604 3991 baptismi
4637 3929 4875 3994 gratiam
4908 3941 4964 3984 et
4993 3931 5062 3983 ad

3469 4004 3625 4059 [idem
3649 4008 3850 4060 Christi
3876 4012 4128 4078 cognovit
4150 4012 4408 4067 divinitus
4431 4030 4549 4069 esse
4579 4021 4818 4070 vocanda
4831 4037 4906 4074 ιιι.

3536 4099 3878 4168 Quapropter
3898 4103 4125 4156 obsecro
4156 4118 4248 4157 vos
4273 4113 4327 4158 et
4363 4107 4657 4170 admoneo,
4704 4112 5062 4170 dilect'ssitni

3464 4191 3683 4254 lratres,
3719 4203 3920 4246 tantam
3947 4194 4290 4266 dignitatem,
4315 4213 4473 4267 quant
4517 4203 4755 4269 gratuito
4795 4204 4890 4257 Dei
4937 4225 5064 4259 tlttt-

3463 4291 3589 4338 mre
3625 4287 3970 4358 suscepistis,
4019 4289 4234 4343 assidua
4283 4292 4632 4348 meditatione
4680 4299 4940 4360 recolite,
5006 4311 5064 4353 et

3462 4372 3649 4440 dignas
3693 4376 3856 4428 tantis
3891 4368 4171 4430 beneficiis
4210 4380 4414 4447 gratias
4451 4396 4554 4435 non
4591 4384 4762 4437 solum
4803 4403 4904 4440 ore
4971 4392 5060 4443 vel

3461 4467 3644 4530 corde,
3677 4468 3767 4521 sed
3807 4469 3968 4522 etiam
4023 4470 4198 4538 dignis
4254 4473 4509 4540 operibus
4567 4474 4768 4531 referre
4821 4493 5058 4546 curate,

3460 4556 3698 4611 dicentes
3723 4573 3936 4627 semper
3981 4574 4102 4613 cum
4154 4559 4420 4629 Propheta
4456 4582 4469 4617 :
4509 4582 4526 4611 ι
4565 4565 4701 4632 Quid
4744 4571 5058 4625 retribuam

3461 4648 3709 4712 Domino,
3733 4665 3830 4718 pro
3855 4652 4106 4705 omnilms
4141 4669 4260 4722 qua:
4301 4657 4550 4711 retribuit
4580 4660 4752 4712 mihi?
4801 4663 5060 4722 Calicem

3459 4739 3710 4794 salutaris
3738 4742 4025 4810 accipiam,
4053 4754 4106 4796 et
4135 4761 4329 4799 nomen
4351 4746 4558 4800 Domini
4587 4750 5056 4822 invocabo(Psal.

3457 4835 3600 4902 cav).
3625 4853 3641 4884 ι
3668 4832 3781 4886 Non
3801 4836 4091 4891 abhorreat
4110 4851 4500 4895 momentaneae
4517 4843 4750 4911 potionis
4777 4852 5062 4905 amaritu-

3457 4923 3636 4977 dinem
3663 4924 3848 4980 bibere
3879 4928 3969 4995 qui
4005 4930 4069 4980 ad
4109 4941 4381 4998 perpetua
4419 4931 4807 4989 incolumitatis
4853 4941 5056 4996 dule

3456 5015 3634 5070 dinem
3670 5017 3938 5070 desiderat
3985 5022 4287 5086 pervenire.
4335 5023 4436 5090 Qui
4488 5025 4598 5078 vult
4646 5030 4846 5082 ascribi
4907 5035 5060 5088 inter

3458 5107 3654 5161 milites
3682 5106 3883 5160 Christi
3921 5125 4062 5162 nunc
4092 5126 4149 5162 se
4193 5113 4442 5184 aceingat
4475 5115 4705 5170 viriliter
4734 5120 4801 5172 ad
4854 5123 5058 5177 conﬂi-

3457 5210 3621 5257 ctum.
3643 5209 3832 5267 utpost
3859 5212 4131 5268 peractam
4150 5204 4557 5276 victoriamjam
4581 5221 4846 5264 emeritus
4873 5216 5060 5271 beat:

3455 5292 3653 5360 quietis
3683 5292 3912 5359 accipiat
3945 5295 4317 5363 municipium.
4350 5296 4502 5353 Nunc
4527 5315 4583 5354 se
4612 5316 4886 5371 prtparet
4919 5325 5057 5362 con-

3456 5381 3625 5452 gredi,
3642 5388 3698 5431 nt
3721 5384 3915 5434 merito
3939 5385 4112 5438 valeat
4138 5396 4257 5454 post
4277 5390 4558 5443 victoriam
4583 5398 4861 5448 coronari.
4885 5419 4903 5448 ι
4933 5400 5054 5453 λοι.

3455 5475 3598 5526 enim
3680 5478 4058 5536 coronatitur,
4123 5480 4225 5532 nisi
4284 5483 4375 5550 qtti
4444 5483 4682 5554 legitime
4743 5497 5058 5546 certaverit

3456 5561 3538 5630 (Η
3575 5561 3707 5615 Tim.
3745 5569 3823 5626 It).
3855 5585 3870 5616 ι
3911 5563 4040 5619 Nam
4074 5568 4335 5625 delicatus
4364 5584 4446 5626 est
4473 5576 4624 5629 miles
4649 5579 4738 5644 qui
4775 5593 4908 5635 ante
4941 5587 5054 5634 Vult

3459 5656 3668 5706 vincere
3694 5671 3852 5724 quam
3881 5658 4099 5725 incipiat
4123 5659 4522 5731 tlinticare,qui
4557 5668 4664 5718 \ult
4707 5670 4826 5726 sine
4862 5687 5054 5743 pugna

3456 5748 3759 5813 victoriam,
3787 5761 3874 5800 aut
3903 5747 4013 5820 84
4041 5751 4154 5806 sine
4189 5752 4408 5808 victoria
4433 5757 4648 5810 aultclat
4684 5760 4751 5811 ad
4775 5763 5028 5831 palmam
