5232 6494
142 387 246 448 593

141 506 278 571 Non,
311 503 525 589 fratres,
558 516 664 555 non
703 505 882 569 potest
910 496 1025 551 fieri
1059 501 1118 550 ut
1155 494 1222 549 ad
1268 507 1459 564 magna
1503 493 1725 563 przcmia
1760 500 1805 559 Α

142 583 507 667 perveniatur,
535 591 634 646 nisi
663 605 757 660 per
784 602 1009 657 magnos
1035 585 1270 641 labores.
1290 583 1441 639 Sicut
1467 583 1610 638 enim
1634 597 1734 652 per

142 685 454 758 Apostolum
481 683 683 738 dicitur
709 700 721 736 :
758 702 774 733 ι
801 680 903 736 Per
934 678 1132 734 multas
1163 677 1547 732 tribulationes
1573 688 1735 744 opor~

145 788 222 835 tet
248 795 342 833 nos
365 775 570 846 ingredi
601 774 655 829 in
685 788 909 844 regnum
940 771 1032 826 Dei
1056 769 1194 841 (Act.
1225 768 1360 839 ειν).
1396 787 1414 819 ι
1443 767 1595 823 Unde
1618 767 1733 836 ipsa

147 869 353 924 Veritas
383 869 552 922 dicit:
583 887 600 919 ι
629 867 674 921 Α
704 876 944 936 tempore
974 857 1198 917 Joannis
1225 861 1482 928 Baptistae
1511 873 1734 930 regnum

149 956 238 1012 Dci
265 956 370 1010 vim
397 955 624 1026 patitur,
645 963 700 1010 et
715 953 930 1009 violenti
952 950 1167 1020 rapiunt
1190 948 1318 1004 illud
1343 947 1563 1020 (Matth.
1587 947 1681 1017 ιι).
1711 965 1728 998 ι

215 1045 426 1108 Caduca
463 1059 594 1115 ergo
633 1043 815 1100 surculi
865 1040 1050 1112 hujus,
1098 1040 1296 1095 fratres
1339 1039 1480 1104 mei,
1522 1037 1734 1095 blandi-

146 1144 320 1192 menta
344 1135 709 1206 desptcite,ad
731 1133 970 1190 ctelestis
995 1132 1182 1202 patria:
1199 1130 1393 1201 gaudia
1421 1128 1736 1184 medullitus

146 1228 413 1294 anhelate,
447 1227 629 1283 carnis
657 1226 924 1282 incentiva
958 1223 1270 1294 reprimite,
1307 1221 1562 1276 mandata
1596 1220 1730 1286 Dei,

146 1334 261 1390 qua:
286 1332 410 1374 ante
446 1316 1017 1389 percipitis,0peribns
1065 1314 1385 1384 adimplctc;
1435 1313 1506 1366 ab
1550 1326 1738 1367 amore

146 1410 237 1465 Dei
268 1409 412 1464 nulla
437 1424 532 1464 vos
569 1408 752 1464 mundi
782 1406 1117 1479 prosperitas
1149 1403 1423 1468 retrahat,
1467 1402 1611 1458 nulla
1640 1418 1737 1458 vos

146 1501 440 1556 adversitas
491 1501 726 1571 frangat,
793 1513 900 1554 non
955 1511 1154 1568 corpus
1212 1504 1456 1552 vestrum
1522 1494 1737 1548 luxuria

142 1590 360 1660 polluat,
389 1607 495 1645 non
521 1590 735 1644 invidiae
759 1588 974 1644 flamma
993 1595 1299 1652 consumat,
1319 1600 1424 1641 non
1449 1599 1545 1641 vos
1572 1584 1739 1640 elatio

145 1681 309 1746 inflet,
342 1699 447 1738 non
480 1691 821 1737 terrenarum
855 1695 1036 1736 rerum
1066 1679 1336 1751 cupiditas
1363 1687 1594 1750 gravet,
1630 1691 1738 1732 non

142 1787 237 1827 vos
262 1773 327 1826 ab
357 1786 544 1827 amore
573 1771 803 1841 proximi
855 1769 1133 1825 iracundia
1189 1770 1430 1832 dividat,
1487 1784 1593 1825 non
1641 1782 1739 1823 vos

1514 371 1751 430 SERMO
1790 372 1930 428 XVII
1963 373 2060 428 bis.

1833 488 1963 543 litim
2013 485 2223 556 antiqui
2278 481 2451 539 hostis
2487 478 2701 547 obviat,
2742 485 2800 533 nt
2833 476 3130 547 aliquando
3168 486 3261 529 eos
3290 471 3458 528 etiam

3347 351 3457 412 5N

1839 595 1977 651 quos
1999 578 2112 647 jam
2146 577 2289 646 cepit
2316 575 2558 636 amittat,
2586 581 2641 629 et
2673 571 2828 643 quasi
2863 569 2931 625 ab
2960 584 3056 624 ore
3083 567 3227 622 illius
3255 563 3461 620 eadunt

1837 673 1929 743 qui
1963 679 2082 740 post
2107 677 2450 741 perpetratas
2481 666 2670 736 culpas
2707 663 2776 717 ad
2806 659 3174 716 innocentiam
3207 657 3458 711 redeunt.

1837 761 1971 830 Quis
2001 763 2170 826 enim,
2209 775 2306 816 ore
2358 758 2503 813 illius
2550 754 2720 812 semel
2767 762 2983 825 captus,
3031 750 3312 806 maxillam
3341 746 3464 818 ejus

1837 855 2118 920 evaderet,
2155 853 2200 910 si
2236 852 2520 925 perforata
2572 865 2678 906 non
2715 847 2906 904 esset?
2957 845 3037 901 An
3086 861 3195 901 non
3235 845 3462 900 beatum

1803 999 1806 1002 .
1839 943 2153 1002 Ursicinum
2176 954 2306 1000 tunc
2335 942 2651 1009 momordit,
2684 956 2806 996 cum
2837 949 2961 1012 post
2988 937 3153 994 nimia
3183 943 3461 993 tormenta

1838 1035 2114 1092 carnificis
2144 1035 2381 1106 gladium
2425 1033 2774 1090 formidavit?
2805 1033 2886 1086 An
2932 1046 3040 1086 non
3083 1028 3234 1085 illum
3268 1029 3323 1083 in
3362 1042 3466 1081 ore

1839 1128 1906 1182 ad
1937 1127 2154 1197 plenum
2189 1127 2384 1192 tenuit,
2416 1126 2636 1199 quando
2669 1126 2826 1181 idolis
2873 1125 3188 1181 sacrificare
3222 1137 3464 1179 consen-

1839 1220 1953 1274 sit?
1983 1219 2110 1285 Sed,
2155 1219 2281 1276 dum
2324 1236 2422 1292 per
2464 1219 2907 1276 exhortationem
2955 1217 3152 1274 Vitalis
3181 1216 3462 1290 gloriosis-

1839 1309 1962 1365 sitni
2003 1311 2262 1381 martyris
2309 1311 2377 1365 ad
2409 1311 2573 1366 vitam
2605 1309 2783 1377 rediit,
2817 1309 3119 1366 Leviathan
3165 1310 3270 1366 iste
3331 1323 3461 1363 eum

1839 1400 2022 1472 aliquo
2049 1402 2210 1458 modo
2241 1403 2400 1473 quasi
2429 1417 2529 1472 per
2553 1402 2930 1459 maxillte'suze
2968 1403 3214 1458 foramen
3247 1401 3460 1457 amisit.

1837 1494 1995 1551 Sicut
2031 1495 2178 1551 enim
2218 1496 2271 1551 in
2317 1506 2509 1552 sancta
2542 1504 2819 1567 gestorum
2866 1495 3013 1552 illius
3064 1503 3328 1550 narratur
3373 1493 3462 1548 hi-

1839 1586 2031 1652 storia,
2073 1601 2198 1653 cum
2243 1597 2369 1664 post
2420 1587 2586 1643 nimia
2641 1596 2910 1644 tormenta
2959 1586 3312 1643 decollandus
3366 1599 3463 1640 ve-

1840 1678 2010 1734 nisset
2040 1676 2326 1734 Ursicinus
2370 1679 2436 1734 ad
2467 1679 2723 1749 palmam,
2769 1680 3012 1752 expavit,
3046 1688 3102 1734 et
3132 1679 3260 1734 dum
3294 1677 3463 1732 vellet

1841 1771 2093 1836 evadere,
2123 1771 2450 1826 exclamavit
2477 1770 2690 1836 Vitalis,
2719 1771 2946 1828 dicens:
2990 1771 3138 1837 Noli,
3171 1771 3306 1836 noli,
3350 1768 3461 1826 Ur-

143 1878 429 1933 pravorum
502 1863 646 1918 vitiis
715 1863 935 1918 dilectio
1010 1863 1317 1919 inordinata
1387 1862 1684 1933 coniungat
1716 1877 1731 1926 ;
1766 1864 1810 1924 Β
1840 1860 2011 1917 sicine
2038 1861 2266 1926 medice,
2298 1862 2391 1932 qui
2419 1861 2556 1918 alios
2581 1877 2777 1919 curare
2807 1863 3165 1928 consuevisti,
3199 1871 3251 1920 te
3279 1862 3461 1933 ipsum

145 1964 410 2009 transacta
437 1953 579 2008 mala
629 1954 807 2025 digna:
854 1954 1190 2024 pmoitentite
1238 1954 1453 2009 fletibus
1505 1953 1733 2024 tergitc,

143 2047 476 2103 imminentia
508 2062 638 2102 vero
669 2058 829 2102 cauta
862 2048 1171 2117 provisione
1201 2047 1366 2101 vitate
1386 2088 1400 2112 ,
1447 2054 1736 2101 venturum

143 2137 434 2193 terribilem
464 2137 710 2194 Iudicem
740 2149 866 2193 ante
895 2139 1096 2194 mentis
1133 2137 1320 2194 oculos
1358 2138 1543 2208 ponite
1565 2179 1578 2203 ,
1629 2138 1738 2194 dis-

143 2229 282 2284 tricti
309 2230 579 2285 examinis
607 2230 936 2289 sententiam
967 2229 1163 2302 trepidi
1184 2229 1510 2294 formidato,
1544 2238 1739 2299 quatc-
1785 2250 1788 2252 ν

140 2334 272 2383 nos,
300 2334 460 2389 quem
491 2335 636 2375 nunc
674 2330 962 2375 venturum
1001 2329 1309 2377 metuentes
1332 2361 1346 2384 ,
1381 2319 1740 2376 humanitatis

137 2407 254 2478 ejus
279 2424 500 2465 crucem
550 2410 792 2479 baiulare
841 2412 1121 2483 satagitis,
1176 2412 1227 2466 itt
1279 2412 1580 2480 maiestatis
1628 2428 1740 2468 suae

140 2501 309 2571 gloria
370 2504 715 2572 postmodum
783 2504 1094 2559 venientem
1162 2505 1339 2560 securi
1406 2515 1463 2560 et
1525 2506 1738 2561 alacres

142 2594 368 2649 videatis
388 2593 572 2650 Jcsum
596 2595 872 2651 Christum
896 2596 1188 2652 Dominum
1214 2598 1588 2667 nostrum,qui
1613 2613 1737 2654 eum

141 2684 314 2741 Patre
335 2695 390 2742 et
426 2685 636 2758 Spiritu
665 2697 857 2746 sancto
886 2688 1018 2744 vivit
1043 2697 1098 2744 ct
1124 2697 1314 2760 regnat
1339 2690 1391 2744 in
1422 2690 1619 2746 szecnla
1653 2706 1738 2746 se-

136 2776 405 2834 culorum.
432 2782 624 2836 Amen.

652 2872 886 2934 SERMO
925 2873 1067 2931 XVII
1099 2874 1195 2932 bis.

223 2978 282 3019 tt.
323 2981 390 3020 ne
429 2981 634 3024 διαετο
674 2984 870 3026 vra-su:
911 2984 1186 3026 IABTYIB.
1233 2971 1433 3043 (xxvm
1476 2967 1625 3042 ara.)

210 3052 290 3111 Ad
320 3054 607 3126 pulchrum
650 3059 813 3116 nimis
835 3060 1206 3130 spectaculum
1236 3069 1290 3116 et
1327 3061 1648 3118 delectabile
1671 3060 1738 3116 ad

139 3147 452 3216 videndum,
497 3148 699 3206 fratres
743 3151 1090 3218 charissimi,
1141 3150 1403 3207 hodierna
1444 3151 1738 3207 festivitate

1842 1961 2062 2007 aeterna:
2089 1952 2281 2008 mortis
2301 1951 2487 2021 jaculo
2515 1953 2832 2020 vulnerare;
2859 1963 2915 2009 et
2936 1955 3028 2025 qui
3057 1969 3155 2024 per
3175 1954 3472 2024 passiones-

1843 2042 2042 2098 nimias
2077 2043 2273 2098 venisti
2322 2044 2389 2098 ad
2435 2043 2699 2116 palmam,
2753 2061 2823 2101 ne
2866 2046 3068 2117 perdas
3116 2061 3376 2101 coronam
3432 2063 3463 2100 a

1842 2136 2074 2192 Domino
2104 2137 2199 2193 tibi
2228 2149 2501 2208 paratam.
2529 2137 2574 2194 Ο
2605 2139 2872 2195 mirabilis
2892 2139 3097 2195 Christi
3131 2139 3309 2205 miles,
3345 2140 3464 2210 qni,

1842 2225 1971 2280 dum
1997 2227 2176 2283 adhuc
2208 2237 2438 2285 terrenae
2468 2229 2678 2285 militiae
2708 2231 2878 2286 armis
2916 2230 3246 2302 accingitur,
3275 2232 3470 2287 divino

1844 2315 2215 2374 inflammante
2243 2317 2475 2390 Spiritu,
2509 2331 2734 2391 repente
2762 2322 2830 2376 ad
2861 2322 3148 2392 spirituale
3174 2331 3461 2378 certamen

1844 2409 2086 2467 fervidus
2125 2411 2436 2468 animatur!
2475 2413 2519 2470 Ο
2548 2428 2720 2469 novus
2743 2425 2796 2470 et
2838 2415 3282 2487 incomparabilis
3333 2416 3471 2481 tiro;

1841 2501 1958 2571 qui,
2006 2501 2057 2557 in
2109 2502 2228 2573 ipso
2270 2503 2504 2560 tirocinii
2537 2506 2621 2561 sui
2655 2506 2810 2562 initio
2854 2507 3065 2564 medias
3105 2505 3466 2563 frementium

1844 2591 2084 2648 hostimn
2129 2603 2380 2650 catervas
2430 2595 2763 2665 irrumpens,
2818 2596 2872 2651 in
2932 2597 3112 2670 ipsum
3164 2606 3460 2670 tyrannum

1841 2680 2245 2753 imperterritus
2275 2685 2454 2752 irruit,
2504 2696 2557 2741 et
2598 2686 3025 2744 commilitonem
3055 2703 3215 2744 suum
3259 2689 3326 2745 de
3362 2688 3467 2744 sub

1842 2774 1974 2844 ipsis
2009 2775 2397 2833 trucidantium
2437 2778 2633 2850 gladiis
2670 2779 2924 2836 liberavit
2951 2780 2964 2835 l
2993 2781 3192 2837 Doctus
3239 2790 3294 2836 ct
3342 2780 3461 2836 fer-

1841 2867 2194 2924 ventissimus
2237 2869 2394 2926 miles
2431 2869 2661 2938 Christi,
2708 2872 2761 2928 in
2803 2873 3019 2928 hostem
3071 2873 3336 2943 impetum
3383 2871 3465 2928 fa-

1841 2957 2012 3028 ciens,
2046 2959 2243 3031 repulit
2273 2960 2656 3031 captivum,ad
2679 2977 2738 3020 se
2767 2963 2976 3020 socium
3002 2964 3188 3028 traxit,
3217 2973 3273 3021 et
3295 2963 3466 3019 detri-

1842 3060 2085 3106 mentum
2115 3068 2227 3108 surc
2258 3052 2464 3108 militiae
2492 3055 2746 3111 restituto
2776 3055 2949 3111 milite
2985 3056 3280 3126 reparavit.

1915 3140 2281 3199 Considerare
2337 3142 2502 3212 libet,
2561 3143 2761 3203 fratres
2811 3146 3159 3214 cbarissimi,
3223 3155 3463 3203 mentem

139 3239 516 3305 convenimus,
544 3249 599 3295 et
629 3241 1005 3297 admirabilem
1033 3240 1381 3313 triumphalis
1407 3257 1599 3312 pugnae
1628 3242 1738 3298 vic-
1767 3233 1812 3295 Ο
1843 3233 1990 3290 beati
2036 3235 2224 3290 Vilalis
2272 3247 2512 3306 quantus
2560 3237 2726 3292 ardor
2771 3237 3060 3293 charitatis
3109 3237 3461 3305 accenderat,

136 3327 336 3382 loriam
369 3329 541 3385 oculis
556 3329 684 3386 fidei
706 3332 1055 3402 contemplati
1087 3348 1295 3388 sumus.
1324 3331 1570 3389 Vidimus
1593 3333 1736 3388 enim

140 3420 423 3489 antiquum
450 3423 742 3479 draconem
771 3439 897 3480 cum
923 3425 1149 3480 homine
1182 3425 1474 3494 congredi;
1509 3425 1742 3481 vidimus

140 3522 468 3564 venenosam
530 3511 853 3569 civilitatem
909 3513 1151 3571 melioris
1212 3515 1484 3585 serpentis
1539 3517 1739 3572 astutia

137 3603 422 3671 superari;
458 3604 696 3660 vidimus
732 3605 884 3661 illum
939 3609 1031 3678 qui
1089 3607 1310 3663 vincere
1337 3616 1738 3674 consueverat,

138 3696 416 3751 enervitcr
465 3697 697 3762 cedere;
743 3699 980 3755 vidimus
1010 3714 1137 3757 eum
1187 3700 1282 3771 qui
1317 3709 1626 3772 prostratus
1648 3698 1737 3769 ja-

133 3796 346 3852 cucrat,
372 3789 577 3860 ereptis
603 3789 793 3860 spoliis
820 3791 887 3845 de
912 3791 1241 3861 triumphato
1267 3792 1424 3847 hoste
1449 3792 1735 3846 victoriam

135 3892 439 3950 reportare.
482 3884 632 3940 Illinc
667 3884 1051 3955 perspeximus
1081 3885 1387 3956 rugientem
1429 3883 1641 3940 leonem
1681 3885 1736 3940 in

133 3971 340 4028 Christi
364 3989 580 4046 gregem
605 3976 919 4032 immaniter
937 3975 1204 4042 fremere;
1224 3977 1354 4032 hinc
1375 3994 1508 4033 vero
1536 3993 1736 4033 novum

132 4060 308 4117 David
335 4073 547 4135 raptam
571 4081 727 4121 ovem
765 4068 829 4121 de
858 4068 1102 4123 cruentis
1131 4067 1432 4123 avidissimi
1466 4069 1738 4138 praedonis

131 4150 390 4249 dentibus
448 4156 700 4214 liberare.
769 4159 862 4215 llle
924 4159 1193 4249 siquidem
1255 4160 1428 4216 aridis
1487 4161 1736 4218 faucibus

133 4245 359 4302 inhians
390 4250 688 4305 humanum
717 4245 1042 4322 sanguinem
1070 4252 1390 4318 sitiebat,et
1420 4265 1609 4324 aperto
1623 4272 1737 4312 sua:

130 4338 359 4394 malitia:
381 4349 600 4410 gutture
622 4358 777 4398 ovem
802 4341 1004 4399 Christi
1033 4344 1301 4416 deglutire
1319 4344 1432 4414 jam
1461 4358 1730 4418 coeperat;

130 4427 241 4483 iste
291 4445 419 4486 vero
475 4432 656 4504 gladio
707 4434 970 4505 spiritus,
1023 4436 1168 4506 quod
1217 4444 1302 4493 est
1350 4439 1578 4494 verbum
1637 4440 1733 4497 Dei

128 4516 356 4588 (ls‘pftes.
390 4521 489 4592 vt),
512 4522 632 4593 ejus
678 4540 772 4579 ora
827 4525 1179 4596 transfigens,
1225 4535 1440 4599 captam
1493 4530 1733 4598 praedam

128 4609 402 4667 violenter
425 4613 626 4684 eripuit
649 4624 704 4670 et
724 4632 820 4686 per
844 4616 1114 4684 foramen,
1139 4619 1282 4688 quod
1311 4619 1364 4672 in
1391 4620 1610 4674 maxilla
1635 4621 1735 4677 Le-
1763 4600 1814 4659 D

129 4700 360 4757 viathan
403 4702 642 4771 fecerat,
676 4706 743 4761 ab
769 4708 884 4775 ipso
927 4721 1065 4779 pene
1122 4709 1315 4764 mortis
1365 4709 1627 4766 barathro
1665 4715 1733 4768 ad

129 4791 261 4846 vitze
291 4809 492 4864 pascua
527 4798 820 4853 revocavit.
863 4798 1017 4856 Unde
1067 4801 1205 4856 bene
1252 4801 1318 4856 ad
1361 4800 1582 4856 beatum
1631 4801 1734 4858 Job

128 4897 268 4938 voce
299 4884 580 4942 Dominica
615 4887 855 4944 dicitur:
894 4908 912 4941 ι
955 4888 1208 4962 Nunquid
1236 4891 1449 4945 armilla
1482 4891 1733 4963 perfora-

124 4973 217 5028 bis
248 4976 524 5032 maxillam
552 4977 894 5035 Leviathan?
925 4981 1046 5051 (Job
1071 4981 1184 5052 ιι..)
1216 5002 1234 5035 ι
1283 4980 1390 5037 Per
1430 4981 1732 5038 Leviathan

124 5066 357 5141 quippe,
390 5070 483 5139 qui
513 5070 934 5127 additamentum
959 5090 1140 5128 eorum
1166 5075 1387 5141 dicitur,
1419 5083 1615 5131 cautus
1642 5076 1734 5132 ille

124 5157 431 5216 devorator
468 5163 691 5220 humani
727 5165 941 5235 generis
983 5167 1324 5239 designatur,
1364 5169 1480 5238 qui,
1506 5170 1632 5224 dum
1676 5185 1736 5226 se

124 5249 478 5310 divinitatem
501 5254 707 5312 homini
742 5258 943 5314 addere
974 5261 1301 5330 spopondit,
1349 5262 1735 5319 immortalita-

124 5350 242 5396 tem
281 5345 532 5412 sustulit;
578 5348 669 5418 qui
698 5350 1171 5419 praevaricationis
1208 5367 1427 5424 quoque
1476 5353 1690 5426 culpam
1720 5396 1734 5420 ,

121 5447 296 5501 quam
325 5435 502 5505 primo
542 5439 748 5495 homini
772 5443 1103 5515 pr0pinavit,
1131 5445 1257 5499 dum
1284 5460 1343 5500 se
1373 5447 1734 5515 sequentibus

124 5522 372 5591 pessima
423 5530 778 5594 persuasione
833 5533 1192 5602 multiplicat,
1253 5549 1444 5604 ptenas
1490 5537 1570 5591 eis
1618 5537 1736 5594 sine

123 5614 439 5671 cessatione
523 5633 834 5678 coacervat.
917 5623 1144 5680 Armilla
1227 5626 1393 5697 igitur
1474 5628 1738 5686 Dominus

122 5718 232 5772 per
301 5706 505 5766 electos
565 5727 695 5768 suos
752 5715 1028 5772 maxillam
1089 5717 1390 5775 Leviathan
1452 5720 1734 5791 perforat,

119 5797 242 5870 85
283 5804 408 5873 quia
458 5806 711 5864 ineffabili
764 5812 1152 5870 misericordiae
1200 5831 1312 5871 suae
1357 5816 1594 5886 potentia
1626 5833 1739 5873 ma-

1845 3329 1960 3398 qui,
1987 3337 2046 3382 ut
2085 3327 2340 3383 fraternae
2367 3328 2526 3384 saluti
2564 3329 2900 3398 consuleret,
2937 3331 3156 3387 sibimet
3183 3331 3286 3401 ipsi
3312 3332 3462 3402 peri-

1845 3420 2027 3475 culum
2071 3436 2174 3475 non
2229 3422 2457 3477 timebat
2513 3422 2700 3480 Balteo
2736 3424 3006 3494 siquidem
3039 3424 3265 3479 militari
3316 3440 3459 3496 prte-

1845 3515 2075 3576 cinctus.
2131 3514 2296 3569 claris
2348 3515 2555 3570 militia:
2595 3516 2765 3572 titulis
2793 3516 3102 3589 insignitus,
3158 3518 3211 3572 in
3260 3517 3459 3572 ordine

1844 3609 2088 3678 equitum
2145 3609 2402 3678 scriptus,
2437 3609 2727 3682 chlamyde
2775 3609 2970 3666 bellica
3023 3611 3347 3676 decoratus,
3394 3611 3464 3665 de

1844 3701 2139 3771 semetipso
2176 3701 2435 3756 manebat
2477 3703 2702 3756 omnino
2744 3717 2993 3758 securus.
3052 3700 3164 3759 Sed
3205 3718 3333 3757 cum
3380 3703 3465 3757 vi-

1843 3790 2000 3845 deret
2041 3789 2317 3846 interioris
2350 3791 2556 3847 militiae
2588 3793 2798 3849 socium
2831 3793 2886 3848 in
2931 3795 3291 3850 tentationum
3321 3794 3463 3849 bello

1843 3884 2245 3954 deprehensum
2293 3885 2394 3940 sub
2442 3884 2714 3955 ingruenti
2759 3884 2992 3943 telorum
3045 3887 3310 3956 grandine
3346 3887 3464 3957 jam

1842 3974 2098 4041 deficere,
2145 3984 2203 4032 ct
2246 3975 2450 4031 amisso
2495 3975 2773 4046 patientiae
2818 3976 3010 4049 clypeo
3058 3992 3224 4046 super
3256 3974 3464 4032 nudum

1842 4064 2070 4120 hostiles
2103 4064 2314 4136 gladios
2343 4066 2651 4132 imminere,
2686 4066 2940 4139 protinus
2972 4067 3024 4120 in
3058 4067 3294 4121 medium
3333 4081 3466 4139 pro-

1841 4156 1976 4222 silit,
2007 4165 2063 4212 et
2093 4157 2449 4228 semetipsum
2479 4157 2725 4228 periculo
2753 4157 2947 4213 mortis
2973 4155 3194 4226 objecit,
3213 4157 3465 4212 imitatus

1840 4249 2228 4320 imperatorem
2268 4265 2450 4307 suum.
2498 4248 2754 4304 videlicet
2799 4249 3024 4305 humani
3078 4239 3301 4320 generis
3352 4247 3464 4304 Re-

1839 4343 2204 4414 demptorem,
2228 4341 2342 4414 qui,
2373 4349 2432 4396 ut
2463 4356 2560 4397 nos
2589 4342 2918 4406 viveremus,
2953 4349 3187 4396 mortem
3215 4340 3462 4411 pertulit,

1837 4444 1913 4499 ct,
1964 4445 2024 4489 ut
2063 4449 2162 4489 nos
2191 4435 2258 4490 de
2298 4434 2433 4503 jugo
2469 4433 2756 4488 diabolicae
2787 4433 3075 4504 potestatis
3117 4432 3380 4512 eriperet,
3431 4449 3463 4486 a

1839 4525 2106 4582 membris
2127 4524 2327 4581 diaboli
2357 4541 2416 4580 se
2439 4525 2684 4596 crucifigi
2713 4525 2982 4595 permisit.
3010 4524 3214 4579 Aderat
3238 4523 3460 4593 quidem

1841 4631 2072 4687 corpore
2125 4617 2178 4672 in
2233 4615 2499 4686 obsequio
2550 4616 2882 4682 consularis.
2940 4625 3122 4672 mente
3169 4630 3301 4671 vero
3346 4615 3461 4685 jam

1843 4705 2148 4764 transierat‘
2175 4707 2242 4762 ad
2277 4707 2529 4762 militiam
2567 4706 2865 4763 Creatoris.
2900 4706 3219 4777 Accipiebat
3264 4705 3334 4760 ab
3371 4703 3466 4762 illo

1842 4801 2129 4872 praesentis
2159 4800 2285 4856 vita:
2313 4800 2668 4872 stipendium,
2699 4799 3055 4871 exspectabat
3091 4797 3161 4854 ab
3200 4799 3302 4852 isto
3332 4812 3460 4867 per-

1842 4905 2066 4966 petuum
2104 4895 2301 4950 futura:
2337 4893 2697 4950 beatitudinis
2733 4893 3152 4963 municipatum.
3182 4891 3464 4961 Suscipie-

1842 4987 1935 5042 bat
1982 4987 2053 5040 ab
2088 4985 2179 5040 illo
2210 4986 2551 5048 donativum,
2593 4983 2740 5055 quod
2789 4981 3170 5054 temporaliter
3201 4979 3461 5061 videbat;

1839 5078 2099 5148 sperabat
2142 5077 2210 5133 ab
2256 5077 2361 5132 isto
2404 5076 2679 5142 bravium,
2725 5075 2870 5146 quod
2917 5075 3147 5131 necdum
3199 5087 3464 5145 percurso

1840 5168 2017 5223 stadio
2058 5167 2244 5224 videre
2276 5185 2382 5224 non
2425 5177 2637 5239 poterat
2672 5207 2689 5234 ,
2741 5168 2932 5224 dicens
2977 5181 3104 5222 cum
3151 5165 3460 5236 Apostolo:

1846 5279 1863 5311 ‹
1902 5258 2021 5314 Non
2044 5257 2544 5332 contemplantibus
2568 5259 2724 5316 nobis
2749 5275 2872 5331 qua:
2900 5259 3174 5315 videntur.
3201 5258 3310 5314 Sed
3341 5274 3463 5330 qua:

1841 5337 2097 5406 videntur
2127 5350 2448 5420 temporalia
2479 5359 2628 5417 sunt,
2662 5365 2785 5421 quae
2823 5359 3008 5406 autem
3057 5364 3164 5404 non
3202 5349 3465 5404 .vidcntur

1840 5451 2043 5498 mterna
2094 5453 2223 5500 sunt
2249 5443 2333 5515 (Il
2366 5443 2492 5500 Cor.
2522 5446 2619 5515 tv).
2657 5465 2676 5498 ι
2706 5443 3014 5501 Exhibebat
3045 5443 3118 5498 illi
3153 5441 3317 5498 cilicii
3355 5442 3462 5495 mi-

1843 5536 2018 5592 litaris
2048 5539 2411 5608 obsequium;
2450 5539 2710 5594 servabat
2752 5537 2841 5593 isti
2891 5527 3168 5592 immobile
3203 5534 3465 5604 perfecta:

1844 5629 1966 5685 fidei
1994 5628 2427 5695 fundamentum,
2452 5629 2896 5698 eustodieusjam
2917 5629 3268 5701 Evangelium
3294 5625 3459 5681 illud:

1847 5740 1864 5772 ι
1920 5721 2148 5777 Reddite
2177 5738 2298 5795 qua:
2327 5734 2453 5779 sunt
2487 5723 2742 5789 Caesaris,
2785 5722 3030 5788 Cresari;
3075 5735 3129 5777 et
3169 5737 3292 5792 quae
3330 5729 3465 5776 sunt

1846 5815 1963 5883 Dei,
2004 5817 2113 5874 Deo
2155 5813 2306 5886 (Luc.
2345 5816 2457 5889 xx).
2499 5835 2516 5870 ι
2554 5814 2599 5872 0
2630 5833 2794 5887 quatn
2838 5815 3034 5872 efficax
3080 5824 3134 5870 et
3181 5813 3301 5870 viva
3357 5827 3458 5868 vox
