5232 6522
1810 486 1914 541 593

1809 601 1875 654 de

1810 688 1923 758 86
1954 687 2160 739 ﬂamma
2184 682 2249 735 de
2270 689 2525 749 vaporato
2550 676 2665 744 ejus
2694 686 2909 743 pectore
2929 671 3199 727 :estuavit!
3237 668 3375 731 Noli,

1818 778 1945 840 ioli,
1989 774 2174 843 inquit,
2209 771 2454 827 Ursicine
2483 769 2706 829 medice,
2737 766 2825 835 qui
2857 764 2987 817 alios
3025 775 3213 815 curare
3251 774 3377 813 con-

1812 863 2054 925 suevisti,
2090 873 2140 916 te
2172 862 2344 930 ipsum
2379 870 2592 913 ceternce
2638 856 2823 909 IliOl‘iiS
2849 853 3028 920 jacqu
3070 851 3371 903 vulnerare.

1815 955 1919 1007 Nec
1956 955 2007 1006 in
2040 952 2297 1007 auditoris
2326 966 2421 1005 cor
2468 948 2653 1016 frigida
2684 947 3002 999 descendere
3039 942 3223 1010 potuit.
3256 954 3377 1009 quze

1814 1059 1907 1111 per
1936 1042 2323 1097 exhortationis
2352 1040 2508 1093 verba
2541 1054 2603 1093 ex
2639 1040 2751 1106 ipro
2782 1037 3011 1105 Spiritus
3040 1034 3205 1086 sauczi
3258 1033 3375 1099 igne

1816 1134 2094 1203 processit.
2120 1132 2355 1186 Audiens
2382 1132 2523 1183 enim
2555 1130 2665 1182 haec
2699 1126 2991 1185 Ursicinus,
3022 1138 3156 1190 genu
3180 1122 3374 1188 posito,

1816 1226 2191 1293 spiculuorem
2239 1231 2299 1277 ut
2344 1222 2526 1277 feriret
2569 1222 2830 1279 hortatur,
2902 1231 3064 1283 agens
3113 1212 3371 1281 panitet:-

1816 1314 1941 1367 tiam
1970 1314 2112 1382 quod
2139 1312 2437 1381 expavisset
2459 1309 2655 1363 Christi
2686 1306 3018 1374 martyrium.

1885 1402 1990 1457 Sed
2030 1403 2152 1455 dum
2188 1402 2324 1455 beati
2378 1398 2608 1455 Ursicini
2651 1397 2829 1464 lapsus
2868 1395 3098 1453 auditur,
3143 1391 3370 1459 alicujus

1815 1495 2027 1547 auinms
2069 1493 2298 1547 fortasse
2328 1499 2571 1545 movetur
2602 1504 2700 1541 cur
2736 1487 3074 1556 omnipotens
3111 1484 3250 1536 Deus
3278 1499 3371 1535 eos

1809 1600 1944 1654 quos
1978 1586 2029 1639 in
2062 1596 2378 1654 perpetuum
2411 1582 2590 1651 elegit,
2626 1596 2762 1649 quos
2804 1594 2899 1647 per
2924 1575 3368 1632 abundantiorem

1808 1677 2035 1744 gratiam
2062 1676 2223 1730 etiam
2252 1675 2318 1728 ad
2365 1675 2606 1727 matztrii
2655 1674 2865 1725 culmen
2911 1669 3153 1728 assumit.
3189 1668 3240 1719 in
3283 1681 3369 1733 pe-

1811 1766 2027 1821 rieulosi
2061 1766 2268 1820 timoris
2313 1765 2623 1833 voraglnem
2674 1764 2863 1816 cadere
2906 1760 3222 1826 impediente
3253 1772 3367 1808 rar-

1811 1857 1896 1909 ttis
1925 1856 2235 1909 infirmitate
2262 1856 2545 1923 permittit.
2588 1852 2758 1911 l'ude,
2784 1853 2903 1919 quia
2934 1849 3179 1903 satisﬁeri
3206 1848 3364 1899 citius

2342 480 2399 536 S.
2438 478 2639 534 ιιιῑτιιι
2682 471 2960 532 υΑΜΙᾹΝΙ
2998 469 3147 527 οιιυ.
3191 466 3369 523 PARS
3409 464 3540 521 SEU
3589 462 3821 520 τοιιυδ
3849 462 3909 517 ll.
3954 492 4017 503 -ι
4054 459 4435 519 εειιιιοδῑει

1919 596 2035 665 ejus
2062 611 2155 650 ore
2190 600 2311 647 tunc
2356 606 2451 659 pro
2472 590 2581 643 liit!
2636 601 2796 656 quam
2846 584 3047 639 fervida
3097 580 3376 635 cltaritatis
3403 582 3451 640 Α
3480 577 3657 637 verbo,
3699 577 3825 645 fugit
3865 576 4037 637 Elius;
4080 584 4133 629 et
4175 572 4327 644 fugit.
4362 588 4463 626 non
4502 588 4626 635 uno,
4663 585 4767 624 neu
4814 571 5033 626 duobus.

521 9 4549 132 ψ

4943 457 5037 511 ἕῡῧ

3480 682 3583 719 non
3616 667 3783 719 tribus
3834 667 4040 725 diebus,
4091 666 4182 719 sed
4235 667 4410 733 potius
4457 663 4813 733 quadraginta
4852 664 5032 718 diebus

3479 767 3529 808 et
3557 756 3910 824 quadraginta
3936 756 4211 808 noctibus!
4247 754 4522 821 Ingressus
4549 755 4690 808 enim
4719 770 4898 808 sermo
4926 772 5033 806 nm-

3480 845 3620 897 licris
3650 844 3699 896 in
3743 860 3837 895 cor
3883 846 3999 912 ejus
4046 845 4197 912 quasi
4245 845 4463 911 quidam
4508 844 4716 910 gladius
4753 842 4947 903 fuerat,
4986 856 5037 898 et

3478 934 3674 985 amisso
3707 934 3929 985 rationis
3968 934 4192 986 consitio
4220 933 4345 999 quid
4374 931 4481 1002 87
4514 941 4697 1001 ageret
4748 931 5033 985 nesciebat.

3478 1020 3630 1073 Tanti
3665 1020 3871 1073 itineris
3903 1021 4075 1089 spatio
4104 1030 4246 1074 metu
4274 1023 4580 1087 exagitante
4602 1018 4857 1086 iactatus,
4900 1018 5035 1071 velut

3475 1124 3594 1163 cum
3632 1109 3868 1161 secundo
3911 1111 4101 1161 talibus
4138 1124 4296 1163 cursu
4330 1108 4570 1177 impulsa:
4599 1108 4751 1161 navis
4792 1107 5035 1160 arborem

3475 1214 3537 1253 ex
3588 1201 3816 1253 adverso
3870 1202 4025 1253 turbo
4078 1201 4339 1267 corripuit
4391 1204 4756 1269 impetumque
4809 1197 5034 1259 reﬂexit,

3476 1292 3545 1343 ita
3578 1293 3851 1358 prophetm
3888 1292 4124 1345 animum
4157 1291 4369 1343 virtutis
4400 1291 4516 1343 velo
4546 1290 4891 1359 navigantem
4920 1305 5035 1341 mu-

3475 1382 3618 1433 lieris
3648 1384 3869 1447 perculit
3894 1399 4089 1445 sermo,
4127 1390 4397 1450 totamque
4430 1370 4546 1448 eius
4578 1379 4755 1435 navim
4785 1394 4881 1448 per
4918 1394 5034 1432 om-

3474 1490 3565 1526 nes
3616 1474 3915 1526 formidinis
3965 1474 4189 1537 ﬂuetus,
4246 1474 4457 1528 turbato
4505 1482 4737 1531 rectore,
4790 1468 5030 1537 iactavit.

3472 1567 3606 1629 Quid
3636 1582 3760 1633 ergo
3788 1576 3863 1625 tu,
3895 1566 4046 1618 Elia?
4078 1565 4156 1618 Tu
4186 1565 4329 1617 enim
4368 1578 4428 1619 es
4455 1564 4544 1632 qui
4576 1562 4739 1616 verbo
4762 1562 5034 1615 ctauseras

3472 1657 3662 1707 cu-lum
3688 1666 3741 1708 et
3772 1656 4119 1707 fraudaverat
4146 1654 4367 1714 itttit‘CS.
4402 1653 4493 1721 qui
4533 1653 4888 1705 mandaveras
4928 1649 5033 1721 aeri

3470 1756 3517 1795 et
3552 1745 3761 1795 divinos
3795 1746 3943 1809 ignes
3989 1744 4277 1801 eduxeras.
4310 1744 4399 1810 qui
4441 1741 4602 1794 falsos
4629 1738 4923 1793 sa'uhriter
4953 1720 5033 1790 in;

3471 1836 3635 1887 tet-fici
3670 1835 3901 1897 iusseras
3932 1834 4260 1893 sacerdotes,
4290 1834 4376 1901 qui
4408 1839 4727 1885 constanter
4750 1830 4803 1882 in
4838 1828 5033 1882 faciet:

1809 1945 2119 2007 credimus,
2176 1946 2408 1997 breviter
2466 1942 2867 2010 respondemus.
2924 1940 3105 1992 Sancti
3161 1936 3360 1989 etenim
3398 1929 3867 1993 BC\P“’1"“0""5

2966 1940 3105 1992 anui
3161 1936 3360 1989 etenim
3398 1929 3442 1990 Β
3470 1930 3867 1993 ριρτυιιςιιηιτιπις
3903 1941 4080 1991 regem
4112 1926 4254 1993 quod
4288 1926 4399 1991 ipse
4437 1934 4490 1977 et
4517 1922 4710 1976 domus
4740 1936 4837 1975 sua
4864 1935 5032 1989 popu-

1806 2034 1926 2093 viri,
1956 2034 2044 2101 qui
2074 2049 2170 2101 per
2197 2033 2360 2087 divini
2395 2033 2629 2084 numeris
2655 2031 2880 2098 gratiam
2924 2030 2985 2081 ad
3019 2028 3363 2097 perfertimiis

1802 2124 2011 2178 culmen
2064 2124 2363 2188 elevantur,
2408 2124 2640 2191 quantliu
2697 2123 2747 2175 in
2796 2123 2893 2175 hac
2946 2124 3049 2174 vita
3102 2131 3249 2178 sunt,
3299 2135 3362 2170 ne

1801 2212 1977 2281 aliqua
2011 2213 2239 2266 elatione
2276 2213 2621 2280 superbiant,
2672 2211 2991 2279 quibusdam
3049 2210 3359 2260 tentatuiui-

1799 2300 1900 2354 lms
1933 2301 2315 2369 reprimuntur,
2367 2309 2425 2353 ut
2472 2314 2809 2367 nequaquam
2861 2308 3066 2351 tantum
3104 2298 3362 2365 proficere

1800 2391 2012 2444 valeant
2050 2398 2307 2457 quantum
2352 2391 2553 2443 volunt.
2597 2388 2668 2442 Ne
2710 2389 2872 2455 igitur
2916 2387 3242 2441 estolIantur
3270 2402 3364 2453 per

1798 2478 2063 2545 superbiai
2089 2480 2296 2540 vitium,
2329 2488 2385 2533 nt
2425 2479 2475 2531 in
2517 2478 2595 2531 eis
2625 2478 2867 2545 quedam
2916 2492 3164 2529 mensura
3197 2478 3363 2528 vittu-

1799 2578 1927 2620 tnm.
1963 2567 2096 2620 iiinc
2125 2576 2209 2621 est
2247 2568 2387 2621 enim
2420 2568 2559 2635 quod
2597 2565 2759 2627 filias,
2799 2566 2921 2617 dum
2964 2574 3039 2615 tut
3077 2563 3363 2616 virtutibus

1798 2655 1850 2707 in
1882 2655 1986 2707 alta
2018 2654 2354 2725 profecisset,
2388 2656 2617 2724 quadam
2648 2669 2897 2708 mensura
2930 2666 3225 2720 suspensus
3252 2661 3357 2711 est,

1796 2744 1921 2798 dum
1967 2744 2293 2809 Jezabelem,’
2338 2746 2580 2814 quamvis
2622 2745 2881 2813 reginam,
2918 2752 3096 2795 tamen
3147 2742 3361 2793 mulier-

1796 2831 1971 2887 culam
2014 2833 2147 2904 fugit
2185 2834 2305 2903 (ΙΙΙ
2351 2833 2467 2903 Reg.
2517 2836 2651 2902 snt).
2687 2833 2964 2902 Perpendo
2994 2832 3188 2900 quippe
3220 2832 3361 2884 hunc

1798 2922 1947 2976 mira:
1996 2921 2211 2977 virtutis
2264 2923 2435 2976 virum
2488 2923 2662 2991 ignem
2712 2922 2777 2975 dc
2828 2920 2965 2975 cmlo
3019 2922 3256 2981 trahere,
3308 2930 3362 2973 et

1794 3012 2035 3065 secundo
2060 3012 2551 3081 quinquagenarios
2584 3013 2729 3065 viros
2752 3028 2871 3064 eum
2900 3012 3010 3066 suis
3039 3013 3360 3081 sequacibus

1792 3102 2053 3169 petitione
2102 3102 2283 3157 subita
2330 3116 2676 3157 concremare
2729 3101 2847 3167 (ιγ
2896 3101 3022 3171 Reg.
3081 3104 3142 3169 t),
3196 3105 3359 3156 verho

1790 3189 1957 3244 caelos
2010 3191 2077 3243 ad
2130 3191 2338 3260 pluvias
2387 3192 2634 3260 aperire,
2688 3199 2928 3244 mortuos
2981 3192 3355 3251 suscitantem,

3471 2020 3576 2068 lum
3614 2020 3803 2067 evertit
3833 2017 4013 2075 Israel,
4040 2018 4127 2083 qui
4156 2017 4409 2070 dixeras:
4455 2034 4471 2063 ι
4506 2013 4648 2068 Vivit
4675 2014 4957 2073 Dominus.
4990 2014 5033 2067 si

3466 2110 3567 2157 crit
3599 2108 3808 2173 pluvia,
3841 2117 3931 2157 aut
3984 2122 4090 2167 ros,
4146 2106 4245 2159 nisi
4298 2106 4350 2157 in
4390 2106 4552 2159 verbo
4583 2104 4696 2158 oris
4749 2105 4854 2158 mei
4904 2100 5031 2169 (111

3468 2195 3587 2263 firg.
3641 2196 3793 2255 xvn‘i,
3824 2214 3842 2247 ι
3897 2198 3986 2263 qui
4034 2196 4249 2249 domum
4296 2195 4485 2257 viduzr,
4538 2196 4811 2263 spicarum
4854 2208 5033 2249 aream

3464 2296 3517 2339 et
3567 2290 3799 2339 lmt‘uiur
3847 2287 4051 2340 feceras
4088 2288 4226 2347 olet,
4274 2288 4362 2354 qui
4403 2286 4455 2339 in
4495 2286 4746 2339 omnibus
4802 2285 5031 2354 impera-

3466 2390 3622 2427 veras
3671 2376 3983 2438 elementis,
4026 2388 4329 2428 sermonem
4378 2388 4517 2426 lttlttc
4568 2387 4802 2443 espaves
4853 2386 5031 2427 mereo

3465 2472 3647 2525 tricis?

3532 2564 3666 2628 Quid
3700 2578 3826 2629 ergo
3857 2564 4073 2623 mirum,
4109 2562 4303 2615 fratres
4335 2562 4461 2623 mei,
4488 2562 4532 2615 ai
4571 2569 4693 2629 post
4724 2560 4890 2612 nimia
4928 2569 5031 2612 tor-

3462 2665 3638 2706 meuta
3669 2654 3854 2705 beatus
3888 2651 4167 2707 Ursicinus
4193 2650 4427 2720 gladium
4465 2648 4764 2703 consularis
4794 2650 5029 2715 expavit,

3462 2743 3895 2811 quandoquidem
3928 2742 4040 2811 ipse
4077 2741 4305 2795 eximius
4332 2741 4711 2809 prophetarum
4739 2737 4912 2799 Efias,
4944 2738 5027 2790 vix

3463 2834 3619 2886 alicui
3652 2834 3823 2900 impar
3850 2841 4189 2893 sanctorum,
4232 2844 4337 2884 non
4373 2830 4492 2891 viri,
4520 2830 4615 2883 sed
4658 2828 4897 2890 feminas,
4929 2843 5030 2879 non

3464 2929 3576 2979 visu
3610 2928 3802 2995 gladio.
3835 2927 3926 2979 sed
3960 2925 4141 2978 audito
4172 2923 4438 2977 minarum
4472 2922 4637 2975 verbo
4659 2961 4671 2981 ,
4707 2929 4783 2973 tot
4825 2920 5031 2972 dierum

3461 3018 3729 3074 curriculo
3760 3017 3902 3069 velut
3933 3030 4126 3069 cervus
4159 3028 4445 3083 percussus
4474 3011 4669 3081 sagitta
4722 3009 5034 3063 formidinis

3462 3108 3627 3176 fugit?
3673 3106 3867 3171 Quanti
3910 3113 4089 3157 autem
4138 3102 4314 3157 meriti
4354 3100 4497 3154 Elias
4530 3098 4714 3162 fuerit,
4757 3100 4887 3151 hinc
4927 3099 5035 3150 cito

3462 3199 3744 3267 colligitur.
3773 3197 3814 3249 si
3854 3194 4159 3263 evangelica
4188 3192 4483 3246 auctoritas
4508 3189 4573 3243 de
4601 3204 4666 3242 eo
4691 3189 4756 3240 ad
4791 3190 5035 3240 testimo-

1789 3290 2014 3333 ventnra
2078 3296 2290 3350 quoque
2348 3281 2637 3350 prophetiae
2702 3281 2890 3348 Spiritu
2943 3282 3350 3348 prmvideutem.
3386 3263 3428 3319 (ἶ
3464 3263 3609 3344 ..ξηιπῆ
3639 3288 3855 3341 deducat

2968 3282 3350 3334 ιτιετίάειιιυπηο
3386 3263 3428 3319 C
3464 3263 3609 3344 niam
3639 3288 3952 3341 deducatur.
3984 3285 4062 3337 Ad
4093 3283 4408 3337 Zachariam
4450 3293 4681 3366 namque
4712 3278 4777 3331 de
4807 3276 5034 3332 Joannis

1793 3368 1900 3422 Sed
1933 3385 2119 3425 rursus
2169 3370 2350 3424 animo
2402 3371 2635 3423 occurrit
2691 3372 2852 3438 quia,
2903 3380 3185 3439 postquam
3241 3372 3352 3423 haec

1793 3459 1971 3513 omnia
2004 3460 2325 3513 mirabiliter
2355 3458 2496 3521 fecit,
2534 3460 2777 3513 muliebti
2808 3476 3002 3529 pavore
3040 3464 3357 3529 perterritus

1792 3559 1917 3605 ante
1953 3567 2112 3605 unam
2145 3551 2514 3605 mulierculam
2552 3547 2706 3619 fugit.
2744 3550 3037 3603 (Iousialero
3082 3551 3256 3602 virum
3291 3552 3357 3601 ti-

1794 3657 1944 3695 more
1990 3642 2297 3711 perculsum
2338 3644 2402 3695 de
2443 3656 2599 3694 manu
2648 3641 2856 3693 Domini
2906 3651 3130 3692 mortem
3180 3650 3357 3706 petere

1796 3746 1896 3785 nec
1936 3732 2200 3799 accipere,
2235 3731 2300 3785 de
2342 3747 2502 3785 manu
2548 3728 2788 3783 mulis-ris
2832 3739 3057 3783 mortem
3107 3728 3358 3797 fugiente

1797 3822 1989 3874 vitare.
2023 3822 2306 3888 Quaerebat
2357 3822 2499 3874 enim
2547 3829 2809 3879 mortem,
2857 3821 2980 3871 dum
3032 3818 3237 3887 fugcrct
3276 3819 3356 3871 di-

1793 3925 1924 3963 cens
1950 3927 1963 3962 :
1999 3930 2015 3960 ι
2045 3909 2255 3964 Sufficit
2284 3908 2712 3970 mihi,.D:uuiue,
2744 3908 2866 3962 tolle
2894 3908 3128 3960 animam
3158 3923 3351 3960 meam.

1798 3996 1979 4067 Neque
2028 3998 2169 4051 enim
2223 3998 2411 4051 melior
2460 4012 2574 4047 sum
2623 4012 2783 4064 quam
2829 4004 3007 4063 patres
3058 3996 3161 4047 mei
3216 3995 3353 4059 (111

1794 4085 1921 4155 Reg.
1954 4089 2027 4155 ι).
2054 4106 2071 4137 ι
2126 4086 2275 4142 Unde
2311 4101 2441 4153 ergo
2467 4087 2544 4139 sic
2572 4096 2758 4153 potens
2790 4094 2846 4138 ut
2878 4093 2952 4139 tot
2984 4085 3101 4139 illas
3135 4086 3358 4138 virtutes

1791 4178 1989 4231 faciat?
2027 4178 2176 4232 Unde
2219 4188 2324 4229 tam
2358 4178 2552 4231 chartis
2581 4175 2690 4230 Deo
2736 4185 2792 4227 nt
2832 4176 2992 4229 etiam
3027 4175 3253 4228 mortuis
3282 4175 3356 4227 ti-

1791 4276 1899 4320 tam
1930 4268 2198 4337 restituat,
2232 4268 2331 4319 nisi
2376 4266 2501 4334 quia
2533 4264 2798 4335 profundo
2838 4264 3033 4317 divina:
3070 4262 3351 4331 dispensat.

1794 4358 1955 4411 tionis
1998 4356 2228 4411 consilio
2272 4371 2538 4409 mensurae
2579 4355 2771 4409 occulti
2818 4354 3117 4409 libraminis
3164 4369 3355 4422 appen-

1786 4447 2009 4510 duntur,
2055 4456 2113 4499 ut
2153 4446 2249 4515 ipsi
2297 4460 2519 4499 summze
2566 4443 2842 4512 religionis
2880 4442 2979 4495 viri
3028 4451 3082 4495 et
3130 4444 3353 4494 multum

1784 4537 2005 4591 valeant
2051 4553 2145 4607 per
2189 4538 2419 4591 divinam
2445 4535 2761 4605 potentiam,
2798 4543 2853 4588 et
2901 4549 3088 4587 rursus
3123 4537 3353 4602 quadam

1786 4642 2039 4680 mensura
2079 4626 2338 4680 moderati
2382 4626 2490 4678 sint
2525 4639 2620 4691 per
2644 4622 3012 4677 infirmitatem
3058 4623 3253 4677 suam?
3299 4622 3352 4675 In

1787 4715 1892 4768 illis
1919 4731 2148 4783 namque
2194 4716 2480 4767 virtutibus
2507 4710 2652 4767 Elias
2675 4713 2800 4781 quid
2844 4712 2910 4765 de
2952 4712 3178 4767 Domino
3206 4727 3356 4767 acce-

1786 4815 1959 4875 perat,
2009 4808 2059 4858 in
2107 4806 2223 4860 istis
2274 4820 2397 4859 vero
2432 4803 2837 4857 infirmitatibus
2876 4803 3005 4873 quid
3034 4804 3100 4858 de
3126 4818 3183 4857 se
3210 4812 3355 4874 pote-

1788 4905 1896 4959 rat,
1943 4898 2281 4964 agnoscebat.
2326 4896 2415 4949 Illa
2460 4897 2691 4963 potentia
2739 4896 2909 4949 virtus
2955 4895 3200 4957 exstitit,
3251 4896 3351 4950 ista

1788 5002 1922 5043 vero
1957 4986 2242 5041 infirmitas
2268 4996 2448 5041 Custos
2492 4986 2703 5039 virtutis
2743 4986 2841 5039 fuit
2906 4986 2963 5040 In
3004 4986 3108 5041 illis
3135 4988 3350 5042 virtuti-

1789 5076 1889 5130 bus
1927 5076 2249 5131 ostendebat
2288 5074 2419 5143 quid
2462 5082 2763 5140 acceperat,
2815 5075 2866 5127 in
2913 5075 3030 5128 istis
3068 5076 3355 5131 virtutibus

1794 5168 1895 5221 hoc
1923 5169 2061 5234 quod
2092 5177 2378 5235 acceperat
2420 5164 2775 5217 eustoliebat.
2822 5163 2876 5216 In
2906 5163 3182 5217 miraculis
3211 5165 3353 5220 Elias

1790 5256 2210 5317 monstrabatur,
2239 5255 2289 5307 in
2340 5252 2740 5307 infirmitatibus
2787 5251 3125 5307 servabatur.
3172 5254 3357 5321 Scr‘p-

1793 5352 1903 5395 tum
1935 5345 2126 5411 quippe
2164 5352 2247 5395 est
2275 5341 2398 5409 quia
2447 5341 2581 5393 dixit
2626 5338 2837 5393 Jezabel
2866 5380 2878 5393 .
2933 5358 2951 5389 ι
2983 5338 3105 5395 ιιειτς
3154 5341 3357 5396 faciant

1792 5433 1922 5487 mihi
1956 5435 2046 5497 dii,
2080 5434 2273 5502 inquit,
2300 5441 2353 5486 et
2386 5433 2499 5485 haec
2543 5432 2757 5493 addant,
2788 5430 2889 5485 nisi
2936 5432 3036 5485 hac
3065 5433 3195 5486 hora
3228 5448 3352 5487 cras

1797 5539 2026 5591 posuero
2056 5525 2285 5578 animam
2320 5531 2463 5575 tuam
2495 5522 2629 5575 sicut
2660 5522 2893 5573 animam
2944 5522 3103 5575 unius
3132 5539 3195 5575 es
3227 5523 3351 5577 illis.

1799 5613 1866 5666 Et
1894 5613 2097 5665 audivit
2140 5612 2306 5675 Elias,
2348 5621 2404 5667 et
2450 5611 2645 5675 timuit,
2685 5624 2750 5663 ac
2797 5610 3004 5678 fugiens
3043 5612 3172 5665 abiit
3214 5628 3351 5679 quo-

1795 5717 2004 5770 cunque
2028 5718 2146 5755 cum
2178 5701 2385 5756 ferehat
2414 5712 2658 5755 vomntas
2697 5699 2904 5767 (lbid.).
2931 5718 2949 5751 ι
2982 5698 3027 5755 0
3050 5701 3351 5756 violentiam

1808 5794 1985 5845 verbi!
2025 5809 2057 5845 o
2104 5792 2400 5847 formidinis
2452 5792 2829 5845 eminentiam!
2877 5792 3068 5843 Audito
3118 5793 3353 5847 mulieris

3459 3378 3807 3446 promissione
3843 3374 4061 3444 angelus
4100 3374 4270 3426 dicit:
4322 3391 4338 3422 ι
4373 3371 4486 3441 Ipse
4517 3370 4781 3440 pratcedet
4818 3380 4949 3422 ante
4980 3370 5036 3419 il.

3458 3471 3566 3523 lum
3602 3467 3654 3520 in
3688 3468 3875 3535 sp’.ritu
3908 3474 3961 3517 et
3993 3465 4195 3517 virtute
4241 3462 4369 3516 Elite
4411 3459 4559 3529 (Lac.
4592 3464 4649 3525 t).
4684 3481 4702 3511 ι
4738 3458 4815 3513 De
4844 3459 5035 3511 eodem

3456 3574 3669 3628 quoque
3716 3556 3922 3609 Joanne
3971 3554 4231 3609 Dominus
4274 3561 4525 3611 testatur,
4568 3550 4795 3603 dicens:
4846 3569 4863 3598 ι
4896 3550 5039 3601 ΙΙΙΙιἿ⁹

3458 3658 3611 3700 natos
3643 3646 3925 3698 mulierum
3956 3660 4060 3697 non
4093 3643 4328 3697 surrexit
4359 3640 4528 3709 major
4550 3639 4758 3694 Joanne
4786 3639 5037 3706 Baptista

3458 3736 3667 3803 (Matth.
3706 3736 3800 3803 ιι).
3825 3771 3837 3784 .
3877 3733 3932 3785 Si
3959 3747 4088 3800 ergo
4125 3732 4264 3785 inter
4311 3730 4555 3784 homines
4604 3726 4777 3795 major
4826 3726 4985 3779 Joan:
5011 3744 5037 3777 c

3455 3841 3611 3880 nemo
3638 3825 3893 3887 surrexit,
3919 3826 4039 3891 quis
4063 3822 4234 3890 major
4258 3821 4494 3890 titia,qni
4513 3835 4673 3873 unam
4696 3820 4961 3873 virtutem
4988 3830 5041 3871 et

3455 3932 3617 3969 unum
3647 3930 3768 3968 entn
3799 3914 4007 3968 Joanne
4035 3913 4281 3980 spiritum
4311 3909 4532 3964 habuit?

3523 4008 3629 4062 Sed
3656 4009 3781 4061 dum
3829 4009 4103 4060 timentem
4138 4004 4441 4058 Ursicinum
4484 4002 4667 4055 limi-.lo
4693 3998 4809 4054 Elia
4844 4000 5035 4055 defcn-

3455 4098 3582 4151 dere
3633 4098 3877 4159 nititnur,
3918 4096 4083 4149 etiam
4124 4095 4409 4148 inllrmitaa
4438 4094 4630 4146 summi
4659 4093 4901 4159 pastoris
4938 4092 5035 4145 Et-

3456 4187 3631 4240 clesizr
3675 4187 3739 4239 ad
3772 4186 4086 4239 memoriam
4123 4192 4421 4237 revocatur.
4458 4180 4571 4235 Una
4607 4182 4749 4233 enim
4788 4182 5037 4233 mulieris

3438 4290 3582 4333 voce
3613 4276 3911 4342 perculsus,
3945 4274 4068 4326 dum
4102 4272 4233 4325 mori
4268 4272 4462 4333 titnuit,
4488 4271 4653 4323 vitam
4686 4270 4931 4337 negavit.
4970 4271 5031 4321 Et

3454 4376 3580 4419 tunc
3608 4364 3798 4418 Petrus
3836 4364 3888 4417 in
3935 4374 4076 4415 terra
4121 4361 4187 4416 de
4233 4360 4458 4415 Domino
4496 4357 4739 4428 proferre
4788 4360 5037 4411 testimo-

3455 4455 3602 4507 nium
3650 4470 3754 4507 non
3804 4454 4141 4523 praesumpsit
4187 4450 4419 4521 (lfnttft.
4468 4458 4665 4511 ssvu},
4716 4464 4841 4501 cum
4896 4448 5039 4500 latro

3456 4560 3578 4598 eum
3610 4544 3661 4597 in
3691 4560 3848 4597 cruce
3877 4544 4121 4597 confiteri
4168 4559 4271 4595 non
4305 4543 4479 4594 timuit
4515 4540 4663 4607 (Luc.
4698 4544 4877 4605 nm).
4912 4540 5029 4605 Qua

3459 4634 3509 4686 in
3560 4647 3619 4685 re
3671 4633 4120 4686 considerandum
4179 4629 4331 4683 nobis
4384 4637 4466 4682 est
4527 4644 4625 4680 cur
4686 4630 5037 4694 Otttnipotens

3460 4721 3598 4775 Deus
3626 4736 3746 4774 eum
3797 4736 3955 4789 quem
4004 4730 4211 4773 cunctze
4242 4718 4493 4772 Ecclesia:
4534 4715 4811 4783 prmﬁcere
4852 4718 5035 4781 disp.»

3456 4816 3583 4877 suit,
3612 4814 3819 4867 anciltte
3852 4828 4037 4865 vocem
4076 4811 4455 4880 pertimescere
4497 4816 4550 4861 et
4587 4822 4641 4861 se
4675 4820 4881 4873 negare
4915 4826 5033 4876 pcr-

3456 4906 3623 4959 misit.
3658 4904 3809 4970 Quod
3837 4904 3888 4957 ni
3914 4903 4087 4956 cirum
4119 4916 4324 4970 magna:
4355 4910 4530 4953 actqu
4564 4898 4781 4966 pietatis
4812 4899 5031 4963 dispen-

3455 4997 3676 5049 satione
3702 4994 4100 5064 cognoscimus.
4133 5000 4190 5044 ut
4220 4993 4284 5051 is,
4321 4989 4412 5058 qui
4451 4989 4663 5042 futurus
4693 4998 4813 5040 erat
4845 5002 5031 5055 pastor

3458 5086 3729 5147 Ecclesia,
3760 5086 3811 5137 in
3859 5100 3953 5138 sua
3999 5084 4152 5150 culpa
4198 5082 4430 5135 disceret
4458 5080 4689 5147 qualiter
4718 5078 4845 5131 aliis
4870 5086 5029 5132 mise~

3456 5179 3559 5231 reri
3600 5178 3892 5231 debuisset.
3939 5174 4094 5227 Prius
4140 5174 4321 5244 itaque
4370 5187 4493 5225 eum
4538 5169 4777 5223 ostendit
4828 5170 4935 5223 sibi
4978 5180 5029 5223 et

3456 5280 3579 5322 tunc
3604 5268 3897 5337 praeposuit
3920 5265 4133 5318 caeteris
4154 5304 4167 5327 ,
4191 5273 4249 5315 ut
4279 5278 4343 5317 ea
4366 5276 4463 5314 sua
4491 5258 4809 5313 infirmitate
4830 5276 5029 5328 cogno-

3455 5369 3628 5413 sceret
3655 5357 3884 5424 qualiter
3901 5354 4073 5409 alieua
4112 5352 4324 5406 infirma
4347 5350 4619 5404 toleraret.
4646 5348 4723 5400 Ad
4746 5348 5031 5429 haec-tiam

3456 5450 3732 5516 Scriptura
3759 5462 3910 5501 sacra
3946 5445 4180 5499 virorum
4230 5442 4437 5501 talium.
4464 5441 4515 5494 id
4539 5450 4643 5501 est,
4676 5438 4806 5492 Elim
4836 5452 4891 5493 et
4924 5438 5023 5491 Pc-

3460 5542 3522 5591 tri
3572 5540 3749 5607 lapsus
3796 5536 4036 5597 indicat,
4089 5544 4149 5587 ut
4190 5533 4346 5586 ruina
4398 5528 4662 5597 majorum
4714 5528 4789 5580 sit
4818 5530 5025 5581 cantet:

3458 5631 3749 5683 minorum.
3806 5628 3883 5680 Ad
3933 5626 4035 5681 hoc
4086 5638 4215 5678 vero
4257 5629 4566 5677 sanctorum
4600 5629 4653 5671 et
4706 5620 5025 5685 pcenitenm

3446 5704 3760 5775 insinuatur
3800 5730 3855 5772 et
3888 5717 4061 5779 venia,
4094 5726 4147 5768 ut
4181 5729 4305 5783 spes
4328 5713 4398 5768 sit
4422 5712 4768 5781 pereuntium
4802 5724 5019 5773 recupe-

3464 5813 3599 5866 ratio
3642 5810 3994 5875 perditorum.
4027 5803 4100 5860 De
4128 5811 4272 5859 statu
4300 5816 4430 5871 ergo
4460 5816 4555 5855 suo
4602 5799 4764 5855 Petro
4802 5798 5029 5853 caritate
