5232 6534
175 381 272 436 597

1553 365 1788 427 ΒΗΚ)Ιο
1827 364 1967 425 XVII
1995 370 2092 427 bis.

3361 372 3470 430 598

178 506 328 544 nemo
350 490 663 559 superbiat;
698 489 762 544 de
793 489 946 558 lapsu
974 488 1139 544 etiam
1168 502 1265 542 suo
1304 487 1469 542 Petro
1498 493 1758 558 surgente
1784 484 1830 546 Α
1859 485 2023 542 elatio
2051 485 2280 543 forsitan
2313 496 2598 558 potuisset,
2623 503 2746 558 quae
2773 486 2921 543 illum
2945 486 3116 543 multo
3138 488 3466 559 profundius

183 595 333 633 neum
355 580 626 649 desperet.

247 671 287 724 E
313 681 501 724 contra
532 711 546 734 ,
578 686 738 738 quatn
773 669 1096 724 mirabiliter
1133 669 1414 738 Scriptura
1463 667 1645 722 divina
1670 681 1760 720 su-

179 761 372 828 perbos
395 761 610 829 premit,
631 775 749 827 qum
766 759 1187 829 lmmileserigit.
1210 759 1378 814 Unam
1397 773 1630 825 namque
1646 771 1760 811 rem

177 860 386 918 gestam
412 850 612 913 retulit;
641 859 693 903 et
723 850 938 904 diverso
965 851 1124 904 modo
1159 851 1419 920 superbos
1445 849 1664 918 quidem
1693 847 1760 901 ad

179 941 496 994 humilitatis
511 938 881 1005 formidinem,
905 937 1136 996 lmmiles
1149 955 1278 1016 vero
1292 940 1358 994 ad
1377 942 1490 1010 spei
1508 938 1760 992 fiduciam

181 1031 472 1084 revocavit.
499 1029 875 1086 Intestimabile
904 1046 1097 1100 nempe
1118 1042 1201 1085 est
1231 1031 1334 1086 hoc
1365 1045 1564 1085 novum
1597 1027 1764 1082 medi-
1815 1028 1817 1031 ’

178 1122 405 1174 oznncnti
430 1136 622 1189 genus,
640 1123 780 1191 quod
804 1137 908 1176 uno
930 1124 1226 1196 eodemque
1245 1124 1433 1177 ordine
1456 1122 1687 1192 positum
1711 1128 1765 1173 et

179 1213 471 1280 premendo
527 1214 766 1268 exsiccat
814 1215 1015 1268 tumida
1046 1255 1058 1277 ,
1108 1224 1163 1268 et
1211 1214 1542 1268 sublevando
1587 1211 1765 1265 infun-

181 1301 260 1356 dit
302 1302 416 1372 88
470 1305 700 1358 arentia.
743 1303 818 1358 De
871 1303 1136 1370 majorum
1187 1319 1423 1373 namque
1470 1319 1567 1358 nos
1612 1303 1764 1372 lapsu

182 1395 396 1458 terruit,
446 1395 538 1449 sed
581 1397 644 1450 de
695 1396 1037 1464 reparatione
1087 1397 1379 1450 roboravit.
1435 1395 1526 1449 Sic
1569 1394 1767 1462 quippe

180 1496 411 1554 semper,
456 1485 535 1539 sic
570 1500 667 1538 nos
704 1485 897 1540 divinae
926 1485 1347 1555 dispensationis
1391 1485 1764 1539 misericordia

180 1584 236 1629 et
277 1578 651 1646 superbientes
697 1577 960 1646 reprimit,
1008 1586 1063 1632 et
1101 1593 1168 1632 ne
1209 1577 1276 1631 ad
1330 1577 1775 1647 desperationem

181 1681 497 1723 corruamus
528 1667 700 1723 fulcit.
741 1670 1098 1725 Considerare
1136 1670 1267 1724 libet
1316 1670 1453 1724 intra
1497 1670 1761 1724 munitum

178 1764 367 1835 gratiae
397 1763 571 1818 sinum
612 1773 816 1832 quanto
848 1764 986 1818 Deus
1015 1765 1404 1820 misericordia:
1436 1764 1618 1818 favore
1664 1778 1762 1818 nos

1864 588 2152 648 mergeret,
2179 579 2282 633 nisi
2310 595 2433 633 eum
2461 579 2635 633 levior
2663 580 2980 634 tentationis
3007 594 3140 632 aura
3165 579 3461 649 pulsasset.

1864 666 2157 737 Postquam
2188 669 2332 721 enim
2369 669 2628 722 Dominus
2666 678 2876 722 mentes
2909 681 3125 723 nostras
3157 670 3224 723 ad
3250 669 3464 740 perfec-

1867 755 2067 811 tionem
2107 755 2350 822 roborat,
2383 771 2508 811 mox
2540 758 2811 812 visitando
2848 759 3211 813 tcntationum
3262 761 3470 817 aculeis

1864 847 2080 916 probat.
2112 846 2212 912 Qui
2250 857 2305 901 et
2349 848 2662 902 accedendo
2695 848 2857 902 corda
2909 859 3092 902 nostra
3127 849 3193 903 ad
3237 851 3470 906 virtutes

1867 938 2134 1005 provenit,
2167 944 2222 989 et
2254 938 2559 992 recedendo
2593 939 2806 992 concuti
2840 939 3139 992 tentatione
3178 940 3468 1008 permittit.

1867 1025 2000 1081 Nam
2033 1027 2079 1082 si
2112 1037 2233 1097 post
2262 1027 2526 1082 virtutum
2569 1043 2801 1083 munera
2833 1028 2977 1082 nulla
3013 1044 3114 1084 nos
3151 1031 3468 1085 tentationis

1867 1135 1998 1173 aura
2024 1129 2360 1186 concuteret,
2389 1122 2493 1177 hoc
2509 1122 2623 1192 jam
2647 1137 2706 1176 se
2731 1123 2932 1178 habere
2956 1123 3172 1178 animus
3199 1138 3267 1178 ex
3293 1138 3467 1178 seme-

1871 1212 2009 1281 tipso
2043 1211 2297 1281 jactaret.
2339 1211 2410 1266 Ut
2444 1229 2576 1284 ergo
2625 1222 2681 1268 et
2737 1213 3011 1267 firmitatis
3066 1215 3204 1268 dona
3263 1215 3469 1269 utiliter

1871 1302 2068 1358 habeat
2093 1310 2148 1357 et
2183 1303 2554 1358 infirmitatem
2585 1319 2741 1359 suam
2781 1306 3056 1360 humiliter
3090 1318 3468 1377 recognoscat,

1868 1407 1963 1460 per
1985 1408 2262 1450 accessum
2291 1395 2481 1465 gratia:
2504 1395 2570 1450 ad
2594 1395 2700 1449 ala
2729 1396 3051 1456 sustollitur.
3076 1407 3130 1450 et
3153 1413 3247 1467 per
3279 1413 3463 1453 reces-

1867 1495 1985 1536 sum
2022 1497 2093 1552 qu
2117 1481 2151 1536 «ι
2187 1482 2392 1554 sitas
2419 1497 2486 1537 ex
2517 1484 2811 1552 semetipso
2845 1483 3139 1538 salubriter
3174 1486 3468 1553 experitur.

1868 1572 2018 1638 Quod
2055 1572 2192 1626 bene
2223 1573 2380 1628 nobis
2421 1573 2585 1628 etiam
2619 1587 2684 1626 ex
2729 1573 2950 1627 historia
3001 1588 3170 1627 sacrae
3222 1573 3471 1628 lectionis

1871 1663 2133 1727 innuitur,
2163 1679 2267 1732 qua
2296 1663 2553 1720 Salomon
2579 1675 2632 1718 et
2659 1664 2916 1719 divinitus
2948 1664 3230 1734 accepisse
3261 1667 3468 1733 sapien-

1869 1752 1996 1805 tiam
2029 1752 2247 1815 dicitur,
2282 1760 2336 1806 et
2372 1761 2551 1807 tamen
2606 1762 2726 1822 post
2759 1762 3040 1822 acceptam
3074 1756 3321 1807 eamdem
3373 1769 3461 1808 sa-

181 1834 436 1909 continet.
464 1853 603 1909 Ecce
621 1856 711 1924 qui
735 1856 874 1910 sede
891 1856 1180 1912 virtutibus
1203 1857 1433 1920 extollit,
1454 1872 1550 1926 per
1573 1856 1761 1908 vitium
1796 1834 1840 1894 Β
1870 1844 2123 1914 μὶθηέῖειιη
2157 1859 2243 1898 me

1399 1866 1433 1920 ι,
1454 1872 1550 1926 pe,-
1573 1856 1761 1908 mium
1796 1834 1840 1894 Β
1870 1844 2123 1914 μὶθιιέἰειαι
2157 1844 2504 1899 meretricum
2540 1845 2723 1898 statim
2752 1844 2996 1914 pulsatus
3023 1845 3321 1913 qurestione
3354 1858 3465 1897 me-

180 1944 248 1997 ad
275 1944 627 2001 humilitatem
661 1946 820 2001 redit.
850 1947 950 2014 Qui
974 1948 1143 2018 gratia
1167 1959 1403 2016 accepta:
1431 1947 1642 2000 virtutis
1665 1961 1761 1999 ex-

185 2037 408 2101 tollitur,
451 2053 556 2092 non
596 2038 795 2109 gladio,
841 2041 955 2103 sed,
1001 2049 1062 2095 ut
1107 2041 1177 2094 ita
1230 2041 1484 2104 dixerim,
1534 2040 1767 2095 mediea-

185 2137 367 2184 mento
398 2129 730 2184 vulneratur.
769 2129 906 2196 Quid
950 2132 1094 2185 enim
1127 2132 1334 2196 virtus,
1383 2132 1483 2186 nisi
1531 2130 1768 2185 medica-

184 2221 546 2276 ntentum‘tEt
565 2223 693 2290 quid
720 2223 931 2287 vitium,
958 2222 1061 2277 nisi
1095 2223 1318 2279 vulnus?
1346 2223 1481 2290 Quia
1513 2239 1640 2294 ergo
1670 2240 1768 2278 nos

184 2313 252 2366 de
281 2312 673 2367 medicamento
705 2314 895 2368 vulnus
926 2314 1176 2378 facimus,
1221 2315 1348 2370 facit
1383 2315 1524 2370 Deus
1556 2316 1619 2370 de
1655 2314 1770 2368 vul-

185 2413 314 2452 nere
343 2400 820 2465 medicamentum,
843 2410 899 2455 ut
922 2403 1011 2470 qui
1042 2404 1233 2457 virtute
1255 2405 1608 2473 percutimur,
1638 2404 1768 2458 vitio

184 2504 460 2546 cnremur.
507 2491 616 2548 Nos
653 2509 885 2562 namque
926 2495 1185 2550 virtutum
1217 2498 1356 2551 dona
1393 2506 1773 2565 retorquemus

187 2580 243 2634 in
267 2596 418 2635 usum
452 2583 728 2646 vitiorum,
757 2584 847 2639 ille
879 2586 1132 2640 vitiorum
1161 2585 1300 2640 mala
1327 2587 1553 2641 assumit
1579 2587 1631 2640 in
1655 2594 1774 2640 arte

189 2671 476 2736 virtutum;
497 2675 662 2743 utqui
695 2675 1056 2730 humilitatem
1085 2677 1326 2732 curantis
1353 2676 1607 2748 fugimus,
1625 2677 1773 2732 salu-

188 2771 296 2817 tem
323 2765 639 2820 concedenti
673 2765 1109 2836 inseparabiliter
1141 2768 1465 2823 hzereanms.

261 2852 366 2908 Sed
403 2855 542 2909 inter
572 2857 683 2910 lucc
714 2857 992 2911 sciendum
1025 2867 1103 2912 est
1136 2858 1278 2926 quod
1307 2857 1551 2927 plerique
1595 2857 1773 2912 homi-

189 2958 317 2996 num
341 2944 520 3012 quoin
545 2945 731 2998 multis
752 2957 1014 2999 corruunt
1038 2947 1240 3000 arctius
1264 2946 1519 3016 ligantur,
1543 2961 1777 3015 cumque

189 3048 287 3087 eos
317 3033 569 3103 antiquus
607 3034 776 3089 hostis
807 3050 872 3090 ex
910 3051 1015 3090 uno
1046 3036 1174 3089 vitio
1206 3036 1438 3105 percutit
1459 3077 1473 3100 ,
1504 3045 1563 3091 ut
1597 3037 1777 3092 conci-

190 3124 350 3183 dant.
388 3139 451 3176 ex
491 3123 594 3177 alio
625 3140 840 3194 quoque
886 3125 1043 3196 ligat,
1077 3141 1148 3180 ne
1175 3134 1420 3194 surgant.
1462 3127 1778 3182 Consideret

1871 1943 2112 1987 moratur
2139 1933 2258 2005 (III
2292 1932 2418 2003 Reg.
2461 1935 2563 2002 ιιι).
2598 1933 2718 1988 Mox
2767 1934 2910 1988 enim
2945 1944 3001 1988 ut
3031 1935 3279 2004 gratiam.
3307 1944 3471 1988 tanta:

1871 2027 2222 2082 revelationis
2274 2028 2512 2096 accepit,
2560 2038 2835 2083 certamen
2893 2029 3129 2098 turpium
3185 2029 3472 2084 mulierum

1871 2119 2109 2186 pertulit,
2143 2119 2267 2189 quia
2298 2119 2551 2173 nimirum
2593 2135 2755 2190 smpe,
2791 2134 2912 2174 cmn
2944 2131 3180 2176 mentea)
3233 2131 3474 2178 nostrant

1871 2208 2146 2262 concessis
2177 2208 2468 2261 virtutibus
2502 2209 2769 2279 respectio
2809 2209 3014 2265 intima:
3045 2210 3313 2267 claritatis
3351 2212 3474 2266 illu-

1875 2301 2066 2364 minat,
2102 2301 2240 2354 hanc
2272 2300 2436 2355 etiam
2467 2299 2688 2355 lubrica:
2738 2301 3100 2374 cogitationes
3135 2305 3378 2368 turbant,
3417 2311 3477 2358 ut

1874 2407 2033 2462 quem
2058 2391 2335 2446 sublevata
2359 2391 2603 2461 impenso
2626 2407 2850 2447 munere
2871 2393 3222 2463 perfectionis
3241 2393 3471 2458 exultat,

1874 2485 2039 2540 etiam
2070 2483 2367 2538 tentatione
2388 2482 2596 2553 pulsata
2629 2483 2760 2553 quid
2791 2484 2862 2538 sit
2890 2484 3150 2539 inveniat.

1945 2575 2177 2629 Videbat
2216 2585 2396 2629 autem
2441 2574 2638 2630 beatus
2689 2584 2894 2646 martyr
2959 2575 3241 2630 Ursicinus
3281 2591 3478 2632 omnes

1876 2666 2018 2721 circa
2089 2681 2149 2721 se
2212 2665 2511 2721 crudeliter
2557 2664 2836 2732 fremere,
2917 2667 2984 2721 ad
3048 2668 3471 2737 expugnandum

1876 2755 2075 2811 Christi
2109 2771 2303 2812 nomen
2336 2755 2786 2812 irrationabiiiter
2813 2757 3085 2822 insanire,
3118 2766 3347 2813 cunctos
3380 2773 3477 2828 per

1879 2847 2112 2918 abrupta
2147 2846 2352 2901 erroris
2387 2846 2441 2900 in
2466 2847 2834 2917 praecipitium
2865 2848 3109 2915 tendere,
3141 2862 3334 2903 omnes
3381 2862 3478 2903 ve-

1879 2937 2062 2991 ritatis
2121 2938 2296 3001 viam,
2360 2937 2580 2992 amissis
2620 2938 2805 2992 cordis
2856 2937 3030 2993 oculis
3078 2939 3352 3008 ignorare,
3419 2945 3478 2994 et

1883 3026 2086 3082 idcirco
2119 3035 2265 3082 tanta
2296 3028 2622 3099 cogitatione
2649 3029 2921 3099 potuisset
2949 3027 3175 3084 forsitan
3222 3031 3480 3086 arbitrari

1886 3119 2157 3175 neminem
2205 3135 2496 3192 superesse
2529 3121 2621 3190 qui
2650 3121 2762 3176 suis
2789 3122 2996 3176 meritis
3025 3122 3229 3178 valeret
3251 3125 3481 3193 aequari.

191 3227 321 3282 ergo
351 3212 454 3266 hor;
479 3228 511 3267 ο
545 3230 666 3267 cum
706 3230 812 3281 quo
843 3215 1155 3269 adversario
1191 3215 1389 3269 bellum
1418 3224 1591 3286 gerat,
1633 3226 1688 3270 et
1731 3219 1774 3273 si
1802 3191 1852 3258 (ἶ
1884 3210 2257 3282 Ουπρνοριθτε

1418 3224 1591 3286 gerat,
1633 3226 1688 3270 et
1731 3219 1774 3273 si
1802 3191 1852 3258 (ἶ
1884 3210 2420 3282 Quapropterdivina
2448 3213 2597 3267 illum
2628 3213 2800 3282 pietas
2827 3214 3024 3268 t-adere
3054 3215 3120 3267 ad
3140 3191 3473 3270 momentum

184 3300 300 3369 jam
337 3318 393 3358 se
435 3303 487 3356 in
536 3303 716 3372 aliquo
757 3304 1044 3372 deliquisse
1086 3307 1391 3374 perpendit,
1434 3305 1623 3360 saltem
1657 3316 1774 3376 post

192 3393 406 3463 culpam
460 3396 830 3463 pertimescat,
881 3405 935 3450 ut
984 3397 1226 3452 studiose
1270 3398 1509 3453 vitentur
1553 3399 1776 3454 vulnera

193 3483 388 3554 quibus
443 3485 755 3555 frequenter
804 3487 1151 3554 tnterficitur,
1200 3491 1342 3559 quod
1395 3489 1550 3545 valde
1595 3506 1778 3545 rarum

194 3585 271 3630 est
309 3587 366 3629 ut
409 3577 582 3633 hostis
608 3590 792 3632 noster
818 3578 1113 3634 electorum
1139 3579 1445 3650 aegritudini
1477 3580 1642 3634 etiam
1668 3578 1781 3632 vul-

196 3666 416 3721 neribus
465 3668 760 3723 medeatur.
812 3668 1148 3724 Erudiendos
1200 3669 1343 3722 enim
1395 3668 1598 3724 electos
1652 3684 1782 3725 suos

200 3759 461 3813 Dominus
491 3775 631 3830 saepe
664 3761 918 3816 teutatori
950 3760 1186 3830 subjicit.
1220 3760 1373 3817 Sicut
1395 3770 1517 3832 post
1543 3761 1780 3831 paradisi

198 3847 458 3911 claustra,
498 3859 618 3918 post
656 3852 796 3904 tertii
830 3851 953 3906 caeli
1004 3859 1231 3916 secreta,
1278 3867 1346 3906 ne
1389 3852 1780 3906 revelationum

202 3940 572 4006 magnitudine
616 3940 815 3995 Paulus
851 3942 1128 4010 apostolus
1167 3941 1353 3996 extolli
1399 3943 1688 4010 potuisset,
1731 3942 1782 3997 ei

201 4027 418 4084 Satanae
453 4031 676 4100 angelus
713 4033 870 4086 datus
900 4040 1002 4086 est.
1043 4031 1183 4086 Ecce
1225 4033 1316 4102 qui
1353 4032 1589 4102 paradisi
1635 4031 1784 4100 prius

201 4132 410 4176 secreta
442 4123 767 4187 considerat,
807 4124 875 4179 ad
919 4123 1268 4193 semetipsum
1319 4124 1553 4189 rediens,
1595 4132 1784 4178 contra

200 4216 383 4270 carnis
410 4215 606 4270 bellum
633 4216 863 4281 laborat,
894 4216 1062 4287 legem
1095 4216 1254 4270 aliam
1286 4215 1337 4268 in
1372 4215 1628 4269 membris
1661 4231 1784 4270 sus-

203 4305 358 4369 tinet,
391 4305 546 4373 cujus
573 4306 862 4361 rebellione
893 4307 1105 4377 fatigari
1149 4306 1371 4375 Spiritus
1401 4304 1571 4372 legem
1603 4305 1781 4360 docet.

203 4395 334 4450 Post
367 4396 709 4452 donationem
741 4412 870 4466 ergo
901 4398 1142 4451 muneris
1184 4398 1324 4451 Deus
1353 4397 1624 4450 hominem
1659 4395 1786 4464 pro-

200 4484 316 4550 bat,
349 4487 473 4555 quia
511 4498 566 4541 et
610 4487 806 4542 collato
841 4501 1065 4541 munere
1112 4487 1374 4550 sublevat,
1408 4495 1462 4541 et
1511 4488 1785 4541 abstracto

205 4575 499 4644 paululum,
523 4577 697 4646 ipsum
727 4577 827 4630 sibi
853 4577 1129 4631 hominem
1156 4577 1511 4631 demonstrat.
1543 4578 1695 4644 Quod
1727 4594 1791 4632 eo

205 4657 375 4734 usque
415 4667 599 4736 procul
634 4667 797 4721 dubio
835 4668 1090 4736 patimur,
1131 4683 1261 4736 quo,
1306 4667 1524 4722 'dctersa
1551 4666 1792 4723 funditus

206 4757 326 4812 labe
357 4760 584 4827 peccati,
631 4760 696 4812 ad
737 4759 1017 4827 promissa:
1070 4760 1494 4829 incert-optionis
1540 4761 1792 4814 substan-

207 4849 337 4902 tiam
363 4847 736 4903 reformemur.
753 4846 856 4903 Sed
883 4849 993 4917 ipsa
1020 4848 1122 4902 hac
1147 4850 1444 4902 tentatione
1487 4843 1793 4919 disponitur

208 4947 268 4992 ut
302 4939 392 5008 qui
439 4939 562 4994 elati
599 4939 776 5010 perire
807 4947 1077 5008 poterant,
1109 4939 1378 4994 humiliati
1408 4955 1437 4994 a
1484 4941 1792 5010 perditione

206 5036 512 5083 SCI'VBIIIUI‘.

280 5116 504 5174 Secreto
547 5133 676 5188 ergo
715 5118 1133 5187 dispensationis
1161 5119 1376 5185 ordine,
1410 5122 1552 5176 unde
1600 5121 1792 5176 szevire

206 5209 542 5280 permittitur
572 5208 828 5278 iniquitas
851 5208 1071 5270 diaboli,
1105 5209 1229 5263 inde
1259 5211 1346 5279 pie
1381 5211 1662 5279 perficitur
1697 5209 1791 5264 be-

208 5300 445 5371 nignitas
485 5299 599 5354 Dei.
639 5298 755 5366 Qua
797 5301 1139 5355 adversarius
1182 5311 1364 5356 noster
1408 5303 1532 5357 inde
1584 5303 1792 5357 obtem-

207 5399 364 5462 perat
397 5391 616 5445 nutibus
659 5406 907 5460 superum
942 5392 1151 5461 gratim;
1203 5394 1343 5448 unde
1389 5403 1608 5449 exercet
1657 5395 1790 5449 iram

209 5483 553 5559 nequissimae
583 5482 873 5537 voluntatis
905 5498 1034 5538 suae.
1069 5482 1224 5550 Nam,
1260 5486 1386 5539 dum
1426 5487 1616 5542 beatus
1645 5485 1796 5540 Ursi-

207 5572 364 5628 cinus
395 5581 474 5628 tot
507 5587 607 5643 pro
644 5588 828 5629 amore
861 5573 1058 5630 Christi
1108 5584 1372 5631 tormenta
1422 5577 1707 5648 perferret,
1740 5587 1795 5633 et

209 5651 354 5722 inter
381 5659 681 5722 lacerantes
711 5683 903 5723 manus
928 5669 1244 5726 carniﬁcum
1270 5671 1558 5728 immobilis
1581 5689 1794 5744 perma-

212 5759 387 5840 neret,
416 5754 694 5825 subripere
724 5757 822 5812 sibi
857 5760 921 5814 de
962 5760 1300 5818 fortitudinis
1329 5778 1439 5817 sua:
1484 5765 1789 5819 constantia

1821 4539 1872 4598 Ι)

1885 3301 2075 3364 voluit,
2105 3311 2160 3355 et
2189 3316 2313 3371 mox
2345 3303 2412 3356 de
2441 3312 2657 3357 terrena
2688 3303 2876 3357 militia
2912 3303 3184 3359 hominem
3214 3306 3305 3374 qui
3345 3321 3470 3359 eum

1883 3387 2117 3465 erigeret
2152 3391 2415 3448 divinitus
2462 3395 2740 3458 excitavit,
2798 3403 2877 3458 ut,
2930 3395 3056 3448 dum
3109 3395 3174 3448 de
3222 3397 3474 3450 seculari

1882 3486 2046 3540 etiam
2099 3485 2291 3540 ordine
2344 3485 2515 3540 multo
2570 3501 2630 3541 se
2681 3484 2960 3541 fortiorem
3013 3497 3063 3541 ct
3120 3477 3484 3544 robustiorem

1885 3583 2153 3640 cerneret,
2183 3576 2249 3630 ad
2281 3576 2715 3647 cognoscendam
2749 3576 3121 3631 infirmitatem
3165 3594 3319 3635 suam
3353 3596 3476 3636 cer-

1885 3669 2060 3722 vicem
2109 3666 2293 3723 cordis
2338 3667 2621 3721 httmiliter
2667 3667 2971 3721 inclinaret.
3022 3667 3161 3722 Hine.
3205 3679 3289 3724 est
3333 3667 3480 3740 qitod

1885 3760 2067 3823 Elias,
2112 3760 2178 3814 de
2226 3774 2336 3828 quo
2379 3759 2631 3828 superius
2681 3759 2886 3813 dictum
2934 3770 3045 3823 est,
3091 3760 3219 3814 dum
3265 3761 3491 3818 Jezabel-

1887 3851 2106 3906 territus
2135 3850 2367 3921 fugeret,
2393 3860 2446 3906 et
2471 3866 2528 3906 se
2554 3850 2727 3906 solum
2755 3852 2861 3906 Deo
2902 3868 2970 3907 ex
3001 3853 3256 3909 omnibus
3286 3869 3481 3925 super-

1885 3941 2067 3996 stitem
2095 3941 2415 4005 aestimaret,
2444 3940 2631 3995 dicens
2658 3962 2670 3994 ;
2712 3959 2730 3991 ι
2763 3941 3008 4005 Domine,
3034 3944 3327 4011 prophetas
3356 3955 3477 4001 tuos

1885 4031 2231 4096 occiderunt,
2266 4030 2456 4085 altaria
2486 4042 2574 4084 tua
2617 4030 3012 4095 demolierunt,
3045 4041 3099 4086 et
3130 4047 3232 4102 ego
3260 4034 3481 4090 relictus

1886 4129 2005 4177 sur’n
2057 4123 2227 4187 solus,
2276 4133 2332 4177 et
2373 4132 2623 4192 qumrunt
2671 4123 2908 4177 animam
2959 4139 3135 4179 meam
3189 4125 3307 4197 (Ill
3352 4127 3482 4199 Reg.

1889 4211 2034 4282 XIX);
2067 4230 2086 4263 ι
2132 4219 2188 4264 ιιι
2219 4211 2512 4266 elationem
2545 4212 2742 4265 mentis
2765 4213 2882 4282 ejus
2923 4213 3247 4281 reprimeret
3297 4216 3485 4272 Domi-

1888 4320 2011 4368 nus,
2047 4303 2324 4373 respondit
2352 4303 2538 4357 dicens
2573 4319 2585 4356 :
2619 4323 2636 4354 ι
2674 4301 2881 4371 Reliqui
2917 4304 3045 4358 mihi
3081 4313 3286 4374 septem
3320 4307 3489 4361 millia

1890 4395 2151 4457 virorum,
2180 4394 2270 4462 qui
2317 4409 2424 4448 non
2465 4403 2834 4447 corvaverunt
2880 4410 3052 4462 genua
3080 4411 3176 4449 sua
3205 4405 3329 4450 ante
3362 4398 3491 4453 Baal

1899 4483 2124 4555 (Ibid).
2163 4502 2180 4533 ι
2246 4482 2466 4536 Certum
2495 4482 2693 4551 quippe
2751 4493 2834 4537 est
2881 4485 3024 4552 quod
3081 4485 3260 4539 cordis
3304 4489 3492 4542 oculos

1898 4574 2334 4645 exstinguitqui,
2372 4589 2494 4628 cum
2523 4583 2669 4629 recte
2717 4575 2854 4645 agit,
2905 4576 3254 4632 considerare
3304 4581 3488 4648 proxi-

1897 4681 2106 4720 morum
2149 4666 2342 4718 merita
2377 4663 2619 4734 negligit.
2658 4665 2730 4719 At
2771 4677 2996 4730 contra,
3038 4684 3233 4738 magno
3271 4672 3490 4724 humili—-

1899 4757 2024 4811 tatis
2051 4757 2203 4810 radio
2235 4757 2590 4827 semetipsum
2638 4758 2912 4813 illuminat
2940 4761 3033 4829 qni
3077 4762 3303 4817 aliorum
3349 4766 3491 4819 bona

1895 4847 2168 4902 subtiliter
2215 4855 2444 4916 pensat;
2495 4848 2622 4917 quia
2669 4849 2794 4901 dum
2854 4865 2915 4904 ea
2939 4867 3062 4920 quae
3107 4853 3222 4921 ipse
3281 4853 3490 4921 fecerit,

1897 4937 2038 4993 facta
2070 4937 2203 4993 foris
2232 4947 2288 5001 et
2311 4940 2385 4995 ab
2404 4938 2523 4993 aliis
2545 4939 2832 5010 conspicit,
2858 4956 3001 5007 eum,
3034 4945 3126 5012 qui
3157 4950 3220 5000 de
3257 4947 3494 5018 singula-

1902 5030 2062 5084 ritate
2108 5030 2252 5084 intus
2297 5046 2586 5100 erumpere
2612 5032 2842 5097 nititur,
2898 5037 3167 5103 superbia:
3216 5048 3486 5098 tumorem

1901 5122 2117 5192 premit.
2167 5141 2184 5172 ι
2220 5121 2456 5191 Reliqui,
2491 5123 2690 5192 inquit,
2721 5124 2855 5178 mihi
2901 5137 3105 5193 septem
3139 5108 3303 5182 millia
3341 5133 3489 5187 viro-

1902 5229 2041 5279 rum,
2089 5213 2180 5282 qui
2221 5228 2326 5267 non
2359 5222 2725 5268 curvaverant
2755 5230 2929 5284 genua
2970 5232 3067 5271 sua
3119 5230 3245 5273 ante
3287 5221 3438 5287 Baal,
3467 5243 3485 5273 ι

1900 5318 1958 5361 ιιι
1985 5346 1999 5370 ,
2031 5305 2158 5359 dum
2201 5321 2307 5360 non
2336 5303 2509 5359 solum
2569 5319 2627 5359 se
2700 5307 3026 5362 remansisse
3091 5323 3444 5381 cognosceret
3475 5355 3488 5375 .

1899 5397 2146 5452 elationis
2176 5397 2424 5466 gloriam,
2454 5413 2574 5466 qua:
2611 5398 2659 5452 ei
2693 5397 2760 5452 de
2804 5399 3176 5469 singularitate
3211 5406 3489 5473 surgebat,

1901 5489 2204 5544 inclinaret.
2252 5488 2518 5557 Propheta
2549 5504 2742 5558 nempe
2775 5501 2931 5553 erat,
2960 5501 3012 5544 et
3051 5509 3191 5562 sazpc
3233 5498 3487 5564 mysteria

1899 5596 2130 5652 superna
2153 5589 2502 5649 cognoverat.
2521 5580 2658 5646 Quid
2679 5597 2810 5652 ergo
2837 5581 3048 5638 difficile
3074 5585 3170 5639 fuit
3193 5601 3490 5655 agnoscere

1899 5676 1950 5730 in
1983 5674 2182 5729 mundo
2215 5673 2399 5728 fideles
2428 5675 2536 5728 Deo
2570 5672 2801 5729 famulos
2843 5684 2894 5728 et
2936 5677 3074 5731 alios
3120 5680 3479 5737 remansisse?

1900 5767 2003 5822 Sed
2033 5766 2156 5820 hinc
2185 5765 2415 5822 solerter
2447 5766 2765 5820 intuendum
2795 5776 2877 5822 est
2903 5768 3118 5824 oculum
3143 5771 3321 5827 cordis
3354 5775 3467 5828 ela-
