5232 6512
1794 380 1896 438 599

2399 385 2455 441 S.
2498 388 2697 443 PETRI
2730 386 3009 443 DAMIANI
3051 384 3199 440 OPP.
3232 382 3407 438 PARS
3432 381 3561 438 εει]
3595 383 3829 439 τοιιυε
3868 382 3930 438 ιι.
3952 412 4011 423 --
4050 380 4434 438 ΒΕΒΙΙΟΧΕΞ.

4934 373 5027 431 600

1794 501 2040 569 tioquam
2058 502 2305 571 nequiter
2329 502 2704 571 claudat,quia
2723 502 2813 573 qui
2842 501 3061 556 humilis
3084 512 3135 554 et
3153 499 3361 555 occulta
3392 499 3439 556 Α
3469 496 3711 566 sumpsit.
3744 496 3833 550 Ait
3856 496 3999 549 enim
4026 514 4038 548 :
4078 512 4097 545 ι
4126 492 4335 559 Mulier,
4361 507 4524 562 quam
4556 491 4751 547 dedisti
4782 492 4913 547 mihi
4953 505 5029 545 so-

1795 591 1891 646 Dei
1933 602 2183 655 noverat,
2220 594 2395 646 elatus
2425 602 2476 646 et
2501 603 2686 662 aperta
2714 593 3005 648 nesciebat.
3032 590 3099 647 Ut
3138 606 3268 661 ergo
3305 590 3365 645 Β.

3473 586 3631 649 ciunt,
3659 587 3773 654 ipsa
3795 585 3926 639 mihi
3956 584 4104 637 dedit
4129 584 4194 639 de
4220 582 4388 653 ligno,
4417 592 4473 639 et
4497 582 4708 638 comedi
4723 580 4876 651 (Ceu.
4902 584 5025 651 tu)»

1797 680 2073 736 Ursicinus
2120 681 2437 737 barathrum
2503 683 2754 739 elationis
2794 685 3089 749 evaderet,
3145 683 3367 753 dignum
3470 674 3565 741 Οηί
3609 674 3824 743 Ψιίάθω
3870 689 3967 744 Per
3996 674 4240 729 ιίωοταπ
4288 672 4637 743 semetipsum
4683 669 5031 726 ιδκοηίιπυι

1793 772 1895 825 fttit
1948 782 2006 825 ut
2042 775 2287 828 cadendo
2329 775 2563 829 disceret
2591 777 2713 845 quia
2764 791 2869 831 non
2901 790 3018 839 sua,
3058 775 3150 830 sed
3193 775 3366 829 aliena

1792 863 1991 918 vittute
2028 866 2288 921 stetisset.
2321 866 2571 921 Permisit
2610 868 2789 923 divina
2835 867 3126 923 clementia
3180 866 3362 921 excel-

1794 966 1910 1005 sam
1950 955 2183 1022 paradisi
2237 956 2457 1011 cedrum
2511 957 2703 1012 leviter
2750 958 2996 1019 concuti.
3031 972 3098 1012 ne
3126 958 3364 1014 irruente

1792 1039 2038 1095 validiori
2084 1043 2298 1099 turbine
2327 1044 2583 1098 radicitus
2629 1045 2888 1113 potuisset
2909 1044 3083 1099 evelli.
3110 1043 3365 1100 Permisit

1792 1128 2015 1183 militem
2041 1146 2197 1185 suum
2242 1132 2325 1186 vel
2368 1133 2434 1186 ad
2480 1146 2812 1187 tuutttentum
2853 1132 3135 1188 hostilibus
3172 1132 3363 1202 gladiis

1795 1222 2017 1287 cedere,
2048 1233 2102 1276 ut
2127 1225 2393 1292 ptenitens
2447 1224 2583 1293 fuga:
2624 1223 2916 1280 fervent'us
2961 1224 3219 1295 potuisset
3245 1223 3362 1278 ani-

1795 1324 2003 1365 mosum
2019 1322 2208 1380 pectas
2223 1315 2293 1385 ad.
2314 1314 2546 1368 rediviva
2571 1328 2758 1369 rursus
2772 1317 3065 1369 certamina
3081 1330 3359 1381 reparare,

1788 1409 2053 1467 quatenus
2103 1403 2169 1456 de
2238 1402 2470 1473 fugiente
2535 1404 2780 1473 protinus
2834 1404 3234 1474 insequentem,
3296 1404 3360 1460 de

1784 1489 1928 1544 vieto
1955 1490 2151 1548 faceret
2179 1508 2327 1548 versa
2352 1494 2469 1549 vice
2499 1495 2777 1550 victorem.
2806 1496 3049 1550 Amantio
3082 1495 3360 1551 Ursicinus

1784 1594 2001 1635 carnem
2050 1597 2201 1636 suam
2231 1584 2502 1639 Christum
2543 1584 2791 1641 deserere
2827 1587 3015 1649 voluit.
3046 1586 3141 1641 sed
3173 1601 3359 1639 rursus

1783 1672 2022 1728 timendo
2069 1674 2346 1731 Christum
2400 1677 2570 1747 ipsam
2612 1682 2828 1732 carnem
2875 1678 3016 1733 ultro
3063 1676 3355 1732 feriendam

1781 1764 2124 1822 carnificibus
2171 1767 2410 1822 tradidit.
2465 1768 2541 1822 Es
2597 1784 2701 1837 quo
2746 1771 3005 1839 peccavit,
3046 1786 3108 1824 ex
3147 1768 3258 1838 90
3292 1784 3356 1821 co

3468 768 3694 835 fugerat.
3712 768 3803 819 sed
3822 775 4000 821 tamen
4024 764 4315 835 requisitos
4347 764 4853 833 lnnotuitquantum
4874 765 5027 818 etiam

3470 862 3661 910 timens
3690 856 4041 911 tumescebat.
4074 854 4206 910 Cum
4234 854 4434 910 etenim
4458 869 4523 909 ea
4554 862 4781 923 peccato
4803 864 5033 923 pascas

3466 965 3619 1020 piens
3657 949 3932 1013 metuitur.
3978 958 4032 1005 et
4078 948 4275 1003 amissa
4318 946 4410 1003 Dei
4458 945 4627 1002 facies
4658 960 4767 1001 non
4798 956 5025 1005 amatur.

3468 1041 3628 1094 timor
3673 1055 3737 1095 es
3789 1049 4001 1095 tumore
4041 1048 4141 1099 est.
4173 1052 4279 1093 non
4308 1052 4374 1093 es
4424 1035 4751 1093 humilitate.
4786 1036 5030 1107 Superbit

3464 1133 3657 1203 quippe
3702 1132 3790 1202 qui
3836 1142 4139 1201 peccatum.
4189 1131 4233 1184 sl
4302 1128 4461 1184 liceat
4505 1143 4612 1183 nou
4661 1127 4876 1198 puniri,
4929 1141 5027 1181 non

3463 1224 3680 1285 deserit,
3707 1222 3796 1277 sed
3823 1222 3999 1293 potius
4026 1220 4311 1276 defendere
4361 1218 4565 1275 tumida
4604 1216 4844 1275 elatione
4896 1231 5028 1285 pra-

3464 1326 3643 1368 SUlﬂlL

3534 1405 3858 1461 Studeamus
3906 1406 4083 1476 itaque
4135 1421 4297 1468 nunc.
4346 1404 4701 1471 dilectissimi,
4752 1403 5029 1459 beatoru-

3463 1507 3754 1569 tnartyrutn
3780 1497 4005 1551 virtutes
4037 1498 4256 1559 imitari,
4291 1506 4350 1551 ut
4378 1497 4446 1553 ab
4475 1495 4813 1569 lmperatore
4834 1510 5033 1568 martyo

3465 1604 3579 1641 rum
3607 1604 3727 1641 eum
3772 1590 3975 1643 eisdem
4023 1602 4330 1643 mereamur
4370 1588 4711 1659 postmodum
4764 1590 5028 1645 coronari.

3463 1677 3657 1731 Eorum
3686 1679 3906 1747 vestigia
3942 1687 4221 1732 teneamus
4244 1678 4295 1730 in
4326 1675 4431 1739 via.
4462 1691 4690 1747 quorum
4720 1678 5031 1732 societatem

3462 1770 3656 1823 habere
3688 1770 4057 1821 desideramus
4089 1767 4139 1820 in
4181 1767 4375 1837 patria.
4424 1763 4672 1822 Profecto
4698 1766 4805 1822 illic
4836 1768 5033 1821 erimus

1780 1858 2067 1914 emendare
2102 1861 2347 1928 protinus
2396 1836 2623 1913 studuit.
2672 1836 2824 1916 Unde
2874 1862 3087 1915 admisit
3119 1836 3349 1929 culpam.
3383 1836 3427 1896 Β
3457 1863 3595 1927 quod
3624 1871 3767 1921 sunt,
3797 1861 3838 1912 si
3878 1860 3962 1912 hic
4009 1836 4268 1911 fuerimus
4294 1855 4436 1924 quod
4485 1855 4576 1911 hic
4616 1858 4858 1910 luerunt.
4902 1855 5031 1910 Nam

1781 1950 1908 2005 inde
1944 1952 2197 2005 sustinuit
2239 1950 2625 2019 paenitentiam.
2652 1950 2969 2006 Consolatus
3006 1956 3148 2006 enim
3198 1952 3349 2006 Ursi-

1780 2040 1957 2102 cinus,
2002 2053 2137 2110 genu
2182 2050 2336 2095 terra:
2382 2041 2578 2110 posito,
2616 2042 2993 2111 spiculatorrtn
3061 2054 3118 2095 ut
3169 2044 3351 2097 feriret

1779 2128 2048 2195 hortatur,
2086 2145 2251 2198 agens
2283 2132 2652 2200 pteuitentiam
2679 2132 2823 2201 quod
2859 2133 3165 2201 expavisset
3193 2132 3347 2184 Clu-i-

1780 2222 1851 2275 sti
1881 2224 2217 2293 martyrium.

1855 2311 2075 2376 Discite,
2126 2312 2336 2378 fratres,
2390 2315 2580 2370 discite
2633 2314 2925 2385 perfectam
2977 2316 3349 2384 ptrnitcntiam

1786 2416 1974 2472 agere;
2007 2402 2197 2459 discite
2226 2414 2406 2458 reatus
2434 2406 2599 2460 vestri
2633 2405 2869 2460 maculas
2886 2406 3058 2476 plena:
3087 2421 3347 2474 compun-

1778 2492 1975 2545 ctionis
2002 2492 2212 2548 ﬂetibus
2236 2494 2547 2558 emundare,
2583 2494 2849 2558 videlicet,
2882 2505 2939 2548 ut
2979 2506 3347 2549 consummata

1776 2579 1917 2635 mala
1940 2579 2171 2650 perfecta
2200 2582 2403 2636 diluunt
2433 2582 2685 2647 lamenta,
2719 2597 2782 2637 ne
2804 2582 2926 2653 plus
2951 2584 3346 2653 iustringamini

1776 2671 1832 2725 in
1865 2671 2046 2726 debito
2080 2673 2370 2741 perpetrati
2400 2673 2610 2741 operis,
2638 2682 2693 2727 et
2719 2672 2898 2727 minus
2928 2671 3147 2727 solvatis
3175 2674 3227 2725 in
3257 2673 3348 2725 fle-

1775 2762 1923 2815 tibus
1951 2761 2350 2817 satisfactiouis.
2400 2761 2675 2832 Scriptum
2700 2763 2899 2833 quippe
2940 2772 3060 2817 est:
3104 2782 3121 2814 ι
3157 2763 3346 2816 Ριιιιιιιι

1775 2851 1921 2907 dedit
1939 2851 2163 2923 nobisin
2179 2852 2431 2925 lacrytnis
2456 2854 2511 2907 in
2537 2850 2982 2921 mensura(Psaf.
3015 2858 3221 2917 Larix),
3245 2874 3260 2903 ι
3293 2866 3347 2906 ιιι

1777 2943 2029 2998 nimirum
2055 2945 2475 3015 uniuscujusque
2487 2959 2639 2999 mens
2656 2953 2859 2999 tantum
2876 2946 3181 3015 ptrnitendo
3201 2960 3345 2998 coni-

1775 3031 2083 3100 punctionis
2108 3046 2219 3087 suae
2249 3031 2396 3086 bibat
2417 3032 2701 3103 lacrymas,
2731 3042 2992 3103 quantum
3015 3048 3071 3088 se
3104 3036 3347 3087 meminit

1778 3138 1807 3175 a
1840 3122 1949 3177 Deo
1972 3124 2176 3177 aruisse
2213 3138 2305 3193 per
2330 3124 2531 3196 culpas.
2568 3123 2829 3180 Timendo
2850 3127 3048 3196 quippe
3086 3126 3146 3180 Β.
3187 3126 3338 3181 Ursi-

3456 1966 3496 2003 δι
3532 1950 3906 2018 compatimur.
3936 1956 3987 2001 et
4035 1945 4513 2013 conreguabimus;
4548 1944 4593 1999 si
4647 1944 5033 1999 eommorimur

3452 2052 3503 2092 et
3536 2054 3878 2091 cmmventus
3923 2035 4004 2105 (If
4052 2035 4186 2089 Tino.
4221 2036 4296 2103 2).
4348 2032 4462 2090 Non
4490 2047 4618 2104 ergo
4642 2034 4953 2088 dlvidamur
4980 2034 5031 2088 ia

3457 2134 3671 2191 itinere,
3699 2132 3740 2183 si
3768 2132 3916 2198 jnngi
3969 2130 4212 2182 volumus
4266 2128 4370 2198 91
4418 2126 4875 2198 inperventione.
4930 2125 5033 2181 Do-

3452 2234 3565 2277 (ea!
3600 2240 3693 2276 nos
3737 2223 3792 2275 ιι.
3844 2220 4028 2273 Vitalis
4074 2222 4271 2275 habere
4302 2220 4475 2273 zelum
4526 2218 4887 2277 rectitudinis.
4935 2219 5031 2271 do-

3452 2324 3567 2367 ce;-.t
3609 2330 3702 2365 nos
3744 2312 3799 2365 Β.
3849 2310 4126 2363 ιἰ-έιιιίιιιιε
4169 2310 4397 2363 formam
4443 2316 4627 2363 tenere
4674 2306 5027 2369 humilitatis;

3451 2406 3634 2457 tiUt‘t‘nl
3683 2414 3906 2470 uterque
3962 2402 4189 2472 geminat
4244 2415 4462 2455 servare
4518 2398 4792 2455 vinculum
4851 2400 5030 2454 chari-

3452 2498 3594 2546 tatis.
3667 2493 3753 2544 Ille
3810 2496 4006 2560 quippe
4048 2490 4273 2559 gemina:
4329 2488 4613 2543 claritatis
4664 2489 4861 2542 ardore
4911 2504 5033 2541 suc-

3450 2600 3672 2643 census,
3728 2590 3785 2633 ut
3838 2591 4148 2647 pereuntem
4183 2579 4486 2647 proximum
4518 2577 4770 2631 liberaret
4794 2587 4851 2631 et
4880 2594 5033 2631 mua-

3449 2676 3572 2725 tlatn
3639 2672 3743 2724 Deo
3795 2668 3911 2737 ejus
3979 2670 4269 2740 imaginem
4342 2669 4623 2732 redderet,
4678 2668 5035 2738 semetipsnm

3450 2770 3669 2819 Otttttilto
3700 2766 3974 2833 despexit,
4012 2776 4065 2816 et
4111 2762 4466 2816 crudelissimi
4510 2761 4873 2831 persecutoris
4912 2776 5033 2813 seu—

3453 2860 3677 2911 tentiam
3746 2870 3851 2909 non
3917 2854 4152 2922 expavit.
4223 2851 4329 2907 Iste
4394 2865 4522 2905 vero
4588 2848 4904 2919 corripienti
4973 2865 5032 2903 se

3451 2950 3693 3017 proximo
3742 2945 4016 2999 humiliter
4056 2944 4252 3013 paruit,
4293 2952 4348 2995 et
4389 2940 4454 2994 ad
4490 2949 4837 3009 conspectum
4867 2937 5033 2992 Crea-

3452 3043 3582 3094 toris
3626 3040 3703 3092 sui
3736 3035 4056 3105 quantocius
4083 3048 4305 3105 pergere
4328 3048 4421 3103 per
4440 3031 4672 3103 gladium
4696 3032 5029 3101 properatis.

3521 3130 3624 3182 Sed
3654 3128 3908 3196 quoniam
3950 3126 4091 3180 hunc
4119 3138 4423 3178 sermonem
4451 3125 4518 3177 de
4546 3121 4817 3190 triumpho
4844 3120 5025 3175 sancti

1774 3212 1928 3267 einus
1968 3223 2214 3273 mortem.
2250 3214 2372 3267 vita:
2411 3188 2523 3282 iam
2576 3215 2859 3270 deserebat
2902 3188 3198 3281 auctorem,
3245 3188 3413 3272 sedc
3448 3219 3634 3273 Vitalis
3668 3188 3911 3273 icribere
3960 3215 4357 3286 proposuimus,
4389 3212 4547 3283 plura
4590 3220 4774 3267 tamen
4826 3225 5031 3266 occur-

1771 3317 1891 3355 cutn
1920 3303 2082 3356 verba
2105 3303 2394 3359 salutifera
2422 3307 2816 3362 exhortationis
2844 3309 3071 3378 accepit,
3093 3310 3338 3378 protinus

1776 3392 1987 3461 erigens
2018 3408 2076 3447 se
2127 3404 2314 3447 contra
2346 3397 2577 3464 seipsam
2613 3412 2834 3453 carnem
2872 3399 3032 3453 morti
3060 3400 3340 3455 ultroneus

1774 3481 2014 3548 tradidit,
2047 3482 2201 3550 cujus
2222 3484 2431 3540 vivendi
2459 3500 2640 3541 amore
2669 3488 2932 3556 peccavit.
2965 3486 3080 3543 Non
3108 3490 3339 3561 denique

1774 3570 1995 3637 restitit,
2018 3588 2124 3629 non
2154 3574 2207 3628 in
2234 3575 2394 3630 verba
2436 3591 2494 3630 se
2547 3580 2972 3651 praesumptoria:
3009 3579 3339 3637 defensionis

1780 3662 1971 3726 erexit,
2004 3679 2109 3719 non
2130 3666 2503 3736 penitentiam
2532 3669 2761 3734 distulit,
2792 3672 2886 3726 sed
2912 3687 3033 3728 mox
3057 3672 3339 3728 salutifero

1778 3752 2122 3823 corripientis
2150 3757 2377 3825 imperio
2400 3758 2674 3813 humiliter
2711 3761 2965 3817 obedivit.
3015 3762 3152 3817 Sunt
3182 3780 3333 3817 nam-

3446 3322 3594 3364 rente
3626 3309 3849 3364 materia
3885 3308 3950 3363 de
3990 3305 4237 3360 Ursicino
4267 3302 4427 3358 locuti
4456 3315 4665 3365 sumus,
4705 3315 4869 3354 nemo
4912 3300 5033 3353 eai—

3442 3399 3623 3452 stitnet
3649 3397 3772 3466 quia
3800 3395 3866 3450 de
3893 3393 4184 3465 proposita:
4218 3390 4534 3446 intentionis
4577 3387 4795 3443 tramite
4834 3385 5029 3442 devia-

3444 3490 3635 3541 vimus.
3668 3484 3804 3539 Cum
3847 3484 3991 3538 enim
4024 3481 4081 3537 S.
4118 3480 4347 3536 Ursicini
4382 3479 4687 3548 triumphus
4730 3476 5031 3540 attollitur,

3443 3577 3737 3633 beatissimi
3779 3589 3993 3645 quoque
4039 3571 4229 3627 Vitalis
4275 3570 4600 3642 prteconium
4635 3585 4741 3624 non
4790 3578 5033 3623 tacetur.

3448 3670 3609 3725 Salus
3635 3668 3832 3737 quippe
3859 3666 4012 3736 aegri,
4044 3663 4160 3718 laus
4183 3672 4266 3718 est
4296 3659 4521 3725 medici;
4558 3671 4613 3715 et
4639 3658 4829 3730 peritia
4864 3659 5035 3713 disci-

3443 3759 3572 3829 puli,
3607 3758 3775 3828 gloria
3803 3765 3887 3812 est
3916 3753 4281 3826 praeceptoris.
4337 3750 4562 3820 laguus
4600 3749 4874 3821 siquidem
4916 3750 5033 3811 ille,

1773 3856 1878 3910 que
1909 3844 2143 3898 nonnulli
2171 3846 2287 3915 qui,
2341 3848 2461 3901 cuin
2511 3850 2577 3903 de
2625 3863 2719 3902 ore
2764 3853 3127 3920 proximorum
3178 3855 3337 3907 verba
3444 3854 3535 3924 qui
3588 3867 3685 3922 pro
3717 3850 3823 3905 vita
3866 3848 4001 3903 mori
4050 3846 4270 3909 didicit;
4306 3843 4400 3899 κά
4453 3842 4610 3912 101³8⁸
4640 3840 4894 3910 "Peri"
4933 3842 5029 3910 qui

1777 3935 2132 4001 correptionis
2161 3935 2406 4000 audiunt,
2438 3953 2562 3993 mox
2598 3939 2649 3992 in
2682 3940 2817 3994 iram
2844 3953 3221 4011 prorumpunt,
3266 3944 3341 3996 vi-
3442 3950 3872 3996 momentaoeam
3909 3938 4073 3991 vitam
4120 3951 4218 4006 pro
4256 3944 4460 3989 eterna
4498 3932 4775 4003 de-pieere
4807 3934 5020 3986 docuit.

1775 4022 1848 4077 tio
1874 4024 2089 4078 tumidae
2109 4022 2357 4081 elationis
2389 4025 2665 4092 inflantur,
2692 4038 2748 4083 et
2776 4029 3023 4099 capitalis
3046 4030 3343 4087 inimicitia
3441 4036 3621 4091 Fortis
3654 4036 3760 4095 ille.
3788 4033 3879 4103 qui
3913 4046 4155 4085 amarum
4185 4028 4375 4083 salutis
4404 4026 4656 4097 poculum
4705 4024 4897 4079 bibere
4928 4038 5027 4094 po-

1771 4114 1978 4168 facibus
2020 4116 2405 4173 inardescunt:
2430 4117 2493 4172 lli
2542 4119 2794 4173 nimirum
2841 4121 2908 4176 de
2949 4121 3343 4178 medicamento
3398 4128 3574 4189 .tuit;
3609 4124 3699 4179 sed
3733 4123 3898 4178 multo
3923 4120 4115 4176 fortior
4146 4120 4267 4183 iste,
4292 4117 4387 4189 qui
4420 4131 4541 4172 eum
4572 4114 4639 4170 de
4666 4114 4800 4185 ipsis
4826 4129 5029 4185 perpe-

1776 4205 1967 4260 salutis
1992 4207 2275 4262 materiam
2299 4208 2401 4264 sibi
2433 4208 2634 4265 faciunt
2656 4211 3012 4280 aegritudinis,
3039 4215 3338 4270 etcurantli
3445 4228 3552 4272 tua:
3610 4215 3799 4269 mortis
3856 4211 4104 4266 faucibus
4151 4218 4400 4281 potenter
4447 4206 4651 4263 eduxit.
4700 4204 4839 4260 Cum
4894 4220 5032 4277 ergo

1768 4298 2066 4354 cantet-ium
2090 4338 2105 4362 .
2158 4301 2470 4356 vumerandi
2526 4302 2962 4357 instrumentum.
3024 4302 3126 4371 Qui
3174 4304 3341 4360 multo
3442 4305 3787 4375 triumphalis
3820 4302 4056 4358 Ursicini
4088 4299 4263 4355 virtus
4288 4297 4569 4363 attollitur,
4595 4295 4866 4367 gloriosas
4887 4311 5027 4368 quo-

1768 4390 2007 4446 deterius
2034 4405 2133 4461 per
2161 4390 2489 4448 defensionis
2514 4394 2797 4448 audaciam
2836 4393 3002 4450 Deum
3031 4396 3097 4450 ad
3127 4395 3342 4450 iraeon-
3441 4410 3545 4467 que
3575 4395 3632 4448 Β.
3673 4392 3863 4448 Vitalis
3883 4392 4055 4447 honor
4077 4396 4324 4459 augetur.
4354 4386 4741 4457 lmequidquid
4762 4399 5029 4456 maguum

1770 4482 1912 4534 diam
1941 4491 2254 4551 provocant.
2283 4498 2440 4553 quam
2468 4492 2597 4539 tunc
2620 4499 2745 4539 cum
2764 4485 3034 4539 communi
3050 4486 3234 4541 carnis
3256 4486 3338 4541 io-
3366 4527 3414 4585 D
3441 4488 3641 4542 dicitur
3667 4488 3731 4539 de
3760 4491 4008 4553 utroque,
4042 4490 4214 4536 totum
4252 4481 4319 4533 ad
4341 4478 4567 4551 gloriam
4898 4489 5026 4585 per:

1770 4572 2026 4628 ﬁrmitate
2070 4574 2389 4642 peccabaut.
2431 4573 2558 4631 Plus
2590 4574 2734 4628 enim
2783 4574 3046 4644 delinquit
3083 4576 3204 4645 quis
3242 4576 3338 4631 de-
3368 4566 3413 4585 ¹’
3443 4581 3578 4634 tinet
3608 4577 3905 4645 utriusque.
3936 4592 3955 4625 ι
3981 4571 4164 4644 Neque
4188 4570 4332 4627 enim
4359 4568 4449 4640 qui
4473 4566 5027 4637 plantatestaliquid,

1770 4663 2491 4736 fendendopeocatumquam
2514 4665 2760 4721 faciendo
2786 4668 3341 4737 peccatum.Peccare
3442 4683 3617 4739 neque
3668 4668 3758 4739 qui
3814 4667 3985 4736 rigat,
4038 4662 4133 4719 sed
4176 4661 4265 4734 qui
4310 4660 4703 4716 incrementum
4734 4657 4827 4711 dat
4884 4655 5026 4711 Deus

1770 4754 1966 4825 quippe
1994 4757 2288 4815 humanum
2315 4767 2419 4826 est,
2453 4767 2733 4827 peccatum
2754 4773 2885 4813 vero
2911 4758 3199 4815 defendere
3226 4762 3338 4815 dia-
3442 4760 3492 4832 (I
3526 4760 3667 4821 σοι,
3687 4758 3792 4827 ιιι).
3826 4778 3846 4810 ι

1772 4841 2004 4898 bolicum
2034 4855 2137 4899 est.
2172 4844 2322 4901 Unde
2349 4856 2403 4901 et
2433 4845 2716 4905 Psalmista
2748 4848 2987 4903 divinum
3014 4849 3338 4918 adiutorium
3514 4852 3656 4915 Inter
3683 4850 3797 4905 haec
3829 4864 3943 4911 vos,
3983 4848 4179 4901 fratres
4208 4842 4533 4903 charissimi.
4563 4840 4630 4894 ad
4663 4838 5023 4907 vosmetipm

3445 4944 3634 5005 redite.
3649 4951 3802 4996 actus
3830 4949 4039 4994 vestros
4060 4935 4287 4992 sollicita
4309 4932 4709 4989 examinatione
4734 4930 5027 4995 discutite;

3437 5044 3489 5089 et
3519 5034 3608 5101 qui
3640 5031 3820 5084 laudes
3847 5037 4146 5100 martyrum
4174 5026 4405 5082 libenter
4423 5022 4641 5085 auditis,
4670 5020 4770 5091 ipsi
4800 5033 5023 5089 quoque

3438 5123 3762 5180 laudabilem
3812 5122 3980 5175 vitam
4037 5119 4239 5175 habere
4281 5124 4492 5173 curate.
4550 5132 4569 5164 ι
4598 5112 4715 5167 Non
4758 5120 4842 5165 est
4874 5111 5039 5170 enim

3435 5218 3676 5287 speciosa
3700 5215 3819 5270 laus
3840 5215 4001 5269 inore
4022 5206 4525 5285 peceatoris(Eccli.
4540 5208 4653 5274 av).
4674 5221 4693 5255 ι
4720 5202 4799 5257 illi
4825 5218 5041 5268 occupo

3437 5320 3659 5364 sanctos
3690 5305 3850 5375 digne
3880 5302 4125 5359 laudibus
4154 5300 4385 5356 efferunt
4411 5298 4503 5368 qui
4551 5294 4903 5350 laudabiliter
4946 5298 4992 5345 vi
5016 5334 5033 5342 -

1770 4933 2044 4989 humiliter
2086 4935 2355 5006 implorat.
2409 4937 2628 4993 dicens:
2689 4957 2707 4990 ι
2737 4937 2854 4994 Non
2912 4940 3199 4995 absorbeat
3248 4956 3336 4995 me

1769 5022 2133 5090 profundum,
2200 5040 2374 5095 neque
2428 5038 2614 5097 urgeat
2667 5044 2831 5099 super
2893 5044 2978 5085 me
3033 5042 3228 5099 puteus
3271 5048 3334 5087 os

1769 5129 1927 5169 suum
1978 5112 2149 5187 (Paul.
2182 5118 2391 5187 uvnt).
2431 5137 2450 5169 ι
2484 5117 2755 5174 Profundo
2782 5120 2980 5190 quippe
3017 5123 3336 5178 absorbetur

1769 5206 1860 5278 qui
1898 5206 1952 5260 iu
1978 5207 2158 5278 gravis
2188 5209 2401 5278 peccati
2442 5210 2797 5279 pmcipitiutn
2825 5210 3040 5267 labitur.
3075 5211 3178 5268 Sed
3210 5224 3335 5270 tunc

1768 5310 1933 5366 super
1956 5309 2077 5351 eum
2104 5305 2315 5367 puteus,
2344 5313 2411 5354 ne
2430 5300 2578 5355 exire
2608 5300 2799 5366 valeat,
2834 5318 2896 5357 os
2922 5319 3075 5357 suum
3109 5304 3330 5364 claudit.

1774 5399 1897 5441 eum
1935 5400 1993 5440 se
2038 5397 2289 5456 peccator
2316 5388 2366 5443 in
2393 5389 2719 5446 defensionis
2748 5393 3026 5449 audaciam
3069 5396 3337 5465 perge-nilo

1772 5474 2090 5546 profundius
2119 5480 2329 5549 mergit.
2355 5479 2506 5536 Unde
2530 5492 2582 5537 et
2614 5482 2819 5553 primus
2844 5483 3004 5539 homo
3032 5493 3158 5541 tunc
3181 5486 3333 5555 quasi

1773 5570 1829 5625 in
1861 5568 2185 5640 profundum
2209 5572 2434 5637 corruit,
2461 5588 2582 5629 cum
2609 5573 2829 5630 vetitum
2851 5590 3067 5645 pomum
3096 5592 3192 5649 per
3218 5578 3335 5634 ino-

1765 5660 2099 5721 bedientiam
2119 5663 2366 5719 comedit.
2385 5662 2534 5720 Tunc
2556 5681 2722 5735 super
2741 5680 2864 5721 eum
2885 5681 2948 5721 os
2977 5683 3131 5723 suum
3144 5678 3337 5739 puteus

1774 5754 1992 5831 ςιηυεῆ,
2022 5769 2145 5815 cum
2178 5754 2384 5823 culpam
2420 5770 2571 5811 suam
2602 5755 2889 5815 defendere
2919 5759 3174 5816 audacter
3200 5776 3341 5834 pne-

3443 5411 3597 5465 vunt,
3619 5407 3673 5453 et
3692 5397 3744 5453 hi
3771 5398 3990 5452 fortium
4011 5397 4239 5452 virtutes
4262 5392 4468 5446 utiliter
4494 5388 4721 5445 audiunt
4751 5400 4899 5457 quos
4928 5403 4997 5440 au
5014 5416 5035 5424 ι

3442 5494 3548 5546 dita
3603 5490 3870 5561 prteconia
3926 5488 3993 5545 ad
4037 5499 4277 5545 amorem
4325 5482 4643 5538 imitationis
4691 5481 5005 5535 accendunt

3448 5604 3465 5635 ι
3496 5584 3837 5653 Qtttecunque
3860 5583 4003 5637 enim
4033 5581 4234 5649 scripta
4260 5587 4405 5642 sunt,
4429 5576 4496 5631 ad
4528 5583 4769 5630 nostram
4810 5573 5023 5626 W

3442 5688 3564 5726 nam
3591 5673 3792 5744 scripta
3815 5680 3941 5727 sunt
3968 5669 4143 5742 (Rom.
4180 5667 4291 5737 av).
4324 5686 4342 5720 ι
4373 5664 4630 5736 Quisquis
4659 5677 4793 5732 ergo
4814 5664 5026 5732 gaulus

3444 5764 3655 5819 fortiter
3683 5764 3861 5833 egisse
3888 5770 4154 5832 martyres
4192 5758 4411 5823 Christi,
4442 5754 4618 5828 arripe
4648 5763 4703 5811 et
4724 5752 4841 5827 ipse
4869 5766 5025 5808 arma
