5232 6480
193 333 283 389 601
1594 321 1827 378 SERMO
1868 318 2051 375 XVIII.
3379 306 3415 366 ο
3431 305 3489 365 ‘3

193 448 330 502 inter
357 443 555 499 milites
582 442 804 498 Christi.
851 443 1054 498 Desunt
1098 440 1342 496 exterius
1371 438 1582 499 hostes,
1627 443 1776 489 verte
1808 446 1850 498 Α
1883 432 2196 488 convocatis
2226 431 2421 487 amicis
2444 440 2498 485 et
2525 428 2740 492 vicinis,
2773 425 3190 497 congratulatus
3213 432 3298 480 est
3326 421 3485 492 (an.

194 553 381 594 manus
425 539 479 591 in
528 546 600 600 te,
639 546 692 592 et
737 535 934 590 multos
979 533 1270 590 seditiosos
1313 531 1557 588 invenies
1601 529 1769 584 cives.

195 632 356 687 Doma
397 628 730 698 superbiam,
776 625 964 698 jugula
1005 625 1361 686 iracundiam,
1395 623 1682 691 exstingue
1712 619 1780 674 li-

191 717 444 780 bidinem,
478 718 714 788 reprime
741 716 1055 780 avaritiam,
1083 713 1273 770 occide
1303 714 1581 774 invidiam,
1615 718 1689 774 et,
1719 719 1779 764 ut

190 805 424 862 breviter
454 821 578 862 cum
605 805 866 876 Apostolo
902 811 1096 862 cuncta
1129 803 1481 876 complectar,
1513 799 1777 869 Cruci/iga

186 912 393 951 carnem
430 906 575 951 luant
605 913 722 950 cum
763 897 899 952 vitiis
947 905 995 950 et
1046 895 1480 965 concupiscentiis
1525 891 1669 964 (Gal.
1695 891 1767 962 v).

189 986 291 1041 boe
330 995 416 1042 est
463 985 679 1041 fortiter
707 1001 890 1057 agere,
940 986 1043 1042 hoe
1077 993 1164 1042 est
1202 984 1437 1039 viriliter
1487 983 1772 1038 dimicare.

189 1077 320 1132 Nam
348 1079 478 1149 quid
517 1078 694 1150 juvat,
728 1079 772 1133 si
821 1078 968 1134 circa
1016 1076 1217 1132 vallum
1254 1085 1308 1132 te
1343 1091 1450 1131 non
1487 1073 1776 1129 obsideant

187 1173 329 1227 acies
347 1171 812 1241 persequentium,
834 1179 889 1225 et
919 1171 1062 1226 intra
1089 1169 1243 1225 urbis
1269 1168 1470 1224 muenia
1494 1175 1775 1237 grassetur

187 1262 461 1317 barbaries
487 1261 798 1317 vitiorum?
846 1259 956 1315 lmo
1001 1260 1134 1331 quid
1175 1258 1420 1329 prodest,
1449 1257 1492 1312 si
1526 1255 1770 1312 membra

186 1353 378 1409 diaboli
409 1362 585 1410 tecum
613 1351 856 1409 exterius
884 1365 989 1405 non
1021 1348 1333 1422 conﬂigant,
1367 1357 1421 1404 et
1451 1348 1566 1416 ipse
1585 1346 1774 1401 diabo-

185 1442 267 1497 lus
312 1443 565 1497 iutrinser.
589 1457 640 1495 ιε
686 1449 738 1494 te
768 1439 952 1510 quieto
978 1439 1100 1510 jure
1131 1437 1444 1510 possideat?
1473 1435 1608 1490 Nam
1645 1435 1772 1504 qui-

181 1546 390 1601 cunque
413 1532 529 1600 ejus
561 1531 822 1586 voluntati
849 1529 1080 1602 subjecti
1113 1538 1264 1594 sunt,
1293 1529 1450 1599 quasi
1479 1525 1666 1597 quieto
1701 1523 1772 1579 ab

179 1621 268 1677 illo
283 1619 406 1690 jure
431 1621 797 1692 possidentur,
823 1632 876 1677 et
902 1622 1169 1690 superbus
1189 1633 1380 1676 eorum
1411 1633 1501 1673 rex
1533 1617 1770 1688 quadam

177 1715 465 1771 securitate
479 1712 942 1785 perfruitur,dum
961 1729 1150 1770 eorum
1173 1713 1426 1770 cordibus
1446 1713 1768 1767 inconcussa

1883 524 1998 594 xv),
2034 524 2105 577 ita
2142 532 2197 579 et
2225 537 2348 588 nos,
2381 522 2606 577 invento
2636 535 2726 585 eo,
2758 536 2864 574 non
2905 519 3051 588 quod
3083 517 3200 589 ipse
3230 516 3488 587 perdide-

1882 624 1985 678 rat,
2009 615 2105 671 sed
2134 631 2245 686 quo
2295 629 2394 670 nos
2443 614 2688 685 perditos
2743 610 3101 682 acquisierat,
3149 608 3357 680 justum
3404 615 3490 663 est

1879 705 2130 778 gloriari,
2172 705 2480 778 praesertim
2528 720 2654 761 eum
2703 701 3002 774 Apostolus
3042 699 3192 756 dicat
3233 713 3249 755 :
3297 718 3316 750 ι
3354 697 3487 754 Mihi

1880 808 2062 853 autem
2091 799 2236 854 absit
2283 798 2533 870 gloriari,
2578 796 2684 852 nisi
2732 797 2787 852 in
2833 809 2997 850 cruce
3047 792 3267 849 Domini
3313 796 3485 848 nostri

1877 886 2004 944 Jesu
2055 887 2262 944 Christi
2295 886 2438 958 (Gal.
2473 888 2584 958 vt),
2624 907 2642 938 ι
2676 894 2939 955 tantoque
2969 883 3298 954 propensius
3327 883 3488 952 spiri-

1881 980 2084 1038 tualem
2117 981 2366 1037 laetitiam
2415 980 2586 1036 alacri
2632 979 2895 1035 debemus
2938 984 3123 1032 mente
3171 976 3483 1046 concipere,

1878 1082 2084 1143 quanto
2111 1089 2218 1130 non
2246 1075 2564 1145 ignoramus
2587 1081 2643 1128 et
2667 1071 3127 1142 ipsumbumana:
3161 1068 3354 1125 salutis
3383 1069 3487 1123 iui-

1877 1165 2078 1220 mieum
2101 1165 2341 1221 amarius
2361 1165 2662 1237 suspirare.
2685 1163 2971 1221 Gaudebat
2985 1177 3223 1234 namque
3241 1161 3487 1218 diabolus

1878 1256 1945 1311 ad
1975 1257 2312 1312 evadendum
2358 1257 2736 1330 ignominiosa:
2779 1272 2892 1313 sua:
2927 1255 3265 1314 confusionis
3287 1268 3488 1324 oppro-

1877 1347 2078 1412 brium,
2098 1349 2242 1419 quod
2269 1347 2597 1419 triumphale
2623 1348 2906 1412 vexillum,
2923 1345 3026 1403 sub
3046 1361 3156 1416 quo
3172 1343 3487 1415 perdiderat

1875 1438 1976 1493 sub
1999 1453 2107 1507 quo
2135 1447 2444 1509 prostratus
2463 1448 2520 1494 et
2551 1440 2862 1509 captivatus
2886 1437 3087 1503 fuerat,
3117 1446 3348 1491 eatenus
3375 1450 3488 1488 ma.

1877 1539 2032 1585 neret
2055 1529 2354 1598 occultum,
2375 1539 2429 1586 et
2451 1531 2622 1584 ruina:
2645 1546 2758 1586 suae
2786 1530 3046 1594 dedecus,
3070 1527 3214 1599 quod
3232 1542 3489 1582 succum-

1877 1624 2054 1680 bendo
2081 1623 2405 1696 pertulerat,
2435 1639 2733 1697 suppresso
2761 1626 2918 1696 signo
2955 1624 3201 1678 victoriae
3226 1636 3488 1690 compen-

1877 1715 2148 1771 sabat.At
2185 1716 2276 1773 ubi
2323 1725 2604 1788 repertum
2638 1725 2744 1783 est,
2799 1716 2888 1771 ubi
2938 1730 3063 1770 eum
3114 1723 3262 1769 tanta
3313 1712 3486 1783 gloria

175 1815 440 1877 potestate
471 1807 800 1863 dominatur.
822 1805 930 1863 Sed
952 1820 1075 1861 cum
1106 1803 1529 1876 uniuscujusque
1551 1803 1774 1874 spiritus
1808 1798 1848 1858 Β
1879 1806 2184 1863 Christante
2210 1807 2484 1863 devotioni
2525 1817 2582 1863 et
2623 1807 2810 1879 pietati
2857 1805 3146 1877 perpendit
3193 1819 3318 1859 esse
3359 1816 3489 1857 eon-

173 1899 242 1955 ad
269 1899 577 1956 Conditoris
609 1899 936 1956 desiderium
965 1898 1275 1965 recalescit,
1318 1912 1444 1953 cum
1495 1906 1774 1964 torporem

173 1989 511 2062 negligentiae
534 1992 759 2058 deserit,
782 2001 838 2047 et
860 1990 1034 2062 frigus
1065 1989 1501 2046 insensibilitatis
1531 1988 1776 2059 pristinas

171 2079 294 2152 igne
341 2081 514 2137 sancti
568 2082 771 2138 amoris
832 2081 1138 2145 succendit,
1189 2096 1313 2136 eum
1369 2079 1640 2136 libertatis
1685 2080 1772 2133 in-

169 2173 365 2240 genita:
409 2173 691 2236 meminit,
753 2181 810 2226 et
859 2172 1028 2227 teneri
1061 2171 1129 2228 ab
1179 2170 1344 2226 hoste
1397 2185 1590 2225 servus
1648 2184 1773 2224 eru-

171 2261 370 2327 bescit,
401 2262 526 2332 quia
564 2263 705 2316 idem
739 2262 910 2317 hostis
942 2275 1002 2316 se
1054 2261 1368 2316 considerat
1391 2258 1606 2329 despui,
1643 2259 1770 2328 quia

167 2351 275 2420 92
312 2353 430 2407 vias
482 2353 577 2408 Dei
636 2354 782 2408 videt
841 2354 1221 2423 apprehendi,
1277 2350 1424 2407 dolet
1467 2361 1659 2407 contra
1713 2367 1773 2408 se

168 2452 382 2512 captum
414 2444 574 2499 reniti
603 2486 617 2511 ,
665 2460 788 2500 mox
820 2446 936 2500 zelo
975 2445 1314 2508 accenditur,
1343 2461 1466 2500 mox
1497 2445 1564 2499 ad
1596 2455 1772 2501 certa-

168 2548 288 2589 men
336 2544 612 2613 movetur,
646 2551 771 2590 mox
804 2547 994 2591 eontra
1030 2536 1382 2591 rebellantem
1429 2543 1667 2591 mentem
1709 2551 1768 2592 se

166 2635 558 2698 excitatatque
601 2628 655 2682 in
688 2629 834 2683 omni
868 2638 986 2684 arte
1031 2628 1389 2685 laeerationis
1427 2630 1670 2701 instigat,
1713 2639 1772 2684 ut

168 2717 524 2774 teutatiouum
567 2719 748 2790 jacula
783 2720 1146 2790 iutorquendo
1192 2720 1464 2776 confodiat
1500 2734 1593 2776 cor
1624 2721 1770 2791 quod

163 2807 366 2862 dudum
422 2810 609 2878 quieto
665 2809 793 2880 jure
841 2811 1177 2881 possidebat.
1243 2809 1407 2878 Quasi
1465 2811 1772 2867 dormiebat

162 2896 384 2967 quippe,
415 2899 541 2951 dum
567 2901 776 2968 sopitus
801 2899 856 2955 in
889 2915 1058 2970 pravo
1085 2901 1252 2956 corde
1299 2902 1632 2971 quiesceret,
1671 2886 1767 2958 sed

160 2989 433 3043 excitatur
465 2991 518 3044 in
544 2991 932 3060 provocatione
956 2992 1302 3055 certaminis,
1332 3007 1456 3047 eum
1482 2991 1575 3062 jus
1599 2993 1772 3048 admi-

160 3079 292 3133 serit
320 3095 589 3150 perverste
616 3080 1024 3136 dominationis.
1075 3080 1353 3150 Scriptum
1381 3082 1581 3152 quippe
1618 3093 1703 3138 est
1748 3100 1760 3136 :

165 3188 184 3222 ι
224 3169 344 3235 Fili,
375 3173 639 3226 accedens
673 3170 742 3226 ad
771 3172 1096 3229 servitutem
1130 3171 1246 3237 Dei,
1280 3181 1363 3227 sta
1393 3171 1680 3242 injustitia
1707 3183 1762 3229 et
1790 3157 1835 3219 Ο

158 3263 380 3326 timore.
429 3274 486 3320 et
531 3279 776 3335 praepara
811 3261 1061 3320 animam
1109 3273 1257 3319 tuam
1303 3265 1370 3320 ad
1405 3265 1764 3322 teutationem

158 3354 454 3426 (Eccli.tt).
477 3375 494 3407 ι
536 3356 795 3426 Quisquis
823 3356 968 3412 enim
1001 3357 1210 3427 accingi
1243 3357 1295 3412 in
1319 3357 1505 3412 divino
1535 3359 1766 3414 servitio

157 3457 437 3517 properat,
464 3447 594 3517 quid
629 3447 773 3501 aliud
803 3463 968 3518 quam
1003 3463 1063 3503 se
1109 3457 1300 3504 contra
1331 3449 1541 3520 antiqui
1573 3449 1766 3504 adver-

156 3542 288 3596 sarii
314 3549 590 3596 certamen
639 3550 818 3612 parat,
867 3552 928 3597 ut
975 3541 1114 3598 liber
1163 3543 1216 3597 in
1265 3543 1570 3598 certamine
1626 3544 1766 3599 ictus

155 3634 439 3704 suscipiat,
477 3635 567 3704 qui
601 3635 821 3705 quietus
863 3633 965 3690 sub
1007 3634 1298 3705 tyrannide
1347 3635 1400 3690 in
1445 3635 1766 3704 captivitate

158 3725 482 3780 serviebat?
525 3725 580 3779 In
619 3725 721 3778 hoc
766 3724 1095 3789 certamine,
1142 3723 1489 3781 dilectissimi
1547 3723 1762 3790 fratres,

154 3824 346 3871 noster
373 3819 588 3871 animus
609 3831 668 3871 se
699 3829 919 3885 semper
945 3824 1221 3878 exerceat,
1252 3817 1319 3870 ad
1361 3815 1523 3884 hujus
1569 3831 1764 3887 pugna:

153 3909 444 3962 victoriam
477 3923 631 3963 mens
676 3916 864 3962 nostra
917 3908 1043 3963 totis
1084 3907 1386 3964 visceribus
1426 3908 1760 3964 inardescat.

159 4019 178 4050 ι
220 3999 338 4054 Non
361 4000 504 4055 enim
537 4000 914 4061 enrouabitur,
951 3999 1055 4054 nisi
1083 4000 1176 4070 qui
1203 3998 1442 4054 lo"i:ime
1465 3999 1763 4056 certaverit

143 4087 245 4155 (II
281 4087 416 4143 Tim.
459 4093 559 4159 tt);
602 4109 619 4142 ι
669 4097 939 4160 quatenus
968 4089 1061 4158 qui
1099 4103 1244 4143 nunc
1269 4089 1538 4144 imitando
1568 4090 1761 4145 beatos

152 4177 431 4252 martyres
472 4181 712 4251 legitime
748 4181 1032 4237 decertare
1061 4181 1464 4246 contendimus,
1501 4190 1760 4254 percepta

150 4291 360 4332 corona
392 4276 636 4331 victoriae
661 4275 715 4330 in
747 4284 1012 4331 aeternum
1040 4289 1164 4330 eum
1203 4274 1322 4345 ipso
1372 4288 1504 4347 rege
1555 4282 1762 4346 marty-

152 4382 278 4421 rum
311 4366 660 4422 iueffabiliter
707 4366 1070 4422 exsultenms.
1122 4365 1225 4432 Qui
1284 4366 1462 4422 trinus
1508 4375 1565 4423 et
1619 4382 1762 4422 unus

149 4459 302 4515 Deus
326 4459 460 4514 vivit
491 4467 541 4513 et
591 4458 857 4529 gloriatur
882 4455 1120 4532 [regnat]
1153 4473 1250 4528 per
1299 4457 1512 4514 infinita
1558 4458 1758 4514 saecula

146 4551 500 4608 seculorum.
526 4551 722 4607 Amen.

146 4813 266 4874 ΙΙΙ.
317 4813 529 4874 Sermo
564 4813 636 4873 de
670 4713 1299 4876 memmium
1335 4813 1586 4876 Cructs.

149 4913 268 4973 XI.
301 4914 514 4975 Sermo
556 4910 628 4974 de
675 4913 742 4975 S.
795 4912 1089 4974 Antht'mo
1127 4920 1426 4994 martyre.

143 5013 324 5084 XIV.
358 5012 567 5073 Sermo
599 5010 671 5072 de
699 5013 766 5075 S.
808 5012 1141 5092 Boni/acto
1186 5019 1478 5091 martyre.

140 5112 294 5174 XV.
331 5113 544 5175 Sermo
595 5112 668 5174 de
711 5113 969 5192 Spiritu
1020 5121 1234 5173 sancto
1286 5120 1343 5173 et
1411 5113 1543 5192 ejus
1605 5130 1752 5191 gra-

229 5219 256 5271 ι
273 5219 345 5274 “α;

264 5229 280 5273 ⁸
719 5311 954 5367 δεηΜο
992 5311 1073 5367 Χκ
1091 5311 1180 5367 lll.

319 5416 387 5457 os
421 5417 748 5460 Iuven-rion:
786 5419 1005 5460 sueris
1046 5418 1258 5459 canens.
1291 5403 1374 5472 (Ill
1409 5405 1580 5472 nu.)

222 5489 416 5555 Hodie.
467 5493 666 5550 fratres
707 5493 1051 5558 charissimi,
1091 5495 1219 5564 quia
1255 5494 1450 5551 Crueis
1481 5494 1755 5551 Iuventio-

143 5598 282 5640 netu
313 5583 566 5652 colimus,
598 5586 755 5653 quasi
784 5594 1002 5657 reperto
1031 5587 1311 5643 communi
1361 5589 1530 5646 totius
1563 5587 1750 5645 mundi

144 5675 418 5733 thesauro
451 5677 813 5733 communiter
843 5678 897 5733 in
929 5677 1149 5735 Christo
1179 5679 1417 5748 gaudere
1466 5680 1748 5745 debemus,

145 5778 210 5824 et
259 5768 399 5824 sicut
448 5767 564 5824 ille.
619 5769 834 5826 inventa
887 5771 1093 5827 perdita
1147 5788 1247 5829 ove
1296 5773 1380 5829 vel
1445 5773 1701 5830 drachma
1735 5813 1750 5828 .

1877 1896 2147 1966 spicuum,
2199 1897 2476 1953 erubescit
2509 1912 2570 1954 se
2604 1897 2806 1968 ubique
2845 1896 2960 1968 jam
3014 1895 3200 1950 videre
3241 1902 3486 1963 prostra-

1879 1999 2137 2053 stratum,
2191 1989 2302 2061 93
2347 1989 2474 2061 quia
2506 1989 2708 2060 ubique
2741 1987 2956 2044 titulum
2997 1986 3196 2042 divina:
3243 1979 3490 2040 victoria:

1876 2079 2051 2134 cernit
2089 2089 2354 2136 erectum.
2395 2081 2714 2151 Ubicunque
2738 2080 2886 2135 enim
2915 2079 3134 2150 signum
3164 2076 3344 2132 crucis
3378 2076 3487 2131 eri-

1876 2172 2041 2244 gitur,
2066 2172 2175 2229 illic
2188 2173 2379 2244 procul
2411 2173 2578 2230 dubio
2606 2181 2663 2228 et
2689 2167 2894 2228 Christi
2918 2170 3168 2236 victoria,
3197 2178 3253 2224 et
3283 2167 3487 2224 diaboli

1875 2267 2165 2338 captivitas
2187 2267 2495 2324 denotatur.
2529 2265 2704 2321 Porro
2731 2275 2916 2320 autem
2959 2273 3288 2320 veternosus
3312 2261 3488 2316 hostis

1874 2373 1974 2428 per
1994 2357 2200 2429 lignum
2226 2357 2464 2428 primum
2496 2357 2776 2411 hominem
2804 2355 3031 2419 vicerat,
3064 2366 3396 2420 muneraque
3422 2349 3488 2405 il-

1873 2447 1980 2502 lius
2009 2447 2325 2519 progeniem
2381 2460 2481 2518 per
2521 2446 2766 2516 quinque
2818 2443 2988 2498 millia
3027 2441 3143 2498 fere
3190 2455 3485 2503 annorum,

1875 2546 2134 2610 tanquam
2163 2553 2403 2604 servum,
2436 2537 2538 2592 sub
2559 2535 2694 2606 jugo
2725 2551 2839 2592 sua:
2871 2534 3176 2606 tyrannidis
3201 2531 3482 2602 opprime-

1874 2627 1987 2684 bat.
2023 2628 2181 2684 Venit
2211 2640 2394 2684 autem
2446 2627 2642 2694 Filius,
2677 2637 2934 2697 tanquam
2981 2627 3135 2696 gigas
3160 2625 3226 2679 ad
3256 2637 3487 2679 curren-

1873 2721 1998 2775 dam
2027 2719 2172 2775 viam
2209 2718 2385 2792 (Psal.
2440 2718 2623 2790 xvtu),
2689 2726 2752 2775 ut
2799 2717 3105 2774 debellaret
3157 2731 3351 2772 aereas
3383 2725 3486 2786 po-

1875 2821 2122 2879 testates,
2155 2823 2212 2867 et
2261 2811 2466 2882 lignum
2510 2812 2656 2883 ligno
2687 2811 2974 2882 opposuit,
3005 2812 3132 2864 dum
3175 2825 3275 2880 per
3303 2809 3486 2864 erucis

1873 2903 2295 2959 amaritudinem
2330 2902 2548 2974 exspuit
2597 2911 2920 2958 venenatam
2952 2901 3100 2972 pomi
3130 2901 3277 2956 illius
3328 2898 3484 2955 vetiti

1874 2992 2230 3063 voluptatem.
2282 2991 2499 3048 Primus
2540 2991 2756 3048 scilicet
2801 2991 2968 3048 homo
2995 3006 3120 3046 cum
3160 3005 3384 3045 manum
3415 2989 3485 3044 ad

1875 3083 2149 3147 arborem,
2195 3081 2414 3138 diabolo
2454 3083 2762 3146 suadente,
2813 3082 3081 3152 porrexit,
3136 3079 3484 3151 tanquamli-

1867 3192 2019 3249 gnem
2054 3176 2253 3231 tabulte
2285 3175 2714 3246 chirographum
2764 3174 3026 3230 dedititiae
3075 3173 3359 3229 servitutis
3398 3174 3480 3229 in-

1868 3270 2110 3341 scripsit.
2139 3268 2425 3324 Secundus
2455 3269 2619 3324 homo
2646 3283 2770 3322 cum
2801 3268 2854 3321 in
2879 3282 3045 3322 cruce
3069 3281 3263 3321 manus
3287 3276 3481 3322 exten-

1866 3361 1970 3426 dit,
2000 3361 2308 3416 eautionem
2339 3360 2489 3415 illam
2532 3359 2802 3414 letlnferie
2848 3359 3120 3429 pactionis
3159 3356 3479 3431 [passionis]

1866 3451 2247 3508 oblitterandm
2290 3451 2510 3507 delevit.
2557 3449 2662 3506 Per
2708 3451 2914 3522 lignum
2964 3466 3098 3520 ergo
3150 3452 3293 3507 servi
3330 3452 3480 3514 lacti.

1866 3559 1964 3615 per
1990 3545 2197 3624 lignum
2221 3560 2411 3600 sumus
2443 3544 2681 3599 libertati
2715 3545 2959 3614 pristina:
2991 3544 3252 3598 restituti.
3279 3543 3388 3600 Per
3418 3545 3479 3599 li-

1865 3651 2032 3707 gnum
2058 3636 2125 3690 de
2154 3635 2427 3706 paradiso
2449 3634 2731 3691 fueramus
2771 3635 2958 3705 ejecti,
3001 3648 3099 3705 per
3129 3634 3339 3705 lignum
3388 3650 3483 3692 su-

1867 3741 1989 3782 mus
2027 3726 2080 3781 in
2111 3725 2347 3796 patriam
2373 3726 2638 3782 revocati.
2673 3726 2740 3779 Et
2766 3725 2858 3796 qui
2899 3740 2997 3796 per
3025 3724 3231 3796 lignum
3272 3724 3481 3780 inimici

1866 3819 2108 3888 deputati
2142 3817 2365 3884 fuimus,
2414 3834 2514 3888 per
2550 3825 2959 3874 sacramentum
2989 3818 3171 3873 crucis
3195 3818 3248 3872 in
3293 3818 3484 3874 amici-

1867 3911 1998 3965 tiam
2045 3910 2142 3966 Dei
2181 3919 2240 3967 et
2281 3910 2338 3965 in
2374 3909 2693 3980 angelorum
2733 3908 3088 3964 concordiam
3139 3907 3484 3962 reconciliati

1864 4016 2076 4067 sumus,
2111 4009 2350 4058 testante
2395 4000 2679 4073 Apostolo,
2729 4001 2820 4072 qui
2859 4001 2927 4054 de
2953 3999 3176 4055 Christo
3205 4001 3270 4053 ad
3304 3999 3488 4069 Ephe-

1865 4095 1978 4150 sios
2002 4094 2232 4165 loquens
2261 4095 2338 4150 ait
2366 4109 2384 4149 :
2422 4112 2440 4146 ι
2477 4093 2598 4164 Ipse
2625 4103 2730 4160 est,
2766 4093 2966 4164 inquit,
3005 4108 3112 4162 pax
3143 4102 3358 4157 nostra,
3389 4091 3484 4162 qui

1866 4187 1995 4242 fecit
2029 4195 2263 4258 utraque
2317 4201 2527 4252 unum;
2573 4195 2629 4242 et
2658 4184 2897 4241 medium
2929 4185 3195 4254 parietem
3231 4184 3484 4238 maceria

1864 4278 2192 4346 dissolvens,
2228 4278 2547 4334 inimicitias
2579 4278 2634 4331 in
2667 4291 2834 4333 carne
2871 4291 2966 4331 sua
3003 4292 3016 4328 :
3050 4275 3224 4344 legem
3257 4277 3484 4329 manda-

1865 4379 2046 4426 torum
2084 4369 2322 4425 decretis
2360 4385 2667 4432 evacuans,
2702 4378 2762 4423 ut
2791 4367 2927 4423 duos
2959 4368 3160 4422 condat
3190 4367 3242 4420 in
3274 4374 3481 4422 semet-

1867 4462 1984 4533 ipso
2025 4461 2077 4517 in
2118 4477 2286 4517 unum
2327 4477 2530 4518 novum
2588 4461 2888 4527 hominem,
2920 4459 3129 4517 faciens
3153 4475 3384 4530 pacem;
3427 4469 3484 4514 ut

1791 4522 1840 4587 D
1869 4554 2189 4610 reconciliet
2227 4555 2418 4611 ambos
2465 4555 2518 4609 in
2570 4569 2678 4609 uno
2701 4568 2933 4624 corpore
2971 4555 3080 4609 Deo
3107 4568 3202 4623 per
3235 4568 3481 4616 erucem,

1870 4647 2208 4703 interﬁciens
2235 4646 2556 4702 inimicitias
2593 4645 2647 4701 in
2679 4645 2978 4714 semetipso
3005 4645 3224 4715 (Ep/tes.
3250 4643 3336 4716 ιι).
3371 4664 3390 4697 ι

1942 4737 2057 4793 Hoc
2093 4738 2328 4809 denique
2354 4737 2549 4794 salutis
2584 4738 2840 4793 humana:
2865 4735 3122 4790 vexillum
3162 4750 3270 4789 non
3303 4734 3481 4790 solum

1867 4831 1952 4886 lex
1991 4846 2091 4901 per
2129 4831 2393 4901 quasdam
2432 4830 2641 4902 typicas
2684 4829 3160 4900 intelligentia‘set
3186 4829 3482 4900 aenigmata

1865 4923 2198 4996 praefigurat,
2227 4923 2322 4979 sed
2359 4931 2415 4979 et
2453 4924 2700 4978 omnium
2745 4923 3140 4996 prephetarum
3177 4921 3400 4977 oracula
3427 4932 3481 4978 et

1865 5025 2061 5070 cuncta
2080 5015 2280 5070 veteris
2307 5014 2658 5108 instrumrcti
2681 5015 2976 5069 veneratur
2999 5014 3324 5068 auctoritas.
3349 5013 3483 5081 ουτω

1862 5116 1948 5163 est
1975 5108 2122 5163 enim
2156 5107 2296 5162 sacri
2325 5107 2524 5177 eloquii
2550 5107 2773 5178 pagina,
2802 5121 2924 5178 qua:
2949 5108 3131 5162 crucis
3155 5107 3478 5178 mysterium

1866 5215 1974 5254 non
2007 5199 2271 5265 redoleat,
2295 5207 2351 5254 et
2377 5199 2444 5254 ad
2472 5200 2596 5266 hoc,
2625 5199 2784 5270 quasi
2816 5199 2883 5253 ad
2915 5199 3088 5254 totius
3113 5200 3370 5254 humanm
3393 5214 3481 5254 sa-

1866 5295 1996 5351 lutis
2014 5302 2375 5366 caput.atque
2400 5293 2756 5364 principium,
2788 5307 2897 5347 non
2930 5291 3216 5347 intendat?
3247 5291 3325 5347 Ex
3362 5291 3482 5360 qui-

1865 5388 1966 5442 bus
1993 5385 2253 5439 nimirum
2309 5399 2417 5440 non
2469 5383 2708 5440 otiosum
2761 5383 3061 5446 credimus,
3101 5382 3146 5436 si
3179 5381 3360 5452 aliqua
3391 5381 3481 5436 hie

1865 5477 2201 5540 testimonia,
2227 5490 2350 5546 quae
2376 5475 2562 5530 crucis
2591 5473 2914 5545 mysterium
2947 5473 3202 5539 innuant,
3229 5469 3480 5543 profera-

1861 5586 2004 5634 mus,
2031 5580 2090 5623 ut
2117 5584 2215 5639 per
2242 5583 2305 5624 ea
2359 5581 2481 5636 quae
2518 5567 2606 5622 hic
2633 5565 2788 5623 brevi
2831 5580 3090 5621 sermone
3151 5563 3485 5636 perstringi-

1861 5676 1982 5714 mus
2049 5659 2116 5712 ad
2165 5657 2253 5713 illa
2304 5658 2470 5714 etiam
2505 5673 2627 5728 qua:
2679 5664 2952 5720 tacentur,
2984 5653 3245 5710 facilioris
3275 5652 3480 5710 intelli-

1861 5751 2058 5821 gentim
2091 5750 2296 5805 aditum
2345 5748 2706 5820 praebeamus.
2748 5745 2967 5802 Primus
2999 5745 3165 5818 igitur
3193 5744 3472 5802 Abraham
