5232 6492
489 0 4372 93 “"——-————————

1801 392 1908 450 603
2402 391 2460 447 S.
2492 390 2693 445 PETRI
2728 389 3008 445 DAIIANI
3044 388 3194 444 OI'P.
3238 384 3419 441 PARS
3457 382 3589 442 εει]
3630 381 3867 443 τοιιυδ
3905 382 3967 439 Il.
4008 412 4078 426 -
4111 373 4499 444 SERXONES.
4932 388 5036 446 ωι

1802 505 2023 561 accedat
2070 503 2125 560 in
2160 503 2414 567 medium,
2459 501 2551 571 qui
2591 500 2719 555 dum
2757 500 3037 556 immolare
3065 498 3173 552 Deo
3199 497 3365 549 tilium
3400 500 3439 558 Α
3474 496 3630 551 tidem
3686 496 3919 559 videant,
3969 511 4059 566 qui
4108 507 4335 552 eatenus
4366 496 4486 553 ﬁdei
4510 496 4693 554 oculos
4718 512 4829 555 non
4870 498 5035 555 hahe-

1808 597 1994 660 voluit,
2032 602 2224 649 cuncta
2254 607 2393 664 pene
2416 606 2513 661 per
2534 592 2781 647 ordinem
2822 590 3089 661 passionis
3130 588 3368 642 Domini-

1803 701 1881 742 σε
1917 691 2251 739 sacramenta
2301 682 2553 751 signavit.
2586 679 2739 737 Sicut
2775 680 2920 734 enim
2945 678 3241 739 Abraham,
3275 678 3366 745 qui

1802 784 1950 842 pater
1972 774 2206 828 melius
2230 773 2446 835 dicitur,
2480 773 2695 826 unicum
2723 780 2779 826 et
2805 770 3059 825 dilectum
3096 767 3261 820 tilium
3287 766 3371 820 of-

1802 862 1947 920 ferre
1976 864 2084 918 Deo
2109 878 2213 917 non
2244 863 2528 925 dubitavit,
2558 864 2630 916 ita
2652 870 2965 916 etsummus
2994 858 3157 912 Pater
3183 858 3371 927 unige-

1804 954 1973 1009 nitum
1999 954 2352 1023 dilectumque
2406 953 2598 1007 Filium
2637 967 2734 1020 pro
2768 951 2924 1005 nobis
2973 948 3225 1004 omnibus
3256 958 3370 1001 tra-

1808 1046 1961 1101 didit.
2012 1047 2077 1100 Et
2106 1048 2239 1101 sicut
2275 1046 2420 1100 Isaac
2448 1047 2561 1114 ipse
2589 1045 2687 1098 sibi
2728 1044 2866 1114 ligna
2892 1045 3125 1113 portavit
3175 1043 3369 1111 quibus

1803 1146 1920 1191 erat
1948 1136 2321 1206 imponendns,
2345 1137 2414 1188 ita
2436 1149 2646 1203 quoque
2667 1132 2911 1188 Christus
2926 1133 3102 1186 crucis
3121 1148 3228 1185 sum
3250 1147 3369 1197 ges-

1806 1232 1941 1287 tavit
1966 1232 2017 1284 in
2049 1230 2281 1285 humeris
2308 1229 2537 1298 lignum,
2568 1227 2621 1280 in
2650 1241 2759 1295 quo
2779 1234 2897 1280 erat
2934 1240 3031 1294 pro
3056 1236 3237 1278 nostra
3275 1238 3365 1277 sa-

1805 1322 1916 1377 lute
1955 1332 2228 1390 passurus.
2280 1317 2393 1370 Duo
2431 1326 2610 1370 autem
2659 1315 2799 1369 servi
2826 1315 2898 1367 illi
2940 1313 3123 1382 procul
3161 1312 3365 1366 dimissi

1804 1408 2014 1463 Judaaos
2064 1407 2388 1477 signiticant,
2431 1406 2547 1474 qui,
2598 1420 2720 1457 cum
2747 1403 3018 1457 serviliter
3041 1403 3285 1454 viverent
3314 1410 3368 1453 et

1802 1495 2094 1551 carnaliter
2140 1503 2408 1563 saperent.
2455 1508 2561 1546 non
2618 1492 3000 1546 intellexerunt
3049 1491 3363 1545 altissimam

1802 1584 2155 1639 humilitatem
2185 1580 2603 1653 [paupertatem]
2638 1581 2862 1645 Christi,
2909 1591 3069 1649 atque
3118 1582 3234 1632 ideo
3262 1594 3364 1630 non

1801 1672 2162 1727 ascenderunt
2192 1674 2244 1725 in
2272 1680 2539 1734 montem,
2587 1673 2761 1725 locum
2807 1671 3054 1725 videlicet
3092 1670 3363 1723 sacriﬁcii.

1800 1761 1909 1817 Cur
1941 1771 2119 1817 autem
2149 1763 2254 1814 duo
2279 1762 2442 1823 servi.
2476 1762 2577 1814 uisi
2600 1762 2745 1830 quia,
2772 1773 3024 1828 peccante
3056 1760 3359 1817 Salonium».

3470 588 3617 641 banL

3542 676 3738 732 Verum
3767 693 3865 733 nos
3894 680 4021 734 dum
4050 681 4446 737 sacrificantem
4478 682 4752 738 Abraham
4785 680 5033 753 alimmu-

3472 778 3524 822 to
3552 768 3790 835 longiore
3828 784 4074 825 sermone
4102 772 4498 840 prosequimur,
4550 774 4619 828 ah
4646 772 4768 828 aliis
4805 789 4929 845 qua
4954 774 5039 828 di-

3468 857 3633 911 cenda
3664 868 3809 920 sunt,
3842 859 4040 913 diutius
4071 862 4445 929 prmpedimur.
4493 861 4603 917 lloc
4634 878 4828 934 nempe
4855 864 5033 919 auch

3469 946 3778 1013 mysterium
3831 958 3886 1001 et
3926 947 4090 1003 Jacob
4141 950 4435 1015 ﬁguraliter
4480 954 4772 1021 expressit,
4820 956 5035 1008 cunde

3466 1038 3679 1092 Christo
3718 1039 3856 1093 inter
3880 1041 4079 1109 reliqua
4110 1044 4270 1097 verba
4300 1044 4693 1100 benedictionis
4720 1045 4922 1107 intulit.
4952 1046 5035 1099 di-

3466 1142 3631 1180 cens:
3680 1146 3697 1178 ι
3728 1127 3954 1182 Lavahit
4001 1132 4054 1183 in
4102 1134 4229 1184 vino
4282 1133 4473 1187 stolam
4515 1149 4691 1195 suam,
4742 1145 4797 1190 et
4827 1136 4880 1189 in
4910 1149 5037 1190 Ill-

3466 1218 3623 1283 guine
3688 1233 3802 1272 ur:
3857 1220 4071 1288 pallium
4147 1238 4303 1275 suum
4376 1222 4528 1287 (Cat.
4586 1224 4754 1291 xux).
4810 1243 4831 1276 ι
4884 1221 5035 1278 Stoh

3466 1306 3665 1358 Christi
3695 1316 3749 1359 et
3781 1310 3999 1374 pallium
4034 1311 4320 1365 multitudo
4345 1322 4423 1365 est
4450 1312 4712 1381 gentium.
4741 1327 4877 1381 quas
4909 1322 5039 1369 tunc

3468 1393 3725 1448 Dominus
3780 1397 3974 1458 induit,
4033 1400 4247 1467 quando
4304 1401 4404 1453 sibi
4435 1415 4529 1454 eas
4565 1415 4662 1469 per
4694 1400 4926 1467 gratia.
4950 1412 5038 1455 re-

3466 1484 3788 1550 demptionis
3820 1486 4085 1553 atljuusit,
4109 1489 4246 1541 sicut
4272 1503 4367 1557 per
4387 1490 4703 1558 prophetam
4728 1489 5035 1556 pollicetur.

3468 1572 3653 1623 dicens
3682 1589 3693 1623 :
3735 1591 3752 1621 ι
3788 1573 3917 1626 Vivo
3939 1590 4070 1644 ego.
4102 1576 4231 1629 dicit
4262 1576 4540 1641 Dominus,
4588 1578 4687 1633 nisi
4724 1578 4825 1632 hos
4847 1591 5039 1633 omnes

3469 1661 3682 1714 induam
3738 1665 3879 1717 sicut
3918 1666 4297 1718 vestimentum
4343 1664 4498 1734 (Issi.
4528 1674 4698 1731 txtx).
4760 1684 4781 1718 ι
4830 1664 5035 1720 Stala-

3466 1766 3593 1818 crgo
3623 1767 3775 1804 suam
3822 1751 4079 1808 Dominus
4123 1756 4174 1807 in
4200 1754 4343 1815 vino,
4368 1766 4421 1808 et
4448 1755 4664 1824 pallium
4688 1757 4740 1807 in
4774 1756 5040 1824 sanguine

1800 1867 1866 1907 ex
1903 1867 2007 1906 uua
2056 1852 2348 1906 Israelitica
2384 1852 2535 1919 plebe
2564 1828 2671 1904 duo
2695 1852 2818 1903 facti
2850 1861 2972 1904 sunt
3000 1850 3361 1919 populi?Qui-
3400 1828 3439 1884 Β
3470 1856 3584 1893 υνῑ
3626 1842 3773 1903 lavit.
3810 1844 4025 1911 quando
4060 1845 4201 1896 sicut
4234 1842 4423 1899 botrus
4468 1846 4522 1899 in
4558 1846 4737 1899 crucis
4758 1846 4907 1915 ligno
4947 1860 5039 1913 pe-

1800 1942 1904 1997 hus
1922 1942 2106 2011 utique
2134 1956 2274 2001 sanie
2302 1955 2396 2008 per
2423 1941 2743 2007 prophetam
2778 1940 2973 1993 dicitur
3001 1957 3013 1991 :
3048 1958 3065 1989 ι
3102 1939 3365 1993 Adversa-

1802 2033 1908 2088 trix
1937 2032 2120 2095 Israel,
2166 2042 2220 2086 et
2266 2031 2663 2101 prrrvaricatrix
2693 2029 2824 2085 Iuda
2874 2030 3009 2097 (Jer.
3040 2036 3138 2101 ιιι).
3178 2051 3195 2083 ι
3240 2033 3361 2085 Asi-

1802 2135 1905 2175 nus
1951 2128 2130 2173 autem
2157 2118 2246 2173 ille
2271 2133 2380 2188 quo
2408 2129 2533 2173 tunc
2575 2119 2823 2171 utebatur
2844 2120 3139 2183 Abraham,
3182 2120 3364 2174 insen-

1801 2215 1922 2263 sata
1942 2203 2756 2276 eratstultitialutborum.“
2773 2204 2862 2258 Illa
2886 2208 3042 2275 plane
3064 2207 3218 2260 bruta
3236 2206 3368 2260 stul-

1803 2297 1923 2351 titia
1949 2296 2127 2352 omnia
2154 2304 2490 2350 sacramenta
2540 2295 2813 2365 portabat,
2859 2312 2978 2365 qui:
3012 2307 3193 2351 tamen
3239 2298 3366 2366 quid

1802 2384 1985 2447 ferret,
2015 2383 2158 2438 velut
2180 2383 2490 2438 irrationale
2518 2384 2740 2447 animal.
2762 2386 3058 2453 ignorabat.
3087 2384 3206 2441 Iam
3240 2402 3368 2441 vero

1800 2474 1928 2542 quid
1952 2482 2036 2527 est
2064 2472 2206 2542 quod
2232 2473 2432 2527 dictum
2466 2480 2550 2527 est
2576 2474 2656 2528 eis
2684 2491 2697 2526 :
2735 2492 2752 2523 ι
2788 2472 3108 2542 Exspectate
3138 2476 3221 2529 hic
3244 2490 3364 2530 cum

1802 2564 1975 2627 asino,
2003 2572 2287 2632 postquam
2336 2570 2514 2616 autem
2554 2562 2989 2625 adoraverimus,
3034 2574 3367 2619 revertemur

1801 2656 1869 2712 ad
1898 2656 2030 2710 vos?
2047 2673 2067 2706 ι
2100 2650 2252 2723 (Gen.
2276 2655 2437 2723 xxn.)
2459 2653 2597 2708 Audi
2614 2653 2957 2723 Apostolum:
2985 2673 3003 2706 ι
3024 2654 3267 2717 Caecitas,
3288 2658 3369 2710 in-

1802 2747 1941 2816 quit,
1971 2760 2037 2800 ex
2060 2753 2214 2815 parte
2240 2745 2401 2799 Israel
2434 2743 2574 2799 facta
2608 2753 2713 2808 est,
2744 2755 2802 2798 ut
2827 2745 3103 2814 plenitudo
3130 2748 3367 2816 gentium

1804 2837 2053 2898 intraret,
2072 2842 2126 2889 et
2147 2834 2224 2888 sic
2243 2833 2421 2888 omnis
2445 2832 2611 2887 Israel
2631 2833 2811 2887 salvus
2839 2832 2994 2888 ﬂeret
3019 2832 3188 2903 (Itoni.
3221 2838 3318 2903 xi).
3346 2856 3364 2887 ι

1804 2924 1942 2990 Quid
1996 2931 2080 2977 est
2129 2921 2272 2976 enim
2316 2921 2460 2990 quod
2513 2920 2749 2975 dicitur:
2782 2939 2801 2971 ι
2830 2920 3057 2976 Εεείιιι
3098 2938 3166 2977 ex
3217 2934 3369 2993 parte

1799 3013 1961 3069 Israel
2000 3013 2140 3067 facta
2165 3010 2285 3066 est!
2320 3028 2341 3062 ι
2392 3009 2505 3066 Hoc
2540 3018 2626 3067 est
2662 3010 2908 3066 videlicet
2938 3029 2953 3066 :
2998 3031 3017 3063 ι
3054 3010 3370 3082 Exspectate

1800 3106 1887 3162 hic
1914 3121 2035 3161 cum
2069 3104 2239 3161 asino.
2275 3123 2295 3157 ι
2327 3102 2399 3160 Ut
2426 3102 2702 3174 plenitudo
2726 3103 2966 3173 gentium
2992 3104 3236 3171 intraret,
3265 3106 3368 3159 hoc

3468 1930 3667 1998 pendit.
3699 1929 3849 1985 Tunc
3900 1932 4042 1985 enim
4087 1948 4151 1985 ex
4201 1932 4368 1989 latere
4390 1934 4507 2005 eius
4553 1934 4774 2005 sanguis
4812 1943 4866 1987 et
4901 1947 5039 2003 aqua

3468 2020 3733 2086 proﬂuxit.
3794 2018 3899 2073 Sed
3943 2034 4081 2089 aqua
4114 2036 4211 2076 nos
4257 2021 4452 2087 abluit,
4490 2025 4755 2094 sanguine
4784 2024 5038 2079 redemit.

3470 2109 3720 2160 nimirum
3766 2118 3824 2161 ut
3870 2110 4151 2164 exhiberet
4194 2111 4293 2164 sibi
4324 2126 4574 2179 sponsam
4612 2126 4716 2165 non
4749 2113 5039 2165 habenten

3470 2198 3754 2261 maculam,
3793 2214 3967 2267 neque
4016 2214 4199 2265 rugam
4231 2199 4446 2268 (Ephes.
4488 2202 4561 2259 vi.
4597 2199 4790 2255 Crucis
4840 2210 5042 2271 myste-

3470 2288 3605 2341 rium
3664 2290 3801 2342 idem
3856 2288 4021 2343 Jacob
4069 2299 4194 2343 tune
4246 2292 4413 2344 etiam
4463 2300 4715 2361 patenter
4768 2290 5040 2353 exhibuit,

3467 2380 3681 2445 quando
3730 2378 3999 2445 juniorem
4072 2379 4326 2448 Ephraim
4383 2378 4627 2436 lauasse
4680 2380 5043 2451 primogenita

3469 2470 3776 2538 prret‘erens,
3824 2472 3875 2525 in
3902 2472 4117 2526 modum
4142 2472 4320 2525 crucis
4357 2487 4519 2541 super
4544 2486 4636 2527 eos
4665 2472 4889 2527 brachia
4920 2486 5038 2541 per-

3470 2564 3692 2613 mulavit
3724 2560 3875 2629 (Cen.
3918 2566 4127 2629 sum).
4160 2562 4264 2615 Per
4296 2576 4513 2618 crucem
4556 2578 4792 2631 namque
4835 2562 5042 2617 Iactu-

3468 2659 3547 2701 est
3602 2659 3657 2701 ut
3685 2651 3909 2719 populus
3946 2651 4205 2719 gentium,
4242 2661 4495 2720 tanquam
4533 2653 4876 2724 primogeniti
4920 2654 5043 2723 jure

3470 2754 3751 2808 praerepto,
3784 2741 4033 2810 populum
4058 2744 4385 2809 praecederet
4404 2740 4732 2797 Judtorum.
4775 2744 4909 2797 Illud
4933 2742 5043 2813 κ

3471 2845 3681 2897 quoque
3708 2832 3847 2898 quod
3891 2831 3942 2883 in
3974 2829 4159 2885 Exodo
4188 2832 4403 2900 legitur,
4436 2832 4502 2886 ad
4536 2832 4829 2888 Dominic:
4861 2834 5045 2888 crucis

3472 2920 3701 2970 refertur
3724 2919 3905 2987 procul
3935 2919 4096 2973 dubio
4134 2932 4552 2977 sacramentum.
4587 2922 4731 2976 Dixit
4760 2924 4907 2976 enim
4936 2921 5043 2976 Do-

3471 3009 3646 3059 minus
3674 3008 3741 3059 ad
3772 3005 3985 3078 Moysen
4015 3026 4029 3061 :
4065 3027 4083 3060 ι
4119 3007 4327 3077 Projice
4370 3012 4576 3087 virgam
4605 3026 4767 3081 quam
4797 3012 4852 3066 in
4877 3022 5043 3066 manu

3470 3108 3667 3165 gestas,
3695 3098 3746 3149 in
3776 3107 3975 3151 terram
4010 3116 4022 3151 :
4054 3109 4105 3154 et
4128 3101 4371 3171 projecit,
4397 3112 4453 3156 et
4479 3101 4652 3157 iactus
4686 3112 4769 3157 est
4798 3118 5043 3172 serpens.

1800 3202 1905 3259 est,
1939 3202 2222 3265 ρωυιιιεω
2267 3192 2694 3259 ador-avertam,
2743 3191 2834 3248 ubi
2884 3190 3133 3249 videlicet
3158 3194 3362 3250 nam.
3391 3181 3437 3244 Ε
3471 3189 3699 3256 Expavit
3735 3189 3877 3242 illico
3907 3188 4136 3260 ηομες,
4164 3202 4219 3245 et
4259 3190 4411 3263 fugit.
4442 3192 4505 3248 Et
4528 3194 4606 3251 ait
4634 3192 4707 3246 illi
4737 3193 5043 3250 Dominus:

1802 3286 1943 3339 cium
1980 3284 2270 3339 Dominica
2312 3285 2489 3339 crucis
2527 3284 2803 3353 impletum
2830 3299 2928 3355 per
2950 3300 3136 3340 omnes
3180 3295 3366 3357 gentes

1805 3369 1971 3426 fuerit
2023 3372 2390 3441 praedicatum.
2423 3372 2576 3439 Quod
2604 3381 2783 3427 autem
2824 3373 3105 3442 sequitur:
3140 3393 3159 3425 ι
3200 3375 3265 3429 Et
3289 3377 3367 3430 sic

1805 3464 1982 3517 omnis
2021 3461 2185 3518 Israel
2225 3464 2405 3519 salvus
2434 3463 2556 3530 llet,
2590 3482 2611 3517 ι
2639 3464 2743 3520 hoc
2782 3472 2900 3530 est,
2946 3475 3277 3520 revertemur
3303 3468 3369 3521 ad

1806 3563 1923 3606 τοι.

1878 3637 2014 3707 Quid
2067 3649 2152 3695 est
2199 3648 2376 3696 autem
2412 3640 2555 3711 quod
2589 3640 2734 3696 aries
2769 3639 2912 3696 inter
2942 3656 3134 3711 vepres
3160 3643 3371 3698 bereus

1806 3730 2060 3785 cornibus
2104 3731 2393 3805 invenitur,
2438 3733 2526 3801 qui
2555 3746 2655 3801 pro
2682 3732 2832 3788 Isaae
2878 3733 3183 3790 immolatus
3212 3735 3373 3791 oder-

1810 3820 1931 3875 tur?
1956 3819 2099 3875 Crux
2132 3834 2321 3890 nempe
2346 3812 2546 3875 cornua
2576 3822 2758 3888 habet,
2782 3822 2888 3878 duo
2927 3823 3192 3893 siquidem
3228 3826 3369 3896 ligna

1807 3911 2034 3967 invicem
2091 3922 2502 3981 componuntur,
2555 3920 2611 3967 et
2661 3913 2743 3968 sic
2796 3916 2972 3969 trucis
3000 3917 3374 3983 speciemred-

1812 4002 1963 4057 dunt.
1994 4001 2129 4056 Hinc
2154 4012 2236 4056 est
2277 4003 2421 4057 enim
2450 4003 2593 4071 quod
2621 4002 2689 4057 de
2712 4002 2930 4059 Christo
2957 4007 3218 4074 scriptum
3247 4015 3331 4063 est
3358 4026 3369 4061 :

1813 4110 1831 4141 ι
1864 4091 2076 4146 Cornua
2104 4102 2227 4147 sunt
2256 4109 2307 4147 ιιι
2334 4094 2582 4148 manibus
2612 4093 2731 4162 ejus
2755 4093 2919 4167 (Bob.
2953 4096 3056 4164 ιιι).
3095 4117 3113 4149 ι
3148 4096 3370 4154 “arens

1806 4196 1935 4251 ergo
1961 4182 2214 4237 cornibus
2252 4183 2414 4246 aries,
2452 4182 2700 4239 Christus
2748 4193 2831 4239 est
2884 4185 3177 4242 crucifixus
3231 4189 3376 4242 inter

1808 4270 2079 4325 aculeatas
2119 4278 2173 4324 et
2218 4269 2497 4326 vulniﬁcos
2536 4270 2843 4327 Judaorum
2872 4273 3205 4343 iniquitates,
3236 4278 3376 4333 sicut

1808 4360 1921 4431 ipse
1971 4374 2067 4429 per
2116 4356 2404 4413 Jerem’iam
2460 4360 2832 4428 conqueritur,
2877 4362 3106 4417 dicens:
3141 4386 3159 4415 ι
3196 4367 3377 4435 Spiuis

1807 4458 2152 4520 peccatorum
2204 4464 2423 4503 suorum
2474 4450 2831 4505 circumdedit
2878 4467 2966 4508 me
3020 4456 3248 4525 populus
3289 4458 3377 4512 hic

3470 3280 3826 3347 Appreliende
3868 3280 4094 3333 caudam
4117 3281 4265 3349 eius;
4308 3292 4363 3336 ct
4386 3283 4759 3353 apprehendit,
4792 3283 5048 3354 factaque

3470 3383 3553 3425 est
3586 3372 3778 3425 iterum
3821 3372 3967 3440 virga
4000 3369 4196 3443 (Exod.
4236 3374 4329 3443 tv).
4366 3393 4386 3427 ι
4415 3374 4606 3429 Cuncti
4654 3374 4859 3444 liquido
4889 3378 5047 3431 novi-

3473 3478 3591 3515 mus
3631 3464 3753 3531 quia
3784 3478 4005 3531 serpens
4032 3464 4201 3517 suasit
4227 3464 4429 3518 homini
4477 3472 4705 3519 mortem
4748 3462 4907 3533 (Gen.
4938 3468 5045 3533 ιιι).

3475 3551 3612 3621 Ergo
3635 3568 3780 3606 mors
3801 3568 3829 3604 a
3853 3562 4121 3621 serpente.
4151 3554 4283 3620 Quis
4317 3564 4498 3608 autem
4531 3554 4677 3624 virga
4698 3592 4714 3615 .
4747 3555 4855 3609 nisi
4882 3554 5047 3609 Chri-

3473 3651 3607 3702 stus.
3639 3642 3705 3695 de
3730 3657 3838 3710 quo
3864 3642 4122 3710 propheta
4162 3642 4293 3697 dicit
4322 3658 4337 3695 :
4372 3662 4390 3694 ι
4430 3642 4569 3710 Quia
4595 3644 4907 3712 egredietur
4936 3645 5047 3697 vir-

3471 3748 3533 3799 ga
3565 3733 3629 3786 de
3655 3733 3829 3786 radice
3852 3732 4046 3786 Iesse?
4077 3753 4096 3784 ι
4132 3731 4287 3801 (Isai.
4314 3736 4413 3801 xl.)
4447 3735 4602 3804 \‘irga
4640 3736 4823 3804 itaque
4854 3736 4907 3789 in
4936 3751 5055 3790 ser-

3473 3836 3708 3892 pentem,
3736 3822 3983 3878 Christus
4023 3824 4074 3877 in
4107 3834 4356 3878 mortem.
4381 3823 4587 3895 Moyses
4615 3835 4796 3879 autem
4830 3828 5053 3895 expavit

3473 3921 3527 3964 et
3566 3911 3721 3980 l‘ugit,
3744 3914 3869 3981 quia
3892 3928 4156 3981 suspenso
4182 3915 4235 3967 in
4264 3928 4425 3968 cruce
4451 3914 4532 3967 vel
4564 3916 4830 3969 moriente
4862 3916 5045 3969 Domi—

3476 4014 3564 4059 no,
3587 4000 3764 4053 omnis
3790 4000 3875 4053 ille
3898 4001 4259 4073 apostolorum
4287 4015 4542 4056 numerus
4565 4002 4921 4057 tremefactus
4957 4019 5053 4057 ex-

3475 4090 3639 4159 pavit,
3668 4099 3722 4143 ct
3742 4106 3771 4143 a
3800 4099 3965 4145 certe
3988 4092 4099 4159 spei
4127 4106 4193 4145 ac
4223 4090 4392 4146 ﬁrme
4416 4091 4536 4147 ﬁdei
4569 4092 4843 4148 soliditate
4867 4109 5051 4151 fecer

3475 4182 3564 4233 sit.
3617 4180 3750 4247 Quia
3803 4197 3928 4237 vero
3989 4185 4158 4237 cauda
4213 4194 4457 4238 extrema
4495 4199 4620 4254 pars
4667 4188 5052 4255 corporisest.

3474 4270 3603 4338 quid
3632 4272 3732 4323 nisi
3764 4269 3923 4325 tinem
3950 4272 4239 4328 Dominica
4268 4271 4533 4344 signiﬁcat
4560 4276 4874 4344 passionis?
4906 4276 5055 4348 loy-

3477 4377 3561 4413 ses
3591 4363 3754 4429 igitur
3774 4364 3997 4415 caudam
4030 4365 4410 4432 apprehendit,
4431 4376 4485 4419 et
4513 4365 4644 4419 nihil
4662 4366 4715 4419 in
4745 4368 4894 4437 virga
4912 4368 5055 4421 ultr:

3480 4452 3747 4519 serpentis
3783 4450 4009 4505 formam
4053 4455 4319 4522 apparuit,
4357 4456 4487 4522 quia
4510 4457 4776 4526 completo
4809 4457 5055 4513 Domini-

1808 4538 1943 4611 (Jer.
1994 4538 2147 4610 xxx).
2181 4557 2200 4589 ι
2238 4537 2462 4594 Peracto
2520 4540 2807 4604 sacriﬁcio,
2860 4523 3059 4598 dicitur
3095 4547 3369 4613 Abrabaz;
3407 4523 3452 4582 υ
3481 4559 3555 4596 ωε
3601 4545 3865 4612 passionis
3890 4546 4173 4614 crueisqtte
4220 4548 4575 4616 mysterio.“
4606 4523 4781 4603 ﬁdelis
4822 4552 5056 4620 quissine

1812 4650 1834 4685 ι
1869 4631 1925 4685 In
1942 4631 2157 4687 semine
2215 4638 2304 4684 tuo
2344 4631 2732 4687 benedicentur
2781 4648 2969 4689 omnes
2997 4647 3188 4706 gentes
3218 4637 3369 4707 (Cen.

1809 4720 1985 4792 χιιι),
2023 4739 2043 4771 ι
2072 4729 2126 4775 et
2170 4729 2455 4791 postquam
2508 4721 2767 4777 Dominus
2819 4724 2995 4779 dicit:
3043 4746 3061 4777 ι
3102 4728 3375 4785 Fuderunt

1809 4802 1999 4867 manus
2023 4828 2171 4868 meas
2208 4822 2263 4868 et
2288 4814 2451 4882 pedes
2475 4828 2624 4869 meos
2649 4814 2803 4883 (Psal
2831 4819 2976 4889 xxi),
3013 4838 3033 4871 ι
3067 4822 3228 4889 paulo
3254 4835 3375 4893 post

1811 4902 1864 4956 iu
1892 4902 2077 4957 eodem
2107 4900 2317 4956 Pssimo
2336 4903 2592 4970 subjicit:
2628 4923 2648 4955 ι
2681 4904 3132 4975 Remiuiscentur,
3161 4921 3218 4968 et
3242 4930 3374 4971 con-

1808 4999 2090 5047 vertentur
2124 4990 2192 5044 ad
2220 4989 2503 5045 Dominum
2530 4992 2767 5049 universi
2792 4995 2923 5052 lines
2950 5007 3130 5065 teme,
3158 5013 3214 5057 et
3238 5005 3371 5061 ado-

1811 5082 2005 5137 rahunt
2043 5081 2096 5135 in
2146 5089 2441 5151 conspectu
2491 5080 2609 5149 eius
2647 5099 2836 5140 omnes
2879 5091 3070 5157 patria:
3107 5096 3372 5162 gentium,

1807 5171 2062 5243 quoniam
2116 5170 2327 5227 Domini
2374 5181 2460 5227 est
2498 5188 2743 5241 regnum,
2786 5186 2840 5232 et
2873 5178 2986 5248 ipse
3014 5182 3377 5242 dominabitur

3484 4643 3607 4689 tunc
3649 4636 3713 4687 ad
3766 4636 3923 4689 iidem
3966 4636 4143 4701 rediit,
4171 4647 4227 4691 et
4253 4637 4503 4693 Christus
4529 4652 4849 4709 consumpta
4882 4652 5057 4695 morte

3483 4725 3709 4794 idipsum
3766 4727 3818 4779 in
3878 4743 3935 4780 se
3983 4729 4125 4798 quod
4154 4726 4330 4783 fuerat
4366 4744 4463 4798 per
4497 4732 4915 4785 resurrectionis
4939 4732 5053 4801 glo-

3482 4820 3614 4869 riam
3645 4818 3931 4885 reparavit.

3548 4898 3666 4961 Jain
3696 4923 3822 4960 vero
3851 4909 3977 4976 quid
4025 4918 4106 4963 est
4135 4910 4275 4978 quod
4304 4908 4594 4965 Israelitica
4624 4912 4777 4980 plebs
4810 4912 5059 4981 postilla

3483 4999 3758 5052 domorum
3788 4999 3853 5052 de
3882 5000 4140 5069 sanguine
4161 4983 4281 5069 agni
4307 5000 4527 5068 iubetur
4554 5003 4833 5071 imponere
4854 5003 5058 5073 (εισι.

3484 5090 3605 5157 xu),
3637 5090 3737 5143 nisi
3772 5100 3827 5141 ut
3850 5105 3945 5143 nos
3969 5090 4272 5159 prmtiguret
4300 5108 4515 5147 crucem
4532 5094 4759 5157 Christi,
4780 5097 4877 5164 qui
4900 5111 5061 5151 verus

3481 5193 3563 5236 est
3590 5197 3778 5251 agnus,
3810 5183 3860 5234 in
3888 5182 4062 5237 fronte
4084 5186 4333 5252 portare?
4359 5184 4439 5238 Ad
4474 5199 4753 5254 vesperam
4791 5186 5059 5257 siquidem

1813 5262 2050 5330 gentium
2078 5259 2285 5331 (υἱώ).
2319 5279 2338 5313 ι
2368 5260 2564 5317 Oblata
2612 5272 2796 5334 itaque
2840 5268 3114 5325 Abraham
3145 5273 3281 5340 lilio,
3324 5288 3382 5334 et
3487 5272 3863 5326 immolabatur
3885 5287 4075 5339 agnus,
4125 5282 4181 5326 et
4218 5274 4270 5327 in
4302 5288 4523 5343 vespera
4548 5273 4730 5328 mundi
4760 5288 4956 5344 passus
4981 5286 5062 5330 est

1811 5363 1908 5439 pro
1932 5362 1996 5401 eo
2017 5349 2186 5404 ariete
2207 5350 2507 5413 immolato.
2541 5354 2827 5424 appellavit
2850 5374 3043 5413 nomen
3075 5362 3179 5418 loci
3216 5366 3379 5436 illius,
3485 5366 3752 5423 Christus.
3808 5366 4093 5422 Liniuntur
4141 5370 4325 5439 utique
4351 5380 4556 5439 postes,
4586 5382 4655 5423 ne
4693 5376 4937 5424 vastatur
4964 5385 5061 5422 auo

1813 5437 2071 5532 Dominus
2115 5439 2287 5532 videt,
2313 5443 2453 5532 quia
2487 5442 2814 5514 Redemptor
2854 5459 3063 5515 uoster,
3097 5464 3380 5526 postquam
3486 5460 3638 5532 gelus
3663 5461 3857 5514 audeat
3887 5459 4085 5515 inferre
4116 5437 4440 5531 perniciem;
4467 5470 4524 5515 et
4546 5477 4648 5516 nos
4668 5462 4848 5517 ca-ueis
4899 5464 5062 5516 vexil-

1813 5530 1863 5623 in
1883 5528 2195 5623 ara-crucis
2238 5528 2453 5623 oblatus
2477 5534 2668 5623 mortis
2711 5534 2909 5592 unum
2938 5540 3180 5597 debitum
3204 5546 3382 5615 solvit,
3490 5528 3597 5605 lum
3633 5554 3685 5606 in
3714 5554 3876 5607 corde
3903 5528 4176 5623 gestamus
4203 5562 4257 5608 et
4288 5554 4484 5617 fronte,
4528 5569 4597 5609 ne
4626 5555 4941 5623 repentis.
4970 5556 5061 5609 ho-

1818 5612 2115 5672 videnduut'
2148 5632 2207 5673 se
2264 5620 2517 5691 deinceps
2565 5622 2801 5679 ﬁdelium
2853 5643 3071 5685 suorum
3105 5612 3387 5694 obtutibus
3490 5642 3591 5696 stis
3641 5645 3853 5697 irruens
3895 5612 4069 5697 valeat
4104 5642 4318 5698 auferre
4340 5612 4593 5700 salutem.
4626 5612 4781 5701 Unde
4806 5654 4865 5700 et
4887 5646 5061 5701 see-'1'

1815 5704 2066 5771 praebuit,
2096 5717 2153 5761 ut
2179 5708 2434 5766 nimirum
2468 5714 2727 5785 redempti
2758 5733 2945 5775 omnes
2970 5722 3118 5778 illum
3152 5725 3259 5791 iam
3291 5745 3387 5795 per
3493 5733 3737 5788 canimus
3766 5749 3779 5787 :
3820 5752 3837 5782 ι
3875 5733 4155 5802 Signatum
4209 5745 4287 5790 est
4344 5751 4505 5805 super
4545 5752 4645 5791 nos
4673 5738 4855 5793 iumen
4888 5744 5063 5793 τπιιιη
