5232 6484
232 318 336 374 605
1640 314 1875 369 ὃΕΙίΜυ
1917 313 2092 367 XVIII.

1640 314 1875 369 SERMU
1917 313 2092 367 XVIII.
3404 304 3509 361 606

233 435 330 497 tui,
363 434 591 489 Domine
620 432 793 503 (Paul.
822 430 916 502 IV).
960 450 977 483 ι
1018 428 1173 497 Quod
1222 437 1399 483 tamen
1432 426 1679 482 securius
1726 425 1807 479 di-
1837 430 1882 487 Α
1915 424 2090 494 (Cant.
2141 425 2259 495 vn).
2287 444 2305 476 ι
2341 422 2574 480 Fructus
2635 434 2830 493 nempe
2876 418 3058 477 crucis
3102 432 3295 477 omnes
3350 416 3511 475 electi

230 526 496 595 gniusque
542 536 842 588 cantanms,
895 524 938 577 si
975 523 1156 579 Rubro
1176 519 1289 589 jam
1317 520 1452 573 mari
1488 518 1810 572 transmisso

228 623 288 667 et
333 614 485 669 hoste
512 616 761 668 demerso
798 622 1107 681 tympanum
1138 625 1263 664 cum
1300 609 1467 663 Maria
1500 608 1701 680 Moysis
1723 623 1811 661 so—

234 716 357 756 rore
382 701 674 757 deferimus
704 699 902 768 (Exod.
956 701 1067 770 xv).
1122 698 1261 766 Quid
1308 710 1392 753 est
1440 708 1618 753 autem
1671 708 1813 766 tym-

232 806 427 860 panum
470 791 719 861 portare?
766 791 905 845 Audi
955 790 1240 845 Dominum
1301 790 1571 848 dicentim
1605 804 1617 839 :
1655 806 1671 838 ι
1710 786 1811 851 Qui

233 878 344 932 vult
373 877 558 935 venire
586 890 708 948 post
735 896 841 943 me,
876 881 1107 949 abneget
1154 880 1503 949 semetipsum
1531 919 1545 941 ,
1578 887 1631 933 et
1664 877 1814 931 tollat

230 982 449 1025 crucem
480 984 630 1023 suam
664 971 922 1039 quotidie,
956 977 1014 1023 et
1049 978 1311 1038 sequatur
1336 985 1423 1025 me
1455 969 1605 1040 (Luc.
1648 969 1745 1034 ιι).
1788 987 1806 1021 ι

231 1060 332 1127 Qui
360 1060 505 1115 enim
536 1077 756 1117 carnem
798 1077 951 1117 suam
989 1078 1112 1116 cum
1144 1062 1290 1119 vitiis
1331 1070 1386 1117 et
1420 1062 1810 1131 concupiscen-

232 1150 323 1205 tiis
351 1150 617 1221 eruciligit
646 1150 843 1222 (Colat.
876 1156 950 1221 ν),
979 1153 1071 1221 qui
1106 1152 1347 1206 membra
1377 1169 1471 1207 sua
1491 1193 1505 1215 ,
1539 1168 1658 1221 quae
1686 1159 1813 1205 sunt

228 1255 396 1311 super
438 1250 661 1306 terram,
714 1241 1034 1297 abstinendo
1089 1244 1382 1299 mortificat
1407 1244 1544 1315 (Col.
1586 1244 1691 1312 ιιι),
1725 1243 1813 1299 ille

232 1342 361 1383 vere
385 1344 507 1384 cum
534 1330 700 1385 Maria
736 1340 1047 1400 tympanum
1077 1341 1277 1401 portat,
1310 1333 1435 1403 quia
1459 1334 1810 1401 semetipsum

227 1435 261 1475 a
309 1423 485 1477 noxiis
516 1432 742 1479 terrena:
775 1423 1067 1493 voluptatis
1093 1422 1409 1478 humoribus
1441 1422 1651 1477 aridum
1697 1436 1812 1475 scr-

227 1517 342 1564 νει.
383 1508 541 1565 Juxta
588 1512 815 1566 rationis
872 1512 1036 1581 igitur
1086 1512 1529 1581 consequentiam
1560 1550 1575 1575 ,
1628 1521 1684 1564 et
1725 1510 1813 1564 hic

230 1608 540 1672 tympanum
606 1602 785 1657 crucis
846 1601 1165 1673 mysterium
1224 1617 1330 1658 non
1382 1602 1614 1658 obscure
1671 1600 1813 1655 desi-

226 1698 379 1760 gnat.

1983 601 2243 656 Ascendit
2269 602 2432 671 igitur
2458 600 2724 656 Dominus
2755 600 2806 655 in
2844 599 3099 669 palmam.
3123 606 3180 654 et
3204 596 3508 669 apprehen-

1913 690 1989 744 dit
2034 691 2238 745 fructus
2288 690 2425 759 ejus,
2472 693 2597 761 quia
2648 707 2774 746 mox
2820 698 2878 744 ut
2910 690 2963 744 in
2994 704 3154 745 cruce
3191 703 3295 759 pro
3323 696 3511 742 nostra

1914 780 2088 836 salute
2141 782 2419 851 pependit.
2462 797 2653 837 omnes
2689 782 2892 837 electos
2921 782 2989 836 ad
3030 781 3385 850 semetipsum
3412 795 3512 849 per

1916 874 2117 928 amoris
2166 874 2495 928 desiderium
2559 874 2745 929 traxit.
2794 873 2861 927 Et
2893 882 3018 927 lllllC
3050 882 3238 927 sancta
3270 870 3511 926 Ecclesia

1861 955 1865 959 ’
1914 964 2010 1033 per
2062 966 2292 1017 duorum
2340 964 2815 1019 Testamentornm
2850 964 3018 1017 ubera
3052 962 3317 1032 spiritalis
3345 962 3514 1031 cmpit

1914 1054 2115 1108 la-titite
2149 1053 2273 1107 vina
2304 1051 2630 1118 diffundere,
2662 1064 2826 1124 atque
2856 1055 3081 1107 odorem
3114 1053 3359 1108 caelestis
3392 1066 3512 1107 con-

1914 1146 2265 1216 cupiscentia:
2288 1147 2650 1200 humanarum
2676 1146 2939 1200 mentium
2966 1144 3193 1199 naribus
3220 1142 3513 1213 inspirare,

1915 1248 1973 1290 ut
2006 1238 2231 1293 incitata
2262 1238 2327 1292 ad
2354 1236 2763 1306 obsequendum
2794 1250 2947 1293 mens
2975 1243 3162 1288 nostra
3196 1232 3299 1288 sibi
3330 1241 3510 1303 gratu-

1915 1330 2052 1393 lans,
2083 1328 2232 1385 dicat
2266 1346 2279 1382 :
2323 1348 2340 1380 ι
2372 1328 2554 1384 Trabe
2584 1315 2669 1383 me
2699 1337 2819 1398 post
2853 1338 2905 1383 te
2934 1369 2949 1391 ,
2981 1342 3267 1383 curremus
3294 1326 3349 1380 in
3378 1326 3512 1379 odo-

1916 1434 2028 1473 rem
2055 1429 2452 1489 unguentorum
2483 1428 2698 1473 tuorum
2725 1418 2901 1490 (Cant.
2933 1418 2992 1489 ι).
3034 1437 3052 1469 ι
3085 1416 3237 1484 Quod
3266 1416 3511 1486 profecto

1903 1516 1975 1568 .et‘
1994 1522 2146 1583 petra
2174 1512 2261 1566 illa
2289 1511 2432 1568 Oreb
2462 1512 2513 1566 in
2538 1512 2826 1582 Raphidim
2852 1511 2987 1566 satis
3016 1524 3273 1578 expresse
3300 1504 3519 1564 denum;

1917 1607 2035 1671 tiat,
2075 1620 2237 1675 quam
2276 1605 2425 1675 virga
2459 1602 2695 1675 Moyses.
2729 1604 2959 1658 Domino
2986 1601 3242 1670 jubente.
3287 1611 3513 1673 percus-

1916 1700 2003 1762 sit,
2039 1708 2092 1753 et
2120 1713 2290 1768 aquas
2320 1697 2505 1753 elicuit
2544 1697 2743 1770 (Exod.
2770 1696 2928 1765 xvtt).
2958 1694 3111 1750 Hanc
3137 1708 3272 1764 sane
3295 1700 3512 1765 petram

299 1781 568 1839 Praeterea
617 1794 672 1840 et
724 1786 850 1840 illud
899 1802 1005 1842 non
1055 1786 1502 1844 inconvenienter
1542 1786 1806 1853 occurrit,
1840 1765 1884 1824 Β
1913 1788 2115 1843 (lbristi
2163 1765 2406 1843 tenuisse
2436 1765 2664 1859 ﬁguram
2702 1796 2756 1842 et
2785 1785 3077 1855 Apostolus
3101 1792 3353 1849 testatur,
3385 1795 3515 1839 cut:

227 1871 372 1939 quod
397 1873 642 1929 videlicet
678 1874 1007 1931 lsraelitieus
1029 1876 1257 1947 populus
1289 1878 1342 1931 in
1373 1876 1521 1931 Mora
1547 1876 1810 1933 adversus

228 1960 449 2032 lloysen
478 1972 799 2029 murmurat,
826 1965 1127 2021 vociferans
1153 1964 1361 2023 scilicet
1402 1981 1507 2021 non
1547 1981 1608 2022 se
1649 1981 1811 2037 posse

228 2054 467 2122 reperire
507 2054 650 2125 quod
698 2056 865 2111 bibat.
899 2055 1049 2113 Tunc
1080 2058 1319 2113 ostendit
1351 2057 1519 2131 Moysi
1549 2057 1811 2114 Dominus

229 2144 430 2215 lignum
464 2186 481 2209 ,
531 2146 674 2216 quod
725 2163 849 2203 cum
906 2148 996 2204 ille
1045 2150 1280 2205 misisset
1343 2152 1396 2205 in
1442 2152 1811 2207 amarissimas

225 2254 420 2309 aquas,
447 2242 498 2296 in
522 2240 859 2297 dulcedinem
884 2244 1132 2316 protinus
1160 2253 1285 2299 sunt
1308 2260 1586 2301 conversa:
1608 2245 1808 2316 (Exod.

226 2329 342 2399 xv).
412 2330 553 2396 Quid
607 2332 751 2386 enim
787 2313 987 2387 amara:
1016 2333 1120 2388 illa:
1148 2350 1323 2405 aquae,
1351 2336 1453 2391 nisi
1499 2313 1625 2408 quia
1668 2338 1811 2393 occi-

226 2420 404 2476 dentis
428 2421 643 2487 litterae,
677 2432 731 2479 et
756 2425 904 2480 dura:
937 2436 1101 2496 atque
1137 2428 1384 2498 iusipidae
1408 2429 1539 2499 legis
1573 2420 1808 2500 speciem

226 2514 451 2567 tenent?
500 2513 773 2586 Scriptum
828 2525 912 2572 est
964 2518 1152 2573 enim:
1211 2538 1229 2570 ι
1264 2512 1558 2575 Geustituit
1611 2521 1809 2590 popqu

224 2620 327 2661 suo
357 2606 617 2665 Dominus
685 2609 880 2680 legem,
928 2619 982 2666 et
1027 2610 1251 2681 judicia.
1306 2620 1362 2667 et
1414 2615 1641 2669 tentavit
1684 2630 1807 2669 eum

224 2698 442 2772 (υἱώ).
472 2720 491 2753 ι
535 2701 603 2759 Ει
650 2701 823 2757 alibi:
874 2720 894 2754 ι
926 2702 1041 2773 Ego
1095 2703 1215 2758 dedi
1260 2704 1341 2759 eis
1394 2716 1659 2775 praecepta
1702 2721 1806 2760 non

224 2792 390 2857 bona,
424 2802 479 2849 et
497 2791 721 2862 judicia,
752 2794 807 2849 in
835 2795 1031 2866 quibus
1063 2811 1167 2851 non
1198 2796 1379 2852 vivent
1406 2798 1623 2867 (Ezeclt.
1655 2798 1801 2869 xx)»

225 2881 325 2937 Cui
364 2890 546 2939 tamen
574 2884 676 2955 legi
701 2884 746 2940 si
774 2885 1045 2942 confessio
1075 2890 1252 2943 crucis
1281 2898 1336 2943 et
1366 2890 1657 2945 Dominiea:
1684 2906 1805 2959 pas-

223 2970 397 3027 sionis
427 2976 744 3044 mysterium
776 2977 1082 3047 copulatur,
1116 2980 1366 3047 protinus
1392 2980 1535 3049 quod
1560 2995 1806 3033 amarum

224 3057 424 3123 fuerat,
471 3062 522 3115 in
563 3064 823 3133 spiritalis
861 3066 1228 3137 intelligentiae
1275 3068 1613 3124 dulcedinem
1637 3070 1804 3123 verti—

226 3158 313 3203 tur
391 3149 694 3207 Notandum
759 3162 937 3208 autem
990 3157 1143 3224 juxta
1201 3159 1484 3214 veritatem
1540 3160 1805 3222 historiae,

225 3242 371 3310 quod
397 3257 535 3311 aqua
560 3245 611 3298 in
636 3244 971 3302 dulcedinem
1004 3263 1180 3314 versa,
1209 3250 1434 3307 subinde
1466 3254 1695 3322 populus
1718 3270 1809 3308 ve-

225 3333 306 3389 uit
328 3332 519 3405 903a
547 3334 740 3399 Helim,
768 3339 857 3393 ubi
902 3353 1059 3395 erant
1111 3343 1393 3400 duodecim
1439 3346 1615 3402 fontes
1643 3364 1808 3418 aqua-

224 3435 423 3480 rnmet
447 3429 791 3500 septuaginta
856 3432 1067 3501 palmae.
1126 3433 1265 3501 Quid
1327 3438 1471 3492 enim
1521 3438 1805 3494 duodecim

224 3512 423 3581 fontes,
475 3517 576 3573 nisi
633 3519 915 3577 duodecim
948 3532 1072 3578 sunt
1100 3524 1351 3595 apostoli,
1383 3541 1521 3596 quos
1548 3526 1808 3583 Dominus

224 3608 294 3662 ad
320 3608 423 3665 hoc
445 3612 743 3679 constituit,
776 3623 835 3669 ut
861 3616 1011 3671 arida
1039 3626 1095 3672 et
1124 3616 1424 3689 squalentia
1456 3621 1677 3675 humani
1712 3635 1807 3692 ge-

225 3700 373 3757 neris
400 3712 617 3771 pectora
646 3720 757 3759 suae
784 3706 1184 3775 praedicationis
1209 3709 1650 3769 inundationibus
1691 3717 1808 3773 irri-

223 3793 453 3858 κει-επιιῖ
498 3793 635 3861 Quid
686 3809 814 3851 vero
872 3799 1209 3870 septuaginta
1238 3802 1536 3870 palmarum
1560 3809 1803 3874 arbores.

224 3880 329 3934 nisi
362 3880 581 3936 totidem
629 3893 754 3937 sunt
797 3886 1071 3956 discipuli,
1103 3905 1237 3958 quos
1262 3900 1386 3947 ante
1426 3894 1619 3951 faciem
1650 3914 1805 3955 suam

225 3971 429 4027 idcirco
455 3973 599 4028 misit
632 3972 787 4039 (Luc.
820 3976 898 4048 x),
942 3987 998 4031 ιιι
1024 3994 1108 4049 pet
1143 3996 1237 4037 eos
1269 3983 1509 4041 victoriae
1544 4003 1657 4044 sua:
1693 3991 1805 4059 pal-

226 4076 342 4115 mas
365 4063 593 4117 mundus
615 4068 969 4133 agnosceret?
1011 4069 1080 4123 Et
1119 4081 1267 4127 certe
1293 4075 1423 4130 satis
1460 4092 1699 4148 congrue
1728 4082 1807 4135 vi-

224 4151 381 4205 detur
410 4155 852 4223 consequentium
886 4173 1062 4212 rerum
1094 4162 1227 4215 ordo
1258 4165 1568 4233 dispositus,
1600 4179 1657 4223 ut
1696 4173 1806 4240 pri-

224 4257 315 4296 mo
350 4244 577 4313 populus
606 4248 893 4303 duceretur
932 4252 999 4305 ad
1050 4252 1282 4308 litteram
1335 4256 1485 4328 legis,
1514 4276 1544 4314 a
1574 4276 1681 4330 qua
1723 4265 1805 4317 ni-

224 4334 445 4399 mirum,
498 4336 622 4391 dum
674 4355 855 4393 amara
903 4340 1022 4407 fuit,
1086 4346 1319 4401 transire
1374 4364 1479 4404 non
1516 4354 1706 4420 potuit.
1736 4354 1805 4409 At

1912 1878 2083 1933 dicit:
2124 1897 2142 1928 ι
2173 1877 2438 1932 Bibebant
2495 1887 2675 1932 autem
2732 1878 2800 1930 de
2848 1874 3107 1944 spiritali,
3137 1880 3513 1941 consequente

1911 1984 2003 2024 eos
2035 1978 2219 2039 petra;
2256 1980 2406 2038 petra
2453 1978 2633 2023 autem
2678 1974 2799 2022 erat
2837 1966 3089 2022 Christus
3119 1963 3173 2035 (l
3197 1963 3322 2019 Cor.
3375 1963 3452 2033 ι).
3484 1980 3506 2017 ι

1914 2059 2051 2114 Huic
2096 2060 2278 2131 itaque
2308 2068 2476 2128 petra:
2526 2058 2731 2128 lignum
2786 2056 2969 2111 crucis
3015 2054 3273 2114 accessit.
3301 2063 3357 2109 et
3383 2069 3510 2109 mox

1914 2162 2173 2221 tanquam
2206 2166 2361 2222 aqua:
2387 2147 2704 2221 proﬂuentis
2732 2148 3109 2203 inundantiam
3143 2148 3293 2217 larga
3332 2147 3510 2201 sancti

1913 2244 2152 2314 Spiritus
2176 2244 2315 2298 dona
2346 2243 2608 2314 profudit.
2657 2243 2738 2298 Ad
2784 2256 2919 2311 quas
2946 2241 3204 2295 nimirum
3253 2240 3509 2295 haurien-

1913 2337 2008 2391 das
2040 2351 2209 2407 aquas
2238 2350 2429 2391 omnes
2472 2334 2721 2389 sitientes
2765 2334 2959 2389 invitat
3001 2333 3137 2402 ipse,
3163 2347 3288 2387 cum
3321 2332 3459 2386 dicit
3490 2349 3505 2385 :

1918 2449 1935 2480 ι
1974 2427 2031 2484 Si
2073 2429 2199 2498 quis
2226 2429 2363 2490 sitit.
2394 2428 2579 2483 veniat
2603 2427 2671 2482 ad
2715 2442 2820 2491 me,
2862 2435 2920 2481 et
2944 2425 3118 2491 bibat,
3148 2434 3205 2481 et
3229 2426 3296 2480 de
3316 2433 3509 2480 ventre

1912 2522 2029 2588 eius
2057 2521 2223 2589 ﬂuent
2252 2535 2408 2590 aqua:
2450 2520 2587 2574 viva:
2614 2519 2794 2588 (Joan.
2822 2516 2943 2590 vti).
2977 2536 2996 2569 ι
3032 2516 3147 2572 Hoc
3195 2524 3396 2577 autem,
3435 2515 3511 2570 in-

1912 2614 2028 2683 quit
2054 2612 2407 2683 evangelista,
2446 2629 2464 2662 ι
2497 2611 2714 2665 dicebat
2752 2610 2819 2665 de
2843 2608 3073 2677 Spiritu,
3133 2622 3296 2663 ouem
3350 2622 3510 2663 acce-

1913 2706 2054 2774 pturi
2081 2712 2238 2757 erant
2266 2704 2555 2758 credentes
2588 2701 2799 2784 in.eum
2834 2700 3049 2772 (Ibid.).
3087 2722 3105 2754 ι

1983 2796 2089 2850 Sed
2140 2795 2270 2865 quid
2330 2794 2384 2849 in
2437 2792 2658 2863 reliquis
2693 2792 2897 2847 diutius
2948 2793 3327 2856 immoramur,
3375 2793 3503 2848 dum

1912 2895 2122 2941 constet
2169 2900 2289 2941 esse
2335 2884 2678 2955 perspicuum
2717 2884 2861 2954 quod
2885 2892 2940 2938 et
2979 2882 3111 2950 ipsa:
3146 2882 3356 2945 tabulae.
3386 2897 3509 2952 qua:

1915 2979 2005 3032 Dei
2035 2978 2203 3048 digito
2233 2976 2450 3047 scripta).
2502 2984 2647 3042 sunt,
2704 2976 2883 3032 erucis
2916 2974 3212 3031 Dominica:
3247 2974 3511 3044 praetule-

1913 3071 2021 3124 rint
2042 3069 2482 3123 sacramentum?
2516 3068 2715 3124 Decem
2750 3082 2986 3138 namque
3015 3077 3285 3139 praecepta
3328 3068 3379 3121 in
3428 3068 3511 3122 eis

1912 3160 2113 3229 scripta
2169 3168 2316 3224 sunt,
2353 3167 2408 3214 et
2460 3159 2717 3213 denarius
2746 3174 3005 3215 numerus
3054 3174 3152 3228 per
3175 3158 3222 3212 Χ
3250 3159 3509 3225 litteram,

1910 3264 2030 3320 qua:
2094 3249 2274 3303 crucis
2310 3247 2575 3319 exprimit
2621 3248 2882 3316 speciem,
2940 3248 3278 3319 designatur.
3313 3248 3367 3303 In
3407 3247 3510 3304 hac

1908 3335 2279 3401 sanedittera,
2329 3352 2449 3406 quae
2499 3336 2783 3391 denarium
2840 3337 2892 3389 in
2947 3351 3007 3393 se
3051 3338 3289 3393 continet
3321 3353 3509 3393 nume-

1909 3448 2053 3493 rum,
2100 3431 2182 3485 sic
2236 3446 2374 3485 unus
2428 3445 2563 3500 apex
2614 3445 2644 3483 a
2700 3444 2914 3485 summo
2969 3430 3022 3485 in
3057 3430 3222 3485 imum
3251 3446 3349 3500 per
3374 3432 3511 3487 obli-

1908 3538 2075 3593 quum
2100 3521 2335 3585 ducitur,
2361 3528 2418 3575 ut
2442 3519 2580 3575 alter
2600 3534 2818 3589 quoque
2849 3535 2954 3576 non
2979 3520 3166 3591 dispar
3193 3537 3288 3591 per
3327 3533 3507 3579 trans-

1908 3630 2122 3669 versam
2154 3614 2386 3679 lineam,
2427 3613 2708 3683 productis
2748 3612 3004 3683 utrinque
3056 3614 3319 3679 brachiis,
3350 3632 3503 3671 com-

1909 3707 2181 3775 pingatur.
2234 3704 2301 3759 Et
2342 3705 2421 3759 sic
2454 3704 2626 3773 apicis
2676 3704 2960 3773 utriusque
3011 3702 3151 3758 facta
3203 3704 3509 3775 complexio

1906 3796 2016 3867 97
2046 3811 2153 3852 non
2185 3795 2357 3851 solum
2382 3796 2712 3850 exteriorem
2734 3782 2919 3849 crucis
2973 3794 3261 3864 praetendit
3316 3798 3509 3867 imagi-

1910 3904 2054 3953 nem,
2081 3888 2175 3942 sed
2198 3897 2253 3942 et
2276 3886 2561 3959 mysticam
2600 3886 2719 3957 ejus
2745 3884 3035 3955 quamdam
3087 3887 3305 3941 videtur
3364 3889 3512 3941 indi-

1910 3993 2037 4033 care
2073 3980 2354 4034 virtutem.
2406 3977 2548 4033 Dicit
2598 3978 2742 4032 enim
2793 3976 3057 4033 Dominus
3089 3990 3120 4031 :'
3157 3997 3175 4029 ι
3216 3976 3332 4031 Non
3384 3978 3513 4032 vent

1908 4070 2118 4125 solvere
2165 4069 2379 4141 legem,
2424 4070 2519 4124 sed
2568 4068 2865 4139 adimplere
2914 4067 3133 4138 (Matth.
3190 4068 3265 4140 v).
3330 4088 3346 4119 ι
3404 4069 3511 4123 Per

1908 4163 2087 4218 crucis
2120 4162 2305 4231 itaque
2332 4146 2735 4216 sacramentum
2763 4170 3035 4231 pnecepla
3067 4162 3268 4216 veteris
3298 4162 3515 4216 instru-

1911 4253 2074 4307 menti
2102 4251 2432 4321 evangelica:
2460 4250 2651 4319 gratia:
2676 4250 2971 4320 copulavit,
3004 4259 3077 4314 et,
3112 4259 3167 4302 ut
3196 4251 3265 4303 ita
3293 4250 3511 4318 loquar,

1909 4344 2016 4397 duo
2043 4340 2395 4397 Testamenta
2429 4340 2577 4394 velut
2602 4338 2763 4393 unius
2787 4340 3049 4395 doctrina:
3077 4354 3277 4408 corpus
3302 4338 3503 4394 effecit.

225 4434 507 4496 postquam
556 4438 639 4485 est
684 4446 779 4500 per
819 4431 1017 4503 lignum
1047 4436 1171 4492 vitae
1205 4440 1377 4496 dulcis
1400 4440 1613 4509 eﬂ'ecta,
1640 4454 1693 4501 et
1718 4448 1794 4501 in-
1840 4457 1885 4514 ο
1915 4437 1979 4490 Ei
2009 4436 2226 4505 (luMem
2256 4433 2433 4503 [πίτηο
2462 4432 2603 4487 ἀπε
2633 4440 2761 4486 sum
2809 4432 3002 4485 ⁸³1³³1ίέ
3027 4472 3043 4497 ν
3105 4433 3201 4486 εείί
3253 4433 3509 4501 limum“

225 4516 391 4587 tclligi
438 4519 795 4587 spiritualiter
842 4526 1026 4593 coepit,
1061 4526 1202 4583 illico
1227 4530 1316 4584 Dei
1358 4532 1585 4601 populus
1610 4535 1676 4588 de
1702 4536 1807 4591 Ve-

224 4608 325 4663 teri
354 4608 702 4669 Testamento
728 4616 792 4669 ad
818 4618 1141 4686 apostolicos
1180 4620 1357 4678 fontes
1396 4634 1451 4678 et
1498 4627 1801 4695 palmarum

222 4700 465 4766 arbores,
496 4703 545 4756 id
576 4712 659 4759 est
684 4706 749 4759 ad
778 4706 1053 4779 Evangelii
1082 4714 1314 4780 gratiam
1347 4719 1584 4773 transiit.
1623 4720 1687 4774 Et
1710 4720 1803 4777 be-

218 4806 293 4845 ne
328 4802 447 4861 post
499 4804 777 4879 acceptum
821 4798 1143 4871 Decalogum
1182 4806 1461 4874 septuplus
1485 4810 1801 4877 praedicato-

221 4898 344 4938 rum
393 4899 651 4941 numerus
702 4890 1069 4957 constituitur,
1122 4895 1247 4964 quia
1298 4912 1395 4965 per
1422 4900 1793 4970 septiformem

220 4978 395 5032 sancti
422 4976 654 5048 Spiritus
696 4983 926 5050 gratiam
953 4999 1115 5040 omne
1143 4989 1455 5045 mandatum
1486 4992 1682 5049 divina:
1726 4996 1797 5051 le-

218 5066 303 5137 gis
326 5068 603 5139 impletur.
638 5070 745 5127 Nec
778 5074 1047 5130 immerito
1075 5076 1232 5146 plane
1260 5082 1643 5149 praedicatores
1671 5102 1796 5141 cru-

134 5230 137 5231 ν
219 5156 302 5211 cis
330 5158 627 5227 palmarum
677 5163 930 5218 videntur
952 5166 1169 5223 nomine
1196 5170 1430 5239 figurati,
1453 5172 1580 5227 dum
1610 5184 1661 5230 et
1681 5177 1794 5244 ipsa

218 5246 491 5316 cruxjure
515 5251 739 5305 dicenda
779 5255 849 5307 sit
873 5255 1067 5323 palma,
1101 5260 1226 5329 quia
1258 5260 1307 5313 in
1331 5276 1394 5315 ea
1422 5264 1622 5320 scilicet
1655 5266 1795 5324 facta

217 5346 306 5391 est
346 5337 411 5391 de
449 5349 723 5407 prostrato
748 5346 929 5400 nmndi
956 5346 1108 5402 hoste
1138 5350 1391 5415 victoria;
1428 5353 1567 5408 sicut
1598 5358 1661 5409 de
1686 5358 1798 5426 ipsa

215 5443 379 5482 cruce
420 5444 650 5499 sponsus
695 5436 761 5487 ad
809 5451 1084 5504 sponsam,
1128 5459 1145 5486 σ
1188 5440 1331 5505 Dixi,
1364 5444 1801 5513 inquit,[ascen-

215 5520 342 5573 dam
369 5520 421 5575 in
443 5521 692 5590 palmam,
726 5529 1125 5595 apprehendam
1155 5530 1360 5588 fructus
1388 5533 1535 5603 ejus;
1564 5545 1616 5590 et
1639 5547 1797 5592 erunt

214 5609 384 5665 ubera
442 5621 532 5667 tua
582 5614 725 5669 sicut
777 5620 914 5673 L-otri
947 5622 1133 5688 vincte,
1198 5634 1252 5679 et
1298 5626 1493 5682 odores
1548 5629 1623 5681 tui
1654 5628 1796 5684 sicut

218 5700 532 5766 malorum,
625 5713 809 5773 guttur
898 5717 1045 5764 tuum
1110 5714 1247 5768 sicut
1286 5715 1466 5771 vinum
1531 5718 1792 5787 optimum

1914 4537 2057 4587 sunt,
2094 4527 2288 4597 populo
2318 4525 2733 4596 prtevaricante,
2764 4523 3003 4579 effracta:
3052 4523 3253 4595 (Exod.
3285 4523 3508 4593 xxxii);

1912 4619 2152 4675 secundo
2180 4633 2312 4673 vero
2330 4619 2529 4672 dantur
2559 4615 2756 4670 tabula:
2781 4656 2795 4679 ,
2831 4617 2923 4673 sed
2965 4625 3227 4687 perpetuo
3254 4631 3509 4685 perman-

1910 4728 2073 4766 surar.
2130 4710 2297 4765 Plane
2348 4711 2558 4781 priores
2604 4708 2800 4762 tabula:
2847 4708 3040 4777 prisca!
3088 4708 3223 4776 legis
3280 4716 3513 4763 tenuere

1912 4802 2159 4870 ﬁguram,
2194 4816 2313 4871 qum
2340 4816 2369 4853 a
2398 4801 2483 4855 sui
2514 4799 2691 4854 cultus
2719 4800 2982 4869 obsequio
3013 4808 3129 4855 erat
3159 4800 3508 4869 postmodum

1910 4895 2147 4949 desilura
2194 4890 2542 4964 [defectura].
2579 4891 2928 4946 Postmodum
2990 4904 3121 4945 vero
3173 4888 3373 4943 dantur
3422 4898 3506 4944 ta-

1905 4987 2066 5050 bulm,
2115 4986 2211 5041 sed
2261 5001 2367 5041 non
2414 4984 2773 5053 franguntur;
2807 4985 2931 5053 quia
2983 4982 3116 5036 Novi
3169 4982 3511 5038 Testamenti

1905 5080 2102 5149 gratia,
2126 5094 2247 5149 qua:
2275 5093 2371 5147 per
2399 5076 2579 5132 crucis
2606 5086 2690 5131 est
2716 5076 2945 5132 solidata
2989 5075 3311 5146 mysterium
3339 5116 3354 5140 ,
3388 5075 3503 5130 uul-

1907 5174 2016 5226 lum
2046 5172 2196 5225 novit
2222 5171 2425 5226 habere
2452 5169 2745 5225 defectum.

1976 5263 2147 5316 Porro
2198 5270 2380 5317 autem
2434 5277 2534 5317 nec
2580 5278 2709 5317 arca
2768 5261 2857 5315 illa
2912 5260 3121 5316 Veteris
3167 5262 3503 5319 Testamenti

1908 5354 2080 5409 beatae
2106 5354 2283 5408 crucis
2305 5353 2576 5407 credenda
2601 5361 2685 5407 est
2712 5353 2958 5408 caruisse
2989 5354 3282 5409 thesauris.
3308 5354 3503 5410 Crucis

1908 5462 2142 5515 namque
2174 5447 2631 5517 incomparabiles
2653 5446 2875 5502 divitias
2904 5447 3217 5503 occultabat
3244 5488 3259 5513 ,
3293 5448 3419 5519 quia
3446 5456 3503 5502 et

1904 5540 2055 5594 cruci
2096 5539 2209 5609 jam
2262 5556 2358 5609 per
2411 5549 2605 5595 cuncta
2684 5541 2980 5611 figurarum
3043 5558 3266 5596 suarum
3334 5549 3501 5611 atque

1902 5630 2252 5700 aenigmatum
2313 5632 2570 5701 mysteria
2630 5632 2915 5687 militabat.
2978 5633 3108 5703 Ejus
3166 5635 3364 5704 quippe
3428 5647 3497 5688 ex

1907 5729 2031 5774 tunc
2053 5719 2163 5789 jam
2194 5731 2313 5776 erat
2340 5723 2609 5786 minisara,
2640 5725 2818 5796 imago
2852 5726 3061 5781 scilicet
3107 5726 3353 5781 veritatis
3381 5767 3394 5788 ,
3441 5733 3498 5781 et
