5232 6512
186 1823 218 1951 i

538 0 4357 106 ή-υ--ι--ῌ

1765 431 1868 489 607
2362 439 2419 493 S.
2447 438 2647 494 PETRI
2674 438 2956 495 DAHIANI
2980 442 3130 501 OPP.
3163 441 3342 501 PARS
3374 440 3504 497 εει]
3531 439 3765 496 TOMUS
3788 439 3825 493 ll

2980 442 3130 501 OPP.
3163 441 3342 501 PARS
3374 440 3504 497 εει]
3531 439 3765 496 ΤΟΜυΞ
3788 439 3847 493 ll.
3875 471 3939 480 —
3961 439 4346 496 εειιιιοκεε.
4925 437 5025 494 δοδ

1765 543 1979 598 initium
2003 545 2368 615 plenitudinis.
2404 549 2539 602 Area
2567 551 2793 615 scilicet,
2836 564 3020 607 sancta
3064 566 3180 608 erat
3232 553 3333 606 Ερ-
3368 555 3412 612 Λ
3444 559 3685 605 calorum
3717 565 3773 603 se
3803 566 3830 603 c

2957 564 3020 606 :ta
3064 566 3180 608 erat
3232 553 3333 606 Εε-
3368 555 3412 612 Λ
3444 559 3685 605 catoruni
3717 565 3773 603 se
3803 552 4050 620 contagio
4079 567 4174 620 per
4211 549 4584 606 :edilicationis
4634 551 4896 606 fraterna
4923 553 5023 604 mi-

1763 633 1948 686 clesia.
1976 633 2097 687 Tria
2134 649 2259 689 vero
2290 640 2709 694 contmebantur
2734 642 2785 695 in
2815 657 2964 707 arca,
3012 646 3129 698 dua:
3160 643 3339 696 \ideli-

1767 729 1855 773 cet
1901 720 2125 788 lapidea:
2176 723 2391 789 tabula:,
2439 742 2556 794 quae
2600 728 2842 797 profecto
2888 731 3114 786 duorum
3149 732 3338 786 Testa-

1763 820 2064 867 mentorum
2124 817 2353 872 innuunt
2410 831 2721 890 perpetuam
2786 822 3136 886 firmitatem,
3202 839 3340 892 quas

1761 902 1924 957 etiam
1957 905 2134 958 crucis
2167 908 2217 958 in
2248 922 2306 961 se
2354 911 2668 979 mysterium
2717 914 3000 966 continere
3035 929 3200 983 supra
3246 916 3344 969 do-

1762 995 1989 1049 cuimus.
2026 996 2170 1051 Urna
2217 1015 2430 1069 quoque
2481 1017 2644 1056 aurea
2692 1003 2896 1058 habens
2944 1021 3162 1058 manna.
3216 1005 3338 1060 llsec

1759 1083 2004 1152 profecto
2027 1103 2214 1156 puram
2238 1099 2399 1159 atque
2421 1091 2686 1146 sinceram
2711 1109 2929 1149 carnem
2956 1094 3332 1165 Redemptoris

1764 1176 2044 1242 exprimit,
2075 1195 2194 1248 qum
2243 1181 2426 1246 procul
2473 1182 2635 1238 dubio
2677 1184 3011 1239 dulcedinem
3065 1197 3338 1256 perpetua:

1745 1268 2056 1324 'divinitatis
2132 1270 2371 1326 includit.
2445 1274 2574 1340 Quae
2615 1275 2843 1330 dulcedo
2889 1287 3014 1330 tunc
3057 1278 3107 1330 in
3164 1277 3338 1346 palato

1761 1368 2068 1412 nostrarum
2102 1363 2361 1416 mentium
2391 1366 2587 1433 sapuit,
2622 1382 2688 1421 ex
2722 1382 2830 1437 quo
2860 1367 3014 1422 miles
3041 1368 3335 1437 pendentis

1759 1448 1811 1500 in
1869 1464 2028 1504 cruce
2079 1450 2288 1506 Domini
2346 1454 2488 1509 latus
2516 1456 2726 1525 aperuit
2783 1458 2963 1526 (locu.
3022 1457 3177 1524 xxx);
3215 1474 3335 1512 eum

1757 1538 1947 1594 botrns
1981 1541 2224 1596 videlicet
2249 1560 2540 1612 expressus
2565 1556 2668 1611 est,
2701 1549 2793 1617 qui
2837 1549 2963 1603 dum
3006 1550 3332 1612 calcaretur,

1758 1633 1996 1684 torcular
2048 1633 2278 1687 calcavit
2327 1637 2493 1691 solus.
2538 1637 2721 1693 Tertio
2768 1641 2819 1693 in
2863 1657 2987 1694 arca
3038 1640 3136 1694 fuit
3188 1644 3332 1710 virga

1754 1721 1957 1783 Aaron,
1981 1737 2099 1790 quae
2129 1735 2247 1792 post
2275 1726 2578 1782 ariditatem
2605 1727 2785 1783 lloruit
2814 1728 3003 1797 (Nam.
3037 1732 3187 1788 xvn).
3207 1730 3336 1794 Qua

1757 1810 2011 1865 nimirum
2040 1814 2172 1882 quid
2208 1815 2350 1870 aliud
2394 1818 2683 1887 significat,
2717 1821 2818 1874 nisi
2872 1823 3065 1874 summi
3116 1824 3334 1890 verique

3444 639 3722 692 nisteriuin
3766 650 4016 709 purgant.

3513 729 3620 782 Sed
3647 732 3962 799 quibusdam
4015 730 4242 786 fortasse
4284 731 4566 801 displiceat
4614 732 4762 802 quod
4806 749 4908 788 nos
4955 731 5018 787 ad

3444 821 3652 876 laudem
3677 823 3851 876 crucis
3879 833 3955 876 tot
3975 823 4116 876 sacri
4146 823 4344 890 eloquii
4368 824 4614 891 exempla
4647 825 5015 892 congerimus.

3442 923 3494 964 et
3536 913 3675 964 velut
3702 913 4016 965 instructam
4047 913 4390 966 instrumenti
4434 911 4637 966 veteris
4664 913 4839 966 aciem
4891 912 5020 964 huic

3445 1005 3590 1072 regio
3622 1004 3810 1056 vexillo
3839 1019 4059 1071 prorsus
4090 1005 4350 1058 intentam
4398 1021 4590 1075 parere
4628 1015 5018 1060 monstramus.

3439 1091 3647 1156 Quibus
3696 1101 3844 1145 certe
3899 1092 4026 1160 quid
4077 1091 4221 1146 aliud
4270 1094 4556 1149 dicendum
4605 1108 4711 1158 est.
4745 1096 4848 1150 nisi
4876 1096 5019 1164 quod

3440 1184 3725 1252 Apostolus
3759 1184 4006 1251 perbibet
4030 1227 4042 1247 ,
4094 1184 4283 1239 dicens
4314 1204 4325 1238 :
4363 1204 4380 1236 ι
4427 1187 4661 1241 Verbum
4703 1188 4887 1241 crucis
4923 1202 5018 1255 pe-

3441 1275 3718 1328 reuntibus
3739 1276 3955 1344 quidem
4002 1277 4234 1330 stultitia
4275 1285 4356 1331 est
4382 1295 4426 1358 μ
4449 1279 4533 1332 his
4556 1288 4735 1332 autem
4757 1278 4848 1347 qui
4887 1277 5020 1331 salvi

3441 1369 3594 1432 fiunt,
3639 1371 3686 1424 id
3717 1381 3797 1424 est
3823 1371 3998 1436 nobis,
4028 1371 4205 1426 virtus
4235 1371 4330 1426 Dei
4372 1381 4454 1426 est
4482 1371 4531 1438 (1
4555 1370 4680 1424 Cor.
4710 1372 4771 1436 t).
4809 1391 4828 1422 ι
4855 1371 5021 1437 Quid-

3439 1459 3564 1527 quid
3592 1461 3732 1512 enim
3766 1462 3830 1514 de
3859 1462 4037 1515 crucis
4063 1460 4219 1515 laude
4257 1461 4575 1516 disserimus
4600 1504 4614 1526 ,
4663 1479 4715 1515 in
4745 1461 4866 1528 ejus
4911 1477 5019 1514 non

3441 1549 3734 1618 ambigitur
3765 1551 4063 1604 redundare
4094 1551 4422 1619 praeconium
4452 1551 4542 1621 qui
4572 1553 4751 1606 crucis
4782 1551 5022 1604 illustra-

3439 1640 3514 1692 vit
3541 1643 3752 1709 propria
3782 1653 3954 1695 morte
3986 1641 4266 1695 vexillum.

3512 1731 3610 1783 Per
3638 1734 3747 1784 ltJ‘C
3778 1733 3978 1800 itaque,
4015 1732 4208 1787 fratres
4238 1733 4341 1786 mei
4368 1775 4380 1795 .
4411 1749 4531 1801 qna.-
4572 1734 4714 1787 dicta
4743 1743 4874 1788 sunt
4903 1776 4915 1794 ,
4958 1734 5022 1785 li-

3440 1822 3601 1888 quido
3634 1823 3884 1890 colligere
3937 1837 4224 1890 possumus
4255 1824 4380 1891 quia
4429 1827 4530 1877 hoc
4579 1824 4820 1878 calcatis
4859 1826 5025 1876 victo-

1757 1901 2028 1969 pontiiicis
2061 1906 2226 1958 nostri
2265 1905 2390 1960 illud
2439 1908 2671 1962 salutare
2719 1910 2969 1962 vexillum
3019 1912 3338 1964 immortalis
3369 1896 3413 1955 Β
3447 1912 3536 1963 ri.e
3567 1913 3801 1979 signum,
3837 1927 3930 1978 per
3961 1915 4103 1980 quod
4155 1913 4382 1966 mundus
4423 1924 4543 1967 erat
4582 1915 4648 1967 de
4687 1915 5025 1982 captivitatis

1761 1993 2032 2046 memoria'
2047 2009 2260 2064 semper
2283 1996 2550 2051 viriditate
2567 1997 2834 2062 ﬂoridum,
2857 2009 2907 2051 et
2924 2000 3334 2053 exul'xzrantium

1758 2081 2030 2139 fructuum
2073 2086 2350 2144 fertilitate
2397 2087 2705 2144 fecundum.
2745 2090 2888 2145 Crux
2935 2094 3079 2144 enim
3126 2108 3336 2160 semper

1758 2173 1897 2228 viret
1928 2176 1978 2228 in
2005 2191 2120 2245 spe,
2149 2178 2301 2233 ﬂoret
2332 2181 2382 2234 in
2409 2180 2532 2238 ﬂde.
2555 2181 2838 2235 fructiticat
2865 2183 2914 2235 in
2950 2183 3014 2235 ch
3037 2182 3230 2234 «ritate.
3276 2183 3338 2234 Et

1758 2273 2042 2333 postquam
2067 2284 2094 2320 a
2121 2277 2336 2324 terreno
2360 2273 2558 2341 cespite
2583 2274 2801 2340 przncisa
2825 2284 2927 2336 est,
2966 2274 3335 2342 frondet,qni.i

1759 2355 2004 2425 quisquis
2035 2375 2128 2427 per
2156 2376 2394 2416 amorem
2425 2364 2604 2416 crucis
2637 2380 2667 2417 a
2700 2367 2932 2419 terrenis
2963 2381 3020 2419 se.
3050 2366 3335 2420 desideriis

1761 2442 1814 2497 in
1844 2444 1956 2514 ipsa
1986 2450 2184 2503 mentis
2230 2452 2405 2505 radice
2435 2451 2658 2523 [mentis
2708 2455 2968 2526 radicem]
3016 2458 3292 2523 prtescidit
3321 2497 3335 2519 ,

1759 2531 1827 2586 ad
1892 2534 2262 2594 hzeredttatem
2333 2541 2837 2598 imtuarcescibilem
2904 2548 3334 2614 capessendam,

1757 2630 1815 2677 et
1866 2638 2077 2696 semper
2132 2628 2359 2684 virentia
2417 2642 2635 2689 mternze
2700 2634 2821 2689 vita:
2883 2651 3085 2706 pascua
3142 2651 3338 2692 conu-

1761 2717 1935 2775 lescit.

1841 2814 2042 2872 Verum
2073 2819 2202 2889 quid
2231 2821 2462 2890 amplius
2488 2822 2552 2877 de
2582 2823 2738 2878 laude
2785 2825 2955 2878 beata:
2985 2838 3163 2878 crucis
3193 2822 3339 2877 edis-

1760 2927 1961 2974 seram,
1985 2911 2421 2980 quandoquidem
2445 2914 2626 2968 omnia
2662 2915 2748 2967 illa
2778 2915 3048 2969 sacrificia
3091 2929 3211 2984 qua
3242 2913 3341 2967 sub

1759 3001 2007 3070 legalium
2031 3003 2474 3057 caeremoniarum
2506 3004 2610 3057 ritu
2635 3001 2815 3058 offerri
2835 3003 3114 3070 iubentur,
3145 3004 3211 3056 ad
3238 3004 3338 3056 hoc

1760 3107 1924 3144 unum
1974 3093 2247 3161 singulare
2306 3107 2602 3162 verumque
2675 3094 3004 3149 sacrificium
3066 3094 3209 3162 quod
3284 3096 3337 3148 in

1756 3197 1888 3237 arca
1927 3184 2105 3237 crucis
2152 3183 2390 3238 oblatum
2439 3197 2520 3240 est
2569 3184 3057 3239 referantur?Per
3111 3186 3335 3239 vitulum

3441 2003 3673 2066 antiqua:
3707 2002 3933 2054 vinetilis
3963 2003 4344 2066 absolvendus,
4387 2004 4454 2058 ab
4489 2005 4607 2072 ipso
4651 2013 4837 2057 mundi
4871 2020 5023 2073 prtu-

3440 2091 3578 2159 cipio
3607 2092 3790 2145 Patres
3822 2094 4067 2154 azlnrant,
4111 2092 4396 2162 Propheta:
4446 2095 4818 2163 pranuntiant
4849 2137 4861 2156 ,
4905 2110 5022 2148 omo

3442 2199 3643 2251 nesqne
3676 2200 3952 2238 sacrarum
3989 2184 4347 2257 [sanctarum]
4374 2172 4782 2255 Scripturarum
4811 2188 5024 2256 pagina

3441 2275 3807 2341 praillgurant.
3840 2273 4046 2342 Quippe
4076 2273 4218 2343 quod
4252 2289 4349 2328 nos
4370 2273 4666 2329 adoramus
4695 2276 4748 2328 in
4775 2290 5029 2336 munere,

3443 2361 3645 2430 illijam
3693 2361 4088 2414 venerabantur
4135 2363 4186 2415 in
4231 2361 4353 2416 flJe.
4401 2363 4466 2417 Et
4515 2364 4660 2432 quod
4711 2364 4855 2430 apud
4914 2365 5032 2415 illos

3439 2461 3558 2502 erat
3588 2452 3908 2519 quibusdam
3961 2452 4340 2522 amigmatibus
4382 2451 4714 2523 figuratum,
4769 2467 4871 2506 nos
4921 2468 5019 2521 per

3441 2540 3750 2596 Hediatoris
3773 2542 3997 2611 gratiam
4019 2542 4130 2611 jam
4165 2542 4409 2596 videmus
4442 2543 4745 2611 impletum.
4782 2552 4841 2595 ut
4880 2545 5028 2610 quod

3441 2631 3514 2684 illi
3539 2633 3998 2701 praesagiebantur
4027 2648 4123 2701 per
4147 2634 4536 2702 spiritnm.nos
4562 2633 4672 2702 jam
4705 2646 4802 2701 per
4825 2648 5030 2699 corpo-

3441 2722 3609 2776 ralem
3641 2736 3929 2776 cernamus
3961 2733 4015 2775 et
4046 2727 4439 2789 amplectamur
4468 2723 4745 2774 obtutum.
4774 2719 4820 2775 0
4851 2723 5030 2772 admi-

3443 2815 3608 2865 randa
3631 2813 3937 2867 Conditoris
3961 2813 4129 2866 nostri
4154 2812 4238 2880 pia
4267 2811 4591 2865 clementia!
4623 2828 4656 2865 ο
4684 2811 5032 2880 ρωιιίςιιιιιι

3442 2904 3730 2972 singularis
3782 2904 3949 2957 nostri
3991 2902 4370 2972 Redemptoris
4425 2901 4739 2957 humilitas!
4787 2902 5034 2955 Atrocis-

3442 2994 3594 3048 siina:
3625 2994 3813 3048 mortis
3838 2995 4021 3049 subire
4044 2993 4298 3066 dignatus
4324 3003 4409 3050 est
4435 3007 4675 3066 pinnam,
4698 3001 4756 3046 ut
4781 3007 4884 3047 nos
4909 3007 5035 3062 pro-

3442 3087 3662 3140 veheret
3727 3088 3791 3139 ad
3848 3102 4123 3143 coronam.
4176 3087 4573 3160 Turpissimum
4639 3089 4823 3144 crucis
4873 3089 5038 3159 elegit

3441 3182 3655 3248 propria
3684 3179 3961 3235 voluntate
3994 3179 4318 3252 supplicium
4341 3221 4357 3246 ,
4393 3192 4450 3234 ut
4478 3196 4577 3236 nos
4620 3180 4688 3234 de
4739 3181 5035 3234 servitutis

1759 3288 2011 3342 namque,
2037 3275 2126 3340 qui
2171 3275 2236 3328 de
2269 3285 2514 3331 armento
2561 3276 2742 3331 oderri
2791 3279 3100 3346 praccipitur
3139 3277 3336 3347 (Exod.
3368 3263 3414 3326 C
3439 3273 3567 3342 jugo
3592 3274 3906 3327 Sublitnaret
3933 3273 3998 3327 ad
4037 3288 4281 3341 regnum.
4317 3272 4561 3329 Ialedici
4612 3288 4720 3328 non
4773 3274 4988 3340 respuit
5021 3313 5032 3332 .

1760 3368 1960 3436 xxix),
2015 3365 2344 3436 Redemptor
2400 3377 2600 3430 noster,
2658 3369 2747 3435 qni
2803 3368 2869 3421 de
2909 3367 3339 3435 patriarcharum

1760 3455 2040 3511 descendit
2075 3457 2350 3528 progenie,
2389 3457 2670 3526 figuratur.
2721 3457 2817 3510 Hic
2851 3458 3105 3511 nimirum
3159 3468 3343 3510 aratro

1763 3548 1944 3604 crucis
1971 3563 2080 3603 sua:
2108 3557 2306 3602 terram
2329 3550 2509 3603 carnis
2553 3559 2751 3603 nostra:
2800 3550 3134 3618 perdomuit,
3184 3559 3238 3602 ct
3277 3564 3340 3602 ex

1761 3636 1996 3708 Spiritus
2016 3640 2188 3694 sancti
2219 3639 2427 3693 semine
2479 3639 2738 3693 virtutum
2786 3655 2883 3692 nos
2924 3638 3075 3707 fruge
3126 3640 3338 3692 ditavit.

1764 3728 1861 3785 Hic
1899 3731 2096 3785 vitulus
2139 3731 2256 3786 sine
2305 3730 2512 3784 macula
2560 3747 2662 3784 non
2709 3731 2761 3784 in
2818 3730 3201 3791 tabernaculo.
3247 3729 3341 3785 sed

1760 3830 1887 3876 ante
1921 3822 2118 3876 ostium
2151 3821 2268 3888 ejus
2313 3835 2343 3874 a
2395 3821 2518 3875 filiis
2559 3823 2739 3875 Aaron
2769 3820 3096 3874 ul'l'erehatur
3141 3820 3338 3880 (Exod.

1764 3914 1914 3981 ut!)
1942 3929 1954 3977 ;
1989 3912 2112 3980 quia
2136 3920 2190 3964 et
2223 3909 2499 3974 Dominus,
2537 3912 2625 3979 qui
2658 3913 2774 3965 sine
2810 3920 3031 3979 peccato
3071 3921 3154 3964 est
3182 3910 3339 3978 (lsai.

1761 4004 1902 4074 ιιιι),
1937 4003 2037 4056 sub
2067 4005 2222 4056 Anna
2273 4011 2328 4055 et
2371 4002 2572 4070 Caipha
2605 4001 2758 4069 (Luc.
2803 4003 2885 4069 ιιι)
2933 4012 3086 4054 extra
3131 4011 3340 4070 portam

1758 4105 1844 4151 est
1871 4094 2178 4150 cruciﬁxus.
2215 4094 2331 4163 Ipse
2362 4094 2544 4162 Agnus
2570 4095 2658 4162 qni
2694 4095 2877 4147 mundi
2909 4105 3131 4163 peccata
3160 4095 3342 4147 deter-

1763 4186 1835 4239 sit
1860 4184 2036 4254 (Joan.
2069 4182 2128 4256 ι).
2156 4184 2272 4253 ipse
2303 4185 2510 4246 limdus,
2537 4185 2625 4252 qui
2671 4193 2951 4238 auctorem
2988 4184 3194 4252 peccati
3227 4184 3342 4236 dia-

1761 4275 1962 4340 bolum,
1994 4274 2174 4330 crucis
2223 4274 2399 4343 gladio
2439 4271 2727 4342 iugulavit.
2778 4274 2896 4342 ipse
2947 4273 3229 4336 columba,
3286 4275 3339 4327 itt

1760 4367 1914 4436 cujus
1944 4366 2198 4419 nimirum
2240 4364 2423 4434 specie
2465 4363 2699 4432 Spiritus
2749 4372 2971 4416 sanctus
3012 4378 3171 4432 super
3217 4379 3338 4417 eum

1762 4458 1829 4511 ad
1858 4454 2107 4512 Jordanis
2132 4455 2330 4508 ﬂuenta
2357 4453 2634 4508 descendit
2657 4453 2875 4522 (Matth.
2903 4454 3004 4522 ιιι).
3033 4453 3150 4523 ipse
3174 4456 3340 4509 etiam

1763 4558 1958 4608 turtur,
1990 4549 2113 4618 quia
2155 4555 2430 4617 perpetua:
2470 4547 2739 4600 castitatis
2782 4554 2972 4600 auctor
2996 4545 3108 4616 98
3131 4547 3336 4610 existit,

3445 3374 3502 3416 ut
3548 3380 3644 3418 nos
3691 3366 3754 3418 de
3807 3364 4093 3419 maledicto
4139 3363 4272 3434 legis
4319 3363 4643 3418 absolveret.
4695 3362 5030 3418 Probrosam

3447 3467 3672 3507 mortem
3703 3455 3941 3522 pertulit.
3975 3465 4032 3509 ut
4085 3469 4184 3508 nos
4228 3455 4296 3507 ab
4327 3463 4543 3509 eterna:
4591 3456 4783 3508 mortis
4825 3469 5032 3523 oppro-

3447 3546 3564 3599 brio
3593 3547 3866 3599 liberaret.
3905 3546 4055 3600 Unde
4078 3556 4133 3600 et
4180 3545 4509 3615 Apostolus:
4551 3564 4568 3596 ι
4608 3545 4864 3600 Christus
4891 3589 4904 3604 .
4955 3549 5036 3599 in-

3445 3636 3578 3703 quit.
3617 3651 3712 3689 nos
3763 3637 3992 3689 redemit
4036 3637 4103 3691 de
4151 3636 4437 3692 maledicto
4474 3637 4646 3706 legis,
4699 3636 4881 3690 factus
4931 3653 5030 3704 pio

3444 3726 3600 3781 nobis
3633 3728 3972 3780 maledictum
4005 3767 4019 3790 ,
4070 3728 4195 3795 quia
4248 3727 4512 3796 scriptum
4547 3735 4669 3781 est:
4707 3725 5032 3780 Ilaledictus

3443 3818 3640 3888 omni),
3671 3818 3759 3884 qui
3793 3817 3985 3886 pendet
4021 3818 4073 3870 in
4123 3817 4312 3885 ligno;
4350 3825 4408 3869 ιιι
4456 3818 4508 3869 in
4554 3818 4808 3887 gentibus
4861 3820 5032 3871 bene-

3444 3910 3607 3963 dictio
3633 3910 3858 3962 Ahraha:
3889 3909 4038 3964 ﬂeret
4089 3910 4140 3963 in
4172 3909 4388 3964 Christo
4420 3908 4546 3963 Jesu
4577 3950 4591 3972 ,
4641 3921 4699 3962 ut
4746 3911 5024 3979 pollicita-

3447 4001 3643 4052 tionem
3671 4001 3890 4067 spiritus
3913 4001 4238 4068 accipiamus
4266 4014 4361 4067 per
4393 4000 4552 4054 tidem
4581 3997 4722 4067 (Gal.
4757 4005 4866 4066 ιιι).
4904 4021 4923 4050 a

3513 4093 3821 4160 Quiaergo.
3854 4089 4051 4144 fratres
4083 4091 4211 4154 mei,
4239 4089 4519 4144 servitutis
4543 4088 4672 4159 jugo
4695 4090 4861 4143 soluti
4889 4132 4904 4154 ,
4935 4092 5032 4145 be-

3443 4182 3801 4236 nedictionem
3830 4181 4059 4234 Abrahte
4088 4182 4141 4235 in
4171 4179 4389 4234 Christo
4430 4178 4542 4247 jam
4590 4195 4778 4233 sumus
4821 4181 5032 4250 adepti,

3442 4273 3568 4340 quid
3598 4281 3783 4332 restat,
3811 4271 3910 4325 nisi
3941 4279 3996 4323 ut
4025 4285 4088 4324 ea
4114 4285 4253 4340 quas,
4284 4269 4456 4340 gratia
4483 4265 4870 4337 praven'iente,
4905 4284 5032 4338 per-

3442 4355 3879 4430 cepimus,6tiam
3910 4377 4003 4431 per
4028 4363 4148 4414 vitre
4174 4361 4422 4414 meritum
4449 4360 4827 4428 Redemptoris
4853 4363 5032 4416 ποδιή

3444 4457 3581 4508 dona
3624 4470 3920 4516 servemus,
3957 4469 4024 4507 ne
4067 4454 4157 4522 qui
4209 4468 4304 4523 per
4347 4453 4673 4523 baptismum
4722 4455 4775 4507 in
4804 4454 5035 4510 Christo

3447 4545 3800 4606 renascimur.
3828 4545 4123 4598 secundum
4159 4551 4395 4597 veterem
4421 4558 4610 4598 rursus
4639 4543 4930 4599 hominem
4956 4551 5032 4599 vi-

1760 4640 1902 4695 sicut
1932 4608 2031 4694 sibi
2075 4655 2104 4693 a
2152 4608 2352 4708 sponsa
2393 4637 2592 4691 dicitur
2622 4653 2634 4689 :
2674 4655 2692 4685 ι
2738 4608 3040 4705 Speciosaev
3057 4608 3204 4707 gen:
3238 4608 3340 4690 tua:
3369 4608 3418 4666 θ
3446 4646 3651 4698 ventes,
3683 4635 3749 4689 ad
3774 4635 4136 4688 damnationis
4161 4633 4279 4702 ejus
4299 4636 4623 4690 sententiam
4655 4649 4988 4690 revocemur
5015 4638 5036 4686 ν

1763 4731 1904 4785 sicut
1929 4729 2154 4782 turturis
2184 4725 2363 4799 (Cant.
2396 4728 2458 4796 ι).
2494 4746 2512 4778 ι

1836 4818 2088 4872 Eamdem
2114 4833 2275 4889 porro
2295 4817 2524 4872 vivificte
2547 4818 2727 4872 crucis
2756 4816 2987 4872 hostiam
3019 4817 3340 4888 designabat

1762 4919 1817 4963 et
1838 4908 2000 4962 vitula
2025 4907 2111 4962 illa
2149 4907 2290 4974 rufa,
2321 4924 2464 4977 qum,
2493 4918 2651 4964 :ctate
2694 4911 2910 4978 quidem
2949 4911 3158 4982 integra
3185 4952 3200 4974 ,
3245 4916 3338 4967 sed

1759 5000 1871 5071 jugi
1901 4997 2263 5067 essejubetur
2292 4999 2483 5067 ignara
2506 4995 2694 5068 (Num.
2739 5001 2874 5066 xtx).
2911 4998 3047 5052 Rufa
3083 5001 3336 5056 nimirum

1762 5090 1928 5146 vitula
1971 5105 2098 5146 caro
2139 5101 2221 5144 est
2273 5088 2593 5152 Saivatoris,
2622 5104 2775 5144 rosea
2825 5090 3033 5144 scilicet
3083 5092 3342 5160 sanguine

1763 5184 2048 5256 passionis.
2077 5182 2338 5238 Perfecta:
2358 5183 2573 5252 quidem
2604 5184 2779 5238 astatis
2810 5183 3072 5238 Dominus
3115 5186 3180 5239 ad
3213 5201 3340 5255 pas-

1765 5277 1973 5333 sionem
2002 5276 2173 5339 venit,
2209 5276 2305 5330 sed
2351 5277 2467 5345 ejus
2510 5276 2704 5330 collum
2741 5275 2932 5346 jugnm
2987 5277 3200 5348 peccati
3248 5295 3341 5332 cu-

1761 5366 1982 5439 juslibet
2013 5383 2118 5422 non
2141 5366 2369 5420 attrivit.
2410 5363 2511 5432 Qui
2543 5368 2761 5421 vitulam
2789 5367 3022 5423 oﬂ'erunt
3071 5369 3338 5425 immundi

1765 5469 1911 5524 sunt,
1952 5470 2009 5516 et
2047 5459 2139 5531 qui
2187 5459 2465 5514 Christum
2520 5461 2880 5529 crucifigunt,
2927 5461 3072 5517 unde
3111 5461 3343 5518 mundus

1766 5551 2027 5617 abluitur,
2058 5551 2158 5622 ipsi
2201 5551 2587 5606 damnabilit.r
2635 5551 3007 5621 inquinautur.
3059 5551 3162 5620 Qui
3214 5569 3344 5609 vero

1767 5645 2005 5700 cinerem
2047 5643 2345 5715 colligens,
2393 5651 2547 5700 extra
2595 5656 2771 5698 castra
2830 5646 3064 5715 proiicit,
3114 5647 3346 5702 mundus

1770 5742 1896 5800 est;
1929 5735 2054 5803 quia
2089 5735 2397 5804 quicunque
2426 5735 2606 5790 crucis
2634 5735 2925 5791 Dominiczc
2969 5738 3345 5809 passionisque

1774 5824 2094 5893 mysterium
2125 5839 2218 5894 per
2244 5827 2426 5882 mundi
2454 5826 2789 5882 lazitndinczn
2819 5829 3135 5898 prmdicanl,
3168 5846 3196 5882 a
3225 5847 3348 5900 pec-

3445 4727 3575 4781 Nam
3625 4739 3678 4781 et
3728 4729 3885 4782 hodie
3937 4729 3988 4781 in
4040 4727 4272 4782 ecclesia
4331 4728 4458 4782 illud
4515 4726 4681 4782 David
4721 4728 5028 4783 canimus:

3447 4841 3463 4870 ι
3504 4821 3766 4874 Sialcdicti
3831 4819 3922 4888 qui
3970 4819 4244 4874 declinant
4291 4834 4320 4873 a
4358 4819 4626 4874 mandatis
4686 4820 4793 4874 tuis
4851 4817 5027 4886 (Paul.

3440 4915 3646 4984 cvvm).
3690 4933 3706 4962 ι
3738 4912 4140 4967 Consideranda
4178 4927 4370 4981 nempe
4420 4914 4685 4967 sententia
4713 4953 4730 4974 ,
4759 4916 4894 4983 quia
4927 4932 5030 4970 non

3441 5008 3657 5067 dicitur,
3689 5003 3958 5056 maledicti
3984 5003 4075 5071 qui
4130 5017 4234 5055 non
4286 5001 4400 5072 93
4440 5017 4544 5056 non
4569 5014 4947 5057 renascuntur
4981 5005 5030 5057 in

3445 5097 3796 5153 sacramentis
3830 5096 3956 5158 tuis,
3982 5095 4094 5156 sed.
4124 5096 4212 5164 qui
4244 5095 4516 5149 declinant
4544 5110 4572 5148 a
4601 5096 4877 5150 mandatis
4905 5099 5030 5156 tuis.

3444 5190 3566 5258 quia
3603 5188 3850 5242 videlicet
3883 5201 3986 5238 non
4036 5184 4208 5238 solum
4243 5185 4316 5239 illi
4361 5185 4756 5240 maledictionis
4801 5190 5033 5242 nexibus

3445 5289 3568 5336 sunt
3594 5279 3808 5332 obnoxii
3837 5318 3850 5338 ,
3881 5291 4016 5345 quos
4042 5277 4095 5329 in
4124 5276 4341 5332 Christo
4371 5291 4507 5346 aqua
4540 5277 4891 5346 baptismatis
4923 5297 5026 5334 neu

3447 5379 3748 5440 regent-rat.
3800 5368 3892 5422 sed
3925 5367 3996 5420 illi
4033 5367 4197 5420 etiam
4250 5381 4480 5435 quorum
4517 5369 4755 5436 pravitas
4797 5385 4828 5422 a
4871 5373 5030 5424 recti-

3447 5465 3629 5517 tudine
3661 5460 4037 5516 mandatorum
4070 5459 4161 5513 Dei
4195 5475 4288 5529 per
4317 5461 4569 5514 vitiorum
4596 5462 4824 5530 abrupta
4862 5465 5027 5519 decli-

3449 5563 3559 5608 nat.
3597 5553 3732 5620 Quid
3765 5567 3895 5621 ergo
3954 5553 4175 5622 prodest
4209 5554 4335 5621 quia
4384 5552 4449 5606 de
4481 5550 4708 5606 vinculis
4769 5555 4900 5622 quis
4949 5570 5030 5606 rc-

3447 5653 3601 5699 tustac
3632 5644 4024 5699 maledictionis
4053 5644 4370 5705 absolvitur,
4400 5645 4443 5697 si
4487 5658 4583 5712 per
4613 5643 4783 5696 vitam
4840 5659 5026 5714 repro-

3449 5739 3572 5793 bam
3629 5737 3828 5791 eisdem
3886 5735 4112 5790 vinculis
4157 5734 4333 5790 denuo
4385 5721 4745 5788 retrud'atur?
4795 5734 4932 5788 Nam
4981 5749 5030 5788 et

3454 5829 3737 5898 Apostolus
3768 5831 3880 5883 ait:
3918 5848 3934 5878 ι
3970 5828 4070 5895 Qui
4102 5844 4206 5882 non
4248 5839 4392 5882 amat
4439 5826 4729 5882 Dominum
4781 5839 5026 5882 nos-trum
