5232 6500
152 393 246 446 609

1572 370 1809 428 SERMO
1852 366 2040 425 XVIII.

3366 364 3470 418 6N

150 504 324 558 Jesum
348 497 654 564 Christum,
685 494 753 550 sit
777 491 1100 558 anathema,
1143 488 1466 544 maranatha
1515 485 1568 557 (I
1617 484 1743 541 Cor.
1777 493 1827 548 Α
1855 484 1908 538 in
1934 497 2136 554 aquam
2166 483 2339 548 misit,
2371 488 2424 537 et
2463 494 2589 536 mox
2635 478 2842 536 ferrum
2891 477 3140 546 natavit,
3191 487 3359 550 atque
3400 479 3472 537 ad

150 595 278 666 xvi).
316 591 419 649 Ubi
449 605 607 662 atque
650 586 947 643 notandum
971 583 1098 654 quia
1127 597 1232 637 non
1275 580 1406 636 dicit
1435 598 1447 634 :
1483 577 1586 646 Qui
1631 593 1739 633 non

148 685 446 742 renascitur
473 682 527 737 in
570 678 858 732 Dominum
910 684 1159 731 nostrum
1202 670 1386 728 Jesum
1433 671 1715 727 Christum

146 775 238 832 sed
261 773 352 844 qui
384 787 492 828 non
525 775 694 832 amat,
727 775 787 821 ut
835 765 1001 821 etiam
1049 763 1096 818 si
1141 761 1416 833 baptismo
1467 760 1732 831 probetur

148 867 264 938 quis
298 867 350 920 in
377 862 594 919 Christo
618 869 861 924 renatus,
889 857 931 911 si
959 870 1063 910 non
1096 854 1168 909 sit
1210 854 1373 909 etiam
1412 868 1477 907 ex
1513 865 1718 907 conver

147 960 349 1015 satione
371 965 771 1015 commortuus,
798 963 1145 1018 nequaquam
1171 948 1247 1001 sit
1275 961 1304 998 a
1326 942 1737 998 maledictiouis
1789 1012 1791 1015 ι

147 1051 358 1106 omnino
383 1047 614 1103 vinculis
638 1044 952 1102 absolutus:
992 1063 1010 1096 ι
1041 1042 1098 1098 Si
1127 1042 1298 1105 enim,
1326 1040 1484 1110 juxta
1506 1039 1742 1110 Aposto-

153 1142 286 1204 lum,
321 1138 671 1210 complantati
725 1150 918 1191 sumus
963 1133 1307 1190 Similitudini
1359 1131 1554 1188 mortis
1598 1128 1739 1200 ejus,

155 1232 308 1288 simul
343 1241 399 1287 et
427 1227 845 1285 resurrectionis
871 1227 1078 1282 erimus
1105 1224 1284 1296 (Rom.
1325 1224 1424 1293 vi).
1467 1243 1485 1276 ι
1522 1223 1591 1278 Ει
1622 1239 1743 1278 rur-

146 1341 236 1381 sus
264 1339 278 1378 :
316 1343 334 1375 ι
374 1321 431 1379 Si
463 1321 852 1390 compatimur,
884 1329 940 1373 et
971 1316 1468 1388 conr'egnahimus;
1515 1315 1559 1371 si
1593 1331 1746 1372 com-

147 1416 432 1481 morimur,
460 1422 516 1469 et
542 1413 896 1468 convivemus
918 1408 1000 1480 (II
1031 1407 1168 1463 Tim.
1199 1410 1282 1479 ιι).
1312 1426 1329 1459 ι
1365 1406 1472 1462 Sed
1498 1405 1622 1476 quis
1653 1405 1744 1462 ille

145 1515 226 1560 est
251 1504 342 1574 qui
383 1518 492 1558 non
539 1509 688 1556 amat
732 1499 1008 1556 Christum
1035 1498 1059 1552 ?
1086 1496 1220 1564 Quis
1264 1496 1412 1553 enim
1463 1506 1738 1562 nostrum,

144 1596 188 1650 si
218 1596 280 1651 de
326 1593 529 1652 Christi
584 1591 876 1647 dilectione
923 1588 1271 1654 consulitur,
1323 1603 1432 1644 non
1481 1589 1740 1659 protinus

143 1693 474 1750 constanter,
505 1684 612 1738 imo
644 1680 1052 1754 promptissime
1102 1694 1163 1736 se
1189 1677 1470 1735 Christum
1511 1678 1743 1750 diligere

143 1774 416 1832 fateatur?
449 1772 645 1828 Verum
671 1771 760 1828 ille
797 1787 904 1827 non
953 1781 1104 1825 amat
1130 1769 1409 1826 Christum
1477 1770 1570 1840 qui
1633 1785 1741 1825 non

1849 572 2197 627 manubrium
2228 570 2393 626 rediit
2425 568 2533 642 (IV
2566 568 2692 639 Reg.
2737 567 2837 639 vi).
2872 566 3012 636 Quid
3039 575 3126 623 est
3165 577 3347 624 autem
3389 582 3474 623 se-

1848 659 2021 726 curis,
2045 659 2151 714 nisi
2188 658 2458 731 sapientia
2507 658 2603 713 Dei
2644 665 2870 728 operata
2925 672 3024 728 per
3049 672 3250 726 corpus
3274 657 3300 711 ?
3327 656 3471 726 Quid

1848 749 2075 816 ferrum,
2093 751 2198 806 nisi
2221 750 2518 805 divinitas?
2542 748 2685 816 Quid
2711 749 2948 822 lignum,
2976 749 3080 805 nisi
3104 751 3421 820 humanitas
3444 749 3471 804 ἲ

1848 841 1914 896 Ει
1948 850 2096 897 recte
2131 857 2339 912 corpus
2366 841 2570 896 Christi
2596 841 2800 911 lignum
2834 840 3057 904 dicitur,
3089 840 3217 910 quia
3253 854 3283 895 a
3315 840 3463 911 ligno

1844 934 2123 1003 pependit.
2174 931 2400 988 Securis
2453 932 2618 1002 igitur
2669 931 2830 1002 juxta
2873 928 3172 985 Jordanem
3235 928 3465 984 arbores

1845 1025 2180 1091 succidebat,
2209 1025 2337 1096 quia
2361 1025 2456 1079 Dei
2483 1024 2778 1094 sapientia,
2803 1021 2965 1093 juxta
2997 1021 3224 1077 liuidum
3254 1030 3468 1078 morta-

1845 1114 2017 1170 litatis
2040 1124 2242 1172 nostrze
2267 1115 2581 1180 decursum,
2611 1115 2832 1185 dignata
2879 1121 2966 1168 est
3003 1112 3202 1183 impios
3246 1111 3466 1167 Judatos

1847 1223 1960 1264 suae
2011 1207 2417 1279 praedicationis
2468 1207 2790 1262 austeritate
2853 1207 3168 1277 corripere,
3219 1213 3275 1262 et
3320 1205 3471 1261 velut

1846 1297 2219 1353 infructuosas
2269 1299 2498 1354 arbores
2527 1312 2557 1351 a
2591 1305 2737 1352 slatu
2772 1296 2963 1368 rigidae
3010 1296 3282 1368 superbi-.e
3312 1296 3470 1352 dese-

1844 1403 1994 1443 care.
2029 1387 2186 1443 Unde
2209 1396 2264 1443 et
2290 1386 2534 1443 Joannes
2555 1387 2728 1443 dicit:
2763 1405 2783 1439 ‹
2823 1386 2946 1443 Jam
3001 1389 3219 1443 securis
3247 1389 3315 1442 ad
3371 1403 3468 1443 ra-

1844 1478 2023 1535 dicem
2046 1479 2308 1536 arborum
2335 1479 2514 1549 posita
2564 1489 2670 1534 est.
2738 1475 2932 1535 Omnis
2976 1479 3143 1535 arbor
3177 1496 3300 1551 quae
3350 1495 3464 1537 non

1844 1569 1978 1625 facit
2009 1568 2246 1626 fructum
2273 1570 2499 1635 bonum,
2527 1569 2839 1637 excidetur,
2871 1581 2927 1626 et
2959 1571 3012 1631 in
3043 1571 3224 1642 ignem
3272 1572 3456 1628 mitte-

1849 1671 1939 1720 tur
1965 1663 2184 1735 (Matth.
2222 1680 2327 1731 nt;
2364 1663 2493 1719 Luc.
2539 1667 2646 1737 ιιι).
2689 1685 2706 1717 ι
2753 1665 2948 1738 Itaque
2993 1667 3122 1724 dum
3162 1668 3308 1740 ligna
3361 1684 3469 1727 ca-

1850 1757 2079 1821 duntur,
2125 1757 2336 1813 ferrum
2369 1759 2422 1813 in
2453 1774 2651 1829 aquam
2680 1760 2749 1816 de
2777 1761 3068 1818 manubrio
3090 1761 3311 1829 c'ecidit,
3339 1764 3468 1835 quia

146 1873 289 1920 amat
327 1878 545 1918 crucem
577 1861 804 1918 Christi.
837 1861 906 1917 Et
953 1861 1046 1931 qui
1077 1870 1204 1918 sunt
1244 1861 1335 1932 qui
1367 1860 1569 1917 Christi
1613 1875 1736 1916 cru.
1769 1845 1815 1907 Β
1853 1851 1980 1906 dum
2023 1849 2303 1906 silvestres
2330 1849 2642 1907 Iudaeorum
2694 1861 2908 1909 mentes
2958 1854 3177 1910 Veritas
3199 1855 3427 1925 corripit
3450 1897 3465 1918 ,

143 1971 256 2012 cem
289 1973 394 2012 non
419 1963 608 2010 amant
637 1955 659 2010 ?
684 1955 821 2010 Audi
852 1953 1082 2010 Paulum
1132 1953 1424 2010 manifesta
1462 1968 1558 2009 eos
1607 1967 1742 2008 voce

141 2059 412 2103 notantem
447 2065 460 2100 :
504 2064 522 2098 ι
567 2045 743 2111 Multi,
769 2046 984 2116 inquit,
1044 2044 1367 2111 ambulant,
1415 2059 1554 2116 quos
1594 2059 1742 2114 saepe

139 2140 379 2196 dicebam
413 2139 566 2196 vobis
591 2139 762 2210 (nunc
793 2148 976 2195 autem
1011 2148 1068 2193 et
1109 2136 1244 2193 flens
1285 2137 1431 2209 dico)
1476 2138 1738 2195 inimicos

139 2233 315 2289 crucis
342 2231 570 2293 Christi,
599 2247 830 2301 quorum
860 2231 980 2285 finis
1009 2230 1284 2294 interitus,
1312 2245 1548 2300 quorum
1594 2231 1740 2286 Deus

142 2333 330 2381 venter
355 2335 436 2380 est
469 2343 482 2377 :
515 2334 569 2378 et
597 2324 768 2394 gloria
802 2323 853 2377 in
878 2323 1202 2379 confusione
1223 2338 1443 2386 eorum,
1481 2324 1574 2393 qui
1617 2333 1734 2379 ter-

140 2421 273 2497 retia.
301 2411 763 2484 sapiunt(P/iitip.
808 2413 915 2483 ιιι).
964 2432 981 2465 ι
1027 2413 1308 2483 Loquatur
1345 2422 1402 2468 et
1446 2411 1732 2470 Jacobus:

144 2529 163 2562 ι
198 2510 295 2578 Qui
321 2510 530 2565 amicus
551 2548 567 2574 ,
600 2507 715 2574 ait,
767 2517 852 2564 est
899 2506 1064 2578 hujus
1093 2509 1299 2575 saeculi,
1341 2509 1600 2566 inimicus
1631 2507 1730 2564 Dei

137 2600 486 2656 constituitur
519 2599 661 2670 (Jac;
689 2599 788 2669 tv).
826 2618 845 2652 ι

215 2688 471 2761 Quisquis
508 2704 638 2760 ergo
684 2689 962 2745 desiderat
1008 2704 1079 2746 an
1119 2690 1270 2745 omni
1312 2689 1530 2747 vinculo
1571 2689 1739 2746 male-

140 2780 392 2835 dictiouis
418 2779 671 2844 absolvi,
729 2789 785 2835 et
826 2780 1040 2849 plenam
1075 2794 1229 2834 novae
1282 2780 1474 2851 gratiae
1518 2780 1739 2835 benedi-

140 2870 375 2926 ctionem
411 2871 696 2941 consequi,
727 2884 947 2927 crucem
979 2868 1192 2940 diligat,
1220 2886 1287 2925 ex
1317 2885 1425 2940 qua
1482 2869 1740 2926 videlicet

138 2963 317 3018 omnis
337 2962 614 3033 plenitudo
643 2963 1043 3018 benedictionis
1071 2971 1314 3017 emanat.
1361 2962 1466 3019 Per
1512 2977 1734 3018 crucem

136 3068 201 3109 se
222 3053 315 3109 Dei
341 3054 613 3110 mandatis
633 3055 921 3125 astringat.
939 3053 1046 3109 Per
1067 3069 1286 3110 crucem
1312 3053 1532 3110 effrenis
1553 3055 1737 3110 carnis

141 3142 416 3198 incentiva
447 3143 722 3198 cohibeat.
756 3142 912 3199 Sicut
940 3143 1084 3197 enim
1133 3144 1525 3200 consentiendo
1557 3146 1730 3205 carui.

141 3233 470 3288 sententiam
502 3233 897 3289 maledictiouis
935 3234 1287 3300 incurrimus,
1310 3235 1389 3290 sic
1410 3235 1740 3292 refrenando

138 3335 386 3386 carnem,
419 3319 814 3378 benedictionis
835 3322 1066 3394 gratiam
1093 3333 1459 3393 promeretur.
1517 3323 1593 3379 Ex
1628 3336 1739 3379 tor-

136 3409 311 3465 culari
359 3426 595 3482 namque
648 3411 889 3485 [nempe]
928 3412 1108 3468 crucis
1159 3412 1464 3483 largissima
1513 3414 1740 3470 benedi-

136 3505 338 3561 ctionis
365 3507 505 3561 unda
549 3504 829 3576 profluxit,
880 3521 1002 3577 quae
1050 3506 1455 3562 maledictiouis
1502 3509 1740 3577 antiqua:

137 3596 295 3654 virus
323 3611 484 3652 omne
511 3598 759 3652 detersit.
795 3597 922 3652 Inde
976 3596 1233 3651 nimirum
1281 3597 1560 3653 stillicidia
1603 3600 1736 3654 cha-

136 3690 429 3745 rismatum
460 3681 766 3745 caelestium
813 3698 1222 3761 proruperunt,
1251 3705 1374 3759 qua:
1424 3691 1736 3746 ariditatem

133 3781 496 3836 humanarum
540 3781 806 3836 mentium
849 3779 1142 3835 salubriter
1180 3779 1435 3851 irrigant,
1463 3783 1739 3836 omnium-

130 3883 243 3940 que
273 3868 532 3924 virtutum
566 3868 706 3924 felici
747 3867 902 3939 fruge
950 3867 1264 3924 fecundam.
1307 3868 1434 3925 llaec
1469 3879 1553 3926 est
1586 3872 1736 3927 enim

133 3964 311 4020 nubes
357 3961 445 4018 illa
468 3979 588 4034 quas
616 3962 746 4017 Elia:
772 3963 872 4018 sub
894 3963 1125 4033 vestigio
1148 3962 1388 4018 hominis
1411 3963 1465 4018 in
1493 3973 1740 4036 tempore

133 4057 409 4113 siccitatis
433 4055 706 4126 apparuit,
738 4063 793 4109 et
822 4071 954 4111 mox
999 4054 1315 4110 inundantis
1339 4043 1535 4124 pluviae
1575 4057 1731 4127 copia

131 4145 480 4202 abundanter
498 4143 944 4218 [subsequenter]
957 4145 1156 4216 erupit.
1176 4145 1269 4200 Sic
1290 4146 1436 4201 enim
1453 4145 1738 4218 Scriptura

129 4244 535 4295 commemorat
569 4255 581 4291 :
623 4254 642 4288 ι
677 4235 836 4300 Ecce,
870 4237 1068 4308 inquit,
1092 4239 1356 4294 nubecula
1385 4255 1550 4310 parva
1579 4243 1737 4310 quasi

127 4331 427 4401 vestigium
474 4329 710 4386 hominis
758 4329 1091 4387 ascendebat
1141 4331 1209 4388 de
1259 4332 1397 4387 mari
1453 4332 1578 4406 (Ill
1608 4333 1736 4407 Reg.

127 4426 320 4494 xvm).
369 4445 386 4478 ι
442 4425 577 4494 Quia
628 4426 773 4482 enim
824 4441 930 4482 non
979 4427 1135 4498 quasi
1182 4429 1380 4492 homo,
1431 4432 1524 4487 sed
1579 4434 1737 4502 quasi

125 4518 424 4588 vestigium
453 4518 688 4573 hominis
715 4519 1027 4575 ascendisse
1051 4519 1275 4585 dicitur,
1303 4532 1451 4578 recte
1502 4539 1600 4594 per
1628 4525 1733 4581 hoc

1858 1941 2116 1998 divinitas
2147 1957 2371 1997 carnem
2398 1943 2660 2000 deserens
2689 1945 2758 1999 ad
2788 1944 2989 2001 inferni
3015 1945 3287 2016 profunda
3319 1947 3453 2002 des-

1847 2034 2049 2089 cendit.
2081 2032 2187 2089 Sed
2213 2033 2420 2106 lignum
2443 2035 2496 2090 in
2523 2051 2722 2106 aquam
2755 2036 3016 2102 mittitur,
3050 2046 3108 2094 et
3132 2035 3342 2092 ferrum
3373 2051 3464 2094 re-

1852 2123 1955 2187 dit,
1990 2123 2120 2194 qnia
2160 2139 2360 2193 corpus
2385 2124 2623 2191 Domini,
2649 2127 2796 2197 quod
2825 2128 2881 2183 in
2909 2126 3058 2198 ligno
3100 2129 3464 2200 pependerat,

1846 2211 1914 2270 in
1956 2216 2208 2286 sepulcro
2256 2217 2479 2287 ponitur
2508 2259 2522 2282 ,
2567 2217 2766 2276 deinde
2815 2235 2882 2276 ex
2929 2220 3221 2292 profundis
3275 2221 3462 2292 inferi,

1845 2311 2042 2379 spiritu
2075 2310 2360 2378 redeunte,
2385 2313 2646 2370 surrexit.

1920 2444 2076 2499 Unde
2097 2445 2394 2502 notandum
2421 2454 2527 2514 est,
2560 2445 2764 2505 fratres
2797 2449 2928 2515 mei,
2956 2456 3012 2506 et
3039 2447 3465 2520 diligentissime

1844 2536 2291 2607 perpendendum
2312 2537 2441 2608 quia
2475 2537 2591 2609 ipse
2615 2537 2949 2610 Redemptor
2979 2548 3170 2595 noster
3205 2551 3334 2596 ante
3364 2555 3465 2611 per

1842 2641 2062 2682 crucem
2089 2628 2330 2696 transiit,
2352 2637 2406 2682 ct
2428 2629 2510 2685 sic
2530 2629 2934 2686 humanitatem
2959 2645 3116 2686 suam
3145 2630 3197 2685 in
3218 2641 3462 2702 paterna:

1842 2719 2082 2774 dexterae
2107 2718 2335 2790 gloriam
2364 2719 2704 2776 sublimavit.
2733 2720 3054 2792 Exemplum
3109 2720 3312 2792 quippe
3359 2738 3460 2778 no-

1842 2810 1928 2867 bis
1946 2811 2223 2877 exhibuit,
2251 2819 2312 2868 ut
2338 2813 2482 2868 unde
2503 2821 2673 2884 caput
2698 2815 3050 2884 praecessisse
3083 2801 3458 2886 cognoscitur,

1841 2916 1941 2971 per
1955 2903 2211 2958 eamdem
2242 2902 2386 2958 viam
2414 2912 2471 2960 et
2497 2905 2744 2961 membra
2771 2906 3162 2988 subsequentia
3193 2908 3462 2978 gradian-

1842 3004 1949 3051 tur.
1968 2995 2322 3053 Prmferimus
2344 2997 2511 3069 igitur
2533 3014 2755 3054 crucem
2783 3001 2833 3054 in
2867 2999 3073 3067 fronte,
3092 3002 3189 3057 sed
3211 3002 3464 3058 eamdem

1841 3100 2062 3142 crucem
2110 3087 2284 3144 multo
2337 3088 2613 3145 salubrius
2666 3091 3035 3148 recondamus
3089 3093 3144 3148 in
3186 3093 3375 3149 corde.
3408 3092 3464 3146 In

1767 3202 1814 3267 ο
1845 3191 2080 3254 utroque
2104 3192 2260 3252 poste
2305 3181 2628 3253 sanguinem
2682 3197 2982 3254 percussor
3008 3183 3240 3256 angelus
3279 3184 3465 3240 videat

1846 3271 2047 3346 (Exod.
2082 3271 2206 3343 ιιι),
2240 3280 2300 3325 ιιι
2345 3271 2607 3327 exclusus
2643 3275 2874 3339 evadat,
2919 3291 3026 3330 non
3079 3286 3466 3346 perempturus

1843 3362 2135 3431 irrumpat.
2176 3355 2288 3418 Nec
2331 3362 2434 3417 sibi
2481 3362 2755 3434 quiSpiam
2799 3364 2868 3420 de
2918 3365 3036 3422 solo
3083 3365 3243 3438 signo
3284 3368 3467 3422 crucis

1843 3453 2159 3525 applaudat,
2187 3453 2233 3509 si
2263 3453 2555 3510 veritatem
2586 3455 2768 3510 crucis
2799 3455 2853 3511 in
2875 3459 3139 3528 operibus
3167 3474 3274 3514 nou
3304 3460 3464 3514 exhi-

1843 3548 1993 3604 beat.
2032 3546 2268 3604 Crucctu
2293 3562 2490 3619 nempe
2517 3547 2592 3603 illi
2636 3549 2689 3604 in
2723 3549 2840 3606 suis
2887 3550 3135 3607 moribus
3177 3552 3468 3626 signattter

1843 3649 2213 3712 expresserat.
2252 3640 2343 3710 qni
2370 3640 2591 3697 dicebat
2623 3659 2637 3696 :
2676 3659 2695 3693 ι
2723 3641 2841 3714 Ego
2875 3642 3023 3699 enim
3047 3643 3309 3716 stigmata
3335 3644 3468 3703 Jesu

1844 3732 1898 3788 in
1926 3747 2159 3805 corpore
2190 3747 2314 3788 meo
2348 3742 2508 3804 porto
2541 3732 2687 3805 (Gal.
2718 3733 2820 3807 vi).
2852 3755 2870 3790 ι

1915 3864 2238 3922 Mundantes
2262 3866 2428 3938 igitur
2453 3869 2840 3941 nosmetipsos,
2859 3870 3196 3939 charissimi,
3217 3875 3285 3930 ab
3308 3876 3462 3932 omni

1845 3954 2260 4028 inquinamento
2289 3959 2473 4014 carnis
2499 3967 2554 4015 et
2577 3961 2825 4032 spiritus,
2858 3962 3215 4033 accingamur
3256 3967 3456 4022 adver-

1843 4051 2080 4104 santium
2111 4051 2370 4106 vitiorum
2403 4051 2642 4121 impetus
2668 4052 2943 4126 frangere,
2978 4057 3218 4112 carnalis
3259 4059 3449 4115 illece-

1844 4144 1956 4198 brae
1979 4145 2327 4213 passiouibus
2359 4147 2586 4202 obviare
2614 4188 2626 4210 ,
2667 4148 2754 4217 pic
2803 4149 3179 4219 proximorum
3221 4155 3465 4208 necessi-

1847 4234 2052 4289 tatibus
2093 4235 2538 4291 condescendere
2569 4277 2582 4301 ,
2631 4236 2810 4294 illatas
2856 4240 3021 4294 etiam
3063 4243 3461 4302 contumelias.

1844 4336 2060 4382 servata
2102 4326 2418 4393 charitate,
2477 4327 2747 4398 perferre.
2810 4328 2894 4385 Sit
2955 4348 3110 4388 mens
3157 4345 3343 4390 nostra
3397 4335 3467 4390 ab

1844 4413 1990 4473 omni
2027 4418 2610 4489 terrenznrcupiditatis
2638 4421 2883 4490 pondere
2915 4420 3089 4479 libera
3119 4466 3132 4488 ,
3172 4433 3233 4478 ut
3287 4427 3463 4480 sancti

1843 4509 2099 4573 desiderii
2132 4509 2328 4565 librata
2359 4511 2558 4580 pennis
2590 4511 2696 4566 ima
2729 4510 2845 4582 jam
2886 4513 3103 4569 deserat
3135 4558 3148 4580 ,
3202 4525 3368 4587 atque
3397 4518 3465 4572 ad

126 4587 302 4673 crux,
323 4624 443 4679 qua:
469 4609 730 4665 membris
756 4620 839 4666 est
865 4619 1050 4682 aptata
1077 4611 1372 4670 Dominicis
1395 4587 1737 4688 designatur.
1770 4587 1820 4647 θ
1847 4600 2144 4664 Αυοῑοτθιη
2177 4617 2192 4655 ε

1399 4587 1737 4688 designat"...
1770 4587 1820 4647 Ι)
1847 4600 2144 4664 Auctorem
2177 4616 2336 4655 suum
2366 4601 2587 4656 rediens
2619 4601 2675 4657 in
2707 4601 2830 4672 ejus
2860 4618 3051 4662 amore
3103 4607 3350 4661 Suaviter
3384 4624 3465 4664 re-

125 4700 202 4756 Et
231 4699 373 4754 bene
402 4713 536 4754 crux
566 4699 854 4770 vestigium
905 4700 1144 4757 hominis
1184 4702 1386 4758 dicitur
1409 4745 1422 4767 ,
1471 4706 1599 4775 quia
1644 4722 1741 4778 per

126 4804 258 4843 eam
289 4787 430 4843 Deus
456 4788 620 4845 homo
648 4789 938 4846 transitum
969 4791 1118 4857 fecit,
1155 4807 1278 4848 cum
1307 4793 1374 4849 ad
1405 4794 1626 4852 Patrem
1659 4812 1746 4853 re-

125 4882 259 4947 diit,
287 4883 431 4938 sicut
457 4898 553 4954 per
580 4881 847 4940 Joannem
875 4885 1111 4940 dicitur:
1145 4905 1165 4939 ι
1203 4887 1399 4946 Sciens
1427 4888 1587 4947 Jesus
1613 4892 1738 4961 quia

122 4973 288 5028 venit
318 4972 434 5042 ejus
463 4975 623 5041 hora,
656 4985 715 5031 ut
760 4985 1006 5034 transeat
1034 4993 1098 5034 ex
1134 4979 1239 5036 hoc
1288 4983 1492 5037 mundo
1522 4985 1588 5038 ad
1639 4984 1745 5040 Pa-

125 5073 277 5118 trem
302 5063 492 5142 _(.Ioan.
519 5068 660 5133 xm).
693 5087 712 5120 i
748 5066 957 5124 Pascha
994 5071 1198 5142 quippe
1221 5073 1478 5128 transitus
1510 5075 1736 5132 dicitur.

123 5153 203 5210 Et
234 5154 325 5210 hic
357 5157 616 5213 transitus
647 5172 745 5228 per
778 5168 998 5215 crucem
1041 5159 1218 5218 factus
1265 5172 1386 5228 est,
1419 5165 1563 5221 sicut
1607 5168 1739 5224 dicit

121 5243 456 5314 Apostolus-
489 5266 507 5298 ι
543 5248 750 5306 Pascha
774 5261 1019 5308 nostrum
1047 5254 1361 5312 immolatus
1384 5267 1468 5313 est
1487 5258 1740 5316 Christus

125 5333 187 5407 (I
218 5332 349 5391 Cor.
376 5340 452 5411 v).
481 5358 500 5392 ι
553 5339 710 5397 Sicut
737 5357 868 5413 ergo
894 5359 993 5415 per
1025 5345 1304 5416 Virginem
1344 5347 1630 5406 desreudit
1673 5351 1740 5406 ad

124 5434 351 5492 nostra,
391 5430 469 5485 sic
499 5446 595 5501 per
649 5448 867 5490 crucem
920 5444 1008 5492 est
1062 5452 1318 5511 reversus
1366 5442 1432 5496 ad
1489 5444 1732 5514 propria.

123 5517 300 5585 Quod
329 5532 693 5590 congruenter
728 5529 1002 5598 expressit
1046 5529 1206 5600 100
1241 5531 1370 5586 illud
1398 5533 1604 5588 factum
1639 5535 1742 5590 sub

123 5608 329 5666 Eliseo
367 5614 710 5672 miraculum.
749 5617 884 5672 Nam
915 5635 1036 5674 cum
1072 5619 1229 5689 juxta
1263 5621 1556 5680 Jordancm
1591 5625 1737 5695 ligna

121 5701 520 5769 caederentur,
568 5717 789 5777 repente
848 5713 1061 5768 securis
1126 5714 1406 5784 cujusdam
1453 5719 1739 5773 materiam

120 5792 473 5851 succidentis
498 5797 549 5852 in
581 5813 774 5870 aquam
807 5803 1021 5860 cecidit.
1058 5805 1212 5863 Tunc
1239 5808 1504 5880 propheta
1532 5808 1737 5882 lignum

1850 4690 2118 4762 quiescat.
2161 4690 2406 4748 Fastidio
2437 4690 2598 4748 nobis
2620 4692 2732 4747 sint
2764 4703 2962 4747 cuncta
2996 4709 3118 4764 qua:
3158 4697 3462 4754 cernimus.

1850 4783 1932 4838 Ad
1965 4783 2051 4838 illa
2106 4799 2237 4840 vero
2267 4799 2388 4855 qua:
2415 4785 2717 4850 credimus,
2749 4788 3001 4842 continui
3027 4788 3230 4844 laboris
3258 4790 3464 4846 instan-

1853 4877 1926 4931 tia
1968 4877 2316 4933 festinemus.
2355 4877 2480 4934 Hzec
2519 4877 2768 4948 profecto
2801 4895 2933 4935 crux
2986 4889 3090 4942 est,
3127 4896 3292 4952 quam
3345 4900 3463 4941 mo-

1850 4969 2004 5025 ribus
2032 4979 2086 5025 et
2135 4972 2351 5026 actibus
2398 4971 2602 5026 nostris
2644 4971 2908 5026 debemus
2950 4973 3290 5043 imprimere.
3339 4975 3465 5034 Haec

1847 5074 1952 5128 cst,
1982 5080 2144 5132 quam
2170 5064 2430 5132 jubcmur
2453 5064 2699 5136 quotidie
2723 5074 2842 5135 post
2874 5067 3162 5121 Dominum
3194 5068 3460 5138 bajulare.

1848 5155 2109 5224 Quihanc
2136 5164 2339 5224 portat,
2369 5155 2607 5226 passioni
2639 5154 3025 5225 Redemptoris
3052 5158 3134 5212 sui
3159 5173 3289 5215 vere
3318 5174 3462 5214 com-

1851 5250 2114 5304 municat.
2150 5248 2264 5303 Hoc
2317 5248 2537 5318 signum
2586 5262 2720 5303 oves
2760 5247 2830 5304 ab
2887 5249 3057 5303 haedis
3112 5250 3165 5304 in
3213 5262 3466 5308 extremo

1851 5344 2105 5398 examine
2132 5343 2387 5412 segregat
2427 5338 2646 5412 (Matth.
2682 5341 2837 5411 xxv).
2893 5341 2957 5395 Et
3006 5342 3170 5412 judex
3203 5385 3216 5403 ,
3250 5346 3340 5412 qui
3383 5361 3465 5399 re-

1852 5433 2054 5504 probos
2091 5434 2304 5499 nescit,
2330 5434 2472 5488 hunc
2505 5435 2557 5488 in
2608 5433 2724 5488 suis
2782 5433 3163 5489 characterem
3206 5453 3464 5508 recogno-

1849 5527 1976 5583 scit.
2041 5527 2252 5594 Quibus
2319 5537 2503 5582 autem
2573 5527 2902 5597 impressum
2974 5545 3208 5600 propria:
3273 5533 3463 5585 mortis

1848 5619 2045 5686 stigrna
2073 5618 2604 5683 considerat;’tnox
2658 5621 2725 5673 ad
2779 5629 3001 5674 (eterna:
3053 5622 3181 5676 vita:
3240 5623 3461 5692 pl‘il’lilla

1849 5720 2038 5781 gratus
2091 5720 2470 5767 remunerator
2515 5710 2710 5766 invitat
2746 5730 2758 5763 :
2799 5731 2816 5760 ι
2878 5712 3068 5767 Venite
3094 5755 3107 5775 ,
3161 5714 3416 5785 inquiens
3447 5755 3461 5779 ,

1850 5805 2122 5862 benedicti
2176 5805 2359 5863 Patris
2391 5807 2536 5873 mei,
2595 5806 2860 5878 pert-ipitc
2900 5822 3129 5879 regnum
3165 5807 3398 5880 (Ibid);
3441 5829 3458 5860 ι
