5232 6480
198 342 287 399 6l3
1614 336 1850 394 SERMO
1884 335 2024 392 XIX.

3353 346 3459 401 διδ

196 457 427 530 penditur
454 465 761 512 nostrarum
790 453 963 510 series
981 452 1280 508 actionum.
1298 449 1461 508 Prius
1480 453 1627 507 enim
1651 450 1758 516 lex,
1787 453 1838 513 Α
1867 450 2024 503 nistri
2059 448 2197 533 ejus,
2225 457 2282 504 et
2310 450 2607 521 principes,
2634 460 2689 505 et
2720 452 2917 516 duces,
2960 462 3016 507 et
3043 452 3284 524 praefecti
3330 475 3460 513 cur-

193 547 369 603 deinde
419 545 722 615 judicium,
776 551 1053 613 postremo
1110 541 1461 610 subsequitur
1520 540 1750 596 historia

196 651 382 707 regum.
421 633 573 690 Nunc
595 648 728 689 sane
760 649 859 688 nos
898 633 1119 703 expedit
1144 632 1345 687 indicta
1376 632 1531 687 nobis
1555 632 1753 687 divinae

192 726 312 798 legis
359 724 911 789 mandataservare,
956 732 1145 792 postea
1190 721 1574 791 compellimur
1621 729 1753 776 ante

190 815 403 872 tribunal
436 814 701 870 tremendi
731 814 937 870 iudicis
979 814 1244 867 rationem
1277 816 1343 868 de
1373 816 1576 869 nostris
1616 830 1750 885 ope-

191 908 323 963 ribus
356 904 619 970 reddere,
674 913 947 974 postremo
992 903 1212 957 dabitur
1259 902 1313 957 in
1354 902 1446 958 illa
1499 918 1751 975 superna:

187 994 434 1052 claritatis
467 993 638 1065 gloria
669 994 785 1048 sine
816 992 921 1048 ﬁne
970 1008 1218 1064 regnare.
1248 992 1457 1048 Teneat
1485 1009 1617 1064 ergo
1655 1010 1748 1050 or-

186 1091 373 1156 dinem,
397 1091 491 1160 qui
517 1090 689 1144 vitare
710 1088 822 1142 vult
851 1087 1204 1158 Babylonem.
1233 1088 1328 1144 ille
1346 1089 1600 1144 nimirum
1625 1090 1751 1146 vita:

188 1179 328 1250 103
362 1178 741 1234 sitat‘ordinem
773 1177 1005 1231 vivendo
1031 1176 1333 1243 confundit,
1357 1178 1449 1247 qui
1483 1189 1612 1234 ante
1635 1180 1752 1235 vult

182 1269 348 1323 ridere
380 1282 542 1337 quam
578 1265 708 1321 ﬁere
733 1284 747 1319 :
772 1264 905 1320 Cum
947 1265 1208 1319 Salomon
1240 1266 1420 1320 dicat:
1461 1285 1480 1317 ι
1514 1265 1751 1336 Tempus

180 1356 349 1425 ﬂendi,
385 1368 442 1414 et
495 1366 708 1427 tempus
751 1357 960 1412 ridendi
1003 1354 1204 1428 (Eccle.
1244 1356 1350 1426 ιιι).
1386 1375 1404 1408 ι
1446 1357 1540 1411 ille
1582 1358 1749 1412 etiam

181 1449 303 1504 recti
332 1433 543 1504 ordinis
566 1448 763 1502 lineam
800 1447 1021 1511 deserit,
1046 1450 1140 1517 qui
1170 1448 1373 1502 creatis
1395 1448 1557 1503 rebus
1584 1448 1752 1503 Crea-

178 1546 339 1595 torem
369 1538 609 1594 omnium
640 1538 696 1593 in
746 1552 934 1593 amore
982 1538 1278 1608 postponit.
1310 1536 1464 1592 Sicut
1492 1552 1751 1607 perverso

175 1628 372 1686 homini
404 1628 585 1683 divina
615 1642 749 1683 voce
775 1628 1010 1683 dicitur:
1042 1640 1062 1680 ι
1094 1628 1328 1684 Posuisti
1368 1643 1454 1684 me
1477 1639 1602 1698 post
1628 1644 1752 1684 cor-

174 1733 268 1788 pus
291 1726 435 1773 tuum
464 1714 582 1788 (ΙΙΙ
605 1715 731 1786 Reg.
762 1718 894 1789 xw).
927 1738 945 1770 ι
982 1717 1150 1773 Deum
1181 1720 1380 1789 quippe
1404 1728 1526 1788 post
1547 1733 1747 1789 corpus

1856 557 2015 595 ruutu
2064 552 2121 595 et
2168 548 2435 611 equorum
2486 542 2608 613 (III
2651 543 2784 615 Reg.
2822 546 2925 617 Ix).
2983 565 3002 599 ι
3056 547 3159 603 Ubi
3210 559 3462 620 patenter

1854 632 2163 686 ostenditur
2220 649 2340 703 qua:
2395 634 2537 689 inter
2578 635 2917 692 concubinas
2967 637 3226 694 distantia
3280 643 3352 697 sit
3402 653 3459 698 et

1854 727 2093 793 reginas.
2126 724 2267 792 Quid
2316 724 2532 781 diii'erat
2575 728 2719 781 inter
2761 742 2862 783 eos
2916 730 3009 798 qui
3057 732 3201 787 servi
3246 736 3459 804 peccati

1853 814 2003 868 dura:
2032 816 2337 871 exactiouis
2382 816 2585 871 tributa
2615 818 2969 889 persolvunt,
3011 828 3068 875 et
3119 836 3216 876 eos
3245 824 3333 892 qui
3361 838 3460 895 per

1833 904 2041 964 sedata
2084 904 2222 959 bella
2254 907 2617 961 certaminum
2648 908 3052 979 principatuum
3097 912 3299 968 infulas
3341 932 3461 970 sor-

1854 992 2086 1047 tiuntur.
2120 994 2268 1048 inter
2296 994 2394 1049 hos
2420 1010 2553 1050 sane
2577 996 2875 1068 principes,
2904 1009 2960 1054 et
2988 1001 3227 1059 etelestis
3249 1005 3455 1063 militia:

1851 1083 2182 1148 bellatores,
2234 1084 2294 1137 Β.
2341 1086 2636 1141 Anthimus
2692 1087 2923 1159 insignis
2969 1091 3204 1157 enituit,
3255 1096 3347 1164 qui
3400 1108 3454 1151 et

1853 1174 2097 1229 cruentis
2149 1174 2441 1243 impiorum
2503 1177 2752 1232 manibus
2800 1178 2856 1234 in
2915 1184 3297 1250 persecutione
3347 1203 3453 1243 non

1852 1264 2054 1327 cessit,
2098 1272 2153 1318 et
2194 1264 2259 1341 in,
2292 1280 2426 1333 pace
2466 1266 2712 1335 positus,
2759 1268 3154 1338 insurgentium
3205 1284 3454 1344 portenta

1852 1355 2112 1409 vitiorum
2144 1355 2382 1424 spiritali
2411 1357 2669 1427 virtutum
2696 1374 2957 1415 mucrone
2988 1365 3284 1419 truncavit.
3320 1365 3458 1422 Car-

1854 1434 1942 1500 nis
1970 1460 2082 1499 suae
2120 1446 2687 1507 membratormentis
2723 1452 3007 1519 exposuit,
3041 1455 3319 1513 interioris
3350 1460 3451 1515 lio-

1852 1534 2247 1589 minis'viscera
2272 1535 2432 1589 illaesa
2467 1536 2628 1610 105
2645 1539 2901 1594 servavit.
2926 1540 3099 1612 Caput
3132 1561 3239 1599 non
3276 1548 3458 1606 timuit

1854 1623 2064 1680 ferienti
2093 1624 2270 1696 gladio
2297 1627 2562 1692 subdere,
2610 1638 2670 1681 ut
2699 1629 2922 1686 Christo
2953 1635 3116 1703 capiti
3148 1650 3455 1695 mereretur

1854 1713 2297 1786 inseparabiliter
2319 1718 2614 1771 adhaerere.
2650 1719 2783 1774 Erat
2809 1722 2954 1778 enim
2985 1724 3133 1792 in,eo
3162 1726 3317 1796 ﬁdes,
3344 1745 3453 1787 non

166 1823 318 1864 suum
344 1807 496 1879 ponit
523 1806 616 1877 qui
649 1808 821 1875 magis
845 1808 1029 1862 studet
1076 1808 1297 1862 utilitati
1343 1808 1427 1863 vel
1482 1808 1748 1878 voluptati
1780 1809 1826 1869 Β
1856 1821 1976 1877 qua:
2006 1816 2218 1862 mortua
2250 1816 2396 1863 esset
2445 1809 2496 1863 in
2541 1812 2863 1882 semetipsa,
2913 1815 3009 1870 sed
3049 1832 3172 1886 qua;
3200 1834 3297 1889 per
3322 1821 3457 1877 dite-

169 1898 340 1953 carnis
383 1912 495 1953 sua:
522 1898 833 1962 consulere,
872 1914 1035 1968 quam
1068 1898 1163 1953 Dei
1190 1909 1459 1967 praecepta
1503 1912 1745 1954 servare.

167 1988 298 2043 liine
317 1994 399 2043 est
442 1987 587 2057 quod
609 1986 818 2058 Sponsa
846 1989 977 2043 dicit
998 1991 1041 2043 ir
1081 1986 1353 2043 Canticis:
1388 2007 1407 2041 ι
1448 1987 1751 2044 introduxit

164 2092 250 2133 me
282 2092 372 2132 rex
400 2076 461 2131 in.
486 2077 679 2132 cellam
711 2078 1000 2143 vinariam,
1031 2078 1306 2133 ordinavit
1334 2078 1387 2131 in
1436 2093 1523 2132 me
1570 2077 1750 2133 chari-

166 2174 325 2221 tatem
364 2164 546 2235 (Cant.
572 2166 658 2238 ιι).
699 2186 718 2219 ι
765 2166 881 2222 Non
911 2168 988 2221 ait
1018 2185 1031 2221 :
1060 2169 1230 2234 dedit,
1264 2183 1428 2238 quam
1456 2183 1561 2221 non
1588 2181 1748 2236 repe-

162 2257 261 2321 rit;
300 2259 393 2313 sed
421 2259 713 2324 ordinavit,
746 2274 908 2329 quam
944 2259 1306 2313 inordinatam
1340 2259 1564 2313 invenit.
1597 2256 1747 2312 Non-

159 2347 286 2403 nulli
317 2363 553 2417 namque
596 2348 648 2403 in
694 2350 979 2419 principali
1026 2350 1210 2405 cordis
1254 2350 1337 2405 sui
1384 2350 1505 2406 loco
1543 2352 1747 2408 habent

158 2447 376 2500 uxores,
404 2437 563 2503 ﬁlios,
596 2440 818 2506 praedia,
850 2437 934 2493 vel
966 2440 1233 2505 honores;
1284 2440 1340 2494 in
1380 2441 1623 2497 secundo
1650 2452 1744 2497 au-

158 2534 262 2582 tem
307 2528 705 2596 quodammodo
745 2529 913 2583 Deum
962 2541 1195 2599 ponunt,
1226 2532 1354 2585 dum
1403 2546 1531 2588 eum
1562 2536 1744 2593 minus

155 2615 401 2688 diligunt.
433 2617 472 2672 ii
502 2618 756 2673 nimirum
798 2619 1051 2675 videntur
1076 2619 1292 2689 quidem
1336 2622 1536 2678 habere
1564 2626 1749 2681 chari-

156 2714 342 2774 tatem,
373 2708 468 2763 sed
509 2708 903 2775 inordinatam;
931 2726 1032 2766 nec
1068 2711 1218 2765 illum
1246 2723 1467 2767 servant
1494 2714 1744 2770 ordinem

154 2796 457 2863 charitatis,
488 2814 647 2869 quem
695 2799 909 2856 Veritas
939 2801 1053 2871 ipsa
1098 2802 1377 2872 disposuit,
1412 2820 1535 2859 cum
1564 2806 1693 2860 dicit
1726 2823 1741 2863 :

159 2902 178 2937 ι
222 2886 452 2957 Diligere
490 2887 661 2943 Deum
688 2905 754 2944 ex
788 2897 900 2945 toto
924 2892 1111 2957 corde,
1143 2893 1247 2947 hoc
1274 2908 1395 2948 esse
1445 2896 1743 2951 maximum

149 2978 492 3049 primumque
515 2980 865 3048 mandatum;
894 2984 1189 3037 secundum
1212 2993 1392 3038 autem
1416 2984 1593 3041 simile
1621 3000 1743 3042 esse

149 3066 299 3133 huic,
330 3077 390 3122 ut
413 3069 599 3141 diligat
624 3071 926 3141 proximum
959 3072 1175 3135 (Matth.
1210 3076 1365 3143 χιιι).
1404 3093 1422 3125 ι
1460 3073 1575 3128 Non
1610 3090 1741 3146 ergo

1852 1898 2089 1952 ctiouem
2144 1899 2491 1969 operabatur.
2546 1900 2919 1969 Quorumdam
2976 1906 3136 1976 plane
3191 1910 3327 1967 ﬁdes
3370 1924 3457 1981 est

1852 2002 2015 2052 vana,
2046 1987 2271 2043 ﬁaccida
2291 2028 2305 2053 ,
2337 1990 2686 2058 praetendens
2727 1992 2945 2061 quidem
2977 1995 3030 2049 in
3054 2000 3345 2066 superﬁcie
3366 1984 3453 2059 si-

1852 2080 2245 2147 militudinem,
2298 2098 2403 2137 non
2449 2094 2631 2138 autem
2682 2084 2888 2142 habens
2935 2089 3268 2149 intrinsecus
3309 2096 3452 2150 veri-

1853 2180 2043 2231 tatem.

1922 2261 2128 2317 Horum
2151 2279 2313 2334 porro
2344 2274 2567 2322 tenuere
2589 2269 2814 2339 ﬁguram
2846 2272 2938 2343 qui
2966 2271 3097 2329 olim
3148 2282 3216 2330 de
3247 2280 3452 2350 populo

1850 2352 2110 2424 Ephraim
2138 2356 2419 2413 venientes
2447 2359 2514 2411 ad
2541 2362 2675 2412 vada
2702 2359 2981 2431 Jordauis,
3011 2366 3137 2419 dum
3174 2370 3451 2427 nescirent

1848 2446 2158 2516 exprimere
2181 2449 2466 2504 sebboleth
2483 2449 2686 2521 (ludio.
2705 2452 2827 2525 xu),
2851 2455 2947 2510 sed
2977 2456 3256 2527 jehboleth
3280 2457 3445 2531 [scib-

1849 2537 2014 2591 boict.
2052 2537 2305 2610 sibbolet]
2370 2540 2550 2608 potius
2606 2549 2866 2611 tanquam
2926 2549 3210 2617 peregrina
3262 2550 3448 2619 lingua

1847 2629 2182 2698 proferrent,
2212 2628 2620 2687 Galaaditarum
2672 2636 2866 2704 gladiis
2903 2638 3033 2693 caesi
3094 2649 3239 2695 sunt.
3305 2642 3460 2710 Quid.

1846 2720 1990 2774 enim
2036 2734 2136 2789 per
2176 2718 2501 2788 Jordanem,
2539 2722 2591 2776 in
2629 2739 2739 2795 quo
2769 2724 3023 2802 Salvator
3052 2739 3241 2785 noster
3265 2732 3447 2802 bapti-

1847 2808 1959 2861 zari
1999 2808 2252 2878 dignatus
2298 2819 2413 2874 est,
2465 2811 2567 2865 nisi
2612 2798 2947 2881 baptismus‘l
2977 2816 3118 2882 Quid
3165 2834 3294 2874 vero
3338 2798 3446 2888 iper

1847 2898 2159 2963 sebboleth,
2193 2914 2313 2969 quae
2336 2900 2731 2972 interpretatur
2758 2905 2925 2974 spica,
2956 2908 3062 2963 nisi
3086 2906 3222 2965 ﬁdes
3253 2919 3338 2965 est
3365 2911 3448 2966 iu-

1848 2990 2173 3061 teliigendai
2224 2991 2379 3049 Sicut
2430 2995 2576 3049 enim
2603 2998 2753 3066 spica
2795 2999 2997 3054 victum
3030 3002 3237 3071 praebet
3268 3004 3447 3059 homi-

1849 3081 2041 3147 nibus,
2088 3084 2160 3136 ita
2192 3093 2247 3137 et
2293 3083 2363 3139 de
2403 3083 2509 3141 ﬁde
2548 3086 2779 3154 dicitur;
2818 3108 2836 3139 ι
2870 3092 2999 3160 quia
3030 3092 3214 3160 justus
3241 3109 3307 3150 ex
3342 3096 3445 3152 ﬁde

146 3157 395 3229 SBjaclet
415 3160 537 3229 quis
559 3161 760 3216 habere
780 3163 1124 3225 charitateut,
1149 3163 1193 3217 si
1217 3164 1464 3217 ordinata
1495 3178 1601 3219 non
1631 3178 1733 3229 eet,
1764 3156 1811 3217 C
1850 3173 1981 3226 vivit
2005 3172 2170 3245 (llab.
2197 3190 2268 3239 tl;
2302 3176 2453 3229 Rom.
2483 3182 2547 3243 ι).
2580 3196 2598 3229 ι
2628 3179 2694 3233 Et
2718 3181 2856 3235 sicut
2882 3156 3219 3251 spica'multa
3251 3188 3304 3242 in
3328 3190 3445 3245 suis

144 3248 291 3301 sicut
336 3264 436 3303 nec
469 3250 633 3305 etiam
669 3249 852 3319 ﬁdem,
885 3252 931 3305 si
962 3251 1079 3307 sine
1124 3254 1382 3322 operibus
1419 3270 1484 3308 ac
1506 3271 1605 3326 per
1635 3258 1737 3311 hoc

138 3338 320 3393 otiosa
350 3350 432 3395 est
468 3340 611 3410 (Jac.
644 3342 727 3412 ιι).

212 3427 441 3499 Legitur
462 3431 606 3485 enim
635 3432 759 3502 quia
790 3430 1067 3488 Salomoni
1104 3433 1327 3492 fuerunt
1353 3450 1553 3491 uxores
1579 3440 1735 3507 quasi

137 3519 348 3588 regium
377 3522 732 3592 septingenta:
762 3533 815 3578 et
845 3524 1162 3579 concubinae
1190 3533 1447 3581 trecentae
1461 3525 1544 3598 (11
1553 3527 1579 3580 1
1605 3525 1733 3596 Reg.

132 3611 236 3682 λι).
266 3611 407 3678 Quid
434 3624 616 3668 autem
648 3615 777 3670 mihi
804 3631 927 3672 cum
957 3615 1225 3688 Gynaeceo
1258 3617 1600 3673 Salomonis?
1630 3618 1738 3674 Sed

131 3719 373 3760 excussa
403 3705 556 3775 palea
587 3707 873 3761 verborum
898 3709 1171 3762 invenitur
1190 3708 1243 3761 in
1272 3709 1503 3763 medulla
1530 3718 1737 3779 myste-

126 3793 307 3849 rium.
336 3794 473 3862 Quid
500 3796 645 3851 enim
670 3813 766 3867 per
792 3799 1185 3869 septingentas,
1212 3808 1332 3869 quae
1356 3815 1551 3854 uxores
1574 3799 1735 3855 simul

121 3892 186 3939 et
212 3886 421 3957 reginae
447 3897 837 3954 memorantur,
862 3890 964 3944 nisi
989 3890 1093 3944 illa:
1120 3890 1493 3960 intelliguntur
1516 3893 1730 3959 animae,

122 3989 258 4044 qua:
284 3986 341 4030 et
370 3977 700 4046 septiformis
725 3978 926 4035 habent
965 3981 1155 4049 gratiae
1185 3979 1468 4049 Spiritum,
1494 3993 1548 4036 et
1570 3999 1735 4055 super

120 4063 525 4120 resultantium
550 4063 802 4122 vitiorum
831 4082 1009 4124 metus
1038 4070 1189 4139 quasi
1222 4070 1455 4139 regalem
1485 4073 1735 4129 obtinent

114 4158 536 4228 principatum?
563 4157 702 4226 Quid
730 4170 908 4214 autem
941 4177 1038 4230 per
1085 4169 1358 4217 trecentas
1402 4164 1732 4235 easdemque

115 4248 491 4313 concubinas,
523 4250 624 4304 nisi
654 4250 755 4305 iilte
785 4252 979 4306 animae
1006 4252 1330 4323 ﬁgurantur,
1365 4270 1485 4324 qua:
1515 4271 1613 4325 per
1642 4272 1730 4310 so-

114 4337 239 4391 lam
272 4348 475 4394 sancta:
497 4338 781 4396 Trinitatis
810 4341 989 4406 ﬁdem,
1017 4343 1313 4399 thalamum
1337 4346 1554 4416 quidem
1584 4347 1729 4419 regis

111 4428 393 4498 ingressae
422 4437 567 4495 sunt,
600 4431 692 4484 seti
720 4441 884 4486 casta:
914 4434 1343 4489 conversationis
1372 4445 1429 4491 et
1463 4438 1729 4505 quodam-

108 4497 295 4572 modo
318 4521 632 4576 matronalis
654 4522 923 4591 pudicitiae
950 4527 1270 4580 munditiam
1302 4542 1407 4581 non
1438 4528 1726 4596 habentes,
1760 4497 1807 4555 θ

105 4609 343 4665 dotales
370 4626 596 4666 uxorum
635 4614 846 4668 tabulas
869 4630 975 4671 nou
1003 4619 1320 4671 merentur?
1349 4617 1443 4673 Hie
1468 4620 1723 4676 nimirum

105 4713 171 4757 et
204 4701 492 4760 Salomoni
524 4721 621 4776 per
658 4708 874 4764 carnale
901 4711 1288 4765 commercium
1324 4712 1527 4781 juncta:
1562 4727 1721 4783 sunt;

104 4795 251 4863 quia
281 4796 581 4852 Saivatoris
604 4799 775 4853 nostri
805 4800 917 4855 veri
947 4802 1156 4877 paciﬁci
1183 4813 1525 4859 sacramenta
1551 4809 1727 4876 perci-

102 4887 309 4955 piunt,
331 4894 387 4940 et
414 4895 591 4941 tamen
617 4902 713 4958 per
736 4888 1056 4958 degenerem
1077 4891 1437 4949 lenocinantis
1463 4895 1589 4949 vitae
1613 4907 1726 4951 tor-

100 4991 347 5044 porem,
377 4992 477 5031 nec
507 4978 767 5034 habentes
794 4980 886 5034 ιιιιί
930 4981 1048 5035 viro
1082 4981 1303 5051 pudoris
1347 4983 1619 5051 affectum,
1654 4988 1724 5043 ad

104 5066 623 5136 imptialisicederis
648 5071 948 5127 dotalitium
975 5091 1080 5128 non
1105 5086 1417 5145 assurgunt.
1435 5078 1726 5135 Enimvero

100 5157 220 5210 illa:
258 5159 675 5214 animae-uxorio
702 5178 763 5217 ac
796 5164 959 5233 regali
992 5166 1207 5220 nomine
1233 5167 1407 5239 dignm
1436 5180 1578 5234 sunt,
1607 5187 1726 5242 qua:

100 5246 163 5297 in
212 5246 345 5300 solo
388 5248 625 5303 C(BleSils
659 5251 854 5320 Sponsi
885 5254 1155 5309 desiderio
1200 5260 1566 5327 requiescunt,
1606 5278 1730 5331 qua:

102 5336 583 5394 inmederahiliter
611 5352 799 5397 contra
837 5344 1192 5415 malignorqu
1229 5350 1512 5417 spirituum
1544 5362 1722 5407 tema-

100 5434 315 5480 tnenta
344 5429 655 5499 conﬂigunt.
705 5432 858 5490 Sicut
889 5438 953 5491 de
999 5440 1187 5495 eodem
1230 5441 1521 5498 Salomone
1571 5445 1723 5501 Scri-

98 5530 288 5587 ptura
321 5530 545 5576 testatur
575 5542 587 5577 :
635 5543 653 5575 ι
689 5525 822 5591 Quia
851 5528 1181 5600 alienigenas
1204 5549 1448 5604 quosque
1494 5538 1723 5592 tributa-

101 5616 231 5669 rios
274 5612 440 5681 fecit;
484 5618 551 5673 de
582 5617 704 5674 ﬁliis
727 5630 905 5677 autem
950 5624 1115 5679 lsrael
1155 5641 1259 5681 non
1303 5630 1583 5683 constituit
1626 5645 1715 5683 tex

94 5704 342 5760 servire
373 5718 716 5777 quemquam,
744 5712 836 5767 sed
863 5724 1017 5769 erant
1062 5717 1161 5771 viri
1198 5716 1506 5787 bellatores,
1539 5731 1590 5776 et
1621 5724 1717 5777 mi-

1844 3262 2030 3316 aristis
2053 3278 2220 3331 grana
2257 3266 2533 3331 recondit,
2568 3269 2640 3321 ita
2673 3279 2729 3325 et
2752 3274 3057 3342 symbolum
3089 3287 3290 3334 nostra:
3316 3294 3449 3336 cou-

1840 3350 2101 3407 i‘essionis
2134 3352 2370 3423 plurima
2398 3356 2450 3409 in
2483 3371 2544 3411 se
2568 3358 2695 3413 ﬁdei
2726 3363 2934 3417 semina
2957 3364 3181 3434 colligit.
3213 3368 3443 3427 Venien-

1843 3449 1925 3497 tes
1977 3443 2165 3512 itaque
2209 3446 2277 3499 ad
2327 3443 2622 3503 Jordancm
2675 3450 2948 3520 Ephrattei
3004 3457 3367 3514 consuluntur
3411 3476 3442 3515 a

1839 3531 2142 3588 Galaaditis
2193 3536 2469 3603 quomodo
2511 3538 2720 3607 Spicam
2764 3542 3107 3617 exprimant;
3162 3550 3445 3607 venientes

1838 3627 2004 3681 etiam
2039 3626 2107 3682 ad
2142 3626 2401 3697 baptismi
2438 3628 2717 3685 lavacrum
2745 3636 3125 3692 catechumeui
3159 3638 3441 3709 inquirun-

1842 3724 1929 3769 tur
1966 3728 1996 3769 a
2038 3717 2414 3772 sacerdotibus
2474 3720 2710 3788 qualiter
2760 3724 3006 3780 credant.
3062 3728 3130 3783 Et
3180 3735 3439 3800 quoniam

1838 3806 2042 3862 Galaad
2092 3808 2487 3878 interpretatur
2532 3828 2753 3867 acervus
2795 3818 3117 3885 testimonii,
3162 3833 3309 3879 recte
3345 3842 3441 3897 per

1838 3900 2156 3956 Galaaditas
2203 3903 2522 3959 sacerdotes
2570 3904 2832 3987 Ecclesia:
2882 3909 3296 3984 intelliguntur,
3348 3920 3440 3987 qui

1837 3991 2319 4061 praedicationibus
2363 3994 2478 4048 suis
2523 4009 2689 4064 opera
2743 3998 2927 4053 divina
2988 4010 3282 4060 testantur.
3334 4008 3440 4065 Per

1834 4083 2096 4151 Epitraim
2134 4098 2305 4152 vero,
2354 4086 2447 4154 qui
2497 4086 2874 4155 fecunditatem
2930 4103 3120 4160 sonat,
3164 4097 3243 4151 illi
3292 4100 3438 4157 desi-

1833 4184 2070 4243 gnantur
2106 4174 2199 4243 qui
2252 4174 2459 4229 idcirco
2490 4176 2558 4230 ad
2595 4176 2719 4232 ﬁdei
2757 4183 3084 4249 perveniunt
3137 4189 3345 4258 spicam
3378 4199 3438 4246 ut

1834 4272 2154 4333 proventum
2186 4265 2537 4321 fecunditatis
2559 4281 2655 4337 per
2676 4268 2803 4323 boni
2828 4273 3011 4340 operis
3034 4286 3275 4345 segetem
3300 4295 3425 4349 pro-

1832 4352 2030 4407 ferant.
2091 4352 2247 4408 Sicut
2308 4369 2439 4424 ergo
2587 4358 2680 4427 qui
2732 4360 2800 4414 ad
2850 4359 3144 4419 Jordanem
3188 4368 3430 4435 veniunt,

1833 4444 2039 4513 Spicam
2069 4443 2287 4511 quidem
2332 4444 2671 4515 intelligunt,
2698 4450 2792 4503 sed
2822 4452 2949 4519 quia
2979 4454 3290 4524 exprimere
3318 4472 3437 4517 nes-

1833 4538 2012 4601 ciunt,
2048 4540 2385 4603 moriuntur;
2419 4538 2493 4593 ita
2522 4550 2578 4595 et
2604 4541 2697 4610 qui
2728 4540 2931 4599 fontem
2963 4545 3307 4618 baptismatis
3334 4568 3433 4608 ex-

1832 4639 2053 4701 petunt,
2083 4648 2113 4684 a
2146 4630 2254 4684 vita
2292 4629 2538 4687 funditus
2573 4632 2861 4701 decidunt,
2890 4637 2993 4692 nisi
3030 4640 3189 4696 ﬁdem
3224 4644 3395 4713 ipsam
3417 4686 3433 4711 ,

1831 4737 1995 4793 quam
2034 4722 2212 4777 edocti
2252 4732 2380 4776 sunt
2427 4724 2683 4789 credere,
2712 4726 3024 4783 studuerint
3059 4731 3223 4787 etiam
3259 4735 3430 4791 bono«

1834 4830 1953 4869 rum
2007 4828 2233 4883 operum
2277 4814 2659 4870 enuntiatione
2713 4802 2980 4886 proferre.
3036 4820 3112 4876 ita
3170 4824 3428 4881 nimirum

1832 4906 2061 4959 alterum
2091 4906 2292 4975 pendet
2329 4920 2395 4959 ex
2437 4906 2640 4972 altero,
2669 4917 2725 4963 ut
2756 4924 2941 4966 semen
2969 4912 3090 4969 ﬁdei
3134 4922 3432 4989 exsurgere

1830 4995 2024 5050 debeat
2052 4994 2103 5047 in
2133 4995 2337 5065 spicam
2379 4997 2731 5065 operationis.
2770 4998 2922 5066 Quod
2954 5012 3009 5056 et
3038 5002 3290 5061 Salvator
3338 5023 3433 5063 no-

1830 5094 1944 5141 sier
1967 5086 2247 5141 evidenter
2277 5087 2534 5142 ostendit.
2590 5088 2723 5143 Nam
2755 5106 2878 5145 eum
2905 5094 3229 5164 praeciperet
3258 5099 3423 5156 disci-

1830 5179 1970 5248 pulis
1996 5220 2010 5242 .
2040 5179 2228 5234 dicens
2257 5194 2270 5232 :
2309 5198 2325 5230 ι
2362 5179 2469 5243 ite,
2530 5181 2721 5237 docete
2761 5199 2950 5239 omnes
2994 5198 3215 5257 gentes.
3248 5192 3426 5263 bapti-

1830 5281 2019 5324 zantes
2042 5283 2138 5323 eos
2166 5269 2219 5323 in
2247 5271 2468 5325 nomine
2497 5270 2695 5336 Patris,
2720 5283 2773 5328 et
2802 5275 2941 5340 Filii,
2968 5288 3021 5331 et
3047 5278 3284 5348 Spiritus
3309 5299 3428 5338 San-

1829 5360 1933 5423 cti,
1992 5360 2243 5428 puotinus
2275 5361 2481 5414 addidit
2510 5377 2523 5415 :
2555 5363 2820 5418 Docente’s
2864 5382 2958 5421 eos
2989 5384 3213 5427 scrvare
3243 5373 3428 5428 omnia

1828 5464 2168 5518 quaecunque
2199 5449 2448 5505 mandavi
2494 5452 2647 5506 vobis
2699 5454 2919 5525 (Matth.
2955 5461 3169 5529 xxvm).
3209 5481 3227 5514 ι
3255 5462 3334 5517 Ac
3379 5463 3425 5517 si

1828 5548 2017 5610 aperte
2064 5540 2259 5595 dicat:
2296 5541 2495 5596 Semen
2549 5544 2672 5599 ﬁdei
2721 5546 2773 5600 in
2837 5550 3095 5606 cordibus
3140 5553 3421 5607 hominum

1826 5631 2027 5693 serite,
2060 5641 2117 5685 et
2160 5648 2283 5687 mox
2331 5635 2715 5691 mandatorum
2747 5642 3172 5709 germinantium
3218 5647 3424 5715 spicam

1825 5724 2060 5795 qualiter
2096 5726 2433 5795 operationis
2464 5726 2644 5799 lingua
2675 5730 2979 5800 exprimere
3003 5734 3269 5804 debeant,
3298 5738 3419 5796 edo-
