5232 6510
2446 356 2500 410 S.
2533 349 3039 409 PETRIDAIHNI
3080 349 3230 405 OPP.
3268 349 3449 405 PARS
3476 350 3604 407 εει]
3641 349 3877 405 TOMUS
3917 350 3979 405 ll.
4008 379 4075 392 -—
4115 350 4502 407 SERIONE‘S.
5012 350 5104 401 ςιι

1843 476 1963 522 cete
1988 505 2004 530 .
2033 481 2097 519 ne
2127 463 2493 520 soloecismum
2522 462 2724 515 faciant
2754 462 2804 514 in
2835 462 2981 530 spica
3007 461 3212 531 Operis.
3243 462 3332 529 qui
3362 476 3421 515 se
3451 468 3496 524 Α
3525 462 3687 515 corde
3718 462 4019 516 diceremus
4050 479 4063 514 :
4101 482 4119 513 ι
4152 461 4329 518 Trabe
4359 476 4444 517 me
4481 472 4599 532 post
4642 472 4715 525 te.
4748 476 5028 518 currentis
5060 466 5105 515 iu

1843 561 1910 614 de
1936 568 2113 613 monte
2138 554 2424 624 prraim,
2456 555 2557 607 hoc
2591 563 2706 612 est.
2738 552 2805 606 de
2830 552 3153 605 celsitudine
3187 566 3305 605 esse
3337 562 3419 604 te-

1844 658 2059 705 stantur
2086 645 2466 701 ecclesiastica:
2496 643 2859 699 fecunditatis.

1914 739 2279 808 Quapropter,
2338 733 2710 795 dilectissimi,
2797 747 3087 787 caveamus
3165 746 3229 784 ne
3290 732 3423 785 lides

1845 839 2029 885 nostra
2084 828 2409 899 superducta
2465 839 2565 879 nos
2605 824 2774 878 solius
2836 823 3189 893 prolessionis
3242 822 3423 875 colore

1843 920 2098 992 decipiat,
2115 927 2168 972 rt
2194 927 2445 985 tanquam
2470 914 2647 969 inanis
2667 915 2838 984 spica,
2858 912 3179 966 vacantibus
3208 912 3420 973 culmis,

1845 1012 2048 1082 absque
2076 1009 2375 1066 dilectionis
2403 1005 2633 1061 medth
2660 1006 2919 1060 follescat.
2952 1004 3229 1057 Imitemur
3262 1005 3421 1056 tidem

1847 1114 2177 1172 martyrum,
2215 1115 2311 1170 per
2345 1113 2531 1169 quam,
2583 1099 2863 1151 vincentes
2912 1110 3071 1161 regna
3119 1104 3420 1155 terrarum,

1844 1191 2021 1266 adepti
2069 1198 2193 1244 sunt
2228 1188 2448 1258 przmia
2482 1184 2747 1255 promissa
2785 1182 3046 1237 cclorum
3089 1180 3275 1249 (Hebr.
3320 1184 3421 1247 xi).

1847 1277 1931 1333 Sit
1959 1293 2089 1349 ergo
2119 1277 2251 1332 ﬁdes
2282 1288 2465 1329 nos‘ra
2491 1273 2683 1337 solida,
2711 1273 2785 1327 sit
2812 1288 2961 1333 vera.
2990 1273 3060 1325 sit
3094 1274 3334 1332 robusta,
3366 1280 3423 1323 ut

1847 1385 1989 1424 nunc
2024 1368 2201 1423 eundo
2237 1380 2333 1436 per
2368 1365 2561 1429 tidem,
2611 1364 2990 1432 perveniamus
3041 1362 3106 1415 ad
3155 1366 3418 1429 speciem,

1848 1457 2079 1511 videndo
2098 1470 2195 1526 per
2220 1454 2526 1524 aenigmatis
2552 1452 2831 1524 speculum
2860 1450 2911 1519 (l
2936 1450 3059 1505 Cor.
3086 1462 3229 1517 xui),
3258 1467 3421 1520 quau.

1844 1546 2022 1616 doque
2052 1547 2415 1616 perducantur
2445 1546 2512 1601 ad
2535 1545 2703 1617 ipsius
2726 1560 2954 1600 summa
2982 1545 3226 1599 veritatis
3264 1545 3421 1597 obtuo

1842 1646 1953 1693 tum
1976 1678 1993 1703 ,
2028 1638 2118 1693 ubi
2166 1653 2310 1693 nunc
2353 1638 2545 1693 beatus
2576 1646 2786 1709 martyr
2813 1637 3134 1699 Antbimus.
3175 1636 3418 1703 deposita

1839 1729 2051 1783 sarcina
2109 1728 2480 1799 corruptibilis
2542 1729 2767 1791 carnis,
2822 1728 3014 1783 stolam
3065 1727 3289 1795 adeptus
3337 1734 3419 1779 est

3526 552 3746 606 odorem
3777 562 4131 621 ugueuturum
4163 562 4373 607 tuorum
4405 549 4583 615 (Cant.
4620 554 4681 617 l).
4715 572 4732 603 ο

3598 645 3662 699 Et
3696 644 3924 699 fortasse
3954 646 4041 701 isti
4070 657 4192 700 sunt
4223 647 4421 717 gradus
4447 648 4588 702 illius
4617 647 4899 719 horologii,
4928 649 4982 701 in
5010 665 5108 719 quo

3527 750 3620 788 rex
3670 733 3931 788 Ezechias
3981 736 4227 790 umbram
4277 736 4471 791 reverti
4510 738 4697 791 decem
4744 739 4901 793 lineis
4944 740 5107 807 petiit.

3527 824 3679 892 Quod
3724 824 3971 877 videlicet
4014 823 4180 879 lsaias
4227 828 4485 894 propheta
4528 826 4581 879 in
4620 830 4834 898 signum
4886 844 5105 899 recupe-

3528 916 3707 969 randae
3733 914 3923 969 salutis
3962 916 4106 971 illius
4138 913 4421 970 Dominum
4452 917 4707 971 invocans
4742 921 4995 987 pmtinu
5020 922 5109 973 im-

3527 1006 3756 1074 petravit
3786 1004 3919 1073 (lu.
3948 1010 4197 1075 xxxvut).
4240 1006 4599 1061 Descendth
4622 1008 4805 1078 itaque
4830 1012 4910 1065 sol
4935 1026 5109 1063 emen-

3528 1096 3601 1147 sis
3622 1094 3735 1160 jam
3775 1096 3959 1149 decem
3991 1096 4247 1166 gradibus
4288 1097 4572 1167 horologii,
4620 1100 4714 1153 sed
4752 1115 4851 1169 per
4898 1104 5109 1155 eosdem

3528 1185 3726 1255 gradus
3772 1188 3967 1241 iterum
4018 1188 4196 1243 rediit.
4248 1189 4399 1255 Quod
4428 1190 4677 1245 videlicet
4702 1192 4919 1259 signum
4950 1206 5107 1251 esset.

3528 1290 3622 1343 per
3651 1276 3794 1344 quod
3830 1292 3888 1331 se
3924 1292 4015 1331 rex
4046 1277 4308 1333 Eaechias
4336 1279 4494 1335 saluti
4535 1282 4778 1351 pristina:
4828 1285 5115 1338 restituen-

3526 1366 3651 1418 dum
3692 1382 3809 1421 esse
3833 1368 4146 1424 conﬁderet.
4192 1370 4477 1427 Enimvero
4500 1387 4597 1427 nec
4618 1387 4789 1443 genus
4816 1374 5111 1428 inauratum

3526 1456 3590 1507 ad
3625 1456 4043 1511 intolumitatem
4071 1473 4232 1529 qnam
4286 1462 4563 1524 amiserat,
4603 1462 4673 1517 de
4719 1464 4801 1517 sui
4842 1464 5113 1535 languoris

3525 1547 3877 1613 :rgrotatione
3922 1549 4215 1613 convaluit,
4261 1552 4497 1619 quandiu
4546 1551 4635 1606 lux
4688 1567 4815 1607 vera
4862 1552 5111 1607 Christus

3528 1640 3715 1691 detem
3766 1655 3860 1693 eos
3911 1655 4046 1707 quos
4096 1642 4530 1697 enumeravimus
4590 1644 4801 1713 mystici
4852 1644 5109 1713 horologii

3528 1730 3724 1798 gradus
3764 1730 3829 1783 ad
3860 1746 4111 1785 occasum
4145 1748 4202 1785 se
4232 1732 4561 1786 bumiliando
4601 1734 4893 1801 percurrit.
4938 1734 5111 1800 Quart.

16 1046 257 1951 Ι

1840 1820 2097 1891 angelicae
2120 1819 2407 1875 claritatis.
2439 1819 2577 1875 Ecce
2600 1818 2744 1873 enim
2782 1820 2925 1873 inter
2950 1818 3145 1888 iguitos
3169 1832 3416 1885 superna:
3452 1807 3492 1863 Β
3522 1836 3683 1887 quam
3716 1836 3810 1889 per
3839 1824 4084 1875 umbram
4117 1825 4301 1876 decem
4325 1824 4587 1889 graduum
4611 1833 4665 1877 et
4687 1824 4847 1877 aliter
4868 1840 5117 1895 superne

1842 1906 2180 1964 ἣίεωωιοω
2230 1909 2442 1981 lapides
2482 1911 2680 1965 εωίαι
2709 1928 2722 1963 ε
2750 1924 2878 1964 ecce
2922 1910 3064 1962 inter
3091 1918 3417 1977 purpur;th
3524 1912 3940 1979 dispensationis
3961 1927 4245 1980 possumus
4267 1912 4561 1982 intelligere
4582 1926 5015 1967 sacramentum.
5044 1914 5115 1967 DL

1839 2010 2135 2070 martyrum
2162 2000 2395 2071 legiones
2416 2001 2589 2055 victor
2608 2010 2974 2056 etcoronatus
2995 2001 3251 2053 exsultat.
3279 1998 3419 2051 Con-
3526 2004 3809 2053 versitates
3848 2004 4045 2069 quippe
4082 2012 4382 2074 temporum
4428 2004 4583 2058 quasi
4628 2006 4880 2074 quaedam
4919 2005 5111 2059 distiu-

1839 2104 2106 2149 summato
2138 2094 2291 2166 105
2339 2095 2538 2166 quippe
2585 2094 2802 2167 gloriosi
2845 2094 3160 2148 certaminis
3208 2108 3370 2145 cursu
3403 2130 3416 2153 ,
3523 2094 3731 2145 ctiones
3779 2102 3903 2145 sunt
3958 2096 4010 2145 in
4061 2094 4339 2164 horologia
4384 2094 4670 2149 linearum.
4724 2095 4836 2149 Soli
4882 2112 5113 2165 nataque

1838 2187 2083 2240 eumdem
2108 2187 2278 2256 ipsum
2302 2188 2356 2242 εη
2392 2188 2615 2257 ρηιηίο
2647 2189 2819 2242 hanc
2846 2186 3298 2242 ηηυηιεηιίοηίε
3333 2200 3419 2237 ac.
3520 2180 3746 2247 justiti:
3782 2183 3998 2235 Christo
4037 2186 4243 2251 primus
4284 2185 4350 2237 ad
4393 2200 4489 2239 nos
4521 2186 4896 2239 descensionis
4921 2192 5117 2256 gradus

1839 2274 1980 2343 cepit
2008 2275 2098 2344 qui
2136 2274 2308 2331 factus
2332 2285 2415 2331 est
2458 2285 2513 2331 et
2538 2278 2770 2347 pretium
2802 2293 2924 2331 eum
2953 2277 3207 2337 redemit,
3236 2276 3420 2329 Jesum
3528 2272 3627 2322 luit
3656 2271 3719 2325 de
3746 2272 3853 2325 Deo
3889 2274 3940 2326 in
3972 2274 4239 2343 angelum.
4284 2274 4445 2346 ιω
4474 2274 4623 2329 υιιὼ
4657 2286 4739 2329 est
4768 2278 4915 2345 quod
4948 2288 5007 2330 es
5030 2292 5119 2346 per

1838 2363 2110 2419 Christum
2134 2365 2420 2420 Dominum
2447 2378 2713 2431 nostrum,
2744 2369 2835 2436 qui
2880 2382 3002 2421 cum
3036 2367 3144 2420 Deo
3176 2366 3336 2420 Patre
3371 2374 3422 2417 et
3528 2360 3718 2413 Isaiam
3760 2364 3935 2430 lli-igni
3976 2365 4183 2416 cmisilii
4222 2366 4453 2433 Angelus
4483 2365 4683 2418 dicitur
4712 2364 4873 2433 (Iasi.
4911 2370 5015 2431 ts).
5064 2370 5119 2418 [ι

1842 2454 2043 2524 spiritu
2066 2469 2253 2512 sancto
2279 2457 2409 2512 vivit
2433 2466 2488 2513 et
2518 2466 2705 2528 regnat
2732 2473 2831 2527 per
2864 2458 3043 2512 omnia
3072 2457 3267 2512 sarcula
3318 2472 3420 2509 sn:-

1836 2546 2096 2602 culorum.
2127 2548 2317 2603 Amen.

2425 2682 2554 2738 SER
2564 2683 2658 2739 IIO
2708 2682 2826 2737 XX.

2004 2814 2069 2853 nx
2107 2814 2310 2853 stricto
2346 2814 2621 2855 somracro
2658 2813 2907 2853 usus:
2946 2802 3059 2865 (xiv
3096 2804 3254 2867 usit).

1905 2912 2055 2967 Beati
2104 2912 2364 2968 Bunil'acii
2420 2913 2651 2983 gloriosa
2704 2913 3000 2975 festivitas,
3049 2911 3245 2966 fratres
3294 2916 3417 2969 mei.

1832 3002 1958 3057 dum
1985 3003 2194 3057 cunctis
2216 3002 2414 3057 Christi
2448 3002 2690 3057 ﬁdelibus
2714 3017 2999 3057 commune
3045 3003 3099 3055 ῆι
3144 3004 3417 3072 gaudium.

1831 3090 2140 3161 specialiter
2182 3102 2357 3147 tamen
2398 3093 2774 3161 peccatoribus
2796 3094 2863 3147 ad
2892 3094 3302 3162 promerendam

3525 2454 3615 2519 qui
3670 2468 3791 2504 cum
3843 2451 4011 2507 Iacob
4043 2456 4361 2523 loquebatur
4388 2456 4547 2515 Deus.
4577 2458 4801 2526 angelus
4835 2474 5115 2525 nuncupa-

3528 2550 3631 2593 tur.
3672 2540 3806 2595 llinc
3836 2554 3915 2595 est
3947 2546 4088 2612 quod
4120 2560 4213 2608 per
4241 2546 4487 2599 eumdem
4512 2543 4679 2600 Jacob
4699 2548 4901 2601 dicitur
4936 2568 4947 2601 :
4986 2571 5003 2600 ι
5040 2552 5115 2603 Di-

3529 2636 3604 2686 xit
3641 2650 3757 2703 angi
3781 2636 3861 2687 lus
3903 2635 4109 2689 Domini
4135 2639 4199 2688 ad
4228 2652 4313 2690 me
4334 2638 4385 2691 in
4408 2640 4612 2691 somnis
4644 2656 4657 2689 :
4687 2638 4798 2708 Ego
4828 2654 4953 2693 sum
4984 2640 5117 2694 Dcu

3529 2725 3738 2785 Bethel,
3789 2728 3877 2778 ubi
3924 2728 4122 2780 unxisti
4176 2728 4405 2796 lapidem
4451 2737 4505 2782 et
4545 2739 4723 2783 votum
4758 2731 4959 2785 vovisti
4992 2738 5111 2784 snitu

3529 2818 3681 2881 (ϐίη.
3724 2826 3892 2881 xxxi).
3926 2835 3944 2867 ι
3992 2816 4272 2880 Nimirum,
4307 2830 4364 2873 ut
4395 2820 4538 2875 idem
4567 2822 4681 2891 ipse
4708 2822 4801 2890 qui
4860 2823 5112 2893 loquitur.

3527 2916 3580 2957 et
3613 2907 3752 2957 Deus
3783 2906 3939 2958 simul
3968 2918 4021 2960 et
4056 2908 4278 2977 angelus
4321 2910 4657 2964 ostendatur.
4701 2910 4994 2968 Secundus
5032 2918 5113 2967 des

3528 3000 4062 3067 scetisionis'gradtts
4097 3000 4194 3052 fuit
4225 3002 4276 3053 in
4309 3004 4655 3070 patriarchis,
4687 3018 4785 3073 per
4806 3020 4949 3074 quos
4978 3009 5115 3060 acili.

3528 3098 3611 3139 cet
3659 3090 3769 3157 ipse
3819 3088 4077 3143 Dominus
4117 3091 4277 3145 unius
4330 3090 4421 3145 Dei
4476 3092 4677 3148 cultum
4717 3109 4783 3149 sc
4824 3110 4972 3150 vera:
5003 3100 5111 3151 tidei

1833 3183 1979 3237 niam
2032 3192 2193 3238 certae
2236 3184 2349 3251 spei
2401 3183 2585 3237 tribuit
2631 3183 3048 3238 incrementum.
3112 3182 3243 3236 Nam
3293 3200 3413 3236 cum
3448 3164 3488 3221 (ἶ
3525 3179 4184 3235 fundamentaconstituit.
4220 3181 4945 3256 Tertiusinpmmulgstioue
4966 3188 5109 3256 legis.

1832 3272 1956 3326 vitae
1979 3272 2094 3342 ejus
2118 3287 2182 3326 ac
2213 3273 2385 3327 beata
2434 3275 2915 3328 consummationis
2954 3286 3102 3343 gesta
3141 3280 3405 3343 percurri-

1834 3378 1976 3427 mus,
2017 3364 2144 3433 quid
2182 3363 2329 3417 aliud
2378 3364 2677 3419 invenimus
2706 3381 2869 3433 Quam
2909 3367 3033 3433 quia
3079 3368 3271 3433 stipula
3305 3376 3413 3417 tar-

1840 3453 1967 3517 tari,
2000 3455 2193 3509 cedrus
2231 3453 2373 3508 facta
2405 3464 2488 3508 est
2511 3454 2743 3523 paradisi
2769 3454 2792 3506 ?
2820 3455 3019 3523 Atque,
3048 3465 3105 3507 ut
3130 3460 3199 3508 ita
3229 3458 3416 3515 fatear,

1837 3544 2003 3598 torris
2032 3544 2223 3599 inferni
2255 3544 2424 3599 factus
2467 3553 2549 3599 est
2587 3545 2925 3615 splendidum
2968 3546 3116 3598 sidus
3164 3548 3305 3598 (αλιι.
3348 3546 3421 3599 llr.-

1838 3636 2079 3705 lupanari
2116 3635 2378 3704 siquidem
2430 3635 2624 3703 prodiit
2669 3635 3010 3704 praeliaturus
3057 3637 3122 3689 ad
3164 3640 3416 3693 stadium.

1839 3724 1907 3778 de
1941 3724 2113 3779 stadio
2146 3724 2592 3794 suspenditur‘ad
2642 3733 2992 3785 tormentum.
3038 3727 3104 3779 de
3153 3736 3420 3778 lnrmeuto

1840 3818 2056 3872 ducitur
2090 3819 2156 3872 ad
2195 3818 2447 3887 gladium.
2497 3822 2563 3874 de
2607 3819 2781 3890 gladio
2814 3821 3127 3875 sublevatur
3164 3822 3336 3872 victor
3368 3832 3419 3869 εἰ

1839 3918 2128 3963 coronatus
2172 3910 2238 3964 ad
2279 3910 2495 3965 caelum.
2546 3911 2649 3965 Per
2692 3914 2890 3984 gradus
2938 3928 3129 3981 nempe
3170 3924 3421 3982 peccator

1840 4001 1941 4053 iste
1982 4000 2049 4054 ad
2085 4001 2248 4054 vitam
2288 4001 2470 4072 rediit,
2497 4004 2619 4071 quia
2650 4014 2703 4059 et
2726 4020 2820 4074 per
2839 4006 3098 4074 quosdam
3146 4006 3344 4073 gradus
3378 4008 3421 4057 ι,

1840 4090 1930 4156 qui
1952 4089 2067 4143 sine
2090 4101 2307 4159 peccato
2323 4100 2405 4145 est
2431 4092 2481 4159 (Ι
2512 4092 2654 4147 Petr.
2683 4096 2776 4164 ιι),
2805 4096 2872 4149 ad
2901 4104 3099 4149 nostra:
3124 4096 3419 4149 mortalita-

1842 4182 1913 4236 tis
1941 4180 2043 4234 ima
2090 4182 2378 4237 descendit.
2417 4184 2550 4239 Hinc
2581 4194 2662 4240 est
2700 4188 2839 4256 quod
2874 4203 2938 4241 ex
2967 4203 3192 4255 persona
3219 4198 3419 4241 sancta:

1840 4273 2095 4329 Ecclesia:
2126 4288 2222 4345 per
2259 4274 2593 4330 Salomouem
2624 4278 2819 4332 dicitur
2847 4293 2861 4330 :
2898 4297 2916 4329 ι
2944 4278 3080 4333 Ecce
3128 4280 3229 4333 iste
3275 4284 3421 4332 veu't

1842 4363 2039 4420 saliens
2064 4365 2116 4419 in
2143 4367 2443 4431 montibus,
2470 4376 2525 4421 et
2554 4369 2858 4423 transiliens
2887 4369 3051 4423 colles
3081 4369 3257 4439 (Cant.
3288 4376 3368 4424 ui.
3399 4394 3415 4421 ι

1844 4454 2095 4509 Salvator
2130 4457 2327 4512 etenim
2372 4470 2555 4513 nuster
2581 4461 2735 4529 quasi
2765 4461 3029 4530 quosdam
3060 4462 3227 4516 saltus
3267 4464 3419 4516 exhi-

3523 3286 3683 3337 quatn
3715 3281 3768 3323 et
3802 3274 3910 3338 ipse
3935 3272 4085 3339 prius
4110 3273 4363 3326 audiente
4384 3276 4579 3342 populo
4608 3278 4852 3345 protulit,
4884 3288 4941 3333 et
4970 3292 5111 3347 pust-

3527 3366 3741 3414 tnodum
3788 3364 3839 3414 in
3882 3362 4105 3431 lapideis
4157 3363 4350 3418 tabulis
4389 3370 4606 3435 proprio
4644 3368 4816 3437 digito
4855 3383 5113 3423 exarante

3528 3454 3830 3521 descripsit.
3883 3454 4117 3519 Quartus
4159 3455 4211 3509 iu
4258 3454 4384 3510 .lesu
4428 3457 4596 3521 Nave,
4630 3460 4684 3512 in
4716 3476 4826 3529 quo
4856 3464 4999 3517 sicut
5026 3480 5113 3517 uo-

3529 3550 3668 3599 utine
3700 3548 3773 3599 sic
3806 3557 3859 3599 et
3890 3562 4053 3617 opere
4082 3549 4283 3619 degens
4322 3550 4373 3603 in
4421 3560 4620 3605 terram
4675 3558 5115 3622 repromissionis

3526 3640 3778 3708 populum
3805 3641 4123 3696 introduxit.
4153 3642 4384 3709 Quintus
4408 3644 4724 3715 fuitgradus
4748 3648 5115 3715 injudicibus.

3527 3746 3621 3798 per
3648 3747 3784 3799 quos
3821 3734 4073 3785 nimirum
4108 3732 4454 3788 lsraeliticam
4491 3736 4697 3803 plebem
4729 3748 4785 3790 ct
4820 3740 4939 3806 ipse
4970 3756 5115 3810 rege-

3526 3822 3635 3873 bat.
3679 3824 3874 3876 ὃιιιῖιις
3914 3826 3966 3874 ιιι
4004 3825 4220 3890 regibus
4247 3821 4576 3887 Judzeorum,
4615 3828 4739 3895 quia
4776 3844 4831 3881 tn
4862 3830 4947 3881 ds
4977 3846 5119 3898 prin.

3526 3912 3769 3978 cipaiitcr
3802 3914 3916 3979 ipso
3944 3914 4223 3982 regnabat.
4267 3914 4539 3984 Septimus
4572 3918 4623 3969 in
4657 3918 4965 3987 prophetis,
4996 3926 5115 3989 qui:

3528 4014 3623 4067 per
3654 4017 3748 4054 eos
3772 4003 3884 4069 ipse
3905 4012 3956 4054 et
3980 4004 4330 4057 annuntiatus
4349 4014 4432 4058 est
4459 4015 4513 4057 et
4533 4006 4759 4060 locutus.
4805 4006 5019 4064 Octava
5092 4036 5117 4061 ιι

3525 4092 3891 4157 ροιιιιιιριὺιιε,
3938 4094 3989 4145 in
4031 4094 4226 4160 quibus
4270 4094 4402 4163 ipse,
4454 4098 4543 4165 qui
4576 4114 4822 4153 summus
4851 4111 4943 4155 est
4986 4102 5117 4156 Pon-

3527 4182 3677 4245 tifcx,
3720 4188 3829 4235 veri
3860 4194 3913 4237 et
3939 4188 4124 4239 :etcrni
4165 4188 4245 4239 sui
4285 4190 4570 4242 sacerdotii
4619 4193 4947 4260 mysterium
4992 4196 5123 4264 igu-

3528 4276 3683 4325 ravit.
3745 4273 3926 4327 Nonus
3967 4286 4147 4329 autem
4183 4279 4380 4347 gradus
4427 4279 4739 4351 designatus
4789 4295 4875 4338 est
4926 4287 4983 4340 in
5029 4288 5123 4341 ho-

3528 4368 3689 4419 mine.
3755 4365 4002 4419 Decimus
4047 4368 4099 4419 iu
4143 4368 4409 4435 passione.
4466 4368 4567 4423 Per
4590 4370 4689 4425 bos
4721 4374 4909 4442 itaque
4936 4378 5119 4431 deiecta

3527 4457 3743 4523 gradus,
3778 4456 3930 4524 quasi
3982 4471 4077 4524 per
4116 4458 4361 4512 umbram
4414 4459 4621 4514 Veteris
4650 4459 5015 4529 Testa-menti,
5046 4474 5119 4521 sol

1842 4548 1979 4608 buit,
2004 4562 2125 4601 cum
2153 4548 2217 4601 ad
2242 4549 2603 4605 redimendum
2631 4565 2796 4621 genus
2819 4552 3112 4605 humanum
3138 4555 3301 4606 venit.
3346 4553 3418 4605 De
3454 4544 3491 4555 “’
3518 4545 3746 4612 Ᾰιιειίιίειξ
3797 4544 4048 4598 (ὶΙιΓῑδιιιι
4096 4545 4147 4598 ίο
4204 4560 4400 4601 ηοῦιηε
4448 4551 4795 4604 ηδοτιαιίιιιίι
4840 4556 5121 4609 descendit

1841 4638 1981 4693 ctelo
2001 4640 2196 4709 quippe
2225 4640 2368 4693 venit
2392 4640 2442 4693 iu
2476 4651 2687 4695 uterum
2720 4641 2974 4711 Virginis,
3003 4644 3068 4696 de
3096 4652 3247 4698 utero
3276 4647 3417 4697 venit

1844 4724 1897 4781 iu
1934 4741 2188 4797 praesepe,
2221 4728 2286 4782 de
2316 4743 2549 4799 praesepe
2579 4732 2771 4786 transit
2812 4734 2879 4785 ad
2927 4734 3416 4797 circumcisinueni,

1846 4814 1914 4871 de
1943 4816 2345 4873 circumcisione
2369 4818 2432 4872 ad
2466 4821 2716 4891 templum
2738 4864 2750 4885 ,
2796 4823 2861 4877 de
2905 4824 3103 4893 templo
3138 4827 3203 4879 ad
3248 4827 3422 4895 bapti-

1848 4919 2048 4969 smum,
2074 4906 2137 4959 de
2164 4907 2423 4974 baptismo
2442 4910 2507 4961 ad
2533 4926 2771 4975 crucem,
2790 4911 2857 4966 de
2883 4927 3046 4967 cruce
3073 4915 3137 4967 ad
3167 4926 3417 4975 mortem,

1847 4994 1915 5047 de
1946 5005 2116 5049 morte
2142 4997 2206 5048 ad
2233 4996 2553 5066 sepulcrum,
2591 5008 2859 5065 postremo
2878 5004 3039 5055 etiam
3067 5004 3337 5058 descendit
3367 5022 3417 5057 in

1849 5082 2137 5147 infernum,
2161 5094 2217 5137 ut
2240 5085 2360 5139 inde
2380 5097 2599 5141 sanctos
2626 5103 2750 5142 suos
2772 5101 3007 5149 erueret.
3036 5107 3170 5160 quos
3207 5096 3272 5146 ad
3316 5110 3421 5148 cu»

1850 5172 2039 5229 lestetn
2079 5175 2298 5245 gloriam
2346 5179 2551 5233 calcato
2616 5181 2805 5234 mortis
2847 5182 3073 5251 imperio
3120 5198 3416 5239 revocaret.

1850 5261 2035 5327 l‘lane,
2070 5273 2127 5319 ut
2152 5280 2248 5320 nos
2278 5277 2395 5336 post
2422 5284 2479 5324 se
2503 5286 2720 5327 currere
2740 5271 2961 5337 faceret,
2987 5275 3119 5328 istos
3147 5290 3244 5344 pro
3268 5280 3421 5331 nobis

1849 5354 2047 5423 gradus
2071 5358 2400 5413 manifestata
2427 5376 2520 5431 per
2542 5378 2757 5417 carnem
2780 5363 2991 5420 Veritas
3003 5366 3069 5419 ad
3087 5383 3184 5420 nos
3196 5368 3420 5423 descen-

1849 5445 2023 5500 dendo
2054 5445 2330 5517 disposuit,
2380 5461 2432 5505 ct
2476 5454 2870 5521 quodammodo
2897 5457 3175 5524 cujusdam
3210 5462 3419 5528 mystici

1850 5533 2107 5607 horologii
2143 5538 2221 5592 sol
2244 5539 2464 5609 justitize
2496 5542 2743 5599 Christus
2781 5546 2894 5601 hac
2930 5552 2997 5601 ad
3040 5564 3136 5603 nos
3174 5565 3231 5604 se
3270 5550 3425 5603 incli-

1850 5626 2026 5681 nanda
2055 5640 2320 5685 momenta
2349 5633 2609 5688 distinxit.
2650 5637 2749 5702 Qui
2773 5639 3026 5693 nimirum
3050 5641 3341 5695 exsultavit
3364 5654 3421 5695 ut

1853 5714 2001 5786 gigas
2033 5717 2099 5770 ad
2141 5722 2457 5777 currendam
2486 5724 2625 5779 viam
2661 5724 2827 5794 (Pml.
2872 5732 3046 5799 svnt),
3072 5740 3130 5783 ut
3156 5748 3254 5786 nos
3281 5734 3327 5786 ei
3354 5750 3416 5787 cv

3526 4652 3808 4695 “Cusum,
3861 4646 3913 4688 et
3963 4652 4059 4704 per
4106 4652 4199 4690 eos
4248 4638 4440 4691 iterum
4498 4650 4619 4708 ροιι
4660 4648 5118 4700 resurrectionem

3524 4742 3675 4779 suam
3708 4728 3759 4778 iu
3784 4726 3981 4779 malum
4009 4726 4184 4781 victor
4213 4730 4476 4795 ascendit,
4500 4746 4826 4802 omnemque
4848 4736 5003 4789 illam
5038 4755 5123 4789 ve-

3527 4827 3683 4871 tusttc
3731 4818 3862 4887 legis
3898 4819 4141 4872 umbram
4192 4822 4435 4875 veritatis
4484 4838 4594 4876 sure
4640 4838 4705 4879 ac
4747 4840 4909 4881 nove
4940 4842 5123 4897 graus

3526 4912 3690 4964 radiis
3737 4912 4046 4973 illustravit,
4086 4913 4313 4967 obscura
4346 4913 4609 4977 revelatis,
4632 4917 4818 4970 clausa
4852 4935 5119 4977 reserans.

3525 5010 3581 5056 et
3609 5002 3787 5055 omnia
3827 5000 3928 5055 sub
3974 5002 4236 5056 velamine
4283 5003 4476 5059 littera
4528 5014 4669 5059 tecta
4708 5010 4853 5061 denu
4882 5016 5019 5066 ξω.
5067 5014 5125 5066 Et

3526 5095 3667 5146 sicut
3696 5102 3825 5147 tunc
3864 5095 3942 5146 sol
3979 5093 4219 5148 liueatitn
4256 5096 4474 5165 quidem
4502 5112 4563 5151 ac
4597 5114 4815 5155 morose
4844 5118 5123 5169 processe-

3529 5195 3630 5245 rat.
3678 5196 3899 5254 repeute
3948 5197 4127 5240 autem
4163 5186 4230 5240 ad
4265 5201 4417 5243 ortus
4448 5191 4529 5243 sui
4562 5202 4641 5245 est
4672 5206 4933 5250 reversus
4964 5214 5125 5265 OfL‘i'

3529 5292 3682 5335 nem;
3724 5278 3800 5330 sic
3845 5276 4120 5341 nimirum,
4159 5278 4236 5332 sic
4268 5278 4594 5351 Redemptor
4640 5293 4829 5337 noster
4890 5302 4959 5339 ea
5012 5306 5125 5357 qua:

3527 5371 3593 5423 de
3645 5371 4027 5425 incarnationis
4067 5386 4175 5426 sua
4205 5374 4463 5441 mysterio
4492 5389 4587 5442 per
4620 5376 4774 5437 longa
4816 5388 5123 5449 temporum

3528 5464 3806 5514 inlcrvulln
3848 5468 4177 5531 signaverat,
4229 5464 4280 5515 in
4325 5464 4440 5516 sola
4494 5470 4647 5518 restil’
4676 5466 4915 5521 e'tiouis
4965 5482 5123 5537 atque

3525 5556 3860 5607 ascension‘s
3907 5570 4017 5608 sua:
4060 5554 4225 5623 gloria
4277 5556 4455 5610 subito
4499 5555 4771 5622 patefect.
4824 5562 4946 5615 Νι
4999 5577 5061 5616 er
5094 5576 5121 5613 ο

3526 5648 3742 5709 mirum,
3772 5648 3817 5700 si
3848 5646 3904 5698 Β.
3940 5645 4245 5700 BonJ‘acins
4274 5646 4593 5714 quibusdam
4626 5652 4890 5713 gradibus
4916 5666 5119 5722 parum

3526 5753 3647 5805 gere
3695 5740 3887 5794 incinit
3922 5738 3985 5793 ad
4022 5754 4301 5805 coronam,
4332 5741 4766 5810 quandoquidrm
4812 5754 4871 5799 et
4911 5750 5031 5801 Anc
5062 5764 5113 5793 ο.-
