5232 6546
157 449 239 505 6ίῖ

155 555 310 623 salutis
331 553 577 608 humanae
601 558 698 616 pro
722 539 988 597 charitate
1015 545 1220 598 nostra,
1244 532 1390 623 velut
1417 545 1513 600 per
1538 545 1700 599 qnas—
1731 539 1774 593 Α

158 619 254 707 dant
280 637 680 713 dispensationis
709 648 818 689 sua:
841 631 1032 693 lineas,
1055 617 1336 681 descendit
1364 623 1429 677 ad
1461 637 1700 692 poenam.

157 734 401 794 Descendit
427 731 514 786 hic
541 726 606 781 ad
633 738 910 784 occasum,
951 728 1010 772 nt
1050 717 1138 771 ille
1175 715 1375 769 rediret
1404 715 1467 766 ad
1500 721 1699 766 ortum.

155 825 347 885 Pertulit
367 819 625 877 Dominus
648 826 928 884 vesperam
963 803 1375 876 temporalitatis
1399 810 1618 864 nostrze,
1649 807 1708 852 nt

156 934 241 977 nos
275 915 548 971 reduceret
591 907 658 961 ad
702 907 881 959 lumen
928 917 981 954 ιιι
1027 896 1309 953 occiduum
1350 891 1710 964 perenuitatis

156 1006 396 1070 mtaneJ
424 997 874 1059 considerandum
905 1002 1011 1059 est,
1042 991 1239 1046 fratres
1275 989 1406 1053 mei,
1439 986 1710 1057 quomodo

162 1101 216 1157 Β.
256 1095 573 1152 Bonifacium
622 1091 760 1144 inter
815 1087 958 1156 ipsas
999 1080 1242 1152 reproba:
1283 1079 1407 1131 vita:
1457 1075 1713 1128 tenebras

156 1185 428 1247 sanctitatis
457 1180 719 1254 igniculus
745 1193 847 1231 non
870 1174 1127 1234 deseruit.
1152 1170 1246 1226 sed
1269 1167 1452 1223 tandiu
1487 1165 1632 1219 illum
1660 1164 1712 1217 in

157 1277 366 1334 minimis
387 1273 541 1336 fovit,
563 1272 736 1327 donec
765 1267 832 1321 ad
856 1277 1044 1334 magna
1075 1259 1344 1330 perduxit.
1392 1255 1522 1310 Erat
1547 1254 1713 1313 enim.

157 1367 277 1421 sicut
319 1365 370 1418 iu
408 1370 680 1433 gestorum
711 1355 826 1424 ejus
855 1353 1166 1409 continetur
1194 1347 1442 1411 historia,
1471 1345 1719 1400 ebriosus

155 1463 208 1514 et
251 1454 467 1517 adulter,
513 1459 570 1506 et
614 1447 851 1504 omnium
895 1443 1145 1498 vitiorum
1195 1440 1402 1494 amicus
1447 1451 1567 1507 qua:
1608 1435 1726 1490 odit

156 1543 301 1601 Deus.
1502 1571 1508 1574 ~

223 1633 526 1688 Audivimus
563 1626 978 1686 obscurissimas
1018 1623 1267 1700 tqiebras
1305 1619 1607 1686 pravitatis,
1649 1618 1725 1670 vi-

159 1725 362 1781 deamus
389 1722 552 1779 etiam
584 1719 870 1775 sublucere
895 1715 977 1769 vel
1008 1702 1224 1771 tenuem
1253 1708 1599 1766 scintillulam
1644 1722 1730 1762 re-

161 1813 434 1871 ctitudinis.
473 1808 739 1871 Habebat,
774 1807 969 1876 inquit,
1020 1802 1461 1874 hospitalitatem,
1509 1798 1726 1868 largita-

1543 417 1776 476 SERMO
1816 414 1931 470 XX.

3304 400 3410 457 6“

1806 526 1957 579 dunt.
1997 518 2150 572 Sicut
2188 513 2474 570 Cornelius
2521 511 2610 566 ille
2638 511 2908 574 centurio,
2940 510 3030 579 qui
3069 508 3290 580 gentilis
3315 511 3410 565 ω,

1809 614 1912 666 huc
1936 607 2300 675 cleemosynis
2322 611 2377 658 et
2402 602 2741 663 orationibus
2771 600 2986 654 institit.
3027 599 3234 666 Quibus
3261 598 3414 655 VidEr

1807 706 1936 759 licet
1957 698 2400 768 suﬂ'ragantibus,
2431 695 2496 748 ad
2542 694 2796 763 baptismi
2844 688 3184 762 postmodum
3227 706 3415 746 sacra-

1811 801 1990 850 menta
2033 788 2298 861 pervenit.
2341 788 2437 842 Cui
2485 783 2726 856 profecto
2756 782 2998 854 angelus,
3039 783 3269 846 necdum
3295 795 3419 852 pen.-

1812 891 1968 954 cepta
2001 878 2427 951 regenerationis
2472 883 2669 946 gratia,
2723 874 2900 928 dixit:
2937 890 2956 924 ι
2992 873 3277 928 Orationes
3315 881 3421 926 tua:

1813 985 1868 1029 et
1913 972 2269 1040 eleemosynm
2315 977 2419 1021 tua:
2469 968 2833 1025 ascenderunt
2878 965 2931 1018 in
2993 965 3311 1019 memoriam
3365 963 3422 1027 in

1762 1087 1765 1090 ⁴
1815 1064 2108 1134 conspectu
2141 1060 2378 1126 Domini,
2409 1068 2465 1114 et
2489 1073 2634 1113 nunc
2665 1057 2818 1112 mitte
2846 1057 2991 1110 viros
3028 1056 3079 1109 in
3107 1055 3336 1125 Joppen,
3367 1065 3424 1110 et

1818 1155 2024 1211 accersi
2070 1153 2346 1209 Simonem
2409 1150 2646 1205 Petrum.
2708 1148 2806 1203 Hic
2854 1149 2999 1209 dicet
3045 1149 3140 1202 tibi
3189 1148 3318 1215 quid
3373 1158 3427 1202 te

1819 1253 2068 1315 oporteat
2109 1243 2288 1297 facere
2332 1240 2468 1312 (Act.
2515 1241 2592 1306 χ).
2629 1259 2648 1290 ι
2691 1239 2769 1292 Ac
2799 1238 2842 1292 si
2874 1239 3160 1307 perspicue
3185 1237 3423 1292 diceret:

1816 1337 1929 1406 jam
1975 1336 2082 1389 Dco
2124 1348 2246 1403 qua:
2304 1341 2393 1384 tua
2449 1340 2575 1389 sunt
2621 1329 2889 1394 obtulisti,
2936 1329 3002 1382 de
3044 1339 3244 1383 caetero
3293 1327 3431 1392 nihil

1824 1435 2094 1496 superest,
2137 1425 2242 1479 nisi
2292 1434 2352 1478 ut
2402 1433 2456 1478 et
2494 1424 2607 1494 ipse
2646 1422 2848 1498 debeas
2878 1438 3075 1477 munus
3106 1421 3263 1492 longe
3289 1436 3428 1493 pra:-

1825 1518 2057 1573 stantius
2093 1515 2201 1570 tuis
2244 1514 2562 1568 muneribus
2590 1512 2901 1582 superaddi,
2940 1512 3156 1581 tuisque
3184 1523 3234 1565 te
3263 1510 3430 1565 facul-

1827 1607 2027 1662 tatibus
2057 1618 2339 1676 possessor
2366 1603 2609 1670 adjicias.
2645 1611 2700 1656 ut
2728 1617 2894 1655 unum
2922 1618 2988 1656 ex
3015 1603 3286 1665 omnibus,
3321 1616 3430 1656 non

1824 1697 1938 1769 jam
1966 1697 2313 1759 sacriﬁcium,
2343 1697 2436 1750 sed
2465 1695 2858 1753 holocaustum.
2893 1696 3069 1764 potius
3102 1696 3216 1748 ﬁat.

1904 1787 1985 1850 Ad
2022 1785 2182 1855 hujus
2229 1787 2391 1856 igitur
2420 1784 2757 1839 centurionis
2785 1784 3092 1863 exemplum
3121 1784 3186 1850 Β.
3213 1783 3433 1838 Bonifa-

163 1913 261 1961 tem
299 1913 351 1960 et
387 1901 810 1957 misericordiam
831 1874 863 1964 ;V
882 1913 1002 1972 qua:
1033 1906 1210 1954 tamen
1244 1896 1346 1949 tria
1382 1909 1548 1947 unum
1580 1899 1726 1956 sunt,
1761 1903 1805 1961 Β
1836 1881 1954 1936 Cius
2000 1882 2152 1950 Prius
2202 1879 2350 1934 ἀθὶιίι
2401 1893 2526 1943 δυεῖν
2578 1878 2919 1945 Ρυδιιηοάυῐη
2970 1892 3061 1942 se!
3112 1879 3237 1948 quia
3280 1874 3438 1944 Ξυκῑει

159 2007 214 2052 et
253 1997 400 2050 unius
440 1993 679 2048 membra
725 2001 849 2048 sunt
894 1989 1199 2046 cbaritatis.
1252 1986 1511 2057 Sequitur
1559 1985 1736 2038 adhuc

158 2086 389 2151 historia,
417 2094 470 2139 et
491 2083 631 2153 quod
656 2082 895 2137 breviter
933 2065 1216 2150 prmmisit,
1255 2077 1476 2148 exponit
1510 2094 1522 2129 :
1554 2076 1644 2145 qui
1689 2073 1735 2127 si

149 2176 451 2246 aliquando,
484 2176 674 2244 inquit,
707 2173 913 2232 videret
944 2172 1306 2241 peregrinum,
1335 2178 1426 2221 aut
1453 2167 1518 2220 de
1545 2166 1738 2222 itinere

158 2267 477 2330 venientem,
515 2263 809 2322 cum-omni
845 2262 1192 2324 festinatione
1221 2270 1275 2316 et
1301 2258 1581 2314 alacritate
1614 2257 1739 2314 hor-

158 2358 362 2418 ιιὼειιιτ
393 2355 682 2424 hospitium
715 2370 870 2408 suum
899 2352 1128 2420 ingredi,
1170 2361 1225 2404 et
1265 2349 1610 2405 ministrabat
1655 2347 1736 2411 ei;

150 2446 403 2510 poetibus
451 2455 630 2500 autem
677 2445 943 2503 circuibat
977 2443 1180 2513 plateas
1211 2452 1265 2497 et
1304 2442 1452 2497 vicos
1481 2440 1738 2501 civitatis,

160 2537 394 2593 tribuens
423 2538 504 2592 eis
538 2550 658 2606 qua:
687 2534 992 2593 necessaria
1027 2543 1200 2590 erant.
1243 2533 1381 2588 Ecce
1411 2533 1551 2586 inter
1582 2529 1739 2611 107

160 2627 475 2693 dénsissima
535 2626 967 2682 horrescentimn
1020 2625 1231 2679 dumeta
1278 2625 1598 2694 spinarum,
1642 2623 1740 2677 etsi

155 2734 302 2784 rara,
343 2728 519 2772 tamen
557 2718 778 2770 inventa
818 2725 942 2770 sunt
980 2714 1090 2768 lilia
1139 2713 1410 2784 ﬂoresque
1456 2714 1740 2767 virtutum.

155 2807 227 2875 Et
254 2807 430 2864 multa:
459 2817 585 2862 sunt
614 2807 816 2876 plagm,
848 2819 967 2874 qua:
1011 2803 1284 2859 volucrem
1333 2802 1543 2857 Domini
1579 2811 1747 2856 terra-

157 2905 314 2956 teuus
342 2905 662 2968 aggravant;
697 2909 880 2965 paucae
907 2907 1112 2962 pennae,
1146 2907 1266 2970 qum
1286 2891 1490 2953 levant.
1533 2890 1640 2946 Sed
1669 2889 1746 2952 fa-

153 2988 262 3049 cile
281 2999 360 3042 est
385 2987 593 3042 medico
607 2987 919 3064 pnimarmn
948 2983 1056 3038 Deo
1084 2983 1324 3050 patentia
1349 2981 1570 3035 vulnera
1600 2980 1746 3037 tenui

161 3078 552 3135 medicamento
578 3089 924 3146 componere,
948 3083 1002 3129 et
1032 3075 1120 3129 ubi
1150 3089 1340 3129 sanum
1370 3073 1498 3143 quid
1529 3073 1746 3144 reperit,

161 3182 376 3237 cmtera,
407 3186 528 3240 quae
551 3171 978 3240 circumquaque
1002 3168 1216 3238 putrida
1245 3177 1389 3230 sunt,
1422 3169 1487 3221 ad
1518 3167 1748 3224 saluteLn

1836 1981 2161 2042 praeceptum
2203 1971 2334 2040 legis
2380 1969 2577 2040 (Exod.
2609 1969 2729 2039 xu),
2779 1985 2974 2038 agnum
3025 1969 3349 2023 innocentia:
3389 1971 3440 2023 in

1838 2065 1948 2118 suis
1973 2063 2225 2132 gregibus
2253 2062 2488 2131 reperire
2515 2075 2619 2113 non
2643 2061 2839 2128 potuit,
2871 2059 3082 2113 bardum
3110 2060 3445 2129 paenitentia

1839 2159 2188 2228 semetipsum
2218 2153 2414 2211 oll'errc
2448 2156 2678 2210 curavit.
2727 2155 2941 2222 Agnum
2978 2155 3245 2224 siquidem
3288 2155 3447 2209 innoe

1840 2260 2048 2314 centes,
2102 2251 2313 2304 haedum
2360 2246 2595 2318 oﬂ‘crnnt
2634 2256 2972 2316 peccatores.
3014 2248 3125 2302 Nec
3167 2249 3364 2302 mirum
3400 2249 3445 2302 si

1841 2344 2070 2414 quilibet
2098 2351 2321 2397 sanctus
2351 2351 2474 2412 post
2500 2349 2720 2410 peccata
2757 2354 3074 2405 conversus,
3102 2340 3288 2396 lucius
3314 2342 3446 2396 dici-

1843 2443 1954 2498 tur,
1985 2441 2185 2488 cumet
2209 2432 2322 2502 ipse
2371 2433 2459 2510 qui
2487 2432 2553 2486 de
2579 2432 2720 2487 caelo
2743 2446 2840 2500 pro
2868 2432 3247 2500 peccatoribus
3271 2433 3442 2496 venit,

1843 2542 1939 2596 per
1963 2526 2174 2581 hircum
2207 2526 2458 2595 dignatus
2482 2535 2566 2580 est
2594 2524 2834 2594 (igurari.
2877 2522 3034 2586 Unde
3085 2535 3170 2581 est
3215 2527 3358 2596 quod
3395 2528 3448 2580 in

1845 2617 2084 2673 Levitico
2115 2617 2354 2687 pontifex
2379 2618 2651 2672 viventem
2674 2615 2886 2671 hircum
2911 2619 3013 2671 hoc
3044 2618 3202 2672 modo
3227 2618 3454 2688 jnbetnr

1846 2705 2061 2772 olicrre,
2087 2715 2147 2760 ut
2164 2707 2344 2786 posita
2372 2722 2536 2778 super
2555 2706 2844 2777 caputcjus
2867 2717 3095 2777 utraque
3119 2724 3451 2769 mann,con-

1843 2801 2067 2865 ,fitcatur
2101 2813 2292 2853 omnes
2327 2798 2642 2869 iniquitates
2683 2798 2915 2854 tiliorum
2955 2798 3140 2861 lsracl,
3193 2799 3354 2871 108
3401 2808 3458 2854 et

1849 2894 2106 2947 universa
2136 2891 2330 2946 delicta
2370 2905 2533 2963 atque
2562 2901 2782 2962 peccata
2834 2907 3046 2955 eorum,
3089 2908 3211 2960 quae
3257 2894 3458 2961 imprc-

1851 2999 1983 3038 cans
2032 2984 2197 3054 capiti
2247 2984 2384 3054 ejus,
2431 2985 2646 3038 emittat
2687 2976 2834 3037 illum
2886 2985 2938 3038 in
2987 2985 3261 3038 desertum
3309 2983 3455 3055 (Lar,

1853 3073 2026 3147 snt).
2072 3074 2210 3142 Quid
2235 3087 2313 3130 est
2346 3086 2526 3130 autem
2571 3075 2783 3130 hircum
2815 3075 3032 3144 utrique
3073 3075 3252 3127 tumuti
3289 3075 3461 3144 ponti~

1856 3168 1973 3223 ﬂcis
2007 3169 2224 3240 subjici,
2276 3169 2376 3224 nisi
2434 3167 2629 3223 Filium
2674 3169 2908 3224 hominis
2952 3169 3004 3222 in
3045 3169 3455 3223 similitudinem

153 3264 441 3343 pristinam
473 3277 746 3321 revocare.
769 3303 777 3311 .
797 3260 967 3315 Porro
997 3270 1196 3325 autem,
1229 3260 1369 3314 sicut
1405 3259 1539 3314 mari
1580 3259 1752 3328 possi-
1778 3247 1824 3309 C
1857 3259 2040 3316 carnis
2063 3261 2270 3329 peccati
2295 3259 2470 3328 (lieni.
2496 3261 2615 3330 vtu)
2645 3261 2953 3315 venientem
2998 3277 3097 3330 per
3121 3261 3456 3343 volpntatem

159 3354 271 3416 bile
322 3364 401 3410 est
456 3355 614 3410 tutius
665 3353 901 3416 hominis
948 3367 1145 3420 corpus
1195 3350 1456 3414 abluere,
1516 3349 1589 3403 ita
1640 3348 1753 3415 Deo

155 3443 421 3520 perfacile
443 3455 546 3508 est,
577 3443 971 3513 quantumlibet
1009 3441 1162 3512 lapsi,
1209 3439 1601 3510 quantumlibet
1631 3455 1754 3510 pec-

160 3538 368 3590 catoris
407 3534 639 3590 hominis
687 3535 923 3594 animam
971 3533 1039 3587 ab
1083 3527 1229 3585 omni
1275 3539 1460 3586 reatus
1501 3531 1754 3599 squalore

157 3641 420 3701 purgare.
463 3625 566 3681 Sed
599 3627 738 3681 sicut
767 3625 888 3703 quis
915 3625 1152 3694 quandin
1186 3623 1238 3677 in
1270 3631 1452 3676 monte
1481 3621 1750 3683 consistit,

161 3718 395 3774 marinis
425 3715 677 3772 ﬂuetibus
704 3730 815 3774 non
847 3715 1099 3779 abluitur,
1136 3715 1209 3767 ita
1239 3723 1492 3784 peccator
1516 3712 1756 3790 quandiu

153 3810 219 3870 jn
251 3817 462 3863 tumore
487 3807 750 3878 superbiae
765 3813 1102 3882 perseverat,
1130 3805 1255 3859 licet
1277 3805 1423 3874 larga
1446 3804 1539 3866 sit,
1564 3803 1758 3860 divina:

155 3899 535 3978 pietatweum
563 3895 889 3955 abundantia
915 3910 1020 3949 non
1049 3903 1332 3964 expurgat.
1374 3895 1609 3948 Accedat
1628 3905 1760 3960 ergo

155 4006 266 4069 per
295 3991 669 4061 paenitentiam
705 3989 772 4043 ad
802 3987 1006 4041 fontem
1046 3985 1448 4046 misericordiae,
1487 3983 1580 4054 qni
1612 3983 1756 4039 desi-

149 4081 328 4137 derat
354 4081 493 4136 ablui
526 4095 555 4134 a
588 4079 851 4147 contagiis
880 4076 1069 4144 culpzn.
1108 4077 1174 4132 Et
1197 4079 1286 4146 qui
1317 4077 1417 4132 sibi
1450 4090 1478 4127 a
1513 4075 1620 4128 Deo
1642 4077 1757 4130 ﬁeri

159 4170 603 4236 misericordiam
654 4169 916 4244 postulat,
965 4169 1078 4237 ipse
1125 4182 1337 4237 quoque
1379 4166 1762 4222 misericordia:

160 4265 388 4320 viscera
438 4264 697 4336 proximis
739 4263 1102 4333 indigentibus
1146 4261 1440 4316 clementer
1468 4259 1760 4330 impendat.

159 4355 405 4420 Videtis,
430 4354 625 4420 fratres
650 4353 978 4417 cbarissimi,
1010 4352 1135 4423 quia
1171 4354 1388 4410 beatum
1432 4353 1576 4406 hunc
1606 4351 1764 4410 Boni-

149 4444 378 4506 Iacium
432 4445 497 4500 de
534 4453 612 4498 tot
655 4442 873 4528 ,ﬂqgitiis
909 4458 1027 4512 qua:
1068 4443 1365 4502 commisit.
1415 4440 1586 4504 solum
1628 4454 1764 4509 opus

160 4536 565 4592 misericordiae
612 4535 885 4596 liberavit.
945 4533 1016 4600 Ut
1058 4549 1165 4590 non
1216 4533 1374 4594 modo
1418 4541 1762 4602 peccatorum

148 4642 350 4690 atexns
377 4627 648 4689 evaderet,
685 4627 780 4679 sed
814 4598 978 4682 etiam
1009 4623 1306 4696 insignibus
1329 4598 1572 4687 victorius
1602 4619 1766 4674 titulis
1797 4598 1847 4658 θ

153 4717 235 4781 ad
281 4715 498 4774 felicem
533 4715 774 4788 martyrii
811 4715 1034 4786 gloriam
1075 4714 1395 4784 perveniret.
1444 4712 1502 4766 Et
1549 4713 1765 4782 quidem

156 4821 281 4875 non
321 4816 441 4862 erat
474 4793 669 4878 dignus
725 4817 783 4860 ut
817 4821 846 4858 a
888 4804 1000 4863 Dea
1033 4805 1420 4874 susciperetur,
1456 4804 1551 4858 sed
1591 4803 1770 4869 dando

159 4913 298 4964 sua,
322 4898 620 4967 promeruit
642 4905 701 4950 ut
741 4895 1090 4965 semetipsum
1114 4895 1224 4952 Deo
1245 4894 1572 4956 sacrificium
1595 4893 1768 4956 daret,

163 4998 252 5052 at,
284 4988 381 5058 qui
407 4995 634 5052 eatenus
653 4987 955 5051 carnaliter
977 4987 1205 5051 vixerat,
1232 4984 1564 5055 spiritualem
1588 4999 1649 5041 se
1676 4986 1774 5039 ho.-

157 5078 424 5143 etiamin
444 5077 663 5140 odorem
693 5077 978 5140 suavitatis
999 5073 1236 5132 oﬂerret.
1267 5075 1516 5135 Nonnulli
1537 5089 1770 5144 namque

149 5151 346 5241 priris
364 5167 683 5239 semetipsos
708 5167 962 5233 on‘erunt,
993 5167 1334 5237 postmodum
1361 5181 1479 5225 sua.
1523 5163 1674 5224 Sicut
1704 5165 1772 5219 de

147 5257 344 5334 primi
373 5259 752 5328 parentiftilio
786 5259 1045 5328 scriptum
1078 5266 1160 5312 est
1193 5257 1257 5310 :‘r
1293 5255 1550 5346 Regem
1591 5256 1773 5310 Domi-

159 5363 284 5402 nus
332 5351 404 5404 ad
449 5349 582 5405 Abel
627 5360 682 5405 et
734 5349 800 5405 ad
851 5364 1072 5403 nmnera
1102 5348 1223 5415 ejus
1253 5344 1406 5419 (Geni
1433 5350 1528 5416 tv).
1560 5367 1581 5399 ι
1622 5348 1776 5403 Sicut

155 5437 331 5491 enim
361 5438 493 5493 Abel
518 5437 864 5509 semetipsum
891 5437 1001 5494 Deo
1033 5439 1182 5509 prius
1207 5437 1495 5505 obtulerat,
1536 5447 1590 5493 et
1630 5448 1778 5508 post-

157 5528 409 5582 modum
453 5543 677 5588 munera
706 5526 984 5594 offerebat,
1018 5530 1090 5582 ita
1121 5537 1174 5584 et
1209 5529 1470 5584 Dominus
1517 5530 1668 5598 prius
1711 5528 1777 5584 ad

149 5616 392 5687 ipsum,
422 5619 612 5674 deinde
640 5620 705 5674 ad
726 5620 851 5690 ejus
879 5636 1099 5675 munera
1125 5622 1423 5691 respexisse
1445 5621 1775 5690 perhibetur.

145 5704 446 5764 Nonnulli
509 5725 638 5765 vero
703 5711 756 5765 in
801 5712 991 5782 primis
1033 5728 1152 5782 qua:
1202 5729 1296 5767 sua
1348 5724 1472 5768 sunt
1524 5714 1778 5781 oﬂ‘ernnt,

143 5798 390 5861 deinde
427 5801 745 5870 Sentetipsos
771 5844 785 5869 ,
835 5803 1040 5856 meritis
1079 5803 1486 5887 adjuvantilpts,
1525 5817 1782 5882 supera!-

596 5895 866 5953 Ριτιιω..
911 5903 1163 5975 CXLIV

1855 3351 1974 3415 Dei,
2015 3352 2301 3424 utriusque
2339 3351 2542 3420 populi,
2575 3351 2640 3406 Ju
2665 3351 2786 3405 laici
2829 3352 3078 3407 videlicet
3112 3362 3166 3407 et
3206 3333 3455 3424 ’getttilis.

1856 3442 2235 3512 persecutione
2284 3440 2553 3510 gravari?
2613 3440 2780 3498 Plane
2837 3441 3118 3499 utriusque
3175 3456 3234 3496 se
3291 3442 3462 3497 voluit

1857 3532 2110 3587 manibus
2155 3531 2462 3599 subiacere,
2511 3532 2602 3601 qui
2648 3532 2715 3587 de
2757 3533 2887 3604 jugo
2927 3533 3127 3594 diaboli
3175 3543 3466 3604 utrumque

1857 3634 2082 3678 venerat
2112 3624 2373 3693 populum
2405 3624 2662 3682 liberare.
2723 3609 2863 3692 Quid
2905 3640 3032 3684 vero
3059 3635 3146 3684 est
3169 3631 3312 3697 quod
3341 3639 3466 3698 post

1859 3715 2257 3770 confessionem
2291 3725 2454 3785 atque
2483 3715 2928 3785 imprecationem
2971 3717 3212 3771 omnium
3266 3717 3466 3787 iniqui.-

1861 3814 2031 3861 tatum
2059 3805 2295 3862 ﬁliorum
2319 3806 2483 3861 Israel
2503 3820 2668 3876 super
2691 3807 2868 3879 capita
2891 3808 3008 3877 ejus
3029 3808 3214 3864 hircus
3234 3810 3467 3873 mittitur

1861 3899 1916 3952 in
1943 3899 2239 3964 desertum,
2267 3899 2371 3955 nisi
2393 3901 2522 3969 quia
2544 3899 2593 3954 is
2614 3898 2705 3969 qui
2728 3907 2952 3968 peccata
3001 3909 3184 3956 nostra
3209 3901 3462 3971 portavit,

1861 3988 1954 4058 qui
2000 3988 2136 4060 legis
2179 3990 2467 4044 maledicta
2500 3991 2779 4058 sustinuit,
2811 3993 3058 4063 protinus
3092 3995 3144 4048 in
3171 3995 3467 4063 desertum,

1865 4085 1953 4139 ubi
1988 4086 2282 4156 nonaginta
2327 4101 2520 4140 novem
2568 4086 2880 4157 reliquerat,
2914 4103 3070 4145 ovem
3108 4089 3466 4156 centesimam

1866 4176 2210 4246 reportavit?
2238 4176 2456 4247 (Matth.
2486 4177 2667 4247 xvrtr.)
2703 4177 2856 4234 Unde
2882 4188 2937 4234 et
2968 4179 3258 4250 Apostolus
3289 4199 3302 4234 :
3347 4199 3364 4232 ι
3400 4179 3471 4240 Ut

1865 4285 1986 4332 nos,
2030 4270 2226 4338 inquit,
2268 4269 2526 4324 liberaret
2566 4286 2594 4324 a
2640 4271 2949 4336 maledicto,
3009 4273 3123 4341 ipse
3170 4271 3346 4328 factus
3386 4285 3472 4329 esc

1868 4357 2213 4412 maledictum
2263 4356 2407 4429 (Gal.
2457 4359 2561 4428 tu).
2595 4379 2614 4412 ι
2661 4359 2766 4415 Per
2800 4362 3011 4416 hircum
3045 4377 3177 4432 ergo
3209 4361 3469 4433 figuratus

1867 4460 1950 4504 cst
1984 4450 2266 4514 Dominus,
2319 4451 2411 4520 qui
2462 4467 2560 4520 pro
2610 4452 2987 4521 peccatoribus
3037 4456 3202 4509 ven't.
3246 4453 3467 4519 Haedum

1869 4539 2181 4596 Bonifacius
2211 4540 2425 4605 obtulit,
2470 4543 2560 4610 qui
2608 4557 2727 4598 sese
2770 4544 2840 4598 ad
2883 4530 3203 4613 portandam
3248 4562 3468 4602 crucem

1870 4628 1984 4699 ejus
2006 4639 2126 4700 post
2154 4639 2374 4700 peccata
2400 4633 2688 4687 convertit.
2712 4633 2779 4687 Et
2798 4635 2923 4704 quia
2945 4635 2997 4701 in
3023 4636 3137 4707 lege
3159 4639 3472 4710 prmcipitur

1872 4729 1931 4775 ut
1978 4721 2069 4790 qui
2105 4721 2368 4791 inoprimo
2407 4737 2594 4778 mense
2629 4722 2838 4782 Pascha
2870 4724 3048 4782 facere
3076 4743 3182 4782 non
3215 4729 3469 4798 potuerit.

1873 4810 2039 4879 faciat
2063 4815 2117 4868 in
2141 4815 2411 4880 secundo;
2443 4815 2653 4885 prim‘us
2696 4827 2877 4872 autem
2909 4821 3136 4885 mensis,
3169 4821 3342 4890 prima
3389 4832 3475 4885 est

1875 4904 2071 4974 gratia.
2114 4905 2311 4959 Beatus
2347 4906 2438 4961 hic
2484 4917 2712 4978 martyr,
2759 4910 2884 4978 quia
2918 4911 3229 4979 paschalem
3275 4929 3471 4984 agnum

1879 5010 1986 5050 non
2048 4995 2322 5050 obtulerat
2386 4996 2437 5051 in
2499 4998 2675 5067 primo
2733 5015 2918 5056 mense
2968 5001 3274 5058 innocentis
3328 5005 3473 5069 vitm,

1873 5086 2088 5141 haedum
2118 5085 2314 5141 obtulit
2352 5086 2405 5141 in
2443 5089 2706 5153 secundo,
2745 5092 3036 5148 fructuosae
3072 5094 3322 5157 videlicet
3356 5111 3474 5166 pa:-

1877 5177 2138 5233 nitentire.
2179 5176 2279 5244 Qui
2321 5179 2448 5233 dum
2483 5181 2674 5250 qumrit
2707 5183 2978 5247 honorare
3008 5194 3296 5255 martyres,
3331 5203 3474 5239 mar-

1881 5277 1965 5338 tyr
1996 5266 2244 5331 emt-itur,
2283 5269 2424 5323 sicut
2461 5279 2518 5325 et
2557 5265 2644 5324 iiic
2671 5272 2725 5326 in
2765 5273 3131 5344 hOSpitalitate
3154 5290 3261 5331 non
3291 5276 3475 5345 dispar

1879 5359 2102 5422 Abdias,
2133 5359 2259 5413 dum
2289 5363 2581 5430 prophetas
2616 5364 2792 5433 pascit
2829 5365 2885 5420 in
2921 5363 3212 5436 specubus,
3243 5369 3474 5438 prophe-

1882 5452 2026 5504 tandi
2056 5451 2287 5522 gratiam
2314 5460 2370 5507 et
2402 5454 2516 5522 ipse
2544 5466 2785 5510 meretur
2816 5456 2933 5526 (111
2965 5458 3087 5529 Reg.
3114 5463 3271 5532 XVH).
3342 5444 3344 5448 V

1953 5537 2192 5605 Videtis,
2238 5539 2817 5619 fratreschcrissitrd,
2873 5558 3074 5618 quanta
3129 5545 3312 5605 ceram
3362 5547 3476 5604 Deo

1881 5629 2237 5698 eleemosfma:
2263 5630 2336 5683 sit
2371 5633 2641 5699 potetizia;
2669 5637 2990 5704 perpendite
3016 5646 3216 5701 quanta
3243 5637 3476 5706 impera:-

1885 5720 2035 5775 tricis
2077 5719 2462 5777 ntisericoriia:
2502 5719 2576 5776 si:
2611 5725 2892 5796 :‘najeslas.
2946 5727 3134 5783 Nonne
3171 5729 3314 5782 enim
3360 5727 3478 5783 haec

1886 5820 2096 5873 videtur
2125 5810 2272 5864 velit!
2290 5825 2603 5892 praepotens
2626 5819 2805 5869 t‘er'ina
2837 5818 2979 5872 inter
3001 5831 3224 5872 exteras
3240 5817 3480 5871 eminere

2927 5910 3004 5969 '20
