5232 6514
1883 459 1988 516 "9

2418 457 2480 513 8.
2519 454 2719 513 PETRI
2755 450 3031 513 DAmANl
3071 456 3221 514 Oi‘P.
3263 455 3440 514 PARS
3479 457 3609 517 εει]
3653 458 3888 518 τοκυε
3927 461 3988 517 ll.
4021 494 4088 505 —
4129 463 4513 523 δειυιολες.

535 0 5196 143 ῆᾺ--ζ--Ι

1880 569 2130 634 virtutes,
2158 583 2276 639 quae
2300 568 2549 627 nimirum
2587 569 2653 623 de
2683 572 2949 625 communi
2991 571 3142 642 plebe
3186 575 3448 635 honines.
3482 583 3525 639 Α
3556 577 3804 633 ctaverit.
3836 576 4037 646 aliquid
4070 578 4246 643 vobis,
4275 577 4429 648 juxta
4460 579 4780 636 rusticitatis
4805 592 4939 639 tua
4967 584 5089 637 ηαξ.

1881 657 2045 712 alium
2087 658 2297 728 quidem
2346 657 2413 711 ad
2465 658 2757 728 prophetia
2802 662 3048 729 provehit
3076 664 3323 733 gratiam,
3362 665 3452 717 alii
3554 674 3727 718 menta
3758 669 4130 732 conscribere,
4161 679 4219 723 ut
4246 678 4302 725 et
4351 672 4465 741 ipse
4493 681 4685 728 saneto
4713 668 4990 729 courant'ui
5012 690 5092 729 ve-

1881 748 2122 818 martyrii
2152 748 2245 802 dat
2269 762 2519 803 coronam
2545 750 2568 801 2
2606 749 2681 804 Illi
2710 751 2799 805 dat
2850 762 2907 805 ut
2931 752 3223 807 Eceleaiam
3250 753 3449 808 Christi
3552 766 3662 810 stro
3688 756 3875 812 deesse
3904 774 4009 813 non
4038 760 4242 821 videar,
4273 770 4469 830 praeter
4506 761 4597 817 illa
4623 778 4745 833 qua:
4778 762 4970 834 legitis,
5002 764 5093 819 salo

1879 838 2111 895 ctelestis
2138 839 2337 893 oraculi
2367 839 2599 909 dapibus
2634 851 2846 911 pascat;
2893 843 2978 897 isti
3016 845 3217 912 prabet
3281 852 3338 897 ut
3382 843 3450 896 ad
3552 854 3655 899 tem
3693 862 3882 915 parum
3910 849 4136 919 aliquid,
4165 850 4309 905 Velut
4342 862 4582 921 agrestes
4609 853 4805 909 herbas
4848 854 5098 924 opulentis

1879 942 2121 997 superne
2178 927 2360 997 gloria
2406 930 2645 997 nuptiale
2691 930 2992 984 convivium
3046 940 3163 999 post
3209 930 3447 986 victoria:

1876 1019 2105 1087 palmam
2132 1018 2357 1074 feliciter
2379 1020 2690 1089 epulaturus
2710 1022 2946 1077 accedat.
2976 1020 3279 1076 Habeamus
3294 1036 3445 1092 ergo,

1874 1106 2089 1172 fratr-es,
2142 1110 2587 1174 misericordiam,
2650 1120 2707 1165 nt
2767 1120 2822 1165 et
2870 1113 2967 1181 ipsi
3023 1112 3444 1167 misericordiam

1867 1213 2295 1269 consequamur;
2334 1216 2584 1255 curemus
2610 1201 2965 1272 eleemosyuis
2990 1210 3045 1256 et
3070 1203 3284 1272 pietatis
3312 1216 3442 1271 ope-

1873 1287 2038 1347 ribtts,
2058 1286 2125 1339 .in
2157 1297 2411 1357 quantum
2442 1287 2669 1343 facultas
2697 1291 2981 1359 permittit,
3022 1292 3289 1344 insistere.
3346 1290 3442 1345 De-

1871 1376 2029 1431 lectet
2064 1377 2447 1446 hospitalitatis
2468 1394 2531 1434 ac
2563 1379 2815 1435 fraterna:
2859 1382 3216 1449 susceptionis
3266 1384 3444 1436 studio

1870 1467 2163 1532 deservire,
2195 1478 2251 1521 ut
2277 1469 2623 1537 quic‘tnlestis
2652 1472 2814 1525 curia:
2843 1480 3124 1526 senatores
3153 1474 3441 1542 aspicimus

1865 1571 1963 1625 per
1989 1559 2200 1627 pietatis
2227 1570 2580 1629 operartaiuae
2601 1561 2880 1633 dignitatis
2905 1563 3129 1634 gloriam
3160 1568 3437 1627 meruisse,

1868 1647 1967 1717 ipsi
2015 1650 2202 1703 saltem
2238 1651 2421 1719 procul
2454 1650 2616 1707 dubio
2644 1653 2979 1708 conﬁdamus
3003 1656 3070 1708 ad
3100 1666 3437 1724 peccatorum

1864 1746 2170 1791 nostrorum
2223 1739 2603 1809 indulgentiam
2654 1744 2952 1811 pervenire,
3010 1744 3245 1798 Veritate
3289 1746 3433 1814 pollio

1865 1836 2042 1890 eente,
2071 1844 2193 1897 qua:
2224 1830 2335 1883 ait:
2370 1848 2393 1880 ι
2419 1830 2562 1885 Beati
2593 1833 2988 1896 misericordes,
3025 1835 3277 1903 quoniam
3311 1837 3436 1903 ipsis

3551 932 3765 987 ferculis
3794 936 4076 992 adhibere.
4110 939 4199 993 Sic
4230 941 4408 1009 itaque
4428 942 4622 995 vestris
4648 940 4929 997 desideriis
4954 943 5094 999 satu-

3549 1027 3659 1091 llct,
3693 1029 3839 1094 dum,
3868 1030 3991 1099 quia
4025 1030 4155 1083 mibi
4181 1030 4481 1085 litterarum
4516 1032 4670 1103 copia
4692 1032 4977 1088 artificiosa
5002 1048 5101 1089 non

3544 1121 3799 1189 suppetit,
3830 1136 3890 1173 ea
3922 1137 4046 1190 qua:
4075 1129 4354 1177 tentavero
4378 1122 4636 1186 scribere,
4667 1137 4696 1176 a
4737 1124 4877 1178 vivis
4907 1125 5097 1180 modica

3544 1209 3831 1262 videantur
3858 1209 4197 1265 sermonibus
4221 1210 4550 1280 discrepare.
4574 1210 4681 1265 Sed
4707 1212 4848 1266 unde
4869 1212 4966 1266 ista
4987 1226 5097 1266 cou—

3542 1304 3825 1369 gruentius
3852 1303 4090 1372 incipere
4119 1317 4435 1373 possumus,
4462 1303 4565 1358 nisi
4597 1318 4627 1357 a
4659 1313 4850 1357 saneto
4875 1302 5093 1373 Spiritu.

3541 1390 3694 1457 cujus
3724 1406 3820 1445 vos
3862 1394 4166 1462 nuperrime
4187 1402 4241 1447 et
4275 1394 4532 1449 solemnia
4563 1393 4793 1447 coluisse
4816 1404 4870 1449 et
4909 1409 5098 1448 sum

3542 1496 3661 1535 nem
3686 1496 3753 1537 es
3776 1482 3931 1536 oﬂicii
3973 1485 4143 1538 nostri
4177 1485 4476 1540 ministerio
4510 1501 4615 1538 non
4638 1486 4855 1538 audisse
4878 1486 5099 1554 graviter

3540 1574 3813 1642 suspirare
3842 1574 4112 1627 videmus?
4142 1574 4207 1628 Et
4239 1576 4350 1629 hac
4380 1575 4597 1646 quidem
4629 1591 4735 1629 non
4775 1576 4984 1639 timide,
5012 1575 5101 1628 sed

3540 1663 3765 1717 fidenter
3793 1667 4153 1733 aggredimur,
4180 1668 4329 1736 quia,
4361 1666 4428 1721 de
4448 1680 4557 1737 quo
4582 1665 4725 1735 loqui
4756 1663 5013 1727 volumus,
5037 1666 5106 1715 ab

3540 1752 3652 1821 ipso
3678 1756 4008 1821 concipimus
4042 1766 4098 1809 ut
4122 1756 4263 1824 loqui
4296 1755 4454 1826 digne
4476 1754 4766 1809 valeamus.

3607 1842 3786 1895 Primo
3837 1848 4015 1914 itaque
4062 1848 4353 1900 notandum
4387 1857 4498 1909 est,
4534 1844 4733 1899 fratres
4781 1844 4917 1906 mei,
4949 1854 5102 1913 atque

1867 1915 2289 1971 misericordiam
2320 1918 2468 1973 dabit
2494 1918 2631 1973 Deus
2659 1920 2872 1991 (lculi.
2906 1922 2980 1989 ν),
3014 1941 3035 1973 ι
3078 1923 3165 1992 qui
3209 1939 3346 1976 unus
3382 1933 3434 1977 et
3468 1932 3507 1988 Β
3536 1934 3679 1984 omni
3720 1933 3912 1985 annisu
3967 1934 4238 1988 memoria.-
4281 1933 4764 1988 commendandum
4814 1932 4974 2001 quia,
5006 1933 5099 1984 nisi

1863 2020 2022 2059 verus
2048 2006 2099 2059 in
2128 2006 2391 2062 Trinitate
2431 2008 2663 2079 perfecta
2704 2011 2923 2067 vivit'et
2952 2025 3139 2084 regnat
3166 2014 3216 2067 in
3241 2015 3431 2068 secula

1861 2097 2195 2150 sa‘cnlorum.
2238 2102 2428 2153 Amen.

2441 2258 2669 2316 δειωο
2709 2260 2846 2316 XXI.

1947 2401 2023 2439 vis
2061 2402 2269 2443 sntitth
2301 2402 2500 2443 μείς-το
2536 2404 2605 2445 ev
2642 2406 2764 2446 mus
2799 2407 3015 2447 cum.
3049 2393 3139 2459 (xv
3180 2409 3335 2459 I.\ll.,

1932 2499 2203 2555 Lmtainur
2229 2504 2293 2555 de
2321 2503 2694 2559 honestissima
2732 2506 2984 2574 petitione
3010 2515 3209 2567 vestra,
3242 2505 3433 2559 fratres

1858 2589 2186 2653 eliarissiini,
2210 2600 2263 2644 et
2294 2591 2497 2646 ﬂebiles
2530 2593 2948 2662 importunitatis
2974 2608 3165 2649 vestrae
3185 2595 3433 2662 querelas

1858 2680 2119 2749 gaudendi
2149 2681 2303 2735 nobis
2329 2682 2608 2736 materiam
2633 2684 2973 2753 deputamus,
3015 2685 3138 2751 quia
3172 2684 3315 2737 enim
3348 2684 3431 2737 bis

1859 2769 2046 2823 diebus
2095 2774 2160 2823 ad
2202 2772 2416 2840 propria
2457 2783 2678 2841 peccata
2723 2773 3039 2827 familiarius
3085 2774 3430 2843 deplorando,

1862 2875 1965 2912 non
1991 2860 2162 2913 solum
2186 2862 2491 2915 remotioris
2511 2864 2766 2916 custodiae
2784 2865 2992 2917 ohicein
3012 2863 3229 2931 corpori
3258 2864 3351 2916 sed
3380 2872 3433 2917 et

1857 2950 2069 3017 procaci
2114 2950 2309 3017 linguae
2334 2950 2484 3004 frena
2520 2952 2813 3019 posuimus.
2856 2951 3107 3018 Pulsatis,
3128 2954 3332 3023 petitis,
3357 2962 3428 3015 et,

1857 3036 2017 3109 ιω
2034 3048 2091 3092 ut
2111 3040 2262 3093 vobis
2278 3041 2649 3094 :ediﬂcationis
2668 3044 2826 3095 verha
2849 3041 3094 3110 proferre
3112 3056 3214 3095 non
3234 3043 3429 3111 pigeat,

1856 3129 2245 3184 instantissime
2280 3128 2532 3198 ﬂagitatis
2554 3169 2570 3193 ,
2611 3130 2846 3185 maxime
2874 3132 3002 3200 quia
3030 3144 3201 3199 nuper
3238 3141 3427 3184 octava

1852 3234 2024 3272 sactae
2050 3218 2415 3282 Penteei-stes,
2457 3234 2542 3274 me
2572 3228 2782 3274 tacente
2807 3260 2821 3283 ,
2853 3222 3192 3290 pertransiit.
3228 3230 3282 3274 et
3309 3220 3429 3272 ideo

3539 2022 3657 2089 quis
3697 2024 3863 2090 gratia
3912 2026 4085 2077 sancti
4132 2023 4365 2093 Spiritus
4412 2033 4690 2079 mereatur
4733 2024 4935 2087 θωπί.
4982 2022 5102 2077 licet

3538 2124 3791 2173 conetur,
3824 2096 4036 2165 licetad
4078 2122 4290 2182 tempus
4334 2114 4464 2167 eniti
4510 2113 4783 2176 videatur,
4831 2128 5100 2182 nunquam

3540 2214 3715 2254 tatuczt
3749 2204 3815 2253 ad
3852 2202 3985 2254 bona
4018 2202 4319 2272 peragenda
4366 2216 4590 2271 prorsus
4628 2215 4939 2272 assurgere,
4973 2218 5105 2255 nun»

3536 2308 3696 2362 quam
3725 2296 3833 2347 Deo
3871 2295 4049 2362 placiti
4073 2295 4251 2362 operis
4281 2293 4421 2347 valet
4455 2292 4660 2349 frucﬂis
4685 2290 4900 2347 aﬂ'err'e.
4930 2296 5101 2347 Arbor

3534 2400 3762 2453 namque
3781 2385 3891 2438 solo
3918 2386 4173 2438 radicitus
4196 2384 4300 2438 lixa
4324 2400 4518 2441 succos
4542 2400 4606 2440 ex
4630 2384 4827 2455 uligine
4846 2386 5102 2453 concipit,

3533 2476 3726 2542 quibus
3755 2490 3849 2543 per
3882 2476 4136 2528 interiora
4179 2472 4388 2529 diﬂ’usis
4414 2516 4429 2535 .
4470 2486 4525 2529 et
4559 2474 4613 2530 iu
4663 2476 5003 2531 incrementa
5050 2492 5104 2531 se

3535 2568 3742 2619 roboris
3763 2567 3921 2635 erigit
3946 2576 3998 2619 et
4029 2580 4248 2633 gentico
4273 2565 4492 2619 emittit.
4522 2566 4733 2635 Quique
4759 2577 4946 2621 autem
4978 2570 5105 2621 ﬁde-

3535 2657 3608 2712 les
3630 2660 3854 2711 arbores
3877 2674 4061 2712 sumus
4077 2659 4215 2711 intra
4241 2666 4441 2713 sanetze
4465 2671 4654 2711 nemus
4669 2640 4947 2724 Ecclesir,
4972 2660 5111 2712 illius

3533 2752 3728 2804 summi
3777 2751 4035 2819 Agricola:
4080 2749 4431 2819 dispositione
4465 2746 4709 2817 plantati.
4740 2748 4916 2813 Quam
4958 2750 5103 2818 plan‘

3536 2842 3787 2893 tationem
3834 2839 4030 2893 Paulos
4070 2838 4344 2893 indicabat
4376 2837 4652 2907 Ephesiis,
4699 2854 4823 2893 cum
4854 2840 5107 2895 diccbat:

3537 2949 3554 2980 ι
3590 2929 3660 2983 Ut
3689 2932 3775 2982 det
3804 2932 3951 2983 vobis
3981 2928 4271 2983 secundum
4301 2928 4520 2983 divitias
4557 2927 4740 2997 gloria:
4766 2943 4878 2982 sua:
4910 2929 5117 2983 virtute

3534 3021 3873 3073 corroborari
3906 3035 4002 3089 per
4040 3019 4303 3087 Spiritum
4339 3019 4458 3088 ejus
4498 3018 4552 3072 in
4583 3018 4897 3073 interiorem
4935 3020 5111 3074 horni-

3532 3129 3687 3175 nem,
3739 3114 4011 3167 Christum
4069 3112 4311 3165 habitare
4364 3125 4461 3179 per
4510 3109 4668 3165 ﬁdem
4744 3110 4799 3166 in
4852 3113 5109 3165 cordibus

3533 3205 3756 3265 vestiis,
3812 3204 3865 3256 in
3918 3202 4181 3256 claritate
4251 3201 4478 3255 radicati
4534 3210 4590 3255 et
4629 3199 4836 3254 funda“
4884 3199 5106 3269 (Ephes.

1850 3321 1959 3361 non
2010 3308 2283 3361 mediocre
2326 3322 2419 3363 vos
2450 3308 2789 3363 arbitramini
2829 3285 3059 3379 propria:
3113 3311 3302 3363 salutis
3344 3311 3425 3363 in-
3452 3285 3496 3343 (ἶ
3532 3296 3631 3357 ¹¹¹)·
3672 3311 3688 3341 ⁸
3734 3289 3899 3344 Τεΐη

3042 3326 3059 3364 3
3113 3311 3302 3363 ηιηιί,
3344 3311 3425 3363 in-
3452 3285 3496 3343 C
3532 3296 3631 3357 in).
3672 3311 3688 3341 ι
3734 3289 3899 3344 Terra
3939 3303 4118 3343 attlettt
4156 3301 4338 3344 nostra
4364 3329 4380 3354 ,
4435 3290 4523 3343 ubi
4581 3291 4694 3359 spei
4734 3301 4945 3345 nostr-.e
5021 3308 5108 3344 ra-

1854 3399 2087 3451 curvisse
2113 3397 2447 3464 dispendium
2469 3438 2484 3461 ,
2523 3400 2650 3468 quia
2680 3414 2888 3453 mecum
2931 3415 3034 3453 non
3067 3401 3318 3468 potuistis
3359 3402 3423 3454 de

1858 3488 2088 3539 adventu
2118 3488 2287 3539 sani'ti
2318 3486 2554 3556 Spiritus
2585 3488 2840 3559 frequens
2868 3490 3068 3545 habere
3094 3491 3251 3545 solito
3274 3508 3423 3546 more

1858 3575 2202 3643 adloquium.
2232 3574 2389 3631 Unde
2419 3586 2528 3629 non
2553 3577 2822 3631 immerito
2861 3579 3197 3647 gratulamur
3236 3580 3286 3633 in
3324 3582 3425 3635 Do-

1851 3665 2026 3725 mino,
2044 3666 2167 3718 dum
2196 3665 2259 3718 ad
2285 3666 2399 3719 illis
2425 3682 2517 3721 vos
2545 3667 2728 3731 epulas
2757 3669 2942 3721 avidos
2968 3678 3129 3737 atque
3161 3669 3427 3722 inhiantes

1850 3756 2164 3825 aspicimus,
2204 3772 2427 3824 quarmu
2469 3758 2677 3813 sobrios
2697 3768 2750 3813 et
2772 3758 3099 3824 fastidiosos,
3123 3761 3267 3814 velut
3288 3762 3425 3816 male

1848 3844 2239 3914 languescente
2270 3846 2462 3899 mentis
2493 3848 2792 3906 stomacho.
2837 3849 2992 3902 morti
3025 3850 3298 3918 proximos
3335 3849 3423 3916 ju-

1860 3935 2119 3989 dicamus.
2174 3935 2240 3989 Et
2282 3935 2406 3990 licet
2433 3937 2835 3991 vera'charitas
2879 3953 2982 3991 non
3019 3940 3254 4006 patiatur
3284 3940 3426 3993 inter

1850 4022 2052 4077 fratres
2085 4024 2291 4077 diversa
2319 4024 2529 4085 sentiri,
2561 4022 2751 4083 fateor,
2790 4034 2964 4079 tamen
2992 4026 3043 4078 in
3070 4026 3170 4079 hoc
3202 4027 3425 4080 articulo

1854 4128 1950 4167 eor
1980 4128 2153 4167 meum
2200 4124 2381 4167 vester
2426 4127 2627 4166 mceror
2662 4113 2966 4177 exhilarat,
3015 4123 3207 4183 atque,
3255 4124 3312 4167 ut
3352 4116 3423 4168 ita

1857 4204 2123 4267 dixerim,
2158 4204 2459 4267 amaritudo
2508 4214 2699 4258 vestrae
2747 4205 2980 4257 tristitia:
3013 4220 3187 4258 meum
3240 4213 3423 4273 pectus

1853 4294 2127 4355 obddlcat,
2161 4294 2286 4362 quia
2314 4294 2454 4348 unde
2474 4295 2556 4360 pia
2588 4310 2739 4347 mens
2757 4305 2936 4348 vestra
2978 4296 3253 4349 maerendo
3282 4296 3424 4349 tabe-

1854 4384 1997 4447 scit,
2023 4383 2147 4438 inde
2176 4384 2239 4436 in
2265 4398 2405 4437 vera:
2434 4383 2621 4436 salutis
2648 4383 2900 4452 gaudium
2926 4384 3160 4452 prolicit,
3194 4394 3423 4438 testante

1858 4474 2134 4542 Apostolo,
2171 4473 2261 4542 qui
2293 4472 2408 4526 ait:
2446 4490 2463 4521 ι
2490 4470 2733 4525 Tristitia
2768 4471 3060 4525 secundum
3094 4472 3258 4525 Deum
3283 4473 3425 4525 salu-

1858 4572 1965 4616 tein
1995 4563 2239 4617 stabilem
2265 4573 2518 4633 operatur
2552 4560 2637 4630 (fl
2673 4560 2796 4614 Cor.
2832 4562 2950 4629 vii).
2989 4580 3005 4610 ι
3050 4560 3154 4615 Sed
3180 4562 3270 4629 qui
3301 4577 3422 4615 san-

1853 4666 2062 4707 ctorum
2101 4652 2322 4706 Patrum
2368 4651 2613 4705 bomilias
2655 4651 2849 4721 legitis,
2883 4652 2972 4720 qui
2999 4651 3239 4721 quotidie
3284 4653 3419 4705 sacri

1854 4744 2052 4813 eloquii
2081 4742 2520 4796 meditationibus
2567 4742 2815 4830 insistere
2864 4757 2968 4795 non
3010 4726 3274 4805 cessatis,
3313 4757 3421 4811 quo

1856 4844 2011 4902 pacto
2041 4834 2180 4887 inter
2206 4832 2319 4902 ipsa
2361 4832 2513 4901 plena
2543 4833 2797 4885 torrentis
2825 4832 3119 4885 circumﬂui
3157 4831 3422 4899 profunda

1861 4935 1970 4978 tam
2002 4924 2139 4977 aridi
2159 4932 2211 4975 et
2233 4922 2536 4992 pauperculi
2570 4922 2801 4977 hominis
2820 4937 3015 4993 aquam
3037 4923 3419 4991 despicabilem

1856 5014 2010 5069 sitire
2034 5012 2345 5083 dignamini,
2374 5012 2475 5065 nisi
2497 5012 2620 5080 quia
2647 5013 2712 5064 ad
2740 5012 2842 5065 hoc
2864 5027 2966 5065 non
2990 5027 3142 5066 arnor
3159 5012 3417 5076 scientia,
3462 5058 3465 5063 .

1856 5119 1976 5178 qua:
2003 5102 2151 5159 inﬂat
2181 5101 2230 5173 (Ι
2255 5100 2381 5156 Cor.
2408 5105 2546 5168 vm).
2578 5102 2818 5168 impellit,
2842 5102 2934 5155 sed
2956 5103 3191 5156 charitas
3218 5105 3414 5172 potius.

1857 5209 1975 5267 quae
2001 5190 2231 5247 mdiﬂeat
2275 5189 2483 5260 (Mitt),
2513 5189 2763 5243 attrahit?
2791 5189 2846 5241 Si
2873 5190 3015 5241 enim
3039 5191 3205 5251 vobis,
3241 5203 3297 5243 ut
3322 5194 3414 5245 de—

1858 5283 2117 5358 poscilis,
2160 5279 2336 5335 oﬂicio
2380 5280 2570 5349 lingua:
2610 5281 2881 5334 currentis
2926 5283 3236 5352 eloqtterer,
3291 5284 3417 5350 quid

1857 5375 2023 5439 aliud,
2050 5374 2152 5427 nisi
2178 5372 2366 5427 eadem
2399 5372 2510 5442 ipsa
2534 5387 2651 5440 qua:
2676 5371 2873 5441 legitis,
2908 5374 3086 5427 verbis
3113 5374 3419 5442 vulgaribus

1855 5456 2140 5523 iteraretu'?
2194 5462 2396 5517 Tamen
2450 5464 2575 5530 quia
2643 5472 2922 5533 tantopere
2981 5464 3034 5518 id
3090 5464 3416 5536 deposcitis,

1857 5557 2052 5616 aniodo
2088 5571 2208 5613 cum
2241 5556 2295 5611 in
2344 5556 2516 5609 sacris
2551 5554 2977 5611 solemnitatibus
3005 5560 3336 5621 convenitis,
3368 5569 3423 5613 et

1859 5649 2214 5717 vosmetipsos
2245 5660 2275 5700 e
2301 5645 2508 5701 cellulis
2530 5646 2836 5707 venientes,
2863 5654 3117 5717 tanquam
3147 5649 3212 5703 de
3242 5648 3421 5717 sepul-

1860 5739 1968 5793 cris
1989 5746 2207 5798 erutos,
2241 5737 2293 5790 in
2332 5737 2740 5790 resurrect’nnis
2783 5736 3032 5806 gaudium
3070 5748 3252 5791 mutuo
3286 5752 3422 5808 pric-

1867 5826 2112 5892 setttstis,
2145 5823 2292 5889 volc,
2319 5824 2363 5881 si
2388 5824 2707 5897 praecipitis,
2743 5835 2899 5897 prout
2942 5825 3113 5898 gratia
3135 5826 3311 5881 divina
3343 5826 3422 5882 di-

3448 4618 3509 4679 DV

3526 3384 3615 3435 dix
3642 3381 3799 3449 ιιο
3824 3382 4092 3441 innititur,
4137 3380 4223 3433 illa
4249 3378 4587 3450 prolectoest
4608 3382 4673 3434 de
4701 3396 4807 3451 qua
4823 3396 4929 3451 per
4958 3379 5111 3436 Ριξξι.

3527 3474 3741 3523 niistatn
3781 3471 3976 3525 dicitur
4007 3489 4021 3524 :
4055 3490 4073 3523 ι
4113 3471 4293 3525 Portio
4341 3487 4457 3535 mea
4508 3471 4569 3525 in
4612 3480 4753 3525 terra
4807 3473 5113 3526 vitentiuua

3528 3558 3699 3625 (Paul.
3729 3566 3905 3629 cui);
3941 3580 3959 3613 ι
3988 3562 4098 3615 sive
4124 3563 4286 3616 etiam
4314 3562 4622 3616 humanitas
4645 3560 4875 3624 Christi,
4910 3564 4983 3617 de
5006 3579 5111 3632 qua

3528 3650 3666 3702 idem
3708 3652 3965 3719 propheta
3997 3650 4120 3703 alibi
4150 3649 4417 3719 perhibet,
4444 3651 4629 3705 dicens
4666 3667 4681 3702 :
4716 3667 4735 3698 t
4767 3649 4993 3705 Etenim
5021 3652 5111 3705 ﬂr-

3528 3740 3694 3793 uiavit
3734 3744 3921 3795 orbem
3977 3749 4151 3803 terrae,
4202 3741 4294 3808 qui
4337 3756 4441 3792 non
4467 3739 4902 3794 commovebitur
4932 3738 5111 3811 (Paul.

3527 3829 3686 3897 seu).
3737 3848 3755 3881 t
3809 3828 3865 3882 Si
3909 3844 4037 3898 ergo
4086 3840 4140 3882 ut
4188 3828 4534 3883 infructuosa:
4576 3831 4800 3885 arbores
4852 3846 5119 3887 arescere

3526 3922 3809 3984 uolumus,
3853 3920 3899 3973 si
3937 3919 4218 3973 securibus
4272 3919 4448 3973 excidi
4490 3933 4555 3972 ac
4595 3900 5113 3993 deputat-{ignibus

3526 4009 3786 4063 inutiliter
3825 4008 4196 4069 formidamus,
4259 4006 4311 4060 in
4364 4007 4449 4061 illa
4496 4022 4858 4076 supernorum
4906 4012 5115 4064 civium

3526 4098 3726 4165 patria,
3770 4099 3822 4151 in
3851 4099 4195 4152 humanitate
4231 4094 4605 4166 Redemptoris
4638 4102 4807 4154 nostri
4840 4115 4948 4170 per
4985 4104 5119 4156 cha-

3528 4190 3701 4243 ritatis
3750 4190 4008 4259 glutinum
4054 4190 4169 4259 spei
4209 4198 4407 4244 nostra:
4457 4190 4609 4242 radix
4655 4205 4875 4259 semper
4938 4194 5115 4247 iuba:—

3526 4291 3658 4342 rezit,
3687 4290 3745 4333 ut
3773 4281 3838 4333 ad
3894 4279 4249 4350 proferendos
4288 4281 4443 4334 hunc
4485 4281 4822 4350 operationis
4872 4282 5119 4343 fructus,

3526 4371 3577 4423 in
3613 4372 3775 4423 robur
3805 4370 4136 4423 fortitudinis
4164 4369 4392 4424 firmiter
4426 4370 4789 4424 convalescat.
4834 4371 4955 4426 Sed
4978 4375 5125 4428 sicut

3526 4459 3686 4512 arbor
3712 4460 3753 4512 si
3787 4462 4085 4529 vegetantis
4133 4461 4278 4515 succi
4325 4460 4551 4515 humore
4593 4462 4886 4525 deseritur,
4945 4468 5123 4533 proti-

3528 4564 3628 4601 nus
3672 4550 4002 4609 exsiccatur,
4053 4551 4129 4603 sic
4156 4558 4213 4603 et
4255 4552 4435 4603 anima
4467 4560 4671 4613 nostra,
4704 4552 4809 4606 nisi
4862 4554 5123 4623 Spiritus

3526 4640 3695 4690 sancti
3736 4640 3921 4706 gratia:
3964 4636 4127 4691 fuerit
4148 4653 4270 4692 rore
4298 4636 4537 4707 perfusa.
4570 4638 4813 4694 funditus
4840 4643 5123 4703 arefacti.

3528 4728 3592 4779 ad
3622 4728 3817 4780 nullius
3846 4738 4048 4781 saneta
4088 4729 4421 4797 operationis
4466 4742 4689 4798 germen
4739 4731 4963 4798 poterit
5003 4747 5123 4786 esse

3526 4816 3773 4871 fecunda.
3806 4818 3895 4872 Ille
3933 4820 4078 4872 enim
4114 4819 4293 4873 lumen
4332 4818 4602 4872 mentibus
4633 4817 4854 4887 ingerit,
4896 4821 5125 4875 deside-

3528 4909 3663 4961 rium
3696 4910 3929 4969 excitat,
3968 4910 4110 4962 vires
4150 4908 4401 4963 infundit.
4434 4907 4668 4963 Illustrat
4700 4908 5022 4977 siquidem,
5070 4924 5129 4964 ut

3528 4990 3836 5062 videamusi
3866 5008 4145 5068 provocat,
4176 5009 4234 5052 ut
4258 4999 4518 5062 velimus;
4555 4998 4806 5063 roborat,
4848 5013 4919 5055 ut
4979 5004 5127 5057 bona

3525 5106 3644 5158 qua:
3690 5090 3934 5142 volumus
3971 5089 4191 5157 implere
4225 5088 4514 5141 valeamus.
4545 5087 4620 5141 Ex
4658 5089 4745 5141 illa
4790 5105 5006 5160 πεπηκ
5045 5094 5125 5146 fe-

3524 5183 3799 5235 cunditate
3851 5182 4114 5250 prodeunt
4160 5180 4412 5250 lacrymt
4466 5189 4684 5257 nostrae,
4715 5194 4785 5233 ex
4827 5180 4927 5233 illa
4972 5196 5129 5236 cnu-

3523 5273 3839 5343 punctiones
3865 5272 4148 5333 mentium,
4184 5285 4253 5324 ex
4293 5269 4383 5323 illa
4727 5282 5127 5338 peccatorum

3524 5366 3676 5419 Sicut
3697 5366 3837 5418 enim
3867 5366 4043 5418 anima
4071 5374 4153 5418 est
4178 5365 4283 5416 vita
4309 5361 4575 5433 corporis,
4604 5362 4745 5416 itaet
4770 5364 4883 5416 vita
4916 5366 5129 5418 enim:

3523 5469 3721 5514 nostra:
3749 5459 3977 5527 Spiritus
3999 5468 4215 5512 sanctus
4236 5465 4338 5510 est.
4356 5456 4418 5509 Et
4439 5456 4577 5510 sicut
4604 5469 4805 5524 corpus
4830 5466 5127 5511 ουσιαι.

3522 5551 3698 5603 anima
3752 5550 4055 5611 recedente,
4095 5546 4406 5609 collabitur,
4456 5548 4529 5599 ita
4569 5556 4627 5599 et
4657 5544 4852 5598 eadem
4884 5548 5127 5601 animo.

3524 5640 3567 5693 si
3598 5637 3830 5709 Spiritus
3855 5640 4155 5693 viviﬂcator
4176 5638 4521 5697 abscesserit,
4548 5646 4870 5690 necesseeas
4904 5638 5125 5689 norb-

3525 5740 3633 5795 tur,
3664 5732 3780 5786 sine
3818 5732 3970 5801 cujus
4012 5728 4261 5783 videlicet
4301 5740 4524 5781 munere
4551 5728 4738 5782 necat!
4766 5727 5123 5797 agnitio-r-

3527 5820 3621 5877 Dei
3673 5821 3913 5894 qualibet
3953 5822 4162 5876 ratione
4204 5816 4527 5890 pertingere,
4576 5832 4677 5872 nec
4720 5830 4789 5870 eo
4834 5831 4977 5885 qua
5030 5814 5121 5869 Dei
