5232 6486
204 338 290 400 ιιι
1666 328 1905 391 SERMO
1944 331 2083 388 ΧΧΙ.

3405 329 3512 389 622

203 468 320 518 sunt
369 473 658 533 possumus
730 456 1077 527 aliquatenus
1142 462 1460 526 penetrare,
1531 453 1793 524 Apostolu
1822 477 1870 531 Α
1901 453 2227 524 indigemus.
2254 451 2390 507 illud
2420 449 2607 523 itaque
2633 449 2940 523 flagitemus
2975 451 3120 521 quod
3150 460 3205 507 et
3243 451 3400 506 nobis
3423 461 3509 506 est

205 563 354 620 teste,
379 553 469 624 qui
505 552 624 606 ait:
663 569 680 602 ‹
717 549 956 620 Spiritus
1004 557 1228 603 sanctus
1270 548 1458 603 omnia
1500 555 1796 612 scrutatur,

203 649 357 704 etiam
388 645 656 717 profunda
693 642 787 698 Dei
814 641 868 713 (ι
899 640 1024 698 Cor.
1066 641 1150 710 ιι).
1182 656 1200 691 ι
1229 638 1326 695 Cui
1360 653 1487 693 mox
1513 638 1828 693 sententiae.

201 740 588 805 consequenter
616 731 860 804 adjungit
901 749 915 786 ε
953 749 973 783 ι
1003 731 1138 798 Quis
1181 731 1327 785 enim
1367 730 1470 785 scit
1515 729 1795 785 hominum

199 843 313 897 quae
341 833 468 879 sunt
491 823 751 888 hominis,
795 822 898 878 nisi
931 821 1159 891 spiritus
1186 819 1442 885 hominis,
1477 820 1571 891 qui
1609 819 1661 874 in
1683 819 1800 889 ipso

200 918 316 973 est!
355 914 549 986 (Ibidt)
590 935 612 968 ι
659 915 732 969 it‘a
759 923 815 968 et
853 927 974 984 qua:
1005 914 1278 984 Dcivsunt.
1322 927 1482 969 nemo
1519 912 1795 984 cognovit,
1824 974 1840 985 _

200 1007 293 1063 nisi
331 1005 569 1076 Spiritus
591 1006 709 1061 Dei.
769 1015 788 1032 -

263 1095 368 1151 Sed
394 1113 462 1150 an
492 1095 676 1160 vultis,
717 1092 918 1150 fratres
952 1095 1285 1159 citatissimi,
1323 1095 1576 1151 fortassis
1605 1095 1788 1164 inqui-

199 1201 311 1242 rere
358 1187 449 1256 qui
490 1185 633 1242 scire
696 1200 988 1258 possumus
1036 1203 1105 1242 an
1179 1188 1478 1243 habeamus
1526 1187 1794 1258 Spiritum

198 1277 324 1334 Dei?
352 1280 407 1334 In
433 1278 540 1336 hoc
569 1278 817 1350 profecto
855 1290 1070 1336 constat
1096 1283 1222 1351 quia
1262 1282 1528 1351 Spiritum
1569 1281 1666 1336 Dei
1693 1283 1790 1335 ba-

199 1370 352 1437 betis,
415 1372 463 1427 si
515 1372 682 1427 Deum
723 1387 851 1428 vere
902 1374 1255 1444 cognoscitis.
1315 1373 1373 1428 Si
1421 1375 1591 1438 enim,
1630 1373 1792 1443 juxta

193 1460 484 1531 apostolica
521 1463 687 1517 verba
725 1480 743 1513 ι
777 1477 937 1517 nemo
984 1478 1106 1532 quae
1153 1464 1245 1518 Dei
1293 1472 1421 1517 sunt
1467 1463 1639 1528 novit,
1687 1463 1791 1517 nisi

195 1548 428 1619 Spiritus
455 1551 548 1605 Dei
563 1549 776 1622 (Ibid.),
800 1571 819 1602 ι
847 1552 968 1623 quis
993 1553 1166 1622 ipsum
1199 1562 1382 1623 posset
1403 1553 1573 1607 Deum
1600 1567 1792 1624 cogno-

193 1654 364 1709 scere,
397 1643 498 1698 nisi
527 1644 643 1714 ejus
667 1642 931 1714 Spiritum
961 1654 1269 1700 mereretur
1299 1644 1520 1700 habere.
1553 1642 1660 1700 Sed
1688 1646 1792 1700 hoc

197 1737 369 1808 ipsum
397 1735 623 1792 forsitan
657 1737 837 1792 adhuc
865 1738 1019 1793 vobis
1054 1739 1106 1792 in
1150 1737 1371 1794 dubium
1404 1738 1556 1792 venit
1582 1755 1650 1792 an
1698 1752 1788 1793 co-

1905 557 2020 611 prae
2041 542 2297 598 omnibus
2331 543 2724 608 necessarium,
2761 542 2936 616 etille
2959 544 3134 612 magis
3159 543 3291 598 dare
3321 550 3506 612 peten.

1906 632 2050 688 tibus
2097 633 2420 688 delectatur.
2472 634 2626 699 illud,
2667 621 2918 704 inquam,
2961 633 3029 687 ab
3067 647 3133 688 eo
3179 633 3297 688 sine
3329 646 3499 688 cessa-

1906 728 2052 783 tione
2079 744 2394 798 quxeramus
2436 729 2503 783 ad
2541 729 2686 799 quod
2729 741 2829 783 nos
2882 728 2998 797 ipse
3058 736 3114 782 et
3155 728 3509 796 quaerendum

1902 831 2188 890 pievocat,
2227 831 2282 875 et
2315 821 2382 875 ad
2423 821 2754 890 sperandum
2794 829 2946 875 certa
2984 819 3347 892 promissione
3377 835 3505 875 con-

1902 911 2103 966 firmat.
2126 912 2315 967 dicens
2341 928 2355 966 :
2391 912 2526 979 Quia
2552 913 2596 968 si
2627 912 2882 981 petimus,
2912 913 2958 966 si
2991 913 3296 982 pulsamus,
3325 932 3343 962 ‹
3380 927 3498 982 ape~

1902 1006 2074 1060 rietur
2099 1006 2286 1070 nobis;
2313 1017 2368 1061 et
2397 1007 2560 1061 Pater
2587 1015 2772 1061 noster
2802 1007 2869 1060 de
2897 1005 3039 1061 caelo
3079 1006 3229 1061 dabit
3257 1005 3509 1073 spiritum

1900 1095 2102 1150 bonum
2134 1096 2444 1166 petentibus
2466 1112 2524 1151 se
2550 1095 2769 1166 (Matth.
2800 1113 2901 1162 vn;
2927 1096 3059 1151 Luc.
3089 1099 3188 1167 xi).
3229 1118 3248 1150 ι
3286 1097 3392 1152 Sed
3415 1097 3508 1167 qui

1898 1201 1929 1240 e
1967 1185 2138 1240 divite
2185 1195 2372 1240 nostro
2423 1187 2824 1258 eieemosynam
2872 1189 3193 1258 qumrimus,
3239 1198 3298 1243 ut
3338 1189 3507 1260 impe-

1900 1276 2078 1331 trandi
2108 1277 2264 1346 copia
2290 1277 2642 1346 concedatur,
2672 1281 2948 1348 quaerendi
2973 1280 3205 1336 formam
3241 1282 3310 1336 ab
3341 1282 3504 1351 hujus

1897 1367 2060 1420 etiam
2101 1368 2287 1422 mundi
2321 1369 2654 1439 pauperibus
2695 1377 3026 1424 mutuemur.
3056 1369 3335 1441 Panperes
3357 1372 3504 1426 enim

1897 1473 2022 1513 cum
2058 1458 2128 1513 ab
2157 1457 2350 1513 altiora
2378 1458 2700 1529 degentibus
2730 1459 2934 1529 aliquid
2963 1464 3213 1532 accipere
3237 1463 3502 1531 gestiunt,

1895 1564 1992 1604 ora
2025 1564 2150 1604 mox
2178 1549 2518 1604 saeculorum
2553 1549 2756 1615 laxant,
2795 1561 2851 1606 et
2894 1552 2974 1606 sic
3017 1553 3085 1608 ad
3123 1555 3504 1624 accipiendum

1895 1641 2096 1710 parati,
2126 1641 2324 1710 quibus
2361 1641 2658 1712 pravalent
2719 1643 2942 1698 vocibus
2977 1643 3239 1710 clamant,
3281 1655 3340 1700 ut
3373 1648 3501 1702 dum

1896 1732 1976 1786 sic
2007 1740 2234 1800 paratus
2274 1733 2506 1802 quisque
2545 1748 2642 1803 per
2674 1733 2959 1802 speculare
2982 1736 3184 1790 .dotnus
3215 1737 3501 1808 aspicitur,

195 1829 462 1902 gnoscatis
491 1831 680 1885 Deum.
719 1829 825 1884 Sed
856 1830 1038 1884 audite
1064 1828 1330 1885 Joannem
1362 1830 1670 1901 apostolum
1699 1830 1783 1884 di-
1819 1834 1861 1893 Β
1892 1824 2053 1879 facile
2084 1824 2521 1880 misericordiam
2558 1837 2946 1896 consequatur.
2984 1828 3250 1886 Sacculus
3280 1832 3502 1900 quidem

194 1931 400 1979 centem
434 1942 447 1977 :
496 1940 516 1974 ι
553 1923 658 1990 Qui
699 1922 830 1977 dicit
867 1937 925 1978 se
962 1938 1124 1978 nosse
1167 1922 1360 1986 Deum,
1418 1931 1474 1976 et
1530 1922 1786 1976 mandata

192 2014 306 2083 ejus
343 2029 448 2069 non
487 2015 758 2080 custodit,
809 2015 1042 2069 mendax
1087 2023 1173 2068 est
1211 2013 1266 2084 (I
1298 2014 1459 2068 Joan.
1504 2014 1586 2084 ιι).
1631 2033 1651 2066 ι
1697 2013 1789 2068 Ille

192 2105 358 2175 igitur
409 2119 538 2160 vere
601 2106 771 2174 Deum
828 2105 1130 2176 cognoscit,
1196 2106 1290 2174 qui
1345 2106 1464 2175 ejus
1531 2104 1788 2159 mandata

187 2198 443 2253 custodit.
490 2196 648 2253 Unde
690 2207 746 2254 et
792 2198 887 2254 ille
938 2197 1215 2269 perfectus
1265 2199 1649 2252 mandatorum
1693 2197 1788 2253 Dei

186 2298 368 2345 custos
397 2304 624 2346 securus
653 2291 835 2346 aiebat
863 2305 878 2344 :
917 2310 934 2342 ι
969 2289 1079 2345 Nos
1106 2291 1361 2360 spiritum
1407 2289 1568 2356 hujus
1602 2290 1787 2344 mundi

190 2395 296 2434 non
334 2381 665 2450 accepimus,
726 2382 821 2437 sed
864 2380 1128 2452 Spiritum
1186 2382 1305 2447 Dei,
1344 2382 1438 2451 qui
1468 2397 1535 2436 ex
1566 2381 1677 2436 Deo
1706 2390 1791 2434 est

187 2467 244 2539 (1
271 2468 392 2524 Cor.
441 2471 528 2542 ιι).
565 2490 584 2523 ι
622 2469 758 2538 Quis
806 2480 889 2525 est
944 2485 1127 2524 autem
1166 2462 1391 2540 spiritus
1440 2471 1659 2526 mundi?
1699 2469 1789 2524 Ille

184 2557 433 2627 profecto
493 2570 578 2615 est
617 2560 711 2629 qui
749 2561 940 2615 suadet
991 2560 1241 2615 homines
1293 2562 1476 2617 divina
1519 2570 1787 2631 prazcepta

188 2657 577 2714 contemnere,
618 2652 852 2706 terrenis
902 2652 1137 2723 negotiis
1193 2651 1594 2707 delectabiliter
1640 2652 1787 2706 insu-

188 2743 340 2808 dare,
367 2744 658 2798 mundana:
685 2744 1069 2800 dominationis
1107 2745 1320 2800 culmen
1353 2754 1633 2815 appetere,
1661 2761 1786 2800 car-

186 2833 327 2892 nalis
352 2835 617 2891 illecebrae
641 2836 984 2905 passionibus
1009 2835 1243 2906 turpiter
1263 2833 1568 2903 subjacere,
1603 2847 1785 2890 trans-

185 2926 362 2984 itoria:
398 2929 756 2999 possessionis
811 2929 947 2984 ﬁnes
980 2928 1307 2992 extendere,
1344 2927 1552 2982 tumido
1588 2941 1782 2998 super-

186 3015 290 3072 bia:
326 3015 470 3072 fastu
515 3032 682 3088 super
720 3019 1001 3088 proximos
1044 3015 1167 3085 jura
1219 3019 1507 3088 potestatis
1551 3019 1782 3074 ambire.

184 3108 438 3175 Econtra,
473 3110 711 3181 Spiritus
764 3096 855 3181 qui
888 3126 954 3166 ex
988 3112 1098 3166 Deo
1132 3119 1236 3173 est,
1262 3125 1399 3180 quas
1425 3109 1596 3179 replet
1625 3123 1784 3165 men-

1895 1927 2101 1981 noster,
2134 1931 2231 1972 cor
2269 1927 2514 1972 nostrum
2561 1926 2667 1984 est,
2705 1919 2755 1972 in
2785 1920 2930 1989 quod
2977 1923 3020 1976 si
3053 1921 3305 1995 volumus
3355 1937 3499 1979 nova

1893 2010 2136 2065 caelestis
2183 2011 2372 2082 gratia:
2422 2011 2904 2080 donasuscipere,
2958 2013 3029 2068 ah
3072 2014 3223 2068 omni
3274 2024 3498 2070 terrena

1893 2103 2357 2171 concupiscentia,
2391 2085 2661 2159 ἴθι-ιπειίιο
2691 2105 2940 2160 videlicet
2961 2107 3132 2162 veteri
3166 2123 3391 2164 necesse
3413 2121 3502 2164 est

1856 2198 1861 2202 '
1892 2207 2148 2248 vacuare.
2175 2193 2340 2263 Cujus
2371 2195 2618 2264 profecto
2658 2195 2861 2250 saeculi
2904 2197 3082 2250 sinum
3126 2197 3503 2253 indubitanter

1892 2277 2276 2355 expandimus,
2302 2288 2345 2339 si
2373 2284 2599 2355 perfecti
2624 2287 2828 2341 amoris
2853 2286 3105 2340 incendio
3139 2288 3297 2343 donis
3337 2288 3501 2343 cmic-

1892 2380 2068 2434 stibus
2093 2379 2384 2432 inhiamus.
2397 2378 2570 2467 μυίας
2601 2379 2801 2435 saeculi
2831 2380 2970 2435 bene
3000 2379 3200 2435 Paulus
3225 2396 3320 2435 ora
3354 2381 3508 2436 laxa-

1893 2479 2073 2536 verat,
2102 2486 2227 2525 eunt
2268 2471 2484 2526 dicebat
2519 2489 2531 2524 :
2569 2489 2587 2521 r
2626 2470 2700 2526 Os
2738 2481 2985 2526 nostrum
3017 2481 3168 2542 patet
3206 2472 3274 2527 ad
3309 2488 3426 2539 vos,
3470 2493 3506 2527 υ

1891 2558 2186 2626 Corinthii,
2218 2576 2313 2615 cor
2344 2571 2590 2616 nostrum
2621 2561 2907 2616 dilatatam
2939 2572 3023 2618 est
3067 2562 3151 2633 (II
3173 2562 3296 2617 Cor.
3337 2564 3435 2634 γι).
3477 2586 3498 2617 ι

1893 2649 2048 2706 Hunc
2080 2651 2270 2706 laxare
2300 2661 2355 2707 et
2385 2653 2506 2708 illos
2539 2654 2772 2718 monuit,
2805 2670 2928 2711 cum
2970 2654 3249 2725 subjunxit
3278 2678 3291 2712 :
3333 2677 3350 2709 ι
3379 2657 3502 2713 Non

1891 2742 2278 2813 atignstiamini
2319 2745 2579 2816 innobis.
2607 2746 2672 2800 Et
2696 2747 2860 2816 paulo
2908 2759 3030 2818 post
3063 2767 3077 2802 :
3113 2747 3399 2820 Tanquam
3438 2751 3502 2805 ii-

1890 2832 1977 2888 liis
2005 2834 2149 2899 dico,
2197 2834 2500 2892 dilatamini
2529 2846 2586 2892 et
2632 2853 2729 2891 vos
2765 2837 2983 2909 (Ibid.).
3022 2859 3040 2890 ι
3073 2839 3501 2896 (Zonsideremus

1889 2925 2055 2980 etiam
2080 2928 2356 2995 quomodo
2385 2943 2446 2982 se
2487 2944 2696 3000 pauper
2723 2930 2812 2985 ille
2838 2932 2904 2985 ad
2929 2932 3280 3002 percipienda
3314 2933 3380 2988 de
3409 2950 3503 2990 su-

1890 3018 2074 3086 pernis
2104 3035 2328 3082 munera
2355 3033 2762 3092 praeparaverat
2793 3066 2807 3088 ,
2857 3040 2980 3080 cum
3029 3026 3325 3091 clamabat,
3372 3043 3499 3082 cum

1889 3109 2319 3180 vociferabatur,
2356 3129 2481 3168 cum
2529 3116 2882 3185 preCabatur,
2919 3133 3042 3171 cum
3090 3119 3369 3174 interioris
3406 3137 3498 3175 or-

183 3210 270 3256 tes
306 3202 372 3256 ad
399 3202 642 3258 caelestia
669 3212 948 3273 provocat,
974 3211 1051 3267 et,
1084 3201 1310 3272 expulso
1341 3202 1587 3271 corporis
1616 3209 1671 3256 et
1692 3216 1789 3255 ne-
1817 3195 1862 3255 C
1894 3203 2018 3271 gani
2071 3219 2232 3258 voces
2289 3207 2692 3276 ingeminabat,
2755 3209 2943 3264 dicens
2979 3228 2990 3263 :
3031 3229 3048 3261 ι
3095 3210 3353 3266 Paratum
3403 3229 3502 3269 cor

181 3293 452 3364 gtigentiae
474 3293 698 3364 frigore,
721 3294 788 3348 ad
813 3308 1056 3348 amorem
1071 3292 1314 3346 divinum
1341 3290 1664 3356 inflammat.
1682 3306 1777 3362 pe-

183 3383 412 3437 tulantia
441 3385 623 3438 carnis
650 3385 920 3440 desideria
951 3384 1218 3454 reprimit,
1244 3393 1294 3437 et
1326 3382 1558 3438 liberum
1585 3401 1682 3440 cor
1710 3388 1777 3438 ab

180 3477 333 3531 ontni
366 3488 578 3532 terrena
610 3477 968 3533 delectatione
999 3476 1303 3547 suspendit.
1341 3475 1434 3530 llle
1467 3476 1646 3534 reddit
1682 3478 1779 3530 Lo-

178 3566 386 3623 tninem
412 3568 479 3622 ad
512 3569 860 3639 despicienda
886 3583 1148 3640 prospera
1173 3568 1431 3639 rigidum,
1453 3567 1519 3622 ad
1550 3566 1776 3623 adversa

179 3662 493 3732 superanda
526 3663 838 3728 robustum;
883 3661 974 3718 ille
1017 3662 1237 3716 exhibet
1281 3661 1420 3718 bene
1471 3660 1779 3715 viventibus

178 3753 460 3808 humiliter
483 3754 787 3818 subditum;
809 3751 962 3824 ιιι
978 3753 1067 3806 ille
1088 3753 1276 3821 objicit
1307 3763 1471 3821 prave
1493 3751 1778 3822 agentibus

177 3844 234 3899 in
259 3842 579 3914 jum'iibera:
606 3845 1230 3909 aﬁctoritatis-erectum;
1268 3843 1376 3908 ille,
1411 3858 1572 3914 quem
1609 3843 1776 3913 replet

172 3936 475 4003 prudenter
519 3935 774 4000 inebriat,
823 3945 987 4003 atque
1038 3950 1068 3989 a
1111 3947 1272 3989 sensu
1326 3935 1451 3989 vita:
1494 3934 1778 4004 praesentis

174 4024 420 4078 scienter
451 4023 668 4078 alienat.
697 4025 777 4089 An
814 4038 920 4079 non
955 4032 1114 4080 erant
1153 4023 1226 4078 illi
1258 4024 1443 4078 divina
1479 4024 1778 4079 sobrietate

172 4114 450 4167 veraciter
473 4115 630 4178 ebrii,
663 4115 730 4170 de
759 4116 956 4185 quibus
995 4131 1025 4168 a
1069 4115 1210 4169 male
1252 4115 1652 4170 insanientibus
1692 4116 1774 4170 di-

171 4206 407 4261 cebatur
435 4224 447 4258 :
482 4229 497 4258 ι
520 4205 655 4272 Quia
683 4214 861 4263 musto
877 4206 1021 4277 pleni
1052 4215 1177 4260 sunt
1207 4206 1292 4260 isti
1312 4205 1454 4277 (Act.
1481 4207 1562 4276 ιι).
1589 4226 1605 4257 ι
1631 4205 1777 4260 Νιιιι-

171 4286 309 4367 quid
338 4313 442 4352 non
472 4299 718 4367 qnzetiam
756 4299 939 4352 divina
970 4298 1210 4354 ebrietas
1246 4307 1360 4362 est,
1404 4299 1692 4367 prtesentia
1724 4307 1776 4350 et

169 4402 292 4457 prae
318 4389 490 4442 oculis
521 4391 694 4459 posita
722 4391 916 4444 cuncta
963 4389 1262 4459 despicere,
1289 4398 1452 4458 atque
1475 4390 1540 4443 ad
1568 4403 1630 4442 ea
1657 4405 1776 4459 qua:

169 4493 285 4534 non
311 4479 585 4547 videntur,
613 4491 725 4537 toto
750 4480 946 4535 mentis
975 4481 1246 4535 desiderio
1271 4479 1581 4534 medullitus
1610 4481 1772 4535 anhe-

166 4567 315 4636 lare,
347 4570 521 4624 mollia
565 4586 792 4640 quazque
839 4580 892 4624 et
937 4569 1176 4638 jucunda
1216 4579 1592 4634 contemnere,
1638 4571 1775 4624 dura

163 4677 336 4730 vero,
365 4673 420 4717 et
445 4679 636 4731 aspera
666 4679 764 4734 pro
793 4664 976 4718 divino
1016 4664 1248 4718 libenter
1271 4679 1460 4718 amore
1492 4663 1774 4732 perferre?

163 4754 329 4812 Hanc
355 4759 695 4825 ebrietatem,
725 4758 923 4814 fratres
948 4760 1076 4825 mei,
1102 4760 1374 4814 continua:
1401 4761 1558 4814 nobis
1587 4774 1776 4815 ncces-

163 4864 232 4903 se
256 4859 341 4904 est
361 4850 622 4906 orationis
652 4851 909 4905 instantia
931 4867 1206 4921 qna‘rerc;
1245 4852 1406 4916 hanc,
1436 4852 1582 4906 velut
1606 4852 1774 4906 aridis

161 4943 376 4998 mentis
407 4952 605 4998 nostra:
635 4942 884 5000 faucibus
916 4944 1321 5016 tota_debennrs
1360 4946 1662 5000 intentione
1701 4948 1774 5000 si-

160 5043 296 5086 ure.

238 5145 465 5213 Quzerat
486 5165 614 5220 ergo
638 5151 854 5206 assidue
881 5149 1062 5205 anima
1087 5159 1267 5206 nostra
1298 5151 1443 5206 hune
1465 5149 1730 5222 Spiritum
1755 5193 1769 5216 ,

154 5251 280 5305 quo
293 5251 518 5307 vegetari
529 5250 577 5294 te
591 5240 876 5311 vivat,quo
891 5241 1194 5295 illustrante
1210 5241 1412 5305 videat,
1426 5257 1532 5309 quo
1545 5241 1776 5296 docente

154 5328 372 5398 sapiat,
405 5345 512 5398 quo
534 5333 697 5395 duce,
726 5329 990 5387 inoffenso
1026 5333 1230 5386 amoris
1256 5346 1418 5386 cursu
1449 5332 1515 5384 ad
1540 5332 1771 5407 patriam

154 5420 382 5473 tendat.
424 5421 740 5491 Quaeramus
800 5424 985 5494 itaque
1014 5441 1044 5479 a
1075 5425 1187 5479 Deo
1235 5435 1443 5488 nostro,
1489 5441 1594 5480 non
1624 5428 1768 5496 quod

149 5509 404 5579 quilibet
450 5528 717 5591 pauperes
753 5516 821 5570 ab
868 5516 1027 5586 hujus
1086 5517 1272 5570 mundi
1324 5516 1586 5571 divitibus
1625 5532 1773 5586 qn:r-

151 5609 325 5665 runt,
365 5617 470 5656 non
513 5604 764 5659 videlicet
812 5622 1116 5672 mnnmum,
1158 5622 1265 5662 non
1295 5604 1654 5676 digestibilem
1696 5607 1774 5659 ri-

148 5693 324 5757 bum,
366 5709 472 5748 non
506 5697 630 5750 nudi
662 5698 906 5768 corporis
929 5699 1326 5754 indumentum.
1374 5696 1660 5754 Scitenim
1687 5699 1772 5752 iile

144 5785 257 5854 qui
279 5785 355 5839 ad
387 5785 500 5839 lucc
533 5801 630 5840 nos
655 5801 773 5841 esse
798 5787 1059 5844 sollicitos
1082 5789 1387 5860 vetat,quia
1413 5789 1496 5845 bis
1520 5788 1772 5844 omnibus

1807 4553 1854 4610 Ι)

1884 3307 2087 3357 meum,
2121 3290 2562 3364 Deus,~paratum
2587 3312 2682 3352 cor
2708 3312 2886 3352 meum
2913 3297 3086 3369 (I’sal.
3117 3317 3236 3366 Lvt,
3279 3313 3435 3374 cm).
3475 3326 3491 3353 ι

1883 3383 1962 3438 Ac
1990 3385 2035 3438 si
2063 3394 2253 3453 aperte
2280 3387 2460 3440 dicat:
2488 3388 2596 3443 Cor
2617 3405 2823 3454 meum,
2851 3391 3095 3454 Domine,
3128 3395 3195 3448 ad
3223 3394 3495 3463 capienda

1887 3483 1992 3529 tua:
2028 3471 2295 3545 largitatis
2350 3495 2574 3534 munera
2626 3495 2898 3550 praeparo,
2939 3484 3094 3552 quia
3126 3485 3340 3542 CUIlCliS
3390 3488 3496 3542 hoc

1883 3578 2067 3633 pravae
2123 3567 2475 3633 cogitationis
2531 3569 2877 3638 Squaloribus
2919 3586 3114 3643 purgo,
3154 3558 3401 3645 nihilque
3440 3576 3496 3631 in

1883 3669 1950 3709 eo
1980 3654 2328 3726 relinquitur,
2363 3673 2471 3726 quo
2507 3660 2700 3728 gratiae
2748 3669 2852 3716 tum
2884 3679 3082 3717 munus
3136 3667 3374 3734 desuper
3400 3682 3494 3720 ve-

1885 3746 2040 3801 niens
2069 3747 2408 3804 refundatur.
2434 3751 2548 3822 Ego
2573 3753 2759 3806 curavi
2806 3768 2930 3822 qua:
2960 3754 3105 3809 intus
3132 3755 3271 3810 male
3299 3770 3493 3811 seria-

1882 3838 2086 3892 bantur
2115 3854 2369 3909 egerere,
2417 3851 2472 3896 tu
2505 3842 2635 3898 illud
2663 3844 2908 3900 accelera
2937 3844 3082 3900 dono
3128 3855 3233 3901 tua:
3266 3848 3490 3918 pietatis

1884 3928 2171 4000 dignanter
2194 3932 2438 4002 implere.
2453 3933 2753 3990 Cormeum
2768 3935 3144 3993 vacuefactum
3162 3951 3326 4010 atque
3347 3941 3414 3994 ad
3442 3952 3495 3994 te

1883 4031 2134 4087 paratum
2161 4033 2342 4087 teneo,
2362 4027 2489 4094 quia
2511 4024 2724 4081 effossis
2746 4043 2814 4081 ex
2834 4043 2899 4081 eo
2925 4031 3179 4084 vitiorum
3199 4030 3494 4087 ruderibus

1888 4113 1931 4181 ι
1944 4113 2047 4182 12
2060 4112 2126 4166 ad
2143 4115 2576 4184 amplectendam
2606 4117 2679 4171 tui
2704 4117 2941 4188 Spiritus
2956 4120 3188 4190 gratiam
3209 4129 3321 4176 tota
3339 4137 3495 4177 men-

1884 4207 1954 4260 tis
1986 4207 2286 4262 intentione
2309 4211 2540 4280 suspiro.
2573 4210 2708 4267 Ecce
2742 4229 2945 4284 pauper
2979 4213 3071 4269 Dei
3100 4231 3194 4269 cor
3225 4227 3380 4271 tenes
3403 4233 3496 4288 pa-

1884 4305 2086 4361 ratum,
2119 4297 2210 4366 qui
2235 4314 2264 4350 a
2298 4301 2481 4369 pravis
2511 4301 2639 4356 illud
2666 4319 2857 4357 servas
2877 4305 3302 4374 cogitationibus
3330 4323 3491 4362 mun-

1883 4388 2034 4442 dum.
2069 4389 2174 4444 Sed
2204 4391 2307 4445 nisi
2338 4392 2666 4449 clamantem
2687 4437 2700 4458 ,
2733 4397 2837 4450 nisi
2878 4397 3267 4453 vociferantem
3309 4401 3496 4455 audiat

1885 4481 2007 4549 quis
2043 4482 2111 4536 de
2140 4483 2519 4541 eminentioris
2550 4489 2820 4543 cmnacuii
2851 4490 3225 4558 penetralibus
3249 4491 3491 4548 cleemo-

1883 4592 2072 4648 synam
2114 4581 2340 4648 pauperi
2390 4593 2778 4651 porrecturus,
2827 4600 2986 4639 nemo
3024 4587 3270 4641 accedat.
3337 4587 3494 4641 Post-

1883 4685 2047 4738 quam
2074 4686 2206 4741 ergo
2240 4673 2379 4728 dixit
2407 4692 2419 4727 :
2460 4694 2477 4725 ι
2515 4674 2774 4730 Paratum
2805 4692 2902 4732 cor
2933 4694 3112 4732 meum
3133 4720 3146 4739 ,
3185 4680 3356 4744 Deus,
3399 4697 3494 4750 pa~

1883 4767 2060 4814 ratum
2103 4776 2200 4817 cur
2250 4780 2471 4830 meum;
2532 4769 2778 4837 protinus
2833 4767 3044 4822 addidit
3076 4786 3088 4820 :
3117 4768 3392 4835 Cantabo,
3435 4782 3490 4826 et

1881 4855 2147 4925 psalmum
2175 4857 2351 4913 dicam
2385 4861 2613 4917 Domino
2639 4863 2860 4934 (ΙΙ)ἱ‹Ι.);
2895 4885 2913 4915 ι
2954 4875 3212 4936 tanquam
3245 4867 3488 4925 diceret:

1881 4961 1978 5000 cor
2001 4949 2188 5018 utique
2227 4966 2404 5004 meum
2439 4970 2707 5024 praepara,
2749 4969 2803 5008 et
2832 4971 2992 5010 voces
3035 4959 3356 5026 importuna:
3396 4951 3492 5027 poi-

1880 5040 2190 5097 stulationis
2220 5045 2436 5108 emitto,
2470 5057 2530 5100 ut
2575 5058 2630 5100 et
2665 5065 2766 5102 vox
2798 5051 2862 5101 ad
2897 5050 3268 5104 miserendum
3303 5053 3489 5106 audita

1877 5144 2222 5201 permoveat;
2279 5146 2334 5190 et
2377 5148 2627 5207 paratum
2680 5155 2798 5205 cor,
2837 5141 2888 5193 id
2936 5144 3080 5211 quod
3123 5158 3190 5197 ex
3239 5143 3492 5204 largitate

1871 5228 2189 5284 iniserentis
2219 5227 2492 5283 emittitur
2521 5245 2626 5284 non
2649 5228 2912 5286 effundat.

1953 5321 2078 5376 llaec
2119 5337 2317 5390 nempe
2352 5321 2491 5386 duo,
2542 5321 2743 5376 fratres
2780 5323 2916 5387 mei,
2954 5324 3110 5379 vobis
3149 5327 3491 5394 permaazime

1882 5414 2192 5468 necessaria
2225 5422 2388 5477 sunt,
2424 5415 2516 5483 qui
2547 5414 2717 5469 eremi
2766 5417 3060 5470 remotiora
3092 5418 3271 5471 studio
3299 5420 3487 5487 singu-

1885 5506 2116 5559 laritatis
2139 5505 2400 5570 incolitis,
2421 5507 2512 5573 qui
2539 5505 2976 5575 contemplativa:
3006 5507 3129 5562 vita:
3157 5507 3489 5578 speculatio-

1883 5598 2042 5651 nibus
2076 5598 2364 5652 insudatis.
2405 5597 2658 5669 Expedit.
2685 5599 2840 5654 vobis
2883 5601 3106 5656 assidue
3148 5602 3488 5668 psalmorum

1883 5690 2234 5744 modulationi
2257 5731 2271 5754 ,
2315 5700 2369 5744 et
2394 5691 2606 5746 crebris
2631 5692 2972 5748 orationibus
3002 5691 3295 5763 vigilanter
3350 5692 3478 5746 insi-

1881 5795 2058 5850 stere,
2110 5792 2162 5840 et
2187 5794 2380 5842 contra
2409 5783 2800 5857 cogitationum
2849 5786 3221 5859 ingruentium
3253 5784 3492 5856 impetus
