5232 6504
138 969 226 1868 ξ

1864 344 1969 397 ιιι.»

2497 329 2563 390 Β.
2586 331 2791 387 PE'I'III
2824 327 3105 384 DAMIANI
3137 325 3286 383 OPP.
3313 322 3491 379 PARS
3530 319 3656 376 εει]
3692 316 3926 374 TOIUS
3955 316 4015 371 II.
4044 345 4112 355 —
4140 311 4520 367 SIIIHIONES.
4991 304 5080 358 ϐυ

1846 454 2008 508 annui
2048 457 2300 504 Virtutum
2327 445 2606 498 conamine
2634 441 2910 495 dimicare.
2951 437 3303 492 Elimiuemus
3330 435 3424 502 igi-
3454 439 3499 495 Α
3533 433 3592 486 Et
3647 432 3953 498 quicunque
4005 431 4070 482 de
4103 428 4224 480 vite
4278 424 4511 479 carnalis
4567 421 4822 491 igypto,
4899 431 5087 474 terram

1863 553 1952 595 tur
1988 550 2173 593 omnes
2208 532 2490 602 spurcitias
2538 533 2602 583 de
2637 530 2806 582 nostri
2842 528 3020 582 cordis
3065 525 3332 592 hospitio,
3376 532 3430 576 et

1863 629 2057 700 quibus
2103 637 2388 694 possumus
2417 619 2580 672 variis
2616 620 2871 670 virtutum
2914 613 3134 669 ﬂoribus
3186 628 3434 681 asperga-

1867 729 2003 769 nius.
2035 711 2340 766 Delectetur
2367 709 2504 761 Deus
2534 706 2758 758 nitidum
2793 704 2958 755 nostri
2994 703 3226 768 pectoris
3255 700 3432 751 tabi-r-

1861 801 2111 859 naculum
2143 799 2368 868 ingredi,
2400 805 2453 848 et
2478 794 2729 849 suavibus
2763 793 2812 843 in
2837 803 2898 842 eo
2921 791 3181 841 honorum
3209 802 3431 855 Operttttt

1861 890 2067 944 deliciis
2092 886 2316 956 epulari.
2362 884 2561 950 Sicque
2598 887 2895 950 prmparato
2933 889 3096 941 atque
3136 875 3433 941 composito

1865 982 2058 1032 decoro
2084 977 2283 1030 intimzr
2311 975 2500 1026 domus
2520 979 2734 1029 ornatu,
2766 966 3076 1034 psallimus,
3101 980 3316 1017 oremus
3337 1006 3350 1026 ,
3380 975 3433 1016 et

1837 1067 2059 1136 quibus
2099 1064 2243 1118 illum
2269 1075 2550 1130 possumus
2578 1056 2821 1110 clamosa!
2853 1056 3045 1106 mentis
3077 1054 3426 1120 supplicantiu-

1867 1157 2025 1211 nibus
2074 1154 2371 1208 invitemus.
2406 1150 2601 1216 Sicque
2640 1145 2992 1213 compleliitur
3028 1145 3078 1196 in
3117 1146 3269 1196 nobis
3311 1160 3434 1211 pro-

1868 1243 2076 1312 phetica
2108 1257 2204 1295 vos
2239 1240 2350 1300 illa,
2377 1252 2480 1305 qua
2512 1236 2740 1288 dicitur:
2777 1251 2795 1284 ι
2829 1232 3080 1285 Paratum
3109 1249 3202 1284 cor
3231 1248 3429 1290 meum.

1856 1334 2044 1393 licus,
2083 1338 2323 1398 paratum
2353 1337 2446 1378 cor
2489 1339 2693 1385 meum;
2745 1323 3012 1382 cantabo,
3065 1330 3118 1372 et
3171 1320 3429 1387 psalmum

1852 1422 2040 1474 dicam
2073 1418 2313 1472 Domino.
2351 1434 2368 1466 ι
2404 1415 2762 1482 Deprecemur
2790 1426 2920 1479 ergo
2949 1411 3160 1463 assidue
3200 1410 3428 1464 Redem-

1849 1511 2072 1578 νισι-ἐπι
2099 1514 2335 1558 nostrum
2359 1512 2408 1557 et
2437 1501 2562 1554 totis
2581 1501 2724 1552 illum
2750 1500 3042 1552 visceribus
3063 1499 3427 1566 imploremus.

1867 1605 1928 1648 ut
1955 1605 2318 1648 cor.uostrum
2357 1590 2606 1658 dignetur
2644 1588 2937 1641 clementer
2977 1586 3236 1644 invisere.
3273 1597 3326 1637 et
3354 1585 3432 1636 di-

1869 1692 2013 1737 mota
2049 1680 2191 1735 omni
2221 1679 2468 1732 vitiorum
2516 1675 2761 1743 caligine,
2788 1677 2958 1743 gratia
2998 1677 3164 1726 sancti
3199 1673 3432 1742 Spiritus

3535 539 3650 590 quzc
3681 523 3781 574 mel
3810 533 3862 574 et
3894 522 3971 573 lac
4000 519 4112 572 ﬂuit
4157 516 4505 585 ingredimur,
4532 530 4634 566 non
4659 513 4884 580 vestiga
4917 514 5084 580 (igere,

3535 613 3626 665 sed
3673 611 3886 663 assidue
3923 609 4152 662 transire
4203 605 4474 671 juliemur,
4505 614 4562 656 ut
4597 603 4750 670 juxta
4784 601 5042 657 Joannem
5071 643 5087 664 .

3539 719 3556 750 ι
3602 700 3690 766 qui
3739 699 3917 765 justus
3944 707 4044 756 est,
4070 695 4397 763 justillcetur
4426 693 4622 752 adhuc.
4666 700 4720 744 et
4748 693 4836 758 qui
4880 703 5092 747 sanctus

3534 799 3634 850 est,
3661 787 4028 841 sanctillcctur
4064 787 4236 837 adhuc
4287 787 4466 852 (Apoc.
4501 785 4656 846 uti).
4702 802 4719 831 ι
4767 781 4873 837 Lac
4904 785 5090 837 etenim

3534 879 3596 928 (II'
3625 892 3786 930 caruc
3811 877 3945 940 ﬂuit,
3981 877 4079 928 tncl
4106 877 4169 927 de
4198 875 4565 942 superioribus
4590 874 4642 925 in
4674 875 4777 925 ima
4805 871 5090 927 descendit.

3535 968 3596 1019 Et
3627 982 3743 1033 qua-
3784 977 3864 1017 cst
3898 967 3981 1016 ιιι.»
4019 975 4180 1024 terra,
4214 964 4372 1015 laetis
4417 963 4628 1017 scilicet
4648 976 4711 1015 ac
4760 961 4938 1014 mellis
4985 962 5095 1014 irri-

3532 1073 3652 1123 gua.
3688 1056 3752 1107 ad
3782 1072 3943 1122 quam
3979 1065 4258 1121 tantopere
4287 1066 4667 1119 provocamur.
4701 1051 4807 1104 nisi
4841 1049 5070 1103 lediato

3537 1147 3606 1195 ris
3633 1144 3720 1195 Dei
3752 1154 3802 1195 et
3833 1144 4106 1194 hominum
4132 1157 4233 1193 una
4277 1140 4538 1208 persona?
4561 1140 4614 1192 In
4636 1155 4738 1207 qua
4769 1141 5023 1192 nimirum
5053 1151 5100 1193 et

3533 1249 3657 1282 tam
3687 1233 3969 1282 tltnttifcsla
4019 1242 4121 1292 t‘al,
4171 1245 4288 1298 qua
4320 1233 4385 1282 de
4437 1229 4654 1297 Virgine
4687 1229 4910 1296 prodiit,
4935 1241 4988 1281 et
5025 1230 5098 1280 (Ii-

3535 1325 3772 1373 \‘ittilalts
3820 1323 4026 1373 IllL‘l‘Ill
4067 1321 4313 1383 dulcedo,
4344 1335 4463 1376 alia
4492 1321 4555 1374 dc
4586 1320 4890 1373 substantia
4929 1329 5100 1390 pater-

3535 1431 3599 1466 t;a
3627 1415 3908 1480 pioce~sit.

3604 1505 3679 1555 Ad
3705 1519 3862 1572 quam
3894 1518 4020 1555 sane
4048 1511 4244 1555 terram
4277 1501 4488 1553 nonnisi
4538 1499 4813 1562 llebraus,
4871 1499 5002 1560 imo,
5046 1507 5098 1549 ut

3536 1596 3603 1642 ita
3640 1595 3849 1659 tuqnar,
3885 1606 4063 1651 nemo.
4096 1591 4196 1644 nisi
4229 1591 4582 1660 Pergentinus
4615 1600 4668 1642 et
4719 1587 5100 1650 hortantium,

3543 1703 3568 1734 ει
3600 1685 3876 1745 ltttttlilur;
3904 1686 4027 1751 quia
4053 1683 4296 1751 quisquis
4327 1683 4606 1751 pervenire
4632 1681 4841 1734 laborat
4865 1680 4935 1733 ad
4961 1680 5105 1735 Chri-

1871 1775 2168 1831 ῘιΙιιεῑΐπθν
2198 1778 2457 1836 (Ιπῖδῑθηηδ
2486 1781 2590 1834 quo
2622 1767 2672 1817 5"
2710 1765 2854 1817 illum
2890 1773 3236 1831 τοεοηρτευιιο
3269 1763 3444 1816 ετοιίὶσ
3475 1764 3512 1819 Β
3543 1783 3703 1832 stum,
3741 1789 3958 1826 necesse
3978 1783 4058 1824 est
4081 1782 4136 1824 ut
4168 1787 4504 1840 nequaquam
4535 1771 4702 1826 iuboc
4724 1771 4926 1826 mundo
4953 1786 5100 1824 men-

1869 1880 2015 1925 mus,
2041 1860 2224 1914 eodem
2257 1858 2568 1924 inspirante,
2606 1865 2751 1908 recto
2780 1855 2994 1906 tramite
3025 1856 3088 1904 ad
3114 1854 3287 1920 ipsum
3317 1868 3434 1921 per-

1870 1952 2051 2005 venire
2075 1949 2362 2002 valeamus.
2396 1945 2493 2010 Qui
2524 1959 2644 1998 eum
2678 1942 2785 1994 Deo
2815 1941 2975 1994 Patre
3016 1950 3073 1994 et
3098 1942 3283 1993 eodem
3316 1940 3436 2007 Spi-

1867 2043 1972 2093 ritu
2044 2045 2228 2091 sancto
2286 2035 2413 2086 vivit
2477 2043 2529 2086 et
2606 2039 2794 2100 regnat
2852 2045 2945 2096 per
3004 2029 3181 2080 omni:
3235 2029 3430 2080 secula

1863 2125 2202 2185 seculorum.
2227 2127 2417 2180 Arnen.

2586 2277 2716 2312 ΊΝΙΙῚ

2139 2309 2145 2315 .
2586 2279 2646 2306 l'
2705 2277 2716 2312 Ἰ

1864 2380 1980 2441 III.
2043 2377 2251 2438 Sermo
2283 2374 2354 2431 de
2394 2277 2922 2445 SS.’;::':;°lbm
2964 2366 3344 2426 Laurentino
3382 2373 3434 2422 et

1948 2474 2312 2553 Pergentino
2342 2467 2669 2551 fratribus.
3343 2549 3352 2558 0

1876 2576 2110 2638 XXIV.
2167 2573 2376 2633 Sermo
2439 2571 2505 2628 in
2544 2567 2888 2628 Natiritate
2931 2565 2995 2625 S.
3072 2565 3259 2623 Joan.
3322 2564 3438 2622 Ba-

1949 2673 2180 2750 plislw.

1946 2771 2152 2830 Sermo
2187 2766 2260 2826 11
2289 2764 2358 2824 de
2386 2762 2605 2824 eadem.

1944 2873 2154 2932 Sermo
2185 2865 2291 2924 ΙΙΙ
2323 2863 2395 2922 de
2425 2861 2647 2921 eadem.

1869 2971 2110 3033 XXIX.
2162 2969 2369 3030 Sermo
2399 2963 2470 3024 de
2494 2965 2559 3025 S.
2596 2962 2781 3023 Petro
2810 2961 3119 3040 apostolo.

1945 3072 2151 3130 Sermo
2185 3064 2256 3125 de
2279 3060 2388 3125 SS.
2426 3061 2608 3122 Petro
2639 3073 2691 3120 et
2719 3059 2920 3122 Paulo
2945 3068 3150 3137 apart.

2394 3182 2654 3237 SEIUIO
2695 3180 2892 3233 XXII.

1976 3295 2044 3335 o2
2080 3294 2154 3334 ss.
2196 3290 2531 3330 Lsunsarnto
2564 3289 2628 3326 [τ
2667 3286 3014 3325 ιιιιιιςιιειτιιιο.
3057 3272 3138 3336 (ιιι
3177 3269 3315 3335 ιω.)

1945 3371 2210 3426 Hodierna
2255 3366 2548 3426 festivius,
2612 3362 2992 3424 dilectissimi,
3043 3363 3182 3415 sicut
3239 3362 3435 3422 nostis.

1871 3464 1924 3516 in
1987 3463 2186 3514 honore
2262 3457 2542 3511 beatorum
2629 3465 2921 3520 martyrum
3007 3450 3320 3503 Laurentini
3385 3461 3439 3503 et

1873 3548 2173 3620 Pergentini
2233 3542 2609 3600 venerabiliter
2657 3540 2876 3600 colitur,
2919 3549 2967 3592 et
3015 3539 3167 3606 quasi
3230 3538 3436 3591 duobus

1873 3640 2052 3694 aureis
2087 3637 2350 3691 sideribus
2395 3648 2582 3688 eorum
2659 3631 2771 3683 dies
2834 3627 3108 3682 natalitius
3197 3626 3433 3679 Illustra-

1869 3742 1982 3783 sur.
2064 3726 2175 3780 Hoc
2240 3723 2397 3792 plane
2478 3719 2745 3789 geminum
2803 3719 2950 3770 sidus
3007 3716 3049 3768 si
3116 3713 3270 3784 113
3322 3713 3438 3767 dili-

1866 3827 2063 3888 genter
2117 3813 2457 3875 attendimus,
2497 3797 2594 3878 pér
2643 3805 2796 3874 hujus
2843 3806 2966 3858 viL'e
3019 3804 3234 3873 pelagus
3289 3804 3439 3855 navi-

1871 3917 2061 3976 gantes
2099 3916 2281 3957 errare
2310 3915 2414 3954 non
2457 3913 2757 3968 possumus.
2794 3896 2886 3950 sed
2927 3902 3048 3964 post
3082 3907 3302 3948 emensa
3343 3891 3437 3946 ﬂu-

1875 4010 2059 4053 ctuum
2106 3991 2564 4064 pr‘bmllarumque
2592 3985 2903 4042 discrimina
2954 3985 3021 4036 ad
3066 3983 3242 4037 sinum
3270 3982 3436 4050 quie;i

1878 4097 2204 4158 portus-cum
2231 4082 2424 4152 gaudio
2453 4078 2814 4149 pervenimus.
2847 4075 2999 4130 Unde
3028 4088 3130 4129 non
3156 4074 3275 4128 sine
3304 4087 3438 4142 quo-

1876 4179 1998 4230 dam
2029 4170 2394 4240 dispositionis
2434 4181 2673 4235 superna
2699 4164 2961 4233 prasagio
2987 4162 3092 4217 tale
3119 4161 3435 4216 vocabulum

1871 4263 2050 4320 sortiti
2107 4269 2250 4323 sunt,
2298 4267 2356 4311 ut
2389 4255 2742 4328 Pergentinus
2793 4252 3040 4305 dicantur
3067 4259 3120 4304 et
3159 4249 3437 4303 Laurenti-

1875 4371 1997 4410 nus.
2053 4353 2285 4421 Pergunt
2324 4348 2464 4403 enim
2501 4356 2723 4414 uterque
2767 4343 2923 4397 simul
2977 4343 3042 4396 ad
3079 4342 3334 4404 lauream,
3383 4352 3434 4394 et

1876 4445 2239 4517 praeedentes
2265 4455 2382 4504 nos,
2415 4439 2458 4493 si
2490 4453 2594 4491 non
2629 4449 2723 4490 eos
2769 4434 2919 4502 sequi
2949 4433 3290 4502 negligimus,
3316 4448 3436 4502 pro-
3473 4429 3515 4485 ὓ

1877 4543 2072 4591 vocarit
2120 4534 2184 4586 ad
2241 4544 2516 4586 coronam.
2552 4527 2754 4582 Omnes
2783 4527 2929 4578 enim
2979 4524 3286 4591 quicunque
3331 4538 3434 4576 nou

1875 4640 2088 4696 segnes.
2119 4623 2210 4678 sed
2236 4622 2502 4676 ferventes
2527 4626 2581 4672 et
2607 4616 2771 4686 agites
2796 4615 2860 4667 ad
2879 4614 3102 4682 patriam
3127 4621 3432 4681 properant,

1878 4733 1985 4773 non
2012 4718 2065 4770 in
2087 4715 2277 4768 itinere
2305 4717 2528 4780 gréssus
2569 4707 2757 4776 ﬁgunt,
2793 4704 2884 4757 sed
2916 4711 3198 4772 pergentes
3223 4702 3436 4756 assidue

1879 4812 1945 4863 dc
1969 4803 2256 4860 virtutibus
2281 4801 2332 4852 in
2361 4799 2608 4858 virtutes,
2637 4796 2703 4849 de
2751 4795 2907 4848 bonis
2944 4792 3009 4845 ad
3059 4790 3279 4846 meliora
3309 4806 3434 4846 con.

1876 4899 2118 4953 tendunt.
2167 4891 2275 4947 Nec
2324 4890 2378 4943 in
2408 4889 2564 4958 hujus
2590 4885 3035 4954 peregrinationis
3063 4872 3256 4936 itinere
3293 4884 3438 4936 cives

1875 5005 1932 5044 se
1988 4987 2072 5041 vel
2119 4983 2447 5038 habitatores
2508 4977 2818 5037 ostendunt,
2849 4973 2968 5027 sed
3011 4972 3153 5025 velut
3201 4973 3440 5039 hospites

1875 5091 2088 5147 semper
2105 5083 2156 5129 ct
2180 5070 2394 5127 exsules
2434 5076 2732 5122 transeunt.
2769 5064 2920 5119 Unde
2947 5072 3000 5115 et
3018 5060 3246 5116 Petrus:
3281 5078 3298 5111 I
3337 5060 3436 5114 0b-

1877 5162 2262 5232 secro.inquit,
2319 5173 2411 5211 vos
2456 5167 2708 5224 tanquam
2748 5152 2984 5205 advenas
3031 5161 3081 5204 et
3127 5150 3438 5218 peregrinus

1877 5256 2148 5312 abstinere
2197 5264 2342 5306 vosa
2377 5247 2683 5302 carnalibus
2705 5241 2989 5297 desideriis
3035 5253 3155 5308 qua:
3204 5238 3436 5290 militant

1875 5353 2132 5404 adversus
2156 5343 2386 5396 animam
2416 5337 2465 5407 (1
2497 5335 2638 5389 Petr.
2665 5332 2746 5400 ιι).
2779 5351 2796 5382 ι
2822 5331 2888 5384 Et
2909 5329 3104 5382 Paulus
3125 5328 3201 5379 ait
3228 5343 3239 5376 :
3271 5345 3288 5374 ι
3321 5324 3434 5378 Non

1876 5440 2133 5494 habemus
2154 5434 2242 5488 hic
2273 5438 2574 5484 manentem
2599 5425 2892 5481 civitatem.
2929 5419 3019 5473 sed
3063 5418 3296 5470 {inituram
3355 5415 3429 5468 in~

1877 5529 2137 5597 quirimus
2161 5521 2345 5592 (Hebr.
2381 5519 2498 5587 sit).
2543 5537 2559 5566 ι
2607 5514 2742 5570 IIinc
2770 5513 2932 5565 etiam
2963 5507 3157 5562 Paulus
3205 5504 3316 5597 ille.
3343 5505 3432 5597 qui

1879 5593 2219 5688 progrediens
2260 5627 2326 5666 ex
2377 5609 2607 5682 Egypto
2636 5615 2833 5658 terram
2877 5593 3308 5667 repromissionis
3355 5595 3433 5646 in-

1880 5720 2094 5778 gressus
2122 5713 2202 5756 est
2250 5700 2528 5760 Hebr-atus,
2568 5697 2618 5748 id
2653 5704 2754 5755 est,
2787 5694 3042 5744 lrmtsirns
3071 5697 3291 5740 voratus
3325 5693 3427 5736 cst.

3541 1877 3606 1915 ις
3635 1879 3740 1915 sua:
3789 1863 3913 1932 ﬁgat
3961 1863 4106 1915 velut
4157 1863 4209 1915 in
4261 1863 4590 1914 habitatione
4634 1845 4920 1931 vestigium
4963 1880 4974 1913 ε
5011 1861 5100 1915 sed

3540 1954 3819 2006 Ilebr.i-u:n
3861 1970 3914 2004 si:
3950 1967 4160 2020 semper
4193 1953 4496 2008 ostendens.
4531 1960 4584 2004 et
4628 1965 4750 2004 cum
4779 1950 5106 2019 Pet-gemino

3539 2061 3631 2111 per
3663 2061 3800 2095 ιιηιη
3831 2043 4053 2108 jus.iti.e
4089 2045 4352 2097 transiens
4381 2049 4595 2132 pergatz
4618 2050 4818 2094 etcum
4869 2041 5102 2094 horest.

3541 2137 3648 2186 tino
3672 2133 3826 2186 simul
3857 2135 3919 2185 de
3952 2133 4063 2185 suis
4112 2131 4383 2186 laboribus
4409 2146 4512 2184 non
4547 2131 4702 2199 hujus
4723 2131 4848 2184 vita
4874 2145 5104 2184 commo-

3539 2227 3622 2285 tla,
3659 2226 3748 2276 sed
3800 2239 4050 2275 coronam
4087 2225 4454 2298 ιυιιιιωιιιοόο
4496 2219 4683 2289 gloria
4732 2221 5102 2287 concupiscat.

3539 2316 3610 2369 De
3638 2315 4030 2368 halitatoribus
4056 2315 4254 2367 etenim
4283 2312 4438 2380 hujus
4469 2314 4676 2376 mundi,
4703 2314 4844 2367 sient
4871 2314 4933 2367 in
4971 2315 5100 2380 Apo-

3536 2408 3735 2476 calypsi
3793 2408 4011 2468 dicitur,
4065 2406 4203 2459 beati
4235 2416 4501 2473 martyres
4531 2404 4808 2458 clamant:
4844 2422 4863 2452 s
4905 2403 5109 2469 Quous-

3538 2512 3644 2567 que
3705 2497 3960 2550 Domisms
3988 2497 4234 2562 (sanctus
4283 2503 4339 2547 et
4369 2501 4546 2561 verus)
4581 2509 4682 2545 non
4709 2493 4952 2546 vindicas
4996 2509 5110 2546 san-

3539 2589 3750 2657 guinem
3778 2597 4019 2639 nostrum
4044 2585 4109 2637 de
4139 2586 4202 2635 iis
4246 2584 4337 2653 qui
4372 2583 4609 2637 habitant
4637 2583 4692 2635 in
4725 2581 4898 2646 terra!
4927 2583 5110 2649 (Apoc.

3541 2677 3637 2740 vi.)
3681 2695 3697 2722 ι
3745 2674 3815 2726 De
3851 2675 3931 2726 his
3979 2687 4105 2725 vero
4156 2672 4245 2740 qui
4277 2685 4379 2723 non
4416 2669 4685 2731 habitant,
4718 2672 4809 2723 sel
4844 2671 5112 2738 ρει-κωύκ)

3535 2763 3731 2831 jugiter
3757 2770 4052 2820 transeunt,
4082 2760 4245 2813 Isaias
4265 2769 4544 2826 postquam
4577 2759 4854 2828 pnemittit
4885 2776 4898 2808 :
4949 2777 4968 2806 ι
5017 2755 5112 2810 Ila-

3542 2855 3732 2906 hitabit
3760 2855 3913 2922 lupus
3944 2868 4063 2905 cum
4096 2866 4256 2921 agno,
4311 2861 4364 2904 et
4385 2850 4584 2919 pardus
4613 2865 4735 2904 cum
4765 2850 4929 2903 bcdo
4955 2865 5114 2904 aecu—

3541 2946 3712 3007 babit,
3746 2945 3962 3002 vitulus.
3995 2953 4050 2996 et
4074 2941 4177 3004 leo,
4206 2950 4262 2994 et
4314 2941 4431 2995 ovis
4472 2939 4629 2993 simul
4678 2941 5056 3002 morabuntur,
5091 2963 5107 2990 ι

3543 3035 3788 3102 protinus
3825 3032 4064 3087 addidit:
4098 3051 4115 3083 ι
4153 3041 4207 3086 et
4268 3046 4403 3100 puer
4452 3030 4709 3099 parvulus
4755 3031 4988 3083 minabit
5025 3046 5116 3084 eos

3542 3123 3675 3190 (Ira.
3707 3125 3803 3190 ιι).
3853 3141 3871 3172 ι
3915 3123 4048 3187 Quis
4078 3132 4159 3175 est
4207 3121 4308 3174 iste
4356 3135 4488 3189 puer
4531 3122 4806 3188 parvulus,
4839 3120 4946 3172 nisi
4982 3121 5026 3172 is
5055 3121 5116 3172 de

3538 3228 3644 3281 quo
3673 3226 3769 3280 per
3788 3212 4034 3264 eumdem
4087 3211 4402 3280 prophetam
4433 3207 4630 3263 dicitur
4664 3225 4677 3259 :
4725 3225 4744 3257 ι
4791 3206 4938 3262 Puer
4963 3219 5117 3261 natus

3537 3314 3619 3356 est
3654 3303 3839 3366 nobis,
3882 3313 3935 3354 et
3995 3299 4162 3354 Filius
4198 3302 4354 3352 datus
4392 3307 4477 3353 est
4533 3299 4730 3352 uobis?
4767 3296 4905 3366 (ha.
4944 3303 5048 3366 ιι.)
5093 3319 5112 3347 s

3539 3392 3639 3461 Qui
3666 3393 3823 3444 simul
3848 3390 4204 3444 inhabitantes
4234 3389 4420 3450 minat,
4444 3389 4567 3459 quia
4599 3401 4666 3441 uc
4706 3388 4870 3441 corda
4929 3401 5114 3441 nostra

3543 3482 3771 3536 terrenis
3799 3482 3958 3534 rebus
3983 3482 4279 3533 iuluereant
4309 3480 4616 3547 pradonem
4641 3477 4898 3532 duiderii
4952 3479 5116 3532 ccle~

3541 3573 4026 3646 stigindesinenter
4061 3568 4377 3622 inﬂammat.
4415 3568 4481 3624 Et
4525 3569 4624 3623 hoc
4668 3571 4846 3638 ipsum
4879 3569 5116 3629 minare.

3538 3670 3621 3715 est
3650 3663 3713 3714 ad
3742 3677 3895 3714 suum
3928 3674 4025 3712 nos
4053 3673 4290 3710 amorem
4318 3656 4533 3710 ﬂamma
4587 3659 4858 3711 continu:
4880 3660 5118 3709 Charita-

3541 3757 3610 3805 tis
3639 3753 3961 3814 accendere;
3993 3765 4058 3803 ne
4086 3765 4206 3802 cum
4238 3764 4336 3803 nos
4364 3749 4567 3802 vicario
4607 3746 4772 3832 gimul
4802 3763 4999 3801 atuore
5037 3749 5116 3798 cli-

3536 3837 3775 3913 Iigunus,
3812 3841 3948 3908 ejus,
4005 3840 4072 3893 ad
4128 3852 4287 3907 quem
4327 3838 4503 3893 redire
4545 3837 4891 3896 debebamus,
4938 3838 5116 3898 obliti,

3545 3945 3720 3987 mente
3751 3935 3802 3984 in
3855 3935 3956 3986 hoc
3978 3930 4169 3986 exsilio
4200 3943 4598 3998 remaneamus.
4629 3927 4770 3981 Pner
4811 3943 4952 3997 ergo
4997 3944 5112 3999 par-

3543 4025 3697 4075 vulus
3749 4024 4083 4074 diversorum
4134 4017 4445 4072 animalium
4486 4027 4692 4072 turmas
4743 4018 4948 4080 illiust,
4997 4021 5119 4086 quia

3543 4113 3866 4179 Redemptor
3893 4119 4093 4168 uoster,
4115 4109 4204 4177 qui
4244 4105 4876 4162 inultitnotlasbominllm
4908 4118 5119 4160 utentes

3544 4207 3594 4259 in
3623 4205 3976 4257 unanimitate
4024 4199 4183 4273 115
4211 4197 4448 4252 fraterna
4503 4197 4864 4252 insolabiliter
4892 4197 5122 4256 conﬂat.

3544 4300 3667 4350 dum
3693 4299 3756 4349 ail
3784 4311 4023 4349 amorem
4045 4309 4138 4349 eos
4158 4295 4344 4361 patriae
4364 4292 4602 4345 calcatis
4629 4293 4901 4354 accendit,
4937 4293 4994 4345 in
5025 4294 5124 4346 hoc

3544 4404 3636 4443 cos
3679 4389 3877 4439 mundo
3911 4383 4062 4453 quasi
4111 4384 4298 4451 pedem
4349 4381 4511 4450 ﬂgere
4539 4395 4644 4433 non
4690 4382 4990 4448 permittit.
5045 4385 5122 4435 Ad

3543 4481 3708 4534 Deum
3733 4493 3858 4530 vero
3889 4491 3993 4530 non
4023 4476 4132 4528 itur
4157 4473 4400 4541 vestigiis
4439 4471 4655 4541 pedum.
4702 4472 4798 4524 sed
4848 4472 5121 4527 bonorum

3539 4572 3794 4644 gradibus
3820 4584 4063 4641 aperum,
4095 4582 4191 4622 nec
4220 4568 4287 4619 ad
4316 4581 4438 4619 eum
4459 4565 4726 4634 quispiam
4748 4563 4893 4618 valet
4929 4580 5124 4619 ascen-

3540 4667 3666 4718 dere
3692 4676 3787 4729 per
3807 4659 4049 4728 corporei
4077 4669 4302 4713 conatus
4330 4657 4556 4720 aditum,
4589 4655 4680 4708 sed
4707 4667 4803 4724 per
4833 4657 5122 4710 assiduum

3538 4753 3706 4806 sancti
3733 4754 3913 4819 operis
3949 4751 4356 4803 incrementum.
4795 4753 4800 4756 '

3613 4845 3896 4897 Videamus
3925 4840 4085 4909 igitur
4114 4847 4167 4892 et
4206 4838 4336 4889 istos
4365 4836 4552 4888 beatos
4582 4843 4850 4905 martyres
4894 4853 5122 4908 quomo-

3538 4937 3604 4990 do
3633 4949 3735 4988 u0n
3787 4932 4058 5000 potuerint
4103 4930 4281 4981 divino
4335 4926 4621 4995 ﬂagrantes
4656 4926 4776 4994 igne
4807 4931 5120 4997 quiescere.

3537 5029 3628 5080 sed
3653 5038 3866 5090 semper
3895 5020 4304 5074 elaboraverunt
4333 5020 4397 5069 de
4437 5017 4591 5069 bonis
4618 5019 4685 5069 ad
4716 5019 4928 5084 optima
4979 5019 5124 5074 Iesu-

3537 5132 3687 5171 nare.
3748 5113 3882 5165 Nam
3916 5113 4040 5165 dum
4098 5121 4150 5164 et
4202 5119 4326 5162 ante
4374 5107 4768 5177 persecutionis
4823 5110 5122 5164 articulum

3541 5218 3701 5261 tantm
3735 5205 3846 5270 jam
3876 5203 4180 5257 sanctitatis
4205 5209 4406 5262 essent,
4436 5209 4490 5251 ut
4539 5200 4686 5268 signa
4721 5213 4820 5267 per
4846 5217 4950 5254 eos
4983 5202 5122 5255 Dem

3537 5308 3587 5350 ct
3609 5299 3833 5350 virtutes
3860 5294 4191 5350 ostenderet,
4227 5307 4331 5344 non
4375 5291 4478 5343 isto
4507 5291 4742 5341 contenti
4785 5295 5124 5357 pertrahun-

3538 5400 3622 5441 tur
3651 5388 3714 5438 ad
3741 5386 3997 5452 judicent,
4043 5394 4096 5435 et
4144 5383 4193 5433 in
4247 5381 4388 5435 bello
4420 5380 4694 5434 declarant
4721 5391 4998 5446 quantas:
5037 5383 5124 5434 ba-

3537 5484 3745 5536 liuerint
3770 5491 3822 5530 ct
3852 5479 3902 5530 in
3931 5491 4062 5546 pace
4093 5477 4364 5528 virtutem.
4392 5471 4452 5525 Et
4481 5475 4627 5539 prius
4654 5472 4875 5540 quidem
4899 5475 5118 5540 antiqui

3535 5577 3705 5629 lzostis
3730 5572 3920 5624 artifex
3949 5578 4004 5621 et
4028 5579 4238 5620 versuta
4275 5582 4306 5616 η
4329 5565 4431 5631 qui
4462 5565 4508 5615 ia
4534 5576 4628 5632 per
4656 5563 4934 5615 vasculum
4961 5579 5115 5617 suum

3534 5688 3649 5739 (στρ
3678 5682 3693 5723 ι
3723 5685 3841 5721 rum
3867 5666 3945 5718 eis
3968 5664 4119 5733 quasi
4149 5661 4332 5715 mitius
4362 5674 4544 5727 agerc,
4573 5657 4766 5710 deinde
4791 5673 4896 5709 nun
4925 5661 5116 5709 vate-rs
