5232 6554
201 455 288 520 σεδ

1571 453 1805 512 δεκΜο
1848 450 2007 507 XXII.

3358 453 3463 511 69.6

204 571 505 631 immobilem
546 587 735 628 corum
788 571 931 626 ferre
954 571 1348 636 constantiam,
1393 571 1654 641 apposuit
1706 569 1760 623 in
1809 578 1838 635 ι
1868 567 2084 622 victori.
2127 565 2281 622 Unde
2313 568 2414 624 sibi
2464 567 2738 625 divinitus
2777 564 3017 622 dicitur:
3053 585 3070 617 ι
3102 565 3232 621 Duae
3274 577 3479 638 gentes.

199 683 280 725 eos
298 666 585 724 crudeliter
633 665 894 720 insanire.
944 663 1079 720 Nam
1123 663 1478 720 carniﬁcibus
1521 663 1759 731 undique

197 758 542 820 saevientibus,
601 764 829 824 uterque
865 765 1097 826 martyr,
1149 755 1293 808 velut
1353 768 1462 808 una
1526 767 1678 807 mens
1710 762 1765 804 et

195 849 364 907 eadem
402 865 554 912 caro,
604 847 924 901 verberibus
977 846 1228 908 carditur,
1271 844 1556 914 plagarum
1614 843 1761 897 cxde

197 949 466 1005 mactatur,
504 953 629 993 mox
661 933 923 993 carcerali
949 936 1210 992 custodia:
1233 923 1484 1000 traditur,
1519 949 1583 989 ac
1607 932 1764 987 famis

201 1030 355 1101 inopia
379 1029 671 1085 cruciatur.
702 1026 808 1082 Sed
838 1026 1081 1096 nunquid
1097 1017 1461 1080 bellatoribus
1490 1023 1604 1078 suis
1630 1023 1766 1076 divi-

198 1134 258 1173 na
281 1120 540 1190 protectio
561 1116 753 1180 defuit,
781 1125 836 1172 et
866 1116 1008 1186 quod
1059 1115 1111 1168 in
1137 1114 1223 1170 eis
1263 1115 1404 1170 Deus
1433 1114 1548 1183 ipse
1573 1111 1764 1166 confli-

191 1217 328 1281 geret
350 1208 587 1264 evidenti
639 1223 862 1277 prorsus
903 1205 1108 1260 indicio
1153 1219 1259 1260 non
1320 1203 1597 1260 ostendit?
1630 1203 1765 1257 Nam

195 1301 310 1357 dum
331 1315 424 1358 eos
450 1299 739 1356 carniﬁces
775 1299 1094 1354 verberibus
1138 1305 1398 1361 atterunt,
1424 1311 1613 1352 eorum
1644 1295 1770 1350 bra-

196 1394 472 1462 ebia,.qu.'e
497 1393 551 1447 in
585 1393 725 1446 ictus
753 1390 1184 1455 debacchantur,
1212 1399 1492 1454 arescunt,
1521 1398 1581 1444 ut
1602 1403 1768 1444 saxea

200 1494 401 1555 pectora
432 1495 541 1541 era
590 1484 811 1555 pietatis
839 1481 1138 1537 visceribus
1189 1482 1386 1545 aliena,
1438 1481 1630 1536 saltem
1673 1496 1772 1551 per

197 1577 362 1632 carnis
384 1574 635 1632 arefactze
666 1576 919 1646 rigorem,
943 1575 1155 1630 discant
1183 1575 1366 1629 cordis
1396 1574 1600 1629 habere
1637 1573 1742 1628 mol
1761 1603 1773 1613 -

196 1666 462 1735 iitiem,et
488 1669 540 1723 in
572 1669 939 1724 membrorum
970 1682 1194 1722 suorum
1227 1667 1461 1722 nexibus
1515 1665 1773 1737 colligant

198 1774 354 1830 qnam'
367 1759 609 1815 timenda
631 1759 704 1813 sit
731 1759 905 1814 virtus
932 1759 1194 1814 adversus
1223 1773 1385 1828 quam
1420 1766 1530 1813 tam
1545 1756 1770 1822 furiose,

195 1858 298 1906 tam
319 1851 572 1907 atrociter
600 1851 949 1907 dimicabant.

1866 659 1918 712 in
1949 669 2105 714 utero
2121 667 2212 714 tuo
2239 670 2459 726 sunt,et
2485 661 2593 716 duo
2623 658 2803 731 populi
2829 676 2894 715 ex
2921 668 3079 715 utero
3108 667 3202 714 tuo
3220 659 3484 714 dividen+

1865 757 1971 811 tur,
2005 748 2343 819 populusque
2371 749 2625 822 populum
2652 749 2956 820 superabit,
2984 757 3040 804 et
3065 749 3241 819 major
3264 749 3469 805 serviet

1871 840 2065 895 minori
2095 837 2247 912 (Gen.
2282 844 2432 910 xxv).
2473 862 2490 893 ι
2528 841 2586 895 ln
2615 841 2733 895 istis
2763 849 2948 898 autem
2979 839 3123 894 nulla
3157 839 3468 898 diversitas.

1869 946 2007 1000 quos
2038 932 2297 988 nimirum
2327 941 2382 987 et
2413 947 2518 986 non
2551 933 2737 1002 dispar
2765 933 2872 987 vita
2903 930 3357 997 conftederat,..et
3387 933 3472 989 itt-

1812 1063 1815 1065 -
1871 1025 2101 1080 dividua:
2121 1026 2241 1079 ehai
2259 1025 2407 1080 itatis
2428 1025 2761 1080 unanirnitas
2779 1023 2998 1079 conﬁat.
3035 1022 3272 1079 Felicior
3294 1024 3465 1079 etiam

1873 1119 1976 1172 iste
2007 1128 2199 1186 partus
2237 1131 2402 1187 quam
2445 1117 2612 1171 fuerit
2658 1115 2746 1171 ille
2788 1115 3047 1180 Thamar,
3081 1131 3189 1186 quo
3221 1114 3479 1171 videlicet

1872 1208 2047 1264 exorti
2081 1217 2210 1264 sunt
2239 1207 2448 1264 Phares
2479 1219 2533 1264 et
2559 1208 2697 1262 Zara
2733 1207 2890 1278 (Cen.
2937 1206 3192 1278 xxxviii).
3228 1207 3492 1277 Quorum,

1844 1299 2010 1365 ,alter
2030 1299 2242 1366 divisio,
2271 1298 2408 1356 alter
2437 1302 2614 1355 oriens
2665 1301 3077 1369 interpretatur.
3113 1298 3182 1354 Et
3211 1299 3357 1354 sicut
3396 1298 3480 1353 in-

1872 1401 1957 1447 ter
1992 1408 2054 1448 se
2079 1393 2311 1448 invicem
2353 1393 2585 1448 dissidet
2639 1394 3023 1462 interpretatio
3052 1392 3361 1460 nominum,
3399 1391 3476 1445 ita

1871 1482 2120 1550 quaedam
2151 1482 2442 1539 diversitas
2471 1492 2554 1538 est
2598 1483 2651 1537 in
2683 1483 2942 1551 operibus
2981 1483 3346 1553 singulorum,
3378 1482 3476 1538 sed

1872 1587 1976 1628 nec
2019 1573 2164 1628 idem
2195 1582 2382 1628 tenent
2442 1574 2496 1628 in
2524 1575 2695 1644 figura
2753 1574 3092 1646 mysterium.
3137 1573 3291 1629 Beati
3342 1587 3498 1629 νοτυς

1874 1670 2146 1734 martyres
2184 1661 2272 1718 isti
2332 1663 2386 1717 in
2443 1678 2666 1718 suorum
2709 1664 2992 1719 nominum
3023 1663 3502 1744 interpretatione.-

1873 1770 1984 1810 non
2020 1755 2355 1827 discrepant,
2387 1756 2512 1826 quia
2551 1755 2949 1825 quedammodo
2973 1771 3139 1808 unum
3184 1763 3266 1811 est
3326 1755 3474 1824 quod

1878 1848 2188 1920 designant,
2223 1857 2279 1904 et
2312 1862 2511 1904 nomen
2556 1847 2872 1905 utriuslibet
2916 1848 3135 1917 utrique
3156 1832 3478 1903 concordat;

261 1943 372 2000 Jam
418 1957 545 1997 vero
579 1941 708 1997 illud
737 1955 900 2012 quam
957 1941 1207 1997 sublimis
1266 1942 1460 2012 gratiae
1489 1941 1768 2005 meritum,
1804 1942 1847 2001 ll
1875 1938 2238 2009 Pergentinus
2265 1939 2412 1996 enim
2435 1949 2489 1993 et
2517 1937 2905 1999 Laurentinus,
2939 1948 3166 2007 uterque
3196 1937 3373 2007 pergit
3411 1937 3481 1990 ad

193 2041 401 2102 quanta:
430 2030 778 2102 cognoscitur
823 2031 966 2100 apud
1013 2029 1182 2084 Deum
1217 2029 1606 2085 familiaritatis
1637 2028 1772 2084 indi-

193 2124 350 2187 cium,
383 2122 543 2192 quod,
584 2121 636 2176 in
669 2135 890 2177 carcere
933 2121 1215 2177 constituti
1246 2131 1302 2176 et
1333 2122 1585 2177 triduana
1614 2121 1775 2176 simul

196 2210 362 2267 inedia
407 2209 691 2274 macerati,
735 2209 1005 2280 angelitus
1038 2210 1328 2266 visitantur
1352 2219 1410 2266 et
1438 2225 1638 2266 mensae
1665 2225 1778 2266 cce.

191 2299 355 2356 iustis.
382 2301 636 2356 alimenta
681 2300 1011 2371 percipiunt.
1060 2300 1117 2355 in
1170 2302 1251 2357 eis
1298 2301 1500 2371 quippe
1527 2302 1776 2357 Christus

193 2390 488 2456 esuriebat,
512 2391 568 2445 in
594 2390 677 2445 eis
706 2390 974 2460 supplicia
1010 2389 1346 2462 perferebat,
1369 2406 1495 2446 cum
1518 2391 1601 2446 eis
1627 2391 1779 2446 clau-

191 2481 415 2537 debatur
454 2481 508 2535 in
556 2496 801 2546 carcere,
853 2496 974 2536 cum
1027 2481 1110 2536 eis
1151 2481 1202 2536 in
1250 2481 1507 2547 vinculis,
1541 2498 1665 2538 cum
1697 2482 1779 2538 eis

191 2580 322 2628 erat“
347 2586 531 2627 comes
561 2571 953 2627 individuus-in
987 2573 1294 2627 tormentis.
1348 2572 1415 2626 Et
1438 2573 1529 2642 qui
1572 2573 1778 2627 dudum

193 2666 333 2720 inter
362 2662 773 2720 deambulantes
819 2663 877 2717 in
905 2663 1121 2718 camino
1145 2662 1443 2721 Chaldaieo
1472 2678 1670 2733 pueros
1701 2663 1780 2716 vi-

193 2770 286 2810 sus
312 2764 393 2810 est
419 2757 665 2823 quartus,
715 2754 832 2823 ipse
878 2753 1253 2824 proculdubio
1285 2769 1410 2808 cum
1465 2753 1587 2808 istis
1614 2756 1777 2808 etiam

195 2825 569 2900 invictissimis
611 2842 963 2900 bellatoribus
1021 2845 1134 2899 suis
1186 2845 1364 2900 factus
1427 2854 1513 2900 est
1564 2846 1776 2900 tertius.

199 2953 239 2988 σ-
265 2935 425 3002 Ecce,
452 2935 757 3004 inquit'rex.
773 2934 928 2990 video
948 2934 1095 2991 viros
1107 2943 1341 3004 quatuor
1364 2935 1573 2990 solutos
1599 2936 1783 2990 deam-

192 3026 449 3082 ltulantcs
472 3026 524 3079 in
552 3025 726 3079 medio
757 3024 918 3095 ignis,
950 3035 1006 3079 et
1048 3023 1182 3078 nihil
1213 3024 1581 3094 corruptionis
1603 3033 1686 3078 est
1725 3024 1778 3077 in

192 3117 296 3182 eis,
319 3125 376 3170 et
400 3116 612 3187 Species
637 3116 816 3186 quarti
842 3115 1037 3170 similis
1057 3127 1139 3170 est
1164 3114 1302 3170 Filio
1320 3115 1412 3168 Dei
1431 3114 1593 3186 (Dan.
1621 3116 1726 3185 tu).
1759 3132 1777 3166 ι

192 3206 332 3261 Hinc
360 3216 443 3260 est
466 3207 608 3272 quod
634 3214 689 3261 et
715 3215 1031 3274 perSecutnr
1062 3204 1464 3270 ille'l‘iburtins,
1500 3205 1776 3259 insanien-

194 3299 267 3352 tis
295 3297 586 3353 iracun-Jirs
619 3295 1079 3368 felle-permotus,
1113 3307 1442 3368 vaporantes
1471 3297 1537 3351 de
1565 3295 1786 3354 fornace
1816 3292 1857 3350 t3

190 3387 387 3441 furiosi
415 3387 648 3455 pectoris
683 3385 930 3441 flammas
975 3389 1237 3453 evomuit,
1269 3396 1323 3442 et
1355 3388 1545 3443 beatos
1580 3397 1784 3459 marty-

195 3492 289 3531 res
348 3490 511 3546 super
563 3477 818 3531 ardentes
870 3492 1076 3546 prunas
1123 3479 1281 3534 nudis
1327 3479 1556 3548 pedibus
1609 3491 1790 3533 astare

193 3570 477 3640 praecepit.
519 3569 588 3621 At
611 3569 944 3638 protinusct
976 3561 1238 3624 carbones
1268 3569 1546 3638 exstincti,
1579 3581 1634 3625 et
1671 3569 1788 3640 glo-

193 3658 330 3714 riosi
361 3668 657 3730 martyrum
683 3660 848 3728 pedes
879 3650 1131 3729 tanquam
1156 3675 1320 3730 super
1344 3662 1633 3715 canden'ia
1658 3661 1788 3725 lilia,

194 3747 282 3802 vel
311 3763 531 3803 croceos
562 3764 803 3813 rosarum
836 3747 996 3804 ﬂores
1024 3749 1168 3804 molli
1200 3761 1327 3806 sunt
1389 3752 1617 3822 vestigio
1648 3752 1792 3805 dele-

187 3843 352 3897 ctati.
395 3840 502 3898 Nec
532 3851 713 3897 cessat
739 3843 918 3896 adhuc
946 3842 1096 3898 ferox
1127 3845 1385 3912 nequitiae
1411 3842 1654 3913 spiritus.
1703 3844 1794 3897 Ni-

193 3934 274 3989 ltil
309 3934 631 3989 intentatum
663 3935 933 4004 relinquit,
967 3935 1063 3988 sed
1087 3937 1268 3991 omnia
1302 3945 1534 3990 versuttc
1559 3935 1791 3995 fraudis,

190 4024 387 4079 omnia
426 4025 598 4078 rabidi
630 4022 825 4078 furoris
855 4035 1176 4094 argumenta
1210 4026 1504 4094 percurrit.
1535 4024 1644 4079 Sed
1688 4041 1796 4094 quo

192 4115 452 4185 pluribus
486 4114 680 4182 jaculis
737 4116 942 4190 impetit
986 4113 1188 4170 Christi
1241 4115 1460 4178 milites,
1508 4131 1572 4170 eo
1617 4116 1794 4169 reddit

193 4223 350 4264 caeca
382 4207 670 4262 crudelitas
706 4207 984 4261 clariores.
1027 4207 1091 4260 Et
1118 4217 1321 4275 quanto
1362 4207 1680 4262 fri-mcntior
1717 4209 1796 4263 eis

192 4299 410 4370 ingruit
457 4299 766 4353 immanitas
813 4284 1005 4366 praelii,
1059 4307 1212 4352 tanto
1261 4299 1533 4366 praebetur
1576 4298 1796 4352 uberior

190 4391 422 4446 occasio
451 4390 836 4460 triumphandi.
869 4391 1057 4459 Itaque
1089 4391 1345 4444 statuitur
1369 4391 1595 4451 idolum,
1629 4401 1684 4445 et
1712 4391 1796 4444 in-

191 4497 342 4536 sana
367 4481 564 4552 judicis
597 4481 774 4536 rabies
799 4481 1031 4549 imperat
1055 4481 1415 4535 adorandum.
1446 4481 1513 4534 At
1539 4481 1666 4535 dum
1689 4495 1794 4534 non

191 4571 549 4634 idolomgsed
575 4570 716 4624 Deus
740 4571 1080 4638 ornnipotens
1111 4567 1272 4638 115
1302 4569 1583 4633 adorator,
1621 4569 1790 4636 figura

1878 2030 2142 2094 lauream,
2194 2038 2249 2086 et
2299 2030 2498 2101 quibus
2543 2034 2779 2083 una‘est
2822 2030 3060 2089 via,una
3109 2038 3195 2082 cst
3225 2028 3496 2097 concupi-.

1878 2119 2123 2182 scentia;
2162 2120 2323 2196 simul
2365 2121 2680 2191 gradientes
2726 2121 3049 2189 perveniant
3081 2118 3148 2172 ad
3193 2133 3479 2174 COI‘OItalIl.

1877 2211 2199 2283 Quanquam
2229 2221 2281 2267 et
2311 2212 2365 2266 in
2396 2213 2534 2280 istis,
2559 2211 2703 2266 sicut
2731 2223 2930 2266 eorum
2958 2219 3189 2265 testatur
3223 2210 3478 2274 historia,

1879 2291 2128 2372 quamam
2175 2303 2484 2372 reperiatur
2509 2317 2630 2356 csse
2680 2300 3006 2357 differentia.
3055 2299 3196 2354 Nam
3222 2301 3352 2355 dum
3382 2315 3478 2355 eos

1880 2394 2138 2449 violentia
2171 2379 2517 2463 pertraheret
2552 2393 2622 2449 ad
2645 2403 2962 2464 tyrannum,
2982 2391 3345 2462 Pergentinus
3370 2390 3494 2446 iram

1885 2486 1980 2548 tri,
2019 2486 2278 2556 quoniam
2301 2484 2734 2555 eloquentiorem
2774 2481 3086 2550 judicabat.
3122 2479 3484 2550 respondendi

1882 2577 2154 2647 delegavit
2176 2575 2443 2644 olliciunfy
2471 2584 2530 2652 ut
2557 2576 2646 2631 ille
2679 2575 2825 2630 velut
2856 2575 3039 2629 Aaron
3079 2571 3397 2652 loqderetttr
3418 2571 3488 2625 ad

1882 2665 2248 2731 Pharaonem,
2307 2666 2436 2721 dum
2488 2667 2810 2722 assisterent
2855 2676 2984 2719 ante
3025 2664 3334 2734 praesidem.
3375 2661 3512 2716 Hoc.

1885 2757 2050 2827 igitur
2079 2757 2224 2811 inter
2276 2756 2437 2827 hujus
2479 2757 2652 2812 beata:
2702 2755 3086 2828 germanitatis
3125 2754 3372 2825 geminos
3408 2753 3494 2808 die

1884 2853 1992 2899 stat
2016 2844 2161 2914 quod
2201 2843 2344 2899 inter
2375 2843 2591 2914 Moysen
2633 2852 2687 2900 et
2726 2844 2910 2898 Aaron
2943 2840 3162 2898 did‘erre
3204 2841 3498 2912 Scriptura

1885 2945 2301 2992 commemorat.
2348 2933 2588 3002 Quorum
2617 2951 2758 2990 unus
2802 2935 2868 2990 de
2917 2949 2976 2989 se
3007 2933 3381 3002 conqueritur,
3413 2933 3494 2987 di-

1885 3042 2054 3081 cens:
2088 3046 2105 3078 (
2148 3025 2410 3091 Obsecro,
2437 3025 2684 3090 Domine,
2710 3041 2816 3080 non
2845 3040 2964 3080 sum
2996 3023 3260 3095 eloquens
3299 3025 3368 3079 ab
3396 3023 3497 3079 be-

1886 3118 1932 3171 ri
1977 3127 2041 3196 et
2067 3117 2508 3182 nudiustertius,
2542 3126 2597 3172 et
2635 3132 2824 3186 exquo
2854 3116 3069 3172 loeutus
3097 3133 3157 3174 cs
3179 3116 3246 3174 ad
3270 3131 3507 3175 samnn.

1889 3215 2059 3273 tuum,
2094 3206 2456 3279 impeditioris
2481 3219 2535 3266 et
2557 3207 2813 3264 tardioris
2850 3207 3050 3280 lingua:
3104 3224 3224 3263 sum
3284 3207 3486 3280 (Exod.

1893 3310 1990 3374 Iv).
2017 3322 2034 3352 ι
2066 3301 2326 3356 Dealtero
2339 3317 2470 3358 vero
2493 3302 2723 3357 dicitur:
2745 3321 2761 3352 ι
2783 3302 2963 3356 Aaron
2989 3300 3161 3356 frater
3184 3312 3310 3356 tuus
3332 3299 3498 3355 Levi-

1895 3402 1996 3458 tes,
2011 3393 2137 3448 scio
2157 3393 2302 3462 quod
2329 3392 2590 3462 eloquens
2630 3393 2719 3457 sit;
2750 3393 2870 3463 ipse
2901 3391 3156 3462 loquetur
3187 3406 3287 3461 pro
3318 3400 3370 3446 te
3419 3391 3487 3444 ad

1894 3483 2174 3552 populum,
2199 3491 2254 3537 et
2281 3483 2385 3536 erit
2415 3497 2478 3538 os
2503 3492 2652 3536 tuum
2677 3481 2889 3554 (Ibid.).
2912 3503 2930 3536 ι
2955 3483 3094 3538 Ecce
3125 3481 3312 3552 itaque
3347 3476 3516 3536 beati

1895 3585 2164 3646 martyres
2201 3576 2254 3630 in
2283 3591 2350 3630 ea
2374 3591 2457 3641 re,
2488 3576 2614 3645 quia
2641 3577 2993 3645 reperiuntur
3012 3575 3237 3631 sibimet
3259 3574 3500 3629 invicem

1896 3665 2063 3720 fuisse
2093 3665 2408 3730 dissimiles,
2439 3653 2848 3734 quodammodo
2875 3663 3044 3736 Moysi
3071 3673 3130 3719 et
3174 3663 3361 3717 Aaron
3398 3677 3498 3717 et-

1896 3755 2102 3810 stitisse
2144 3756 2405 3810 videntur
2441 3755 2700 3825 annales.
2740 3755 2807 3809 Et
2855 3750 2962 3810 non
3009 3754 3259 3810 fortassis
3308 3754 3498 3808 incun-

1896 3859 2047 3914 grue.
2077 3845 2230 3898 Sicut
2251 3845 2395 3898 enim
2446 3859 2542 3913 per
2588 3844 2708 3899 illos
2735 3843 2821 3898 lex
2854 3844 2983 3898 olim
3015 3844 3139 3899 data
3170 3854 3256 3898 est
3283 3840 3517 3897 lsraeli-r

1897 3936 2017 3990 ticae
2038 3934 2202 4004 plebi,
2237 3936 2310 3989 ita
2350 3950 2450 4005 per
2481 3936 2615 3990 istos
2641 3934 2955 3990 Christiana
3008 3936 3143 3990 bdes
3164 3944 3217 3990 et
3249 3934 3504 4002 Evange-i

1898 4023 2028 4078 lium
2056 4023 2273 4079 civibus
2304 4023 2483 4079 illuxit
2527 4024 2722 4080 Aretii.
2756 4024 2894 4080 Nam
2921 4040 3047 4080 cum
3086 4023 3379 4096 gentilitati
3406 4024 3504 4077 ad-

1901 4117 2004 4170 huc
2031 4117 2170 4172 ritus
2199 4117 2523 4187 pestilenter
2547 4117 2952 4173 inhorresceret
2976 4128 3027 4173 et
3053 4119 3104 4172 in
3127 4117 3499 4174 Christianum

1899 4218 2094 4259 nomen
2119 4206 2520 4276 persecutionis
2551 4207 2704 4260 furor
2725 4206 3042 4260 immaniter
3062 4199 3338 4269 ebd‘lliret,
3373 4215 3513 4260 tunc-

1897 4295 2105 4350 scilicet
2129 4296 2346 4365 quando
2387 4295 2448 4348 Β.
2497 4296 2740 4349 Donatus
2781 4297 3022 4364 pretioso
3061 4296 3325 4364 sanguine
3366 4296 3526 4349 Are--

1903 4383 2070 4437 tinam
2105 4385 2430 4455 purpuravit
2473 4384 2795 4450 Ecclesium,
2850 4385 3145 4456 vigesimus
3176 4395 3354 4440 tamen
3399 4386 3513 4438 im-

1901 4484 2126 4543 perator
2155 4473 2242 4530 eSt
2282 4474 2548 4534 Julianus.
2601 4476 2703 4529 sub
2732 4490 2842 4544 quo
2873 4474 2934 4529 Β.
2982 4476 3225 4530 Donatus
3275 4475 3520 4545 insignis

1900 4573 2109 4633 martyr
2128 4563 2344 4628 enituit,
2396 4579 2426 4618 a
2479 4565 2642 4618 Decio
2684 4565 2949 4635 principe,
3003 4565 3158 4633 cujus
3197 4565 3508 4634 persecutio

191 4659 428 4714 larvalis
475 4661 527 4714 in
558 4660 831 4729 pulverem
885 4637 1104 4712 redacta
1125 4637 1457 4713 i'icitiliabitur.
1512 4658 1794 4714 Postremo
1827 4637 1873 4694 υ
1903 4654 2037 4708 istos
2073 4653 2341 4725 gloriosos
2390 4665 2660 4726 martyres
2690 4656 2992 4710 coronavit.
3027 4654 3181 4723 Quod
3215 4656 3260 4710 si
3295 4656 3504 4710 catalo-

189 4749 301 4820 (ιιιί
348 4749 618 4821 dedignati
669 4760 797 4804 sunt
846 4765 974 4804 suas
1017 4749 1175 4803 idolis
1216 4748 1479 4804 inclinare
1526 4750 1802 4819 cervices,

189 4837 466 4892 alacriter
495 4837 671 4908 gladio
693 4838 854 4892 beata
875 4837 1012 4892 colla
1041 4837 1357 4906 subjiciunt,
1378 4849 1435 4891 et
1463 4837 1544 4892 sic
1565 4839 1800 4907 glorioso

191 4916 477 5000 sanguine
506 4929 789 4999 purpurati
834 4927 903 4983 ad
944 4929 1334 5001 Imperatorem
1374 4945 1532 4985 suum
1582 4939 1812 5001 peracta.

193 5021 441 5076 victoria
471 5029 836 5076 revertuntur.

266 5114 330 5168 -Ο
355 5115 508 5168 beata
537 5112 888 5184 germanitas,
923 5128 1044 5181 quae
1088 5127 1188 5167 nec
1234 5113 1286 5166 in
1324 5111 1680 5181 conceptione
1725 5111 1804 5166 di-

189 5204 346 5268 vidi,
369 5219 473 5259 nec
501 5205 551 5257 in
586 5203 869 5258 nativitate
891 5203 1150 5267 discerni,
1175 5218 1274 5258 nec
1304 5203 1356 5258 in
1383 5205 1637 5272 pretiosa:
1661 5203 1824 5258 mor-'

192 5296 283 5350 tis
310 5295 486 5365 potuit
511 5309 707 5365 genere
731 5294 996 5364 separari,
1030 5308 1194 5363 pares
1229 5294 1282 5347 in
1319 5307 1506 5362 ptena,
1555 5306 1806 5362 coaequa-

193 5387 294 5444 les
319 5387 375 5440 in
405 5385 610 5456 gloria!
639 5383 814 5440 Simul
839 5399 906 5440 ex
943 5385 1204 5438 maternis
1230 5383 1531 5438 visceribus
1573 5381 1810 5436 fundun-

196 5488 306 5531 tnr
333 5476 389 5530 in
414 5475 635 5539 mundo,
667 5474 826 5530 simul
856 5489 928 5530 ex
960 5489 1131 5545 agone
1159 5473 1522 5530 consummati
1551 5474 1809 5529 certami-

196 5567 304 5624 nis
360 5566 612 5620 oriuntur
667 5566 719 5620 in
767 5566 927 5621 caelo.
988 5565 1398 5632 Quodammodo
1445 5563 1656 5620 felicior
1708 5564 1809 5619 iste

192 5670 386 5727 quam
421 5653 683 5708 Rebecca:
710 5655 968 5711 dicendus
989 5665 1075 5710 est
1100 5663 1306 5724 partus.
1339 5653 1496 5718 Nam,
1527 5653 1807 5723 Scriptura

197 5755 386 5811 teste,
419 5745 472 5800 in
507 5753 663 5799 utero
695 5745 837 5801 illius
862 5745 1261 5802 collidebautur
1291 5746 1522 5816 parvuli,
1552 5745 1678 5814 quia
1711 5747 1812 5798 sub

194 5838 440 5897 diversa
474 5851 685 5891 morum
739 5845 900 5906 atque
954 5851 1304 5892 succcssuum
1347 5843 1506 5890 erant
1553 5835 1814 5904 qualitate

1907 4761 2032 4814 gum
2065 4761 2282 4816 quoque
2333 4745 2708 4801 Romanorum
2746 4747 3062 4817 pontiﬁcum
3110 4747 3354 4802 studiose
3388 4761 3508 4816 per-

1908 4854 2122 4902 curras,
2155 4839 2403 4893 invenies
2425 4854 2451 4891 a
2493 4837 2554 4892 B.
2592 4838 2772 4904 Sixto,
2817 4838 2980 4909 116
3007 4839 3095 4893 cui
3123 4839 3395 4894 Decianus
3430 4838 3508 4892 fu-

1909 4947 2028 4997 ror,
2056 4930 2182 4983 dum
2233 4930 2537 4991 desse-viret,
2591 4930 2799 4984 servire
2821 4909 3044 4984 coactus
3080 4937 3184 4994 est,
3242 4943 3412 4998 usque
3442 4931 3511 4986 ad

1910 5019 2186 5074 Liberitun
2214 5034 2434 5088 papam,
2463 5019 2554 5088 qui
2583 5018 2786 5074 Juliani
2839 5028 3083 5089 tempore
3111 5018 3328 5088 prmfuit
3376 5017 3510 5073 duo-

1914 5109 2090 5164 decim
2115 5108 2426 5177 apostolicae
2455 5110 2568 5163 sedi
2595 5109 2917 5179 pnecedisse
2949 5109 3252 5179 pontifices.

1983 5197 2121 5252 Cum
2144 5198 2313 5268 igitur
2333 5198 2555 5269 gloriosi
2591 5208 2865 5269 martyres
2897 5199 2985 5253 isti
3012 5208 3161 5256 tanto
3181 5210 3426 5270 tempore
3446 5200 3507 5254 Β.

1915 5290 2182 5346 Donatqu
2235 5292 2584 5360 pra-cessisse
2629 5301 2946 5356 noscantur,
2976 5306 3085 5346 non
3128 5292 3404 5347 immerito
3433 5293 3510 5348 di-

1915 5389 2114 5436 cuntur
2139 5381 2190 5436 in
2219 5382 2301 5436 his
2339 5381 2652 5451 regionibus
2711 5382 2765 5436 in
2794 5382 2992 5450 quibus
3021 5384 3164 5452 passi
3213 5395 3364 5450 sunt,
3394 5400 3514 5440 cre-

1915 5471 2159 5528 dentium
2192 5472 2380 5538 duces,
2411 5472 2650 5526 fidelium
2696 5474 2993 5543 principes,
3023 5490 3088 5530 ac
3114 5476 3296 5540 totius,
3329 5472 3413 5531 ut"
3435 5479 3517 5530 ita

1918 5563 2126 5632 loquar,
2187 5565 2428 5618 Aretiua:
2478 5563 2735 5619 Ecclesia:
2776 5558 3110 5623 fundatores.
3169 5569 3231 5622 lli
3269 5569 3516 5639 profecto

1919 5670 2062 5711 nunc
2094 5656 2360 5710 micantes
2387 5670 2613 5725 gemma:
2635 5665 2689 5710 et
2711 5658 3002 5715 rutilantes
3032 5669 3155 5715 sunt
3179 5663 3512 5731 margaritaa,

1919 5761 2041 5812 quae
2067 5745 2319 5799 videlicet
2351 5745 2404 5798 in
2435 5746 2783 5815 imperatoris
2805 5749 3005 5804 aeterni
3029 5748 3341 5805 diademate
3397 5753 3516 5829 pol~

1923 5836 2212 5894 lucibiliter
2238 5840 2478 5905 radiant,
2504 5849 2558 5896 et
2591 5840 2736 5897 inter
2763 5842 2965 5912 ignitus
3021 5858 3271 5916 superna:
3315 5843 3516 5902 Hierus-
