5232 6510
1829 431 1935 484 διξἹ

2478 431 2531 482 S.
2577 429 2773 485 PETRI
2816 430 3095 485 DAMIANI
3144 431 3290 484 Ol’t'.
3325 433 3501 487 l'.\ltS
3543 435 3672 492 SEU
3712 435 3946 491 τοιιυε
3975 437 4034 491 ll.
4069 468 4134 477 -—
4176 437 4545 494 SERHONES
5000 442 5090 496 (5'28

1827 562 1998 602 salem
2029 543 2231 612 lapides
2279 543 2697 613 inexttinguibili
2744 544 3028 612 splendore
3093 555 3403 597 coruscant.
3440 555 3478 607 Α
3514 549 3784 616 sanguinis
3809 551 4119 616 aspersione
4149 551 4455 618 pi-zesignat.
4487 551 4749 605 Consistit
4773 566 4956 606 coram
4980 571 5091 609 area

1830 638 2002 691 l’orro
2064 635 2202 687 sicut
2254 633 2526 702 geminum
2579 634 2855 688 oculorum
2920 634 3097 686 iumen
3150 635 3201 686 in
3233 647 3408 702 capite

1827 726 2183 778 constitutum
2226 722 2470 792 subjecta
2516 725 2755 791 corporis
2787 723 3026 776 membra
3058 723 3404 780 condecorat.

1835 817 1904 867 ita
1941 813 2000 866 Β.
2030 813 2268 867 Donatus
2303 828 2423 865 cum
2447 812 2657 864 duobus
2681 812 2762 864 his
2801 812 2921 864 caeli
2954 813 3244 872 sideribus,
3276 828 3406 880 qua-

1836 903 1880 955 si
1930 902 2234 956 sanctitatis
2261 909 2423 968 caput
2471 900 2702 969 fideique
2746 901 3070 968 principium
3105 901 3404 967 adjacentia

1834 1009 2062 1064 quaeque
2095 994 2207 1046 ioca
2243 991 2526 1060 prece-"it,
2557 1002 2632 1053 ct,
2675 1003 2730 1045 ιιι
2763 995 2830 1045 ita
2861 993 3047 1051 fatear,
3081 1001 3249 1044 totum
3303 991 3406 1043 Tu-

1831 1091 1959 1144 sciae
2017 1104 2213 1158 corpus
2286 1088 2469 1141 eximii
2530 1088 2831 1156 splendoris
2883 1088 3057 1140 nitore
3109 1087 3401 1155 perfundit.

1827 1179 2002 1232 Tanto
2025 1179 2221 1248 quippe
2247 1193 2385 1230 nunc
2416 1187 2540 1230 sunt
2569 1177 2938 1230 eminentioris
2960 1177 3142 1244 gloria‘
3158 1177 3405 1229 claritate

1831 1268 2126 1337 ronspicui,
2163 1276 2362 1336 quanto
2388 1265 2620 1334 graviori
2651 1264 2862 1317 fuerant
2895 1266 3063 1318 rabidi
3097 1276 3406 1333 persecuto-

1829 1359 1904 1412 ris
1931 1359 2263 1412 immanitate
2293 1356 2553 1425 depressi.
2589 1355 2756 1426 igitur
2778 1358 2843 1410 de
2864 1357 3038 1426 penis
3062 1358 3125 1409 ad
3155 1357 3403 1426 gloriam,

1826 1439 1892 1504 de
1909 1450 2212 1507 certamine
2237 1448 2486 1502 translati
2516 1459 2642 1503 sunt
2667 1450 2733 1502 ad
2783 1463 3063 1502 coronam.
3099 1449 3215 1517 Ipse
3249 1449 3404 1500 nimi-

1824 1555 1938 1592 rum
1967 1540 2045 1594 eis
2064 1539 2238 1594 factus
2275 1548 2359 1593 est
2382 1540 2661 1608 prmmitun
2698 1554 2819 1591 cum
2855 1541 3078 1609 recepit,
3106 1540 3196 1607 qui
3222 1555 3279 1592 se
3307 1554 3403 1606 pro

1818 1630 1898 1684 eis
1925 1630 2194 1685 obtulerat
2233 1631 2463 1700 pretium
2515 1645 2636 1684 cum
2668 1631 2914 1694 redemit,
2945 1631 3103 1684 Jesus
3156 1631 3403 1685 Christus

1820 1719 2082 1774 Dominus
2113 1728 2317 1781 noster,
2349 1720 2441 1788 qui
2478 1735 2599 1773 cum
2654 1718 2813 1772 Patre
2845 1730 2897 1774 et
2956 1721 3158 1788 Spiritu
3211 1731 3401 1774 saneto

1824 1810 1968 1865 vivit
1989 1818 2044 1866 et
2083 1820 2277 1881 regnat
2313 1811 2365 1864 in
2393 1812 2582 1864 sa'cuia
2621 1811 2959 1865 szecuiorum.
2997 1812 3185 1864 Amen.

2356 1929 2370 1944 °
2413 1923 2660 1980 SERSIO.
2683 1925 2864 1978 XXIII.

1823 2010 1861 2047 ι.
1907 2010 1959 2048 ιιι
2008 2008 2339 2050 tta'rtvtrarz
2386 2011 2430 2047 s.
2480 2011 2692 2048 JOANNIS
2729 2012 3023 2052 ιλιιτιετι.
3068 2001 3212 2062 (xxiv
3261 2003 3398 2068 its.)

1890 2083 2081 2150 Hodie,
2112 2085 2470 2147 dilectissimi,
2507 2088 2621 2140 dies
2649 2087 2822 2140 illuxit
2852 2088 3095 2157 insignis,
3126 2097 3274 2141 tanto
3299 2103 3399 2140 ca:-

1822 2177 1956 2230 teris
1996 2175 2188 2232 diebus
2228 2178 2488 2240 sanctior,
2525 2188 2729 2245 quanto
2752 2182 3074 2232 sanctiorem
3125 2178 3398 2232 hominem

1823 2265 1986 2320 terris
2010 2263 2219 2319 eﬂ’udit.
2243 2265 2297 2318 In
2332 2266 2433 2318 bac
2464 2267 2728 2334 siquidem
2761 2268 2846 2320 die
2874 2279 3031 2320 natus
3058 2277 3138 2321 est
3165 2268 3251 2321 ille
3278 2285 3398 2321 sau-

1820 2364 2032 2410 ctorum
2057 2355 2327 2424 splendor,
2350 2354 2618 2422 justorum
2637 2358 2829 2426 gloria,
2855 2359 3036 2412 laetitia
3066 2360 3393 2428 angelorum,

1819 2447 2309 2502 excellentissimus
2338 2447 2517 2507 homo,
2546 2450 2977 2519 consanguineus
3009 2450 3230 2514 Christi,
3268 2454 3398 2505 ami-

1817 2555 1917 2595 ens
1938 2539 2155 2608 Spousi,
2183 2539 2406 2608 Sponsa:
2452 2552 2795 2608 praparator.
2827 2541 2974 2595 Unus
3008 2552 3091 2596 est
3120 2553 3174 2596 et
3203 2560 3397 2597 secun-

1818 2631 1947 2682 dum
1994 2645 2097 2683 non
2148 2629 2330 2692 habet,
2387 2631 2476 2698 qui
2524 2631 2704 2683 choris
2755 2632 3078 2684 intertextus
3115 2633 3393 2700 angelicis,

1817 2719 2153 2775 sublimioris
2207 2734 2424 2773 corona:
2502 2721 2670 2774 titulis
2721 2721 3092 2775 universitatis
3149 2723 3396 2775 liumanze

1818 2809 2154 2864 transcendit
2184 2824 2492 2863 ascensum.
2527 2811 2765 2879 Denique
2798 2829 2817 2860 ι
2858 2812 2999 2864 inter
3022 2821 3177 2865 natos
3200 2813 3392 2866 mulie-

1814 2916 1935 2953 rum
1969 2914 2073 2954 non
2105 2899 2346 2953 surrexit
2402 2899 2574 2965 major
2623 2900 2830 2954 Joanne
2880 2901 3117 2970 Baptista
3176 2903 3391 2972 (qutth.

1811 2993 1911 3060 at).
1960 3011 1978 3044 ι
2025 2990 2170 3044 Felix
2201 2991 2382 3051 homo,
2413 2991 2502 3060 qui
2533 2990 2763 3044 feliciter
2791 2994 3054 3045 cmlorum
3103 2995 3392 3061 perambu-

1813 3081 1933 3136 lans
1957 3079 2200 3136 oﬂieinas
2259 3095 2424 3133 cursu
2469 3080 2808 3135 velocissimo
2860 3084 3105 3151 sequitur
3161 3083 3394 3137 lielem-

1813 3180 2050 3240 ptorem,
2077 3187 2174 3225 nec
2212 3170 2440 3240 alicujus
2491 3172 2872 3226 intercluditur
2917 3174 3130 3244 fastigio
3163 3177 3389 3244 dignita-

1817 3267 1907 3330 tis,
1937 3280 2096 3331 quem
2130 3280 2354 3319 summa:
2382 3264 2655 3318 felicitatis
2708 3267 3043 3320 immensitas
3097 3270 3296 3338 largius
3327 3273 3394 3323 ir-
3423 3250 3466 3308 (ἶ

1813 3356 2044 3411 roravitl
2070 3355 2348 3411 Laetamur
2368 3356 2568 3425 angeli,
2594 3366 2647 3411 et
2670 3360 2948 3427 utriusque
2973 3371 3177 3414 naz'tra:
3205 3377 3392 3414 nume-

1813 3447 2014 3501 rositas
2044 3447 2344 3501 admiratur
2371 3447 2644 3501 hominem
2682 3449 2758 3502 sic
2793 3450 3092 3518 ingressum
3143 3453 3393 3520 abyssum

1816 3537 2036 3591 luminis
2063 3548 2115 3592 et
2148 3541 2198 3592 in
2222 3549 2440 3593 reterns
2463 3540 2761 3595 divinitatis
2812 3544 3036 3611 pelagus
3058 3544 3397 3612 absorptum,

1819 3637 1876 3681 ut
1930 3629 2097 3696 ipsam
2156 3628 2465 3684 reverberet
2514 3632 2767 3697 angelica:
2813 3635 3064 3701 puritatis
3110 3637 3393 3703 originem.

1818 3719 2108 3774 Eleventur
2161 3736 2374 3787 omnes,
2414 3732 2468 3775 et
2503 3724 2816 3777 meritorum
2870 3728 3238 3796 prterogativis
3271 3740 3394 3781 ante

1823 3809 2204 3863 consistorium
2250 3811 2549 3879 majestatis
2576 3811 2887 3876 exsultent;
2928 3830 3030 3867 non
3075 3817 3178 3869 erit
3218 3826 3393 3868 tamen

1819 3899 1914 3967 qui
1938 3899 2003 3951 ad
2032 3898 2282 3968 Baptista":
2303 3899 2526 3953 Joannis
2558 3901 2889 3971 privilegium
2915 3903 3107 3956 audeat
3127 3906 3394 3972 aspirare.

1819 3991 1954 4060 Age,
1982 3989 2092 4058 jam
2122 3992 2499 4060 aggrediamur
2533 3993 2786 4045 virtutum
2823 3994 3079 4062 insignia,
3109 4009 3229 4063 qua
3259 3994 3396 4047 Deus

1821 4078 2120 4146 maiestatis
2151 4080 2202 4132 in
2231 4080 2407 4132 amico
2443 4095 2540 4133 suo
2567 4081 2798 4149 gloriosa
2829 4082 3190 4135 eutnulatione
3221 4084 3397 4150 signa-

1817 4171 1935 4234 vit;
1965 4171 2042 4224 sic
2070 4169 2214 4223 enim
2250 4170 2317 4221 ab
2347 4179 2467 4221 ortu
2516 4171 2635 4222 vita:
2675 4185 2843 4238 usque
2886 4172 2952 4223 ad
2985 4187 3236 4225 occasum
3273 4188 3392 4224 cum

1818 4262 2127 4317 hominibus
2174 4268 2528 4314 conversatus
2552 4270 2658 4324 est,
2708 4271 2762 4314 ut
2809 4262 2982 4314 forma
3017 4263 3134 4313 \izae
3185 4277 3393 4314 morum

1821 4354 2130 4409 informatio
2157 4354 2435 4408 habeatur.
2467 4352 2530 4405 Et
2562 4353 2680 4405 licet
2713 4353 2796 4405 hic
2823 4353 3091 4406 sermonis
3114 4353 3259 4405 aurei
3289 4368 3404 4405 non

1819 4445 2000 4500 rutilet
2030 4445 2399 4512 pulchritudo,
2450 4444 2780 4496 tentabimus
2815 4454 2994 4496 tamen
3045 4458 3222 4495 rerum
3257 4443 3398 4494 veri-

1821 4547 1986 4592 tatem
2011 4537 2375 4606 quaiicunque
2420 4536 2558 4604 stylo
2607 4536 2999 4604 perstringere,
3025 4534 3148 4587 illud
3178 4533 3394 4602 Sapien-

1822 4625 1891 4679 tis
1941 4626 2279 4680 attendentes
2331 4642 2343 4676 :
2408 4621 2766 4676 Prudentibus
2815 4624 2947 4676 viris
3011 4638 3116 4676 non
3185 4621 3400 4690 placere

1820 4711 2122 4781 phalerata,
2153 4714 2245 4766 sed
2269 4711 2426 4765 fortia
2460 4710 2644 4778 (Eccli.
2676 4714 2773 4777 ix).

1899 4802 2056 4873 117
2100 4803 2308 4856 Primus
2343 4804 2458 4872 ejus
2495 4804 2665 4856 honor
2691 4814 2775 4858 est
2801 4803 2970 4873 gloria
3018 4807 3070 4856 tn
3113 4803 3401 4856 annuntia-

1823 4896 1985 4950 tioue.
2041 4893 2156 4947 Non
2206 4902 2287 4948 est
2339 4894 2690 4948 dissimulanti
2744 4896 2955 4950 silentio
3012 4896 3396 4950 transeundum

1820 5001 1980 5054 quam
2034 4984 2254 5038 solemni
2303 4984 2686 5053 gioriticatione
2736 4986 2884 5054 pueri
2941 4986 3099 5049 hujus
3151 4987 3202 5038 in
3258 4988 3398 5040 hunc

1823 5073 2075 5128 mundum
2105 5074 2378 5126 nuntiatus
2408 5077 2692 5141 ingressus.
2722 5075 2887 5128 Adest
2913 5075 3133 5144 angelus
3159 5074 3392 5138 Gabriel,

1823 5175 1878 5219 et
1929 5181 1958 5218 a
2013 5166 2271 5233 superiori
2327 5165 2581 5218 cmiorum
2633 5167 2850 5219 cardine
2895 5165 3107 5218 Domini
3147 5166 3395 5232 fortitudo

1823 5259 2172 5312 descendens.
2199 5267 2304 5310 stat
2331 5275 2360 5310 a
2383 5259 2586 5310 dextris
2602 5259 2786 5312 altaris
2808 5258 3011 5312 incensi
3037 5255 3187 5322 (Luc.
3215 5261 3275 5318 ι),
3301 5275 3397 5310 nec

1821 5346 2048 5418 quilibet
2071 5348 2308 5416 angelus,
2333 5347 2421 5400 sed
2448 5347 2533 5402 ille
2562 5347 2861 5411 sublimior,
2883 5349 2971 5416 qui
2999 5349 3169 5402 beata
3193 5348 3394 5417 Virgini

1822 5438 2068 5491 nuntium
2101 5438 2274 5491 attulit
2295 5437 2582 5506 singulare,
2612 5449 2665 5492 et
2690 5439 2890 5493 eiectus
2937 5450 3018 5494 est
3044 5449 3101 5492 ut
3129 5443 3398 5493 nuntiaret

1825 5530 2045 5582 militem
2091 5531 2177 5597 qui
2222 5546 2398 5600 regem
2434 5532 2680 5586 nuntiare
2724 5532 2952 5585 debebat
2997 5531 3207 5593 (ΗΜΛ.
3246 5535 3400 5585 Astat

1825 5620 2078 5672 sacerdos
2124 5621 2542 5674 sacerdotalibus
2587 5623 2804 5675 indutus
2846 5630 2899 5674 et
2927 5622 3203 5690 multiplici
3239 5625 3398 5676 vesti-

1828 5721 2128 5762 meutorum
2151 5713 2432 5775 varietate,
2457 5714 2755 5767 caelestium
2779 5721 3240 5767 sacramentorum
3267 5733 3386 5782 pra:-

1831 5799 2067 5873 ﬁgurans
2095 5801 2396 5873 imaginem,
2429 5804 2795 5875 purgationem
2824 5816 3166 5875 peccatorum
3196 5811 3362 5877 iuy~t2t
3390 5810 3399 5858 i

3514 637 3731 689 hederis
3778 648 3830 689 et
3882 648 4005 692 ante
4042 641 4350 692 testamenti
4385 639 4615 702 tabulas,
4653 656 4847 694 urnam
4891 657 5095 698 auream

3513 726 3795 778 habentem
3827 743 4041 788 manna,
4075 729 4278 797 virgam
4311 729 4519 792 Aaron,
4568 731 4865 784 Cherubim
4899 744 4950 786 et
4985 752 5098 802 pro-

3511 819 3864 884 pitiatorium,
3900 818 4212 873 solemniter
4239 819 4514 880 infulatus,
4547 821 4715 876 vultui
4757 821 4850 876 Dei
4873 864 4888 884 .
4927 824 5096 891 gloria:

3513 906 3841 972 maiestatis,
3870 925 4048 961 rerum
4074 911 4311 961 omniurn
4345 910 4571 963 Domino
4599 922 4718 965 vota
4749 915 5092 982 per-celebrat.

3513 997 3632 1050 Dies
3663 1000 3826 1051 instat
3865 999 4138 1060 solemnis,
4176 1011 4228 1052 et
4268 1001 4482 1053 ueteris
4530 1002 4719 1056 diebus
4771 1005 5096 1061 multitudini

3509 1086 3809 1140 Jud.eorum
3834 1089 4117 1152 celebrior,
4138 1088 4343 1142 Domini
4371 1092 4734 1160 prmcipicotis
4757 1094 5098 1149 attestalione

3510 1180 3774 1239 sublimis,
3810 1180 3965 1247 plane
3993 1179 4304 1247 spectabilis
4334 1191 4388 1233 et
4419 1179 4630 1242 festiva,
4661 1182 4714 1236 iu
4740 1199 4844 1252 qua
4869 1184 4981 1237 sola
5005 1184 5096 1240 soli

3509 1269 3743 1337 pontifit-i
3800 1269 3991 1322 licebat
4044 1271 4267 1325 introire
4322 1272 4598 1325 iuSaucta
4651 1284 4989 1338 sanctorum,
5048 1289 5098 1330 et

3510 1361 3789 1429 aspergine
3834 1360 4147 1413 multiformi
4180 1377 4404 1415 summa:
4433 1363 4730 1417 divinitatis
4774 1364 4909 1417 iram
4949 1367 5096 1420 refri-

3506 1464 3714 1516 gerare.
3750 1451 4078 1502 Convenitur
4105 1453 4342 1519 undique
4371 1453 4421 1505 in
4446 1463 4689 1507 sanctam
4722 1455 5021 1522 civitatem,
5044 1467 5097 1512 et

3508 1543 3820 1610 populorum
3853 1543 4007 1595 turba
4030 1542 4367 1604 frequentior
4396 1544 4634 1597 cumulat
4665 1549 4952 1601 materiam
4978 1565 5096 1617 gau-

3507 1631 3738 1683 diorum.
3796 1630 3938 1684 lnter
3988 1632 4102 1684 hac
4151 1645 4305 1685 sacra
4355 1633 4662 1686 consistens
4701 1635 5097 1705 archangelus;

3514 1743 3528 1772 ι
3565 1722 3640 1776 Ne
3674 1725 3886 1784 timeas,
3921 1724 4114 1791 inquit,
4149 1721 4410 1775 Zacharia
4449 1722 4661 1791 (lbid.),
4705 1743 4722 1773 ι
4754 1725 4881 1790 quia
4912 1740 5096 1780 nascc-

3511 1827 3594 1866 tur
3624 1816 3715 1867 tibi
3749 1815 3886 1866 liiius
3916 1823 4195 1883 parentum
4228 1813 4481 1881 gaudium
4509 1854 4522 1877 ,
4572 1817 4826 1870 nobilitas
4866 1819 5098 1887 generis,

3436 1895 3475 1951 ll
3505 1905 3651 1956 orbis
3695 1904 4038 1970 exemplum,
4070 1903 4190 1956 linis
4221 1901 4387 1970 legis,
4434 1902 4707 1973 Evangelii
4752 1906 5100 1974 principium.

3507 1995 3695 2046 mortis
3719 1993 3963 2061 expulsio
3991 2033 4004 2054 ,
4041 1993 4206 2060 janua
4239 1995 4383 2056 vitae,
4431 1994 4597 2049 decus
4629 1997 4934 2059 hominum,
4975 2013 5098 2052 con-

3505 2085 3827 2137 versationis
3859 2083 4108 2151 splendor
4129 2125 4144 2146 ,
4192 2084 4369 2138 omnis
4393 2083 4620 2152 iustitiae
4649 2088 5006 2156 principatus.
5041 2087 5102 2140 Et

3505 2192 3569 2227 ne
3603 2173 3874 2227 diffusiore
3903 2184 4132 2226 tractatu
4172 2190 4348 2228 rerum
4384 2175 4762 2230 excellentiam
4805 2176 5102 2231 confunda-

3504 2282 3641 2326 Inus,
3691 2265 3961 2317 nascentis
4005 2273 4056 2316 et
4101 2266 4476 2319 conversantis
4519 2266 4808 2336 integritas
4859 2267 4913 2319 in
4946 2267 5098 2321 libris

3503 2357 3830 2423 evangelicis
3858 2356 4068 2426 plenius
4100 2358 4429 2426 assignatur.

3570 2450 3862 2502 Considera
3929 2449 4228 2503 nuntiantis
4294 2450 4726 2512 sublimitatem,
4784 2449 5100 2518 dignitatem

3503 2543 3621 2604 ioci,
3656 2543 3758 2594 diei
3795 2541 4193 2604 reverentiam,
4246 2550 4300 2594 et
4351 2551 4476 2594 tunc
4527 2540 4826 2608 intelligere
4901 2543 5104 2608 poteris

3501 2649 3661 2701 quam
3710 2632 4153 2700 superexcelienti
4187 2633 4356 2701 g'oria
4386 2631 4611 2686 Joannis
4651 2631 4906 2700 Baptista
4953 2633 5104 2701 geni-

3500 2701 3619 2776 iura
3654 2724 3978 2792 pra-dicitur.
4022 2722 4180 2774 Salva
4227 2723 4389 2790 igitur
4431 2722 4732 2774 reverentia
4767 2719 5098 2788 Redempto-

3503 2815 3598 2876 ris,
3637 2815 3757 2882 quia
3791 2828 3892 2864 nou
3926 2812 4246 2880 derogamus
4285 2812 4438 2882 Regi,
4466 2812 4508 2865 si
4541 2810 4704 2878 Regis
4732 2811 4964 2864 militem
4999 2813 5094 2863 ho-

3501 2921 3776 2964 noramus,
3809 2919 3929 2957 cum
3971 2904 4056 2957 ille
4095 2904 4376 2965 Dominus,
4421 2904 4506 2956 hic
4536 2919 4760 2964 servus;
4809 2903 4898 2955 ille
4929 2901 5097 2955 Crea-

3501 3008 3602 3058 tor,
3627 3006 3873 3050 creatura
3907 2998 4034 3058 iste;
4061 2997 4305 3064 digniore
4329 2995 4837 3063 pramonstratione
4859 2991 5101 3046 Joannes

3499 3089 3777 3138 nuntiatur
3809 3100 3967 3152 quam
4002 3085 4266 3138 Christus.
4298 3084 4545 3137 Christus
4594 3082 4844 3137 fortassis
4891 3085 4944 3134 in
4983 3085 5100 3134 tha-

3499 3177 3657 3236 lamo,
3686 3174 3921 3228 Joannes
3951 3177 4001 3226 in
4037 3174 4264 3244 templo;
4315 3185 4362 3227 et
4415 3190 4517 3227 nou
4554 3175 4727 3226 solum
4778 3173 4829 3224 in
4879 3175 5102 3240 templo,

3501 3268 3591 3319 sed
3619 3271 3778 3320 etiam
3811 3281 3933 3323 ante
3962 3269 4159 3322 Sancta
4197 3275 4506 3318 sanctorum
4549 3266 4599 3317 in
4632 3263 4825 3330 insigni
4876 3263 4964 3314 die
5018 3277 5101 3313 so-

3503 3360 3794 3415 lemuitatis
3835 3378 4040 3415 eorum.
4072 3359 4307 3413 Joannes
4340 3358 4407 3410 ab
4447 3355 4634 3410 eodem
4663 3355 5014 3423 archangeli).
5052 3357 5102 3406 in

3501 3449 3617 3501 loco
3645 3451 3916 3518 digniore,
3933 3461 4173 3517 tempore
4196 3448 4517 3508 sacratiore,
4537 3446 4807 3514 apertiore
4833 3444 5104 3496 miraculo

3499 3541 3841 3605 pnedicatur.
3877 3539 4071 3592 Recole
4101 3538 4248 3590 isaac
4273 3537 4339 3588 ab
4362 3534 4566 3603 angelis
4593 3535 4903 3586 nuntiatum
4941 3533 5101 3596 (Gn.

3501 3631 3676 3692 xuii),
3729 3627 4042 3679 Samsouem
4097 3642 4192 3692 per
4247 3625 4490 3692 angelum
4536 3624 4893 3692 pradicatnm
4937 3621 5102 3686 (lu.

3499 3721 3642 3782 xui),
3672 3729 3726 3770 et
3751 3723 4054 3769 universam
4081 3715 4457 3769 Natam-orum
4482 3725 4684 3768 sectam
4707 3716 5103 3784 circumspice,

3497 3806 3775 3874 solumque
3811 3805 4107 3873 Baptistam
4144 3814 4250 3858 tam
4281 3805 4330 3856 in
4365 3803 4464 3856 hoc
4490 3818 4651 3872 quam
4693 3804 4745 3855 in
4780 3803 4907 3858 aliis
4945 3820 5100 3858 inve-

3499 3896 3612 3948 nies
3642 3896 3938 3963 digniorem

3568 3982 3848 4037 Secundus
3904 3984 4072 4036 honor
4117 3992 4191 4035 est
4242 3983 4599 4036 sanctificatio
4656 3984 4706 4036 in
4754 3994 4947 4038 ventre
4981 4002 5102 4039 rna-

3501 4075 3617 4127 tris.
3667 4073 3982 4141 Quicunque
4035 4076 4100 4126 dc
4153 4089 4326 4126 massa
4362 4074 4797 4141 prmvaricatrice
4830 4080 5100 4132 mundum

3498 4166 3847 4234 ingredimur,
3882 4166 4092 4233 longatn
4139 4175 4334 4217 restent
4365 4166 4640 4232 originalis
4677 4168 4891 4233 peccati
4929 4170 5104 4222 trabi~

3497 4272 3614 4308 mus
3648 4256 3945 4308 nobiscum.
3998 4255 4154 4308 Solus
4203 4255 4289 4307 ille
4331 4257 4419 4324 qui
4470 4265 4750 4324 peccatum
4813 4273 4928 4309 non
4967 4257 5104 4312 {erit

3498 4347 3545 4415 (ι
3590 4345 3731 4399 Petr.
3789 4349 3848 4410 ιι)
3920 4348 4226 4413 excipitur,
4281 4362 4439 4414 quem
4498 4345 4785 4416 Virginalis
4822 4349 5104 4404 thalamus

3498 4439 3777 4507 ignorante
3807 4439 3920 4492 viro
3953 4439 4110 4492 terris
4140 4437 4355 4502 eﬂ'udit;
4402 4439 4557 4508 longe
4605 4441 4804 4509 quippe
4848 4442 5017 4497 aliter
5048 4457 5104 4498 et

3499 4530 3744 4582 dissimili
3784 4531 3939 4583 modo
3983 4541 4275 4598 conceptus
4321 4540 4443 4594 est,
4493 4531 4697 4600 Spiritu
4743 4546 4937 4587 sancto
4987 4545 5104 4590 tota

3501 4619 3779 4686 majestate
3807 4620 4082 4689 Virginem
4114 4621 4406 4674 inundante
4446 4630 4610 4689 atque
4642 4624 4976 4686 mandante,
5010 4642 5105 4678 sn—

3499 4724 3692 4778 perans
3716 4724 3869 4761 usum
3897 4724 3956 4761 ca
3968 4710 4095 4771 ruis,
4121 4719 4323 4762 natura:
4342 4709 4612 4772 ordinem,
4635 4711 4732 4762 viri
4757 4713 5104 4765 commistio-

3502 4817 3642 4854 nem.
3690 4801 3778 4854 Sic
3817 4801 4011 4870 quippe
4038 4801 4296 4862 decebat.
4333 4811 4388 4853 ut
4418 4813 4698 4868 peccatum
4729 4805 4971 4857 nesciret
5003 4806 5100 4872 qui

3502 4901 3716 4958 peccata
3743 4891 4662 4952 tollebat,utsimilitudioemcaruis
4683 4896 4892 4960 peccati
4923 4899 5072 4948 snsci
5099 4927 5102 4930 -

3504 4991 3669 5048 peret,
3700 4998 3804 5033 non
3835 4992 4012 5033 autem
4043 4997 4260 5034 carnem
4309 4983 4535 5050 peccati.
4569 4983 4702 5036 Cum
4738 4985 4906 5054 ιιθ
4935 4987 5104 5055 igitur

3503 5087 3690 5124 omnes
3713 5073 3762 5122 iu
3796 5072 4166 5139 iniquitatibus
4195 5077 4439 5140 concepti
4467 5075 4574 5124 sint
4605 5072 4774 5140 (Prii.
4804 5079 4880 5140 ι).
4920 5081 5102 5128 ηειηὲ-

3506 5180 3622 5216 uem
3647 5179 3880 5230 unquam
3905 5163 4209 5216 mortalium
4234 5166 4368 5216 intra
4397 5174 4635 5217 materna
4659 5166 4866 5218 viscera
4893 5181 5102 5220 sancte-

3507 5257 3720 5306 iicatum
3759 5254 4004 5322 legimus,
4050 5265 4244 5323 printer
4286 5253 4573 5309 Jeremiam
4606 5267 4656 5309 et
4685 5254 4953 5311 Joannem
4995 5259 5094 5311 Bo-

3508 5348 3756 5413 ptistam;
3783 5362 4088 5415 quanquam
4119 5356 4172 5400 et
4198 5349 4263 5401 de
4293 5348 4548 5416 singulari
4585 5349 4803 5416 Virgine
4846 5352 4994 5401 nulla
5031 5353 5102 5402 sit

3506 5436 3826 5503 ambiguitas
3846 5477 3858 5496 ,
3890 5437 4015 5502 quin
4054 5437 4164 5504 ipsa
4195 5438 4451 5491 maternis
4478 5437 4837 5504 cireutnsepta
4870 5441 5100 5492 visccn~

3503 5535 3622 5588 bus.
3655 5532 3967 5585 sublimiore
4007 5531 4448 5584 sanctificationis
4479 5546 4674 5600 genere
4703 5533 4964 5584 mundata
5003 5537 5094 5587 sit.

3504 5635 3683 5690 utpote
3709 5623 4000 5674 Silf‘l'ntllltlt
4031 5623 4178 5680 illud,
4208 5623 4258 5674 in
4288 5637 4394 5688 quo
4429 5620 4586 5682 Deus,
4621 5619 4710 5672 Dei
4739 5620 4938 5680 Filius,
4973 5640 5096 5674 car-

3504 5732 3623 5767 nem
3657 5715 3827 5765 literal
3877 5723 4240 5778 suscepturus.
4276 5711 4381 5764 Sed
4425 5711 4574 5780 longe
4626 5711 4804 5762 minor
4837 5711 5098 5765 Jcreiiiinr

3503 5806 3878 5866 sanctiﬁcatio,
3928 5819 4087 5873 quam
4137 5803 4373 5856 Joannis.
4425 5802 4512 5856 Ille
4555 5802 4769 5872 quidem
4807 5821 4858 5854 ιιι
4901 5807 5096 5857 matris
