5232 6486
269 332 379 391 σω

1694 322 1926 383 SERMO
1968 319 2149 380 XXlll.

3472 332 3581 388 ωδ

269 461 428 508 utero
451 450 841 514 sanetillcatus,
871 447 958 505 hic
984 446 1185 519 Spiritu
1215 450 1404 502 sancto
1432 439 1669 516 repletus
1693 442 1862 498 fuisse
1893 450 1937 508 Α
1967 442 2335 512 εωΙοι-ωη-ῑνηι

1504 439 1669 514 pletus
1693 442 1862 498 fuisse
1893 450 1937 508 Α
1967 441 2571 512 εωΙοι-ωηνῑνηρετειῐιίι
2601 441 2914 512 alloquitur.
2951 439 3058 496 Sed
3087 456 3220 510 puer
3248 457 3355 496 mu.
3375 457 3419 496 ,ο
3453 445 3570 498 l'clie

266 543 638 614 cognoscitur.
685 540 851 596 Multo
903 541 1100 611 quippe
1149 536 1502 594 excellentius
1536 544 1621 591 est
1657 535 1866 606 Spiritu

267 651 308 690 ε’
333 642 457 689 ncto
484 632 680 702 repleri
710 646 870 702 quam
898 629 1258 693 sanetilicari;
1288 627 1361 682 ibi
1389 627 1534 682 enim
1563 625 1870 682 sanctifica-

271 728 346 780 tio
367 725 824 787 emundationem,
857 725 944 777 hic
971 722 1196 793 repletio
1221 720 1629 774 inundationem
1661 718 1864 788 signiﬁ-

266 829 374 874 cat.
404 818 642 888 Denique
669 827 724 873 et
753 816 1012 887 apostoli,
1046 816 1137 885 qui
1175 814 1425 869 manibus
1456 811 1570 866 suis
1591 819 1862 865 tractave-

267 917 390 963 runt
412 908 479 964 de
511 907 688 964 Verbo
717 909 841 963 vitae
872 907 925 980 (1
956 908 1116 962 Joan.
1153 907 1192 973 t)
1216 946 1230 969 ,
1280 920 1404 960 cum
1438 902 1700 972 Spiritum
1731 918 1886 956 sano,

263 1008 410 1052 ctum
456 997 524 1053 de
569 998 866 1053 Salvatoris
900 997 1238 1067 accepissent
1278 993 1460 1050 aﬂlatu
1507 992 1691 1062 (Joan.
1737 993 1855 1061 ax),

262 1088 352 1143 vix
397 1089 844 1159 quinquagesimo
896 1105 927 1144 a
981 1086 1398 1144 resurrectionis
1449 1086 1536 1141 die
1587 1085 1653 1139 ad
1709 1083 1857 1138 illum

261 1180 485 1247 gradum
531 1180 816 1250 pervenire
863 1174 1156 1251 potuerunt
1213 1187 1274 1232 ut
1323 1179 1594 1233 diceretur
1643 1176 1708 1231 de
1736 1176 1852 1230 eis:

263 1284 288 1316 ο
320 1269 526 1340 Repleti
556 1281 684 1326 sunt
708 1287 898 1327 omnes
927 1271 1133 1342 Spiritu
1182 1279 1372 1326 sancto
1419 1269 1561 1340 (Act.
1602 1269 1687 1338 ιι).
1737 1289 1754 1320 ι
1793 1269 1856 1323 Et

258 1358 385 1415 licet
427 1358 662 1431 Spiritus
700 1371 920 1418 sanctus
964 1362 1198 1434 largiere
1227 1372 1352 1417 tunc
1379 1375 1602 1416 munere
1620 1362 1854 1415 creden-

255 1445 390 1504 tium
420 1453 586 1507 corda
615 1452 936 1523 repleverit,
967 1453 1083 1509 hoc
1103 1461 1281 1507 tamen
1323 1452 1560 1507 Joannes
1594 1453 1652 1518 in
1700 1459 1856 1506 ntcro

257 1541 452 1614 legitur
482 1550 784 1610 assecutus,
819 1547 963 1616 quod
998 1545 1297 1615 apostolica
1329 1545 1598 1601 celsitudo
1633 1545 1852 1600 tandem

252 1630 488 1704 largiore
509 1636 867 1707 promissione
892 1636 1090 1692 meruit
1116 1637 1384 1692 obtinere.

319 1729 570 1794 Attende,
593 1729 839 1796 obsecro,
864 1731 1167 1804 diligenter,
1195 1745 1356 1802 quam
1387 1729 1639 1786 ordinata
1671 1728 1852 1799 diSpn-

1970 535 2102 597 cior,
2123 533 2877 605 qui—salutantismajestatem
2895 548 3221 605 agnoscens,
3238 535 3384 588 intra
3403 536 3573 590 visce-

1968 645 2088 682 rum
2117 628 2403 684 tenebrosa
2430 627 2703 681 volumina
2728 625 3168 697 gaudiogandet,
3185 627 3312 694 quia
3329 626 3436 680 vim
3463 635 3572 682 tam

1967 718 2142 774 beatae
2168 717 2518 772 salutationis
2547 717 2798 773 attendit.
2836 735 2854 768 ι
2895 717 2960 770 Et
2991 717 3191 772 factum
3220 725 3332 780 cst,
3374 717 3573 785 inquit,

1967 819 2025 864 ut
2052 809 2254 864 audivit
2288 807 2668 864 salutationem
2703 808 2887 864 Marize
2914 809 3192 864 Elisabetlt
3219 850 3231 873 ,
3276 809 3576 863 exsultavit

1968 900 2019 954 in
2053 899 2249 972 gaudio
2295 902 2472 958 infans
2517 903 2570 956 in
2622 909 2778 956 utero
2815 899 2932 969 ejus
2971 901 3127 971 tLuc.
3159 901 3221 971 t).
3259 920 3274 953 ι
3312 901 3569 957 Ascendit

1969 990 2131 1062 Virgo
2157 1007 2280 1047 cum
2315 991 2663 1048 festinatione
2703 993 2755 1047 in
2789 993 3008 1047 domum
3044 992 3325 1048 Zachariae
3367 994 3433 1046 ad
3486 1009 3566 1048 sa-

1963 1083 2243 1139 lutandam
2273 1084 2582 1149 Elisabelh,
2635 1093 2859 1155 portans
2907 1086 2961 1139 in
3015 1096 3171 1140 utero
3209 1085 3407 1140 Filium
3443 1086 3570 1155 Dci,

1962 1177 2164 1248 Regem
2196 1177 2400 1248 glorias,
2433 1178 2722 1233 Dominum
2759 1177 3082 1247 majestatis.
3115 1176 3369 1233 Occurrit
3395 1178 3572 1235 Elisa-

1961 1268 2087 1325 lieth
2112 1311 2127 1334 ,
2174 1278 2227 1324 et
2255 1271 2492 1341 antiqua:
2521 1270 2827 1327 sterilitatis
2853 1285 3046 1326 carens
3074 1271 3415 1341 opprobriis,
3435 1272 3576 1326 ami-

1959 1375 2083 1414 cum
2121 1359 2338 1430 Sponsi,
2377 1376 2684 1430 prteconem
2714 1361 2876 1418 Verbi
2909 1360 3226 1415 felicissimo
3251 1370 3444 1416 ventre
3476 1359 3572 1416 de-

1958 1461 2154 1522 portat.
2203 1452 2515 1523 Junguntur
2552 1454 2866 1525 amplexus,
2897 1453 3117 1509 venitur
3143 1455 3210 1510 ad
3241 1455 3448 1520 oscula,
3478 1470 3571 1510 co-

1956 1543 2214 1612 pulantur
2242 1544 2427 1600 felices
2455 1545 2621 1612 uteri,
2656 1546 2969 1617 [legemque
2996 1555 3052 1602 et
3075 1547 3304 1601 militem
3345 1547 3565 1604 nonnisi

1955 1633 2063 1688 duo
2111 1634 2394 1690 tenerrimi
2442 1635 2679 1705 parietes
2719 1637 3042 1707 abjungunt.
3078 1637 3220 1705 Quid
3248 1637 3479 1700 mirum,
3520 1638 3566 1693 si

1957 1725 2189 1780 miratur
2232 1734 2288 1782 et
2329 1728 2572 1782 exsultat
2619 1743 2756 1799 puer
2789 1730 2856 1784 ad
2909 1737 3125 1784 tactum
3152 1739 3259 1784 tam
3297 1730 3565 1800 proxima:

243 1820 446 1876 sitione
486 1819 723 1890 Spiritus
763 1823 852 1878 ille
890 1824 1168 1893 multiplex
1199 1823 1491 1879 Jeremiatn
1522 1822 1844 1886 sanctificat,
1882 1818 1924 1878 li
1954 1816 2252 1873 divinitatis
2270 1817 2522 1874 afﬂatus?
2543 1819 3094 1877 Poteralncvacarea
3115 1835 3444 1890 quocunque
3465 1823 3566 1877 mi.-

237 1911 433 1981 implet
457 1911 751 1978 Joannem,
783 1917 1094 1986 supervenit
1123 1915 1178 1970 in
1226 1915 1470 1970 Mariam.
1505 1914 1568 1969 Et
1595 1914 1845 1969 Jeremite

234 2001 461 2070 quidem
493 2003 807 2060 admiranda
839 2006 1218 2072 sanctiﬁcatio,
1253 2008 1380 2078 quia
1411 2007 1512 2062 etsi
1540 2008 1592 2062 in
1621 2014 1844 2078 peccato

239 2101 536 2164 conceptus
562 2103 665 2160 est,
693 2097 940 2152 nascitur
975 2105 1160 2154 tamen
1217 2097 1335 2154 sine
1375 2106 1623 2167 peccato.
1674 2098 1841 2152 Ante-

237 2196 403 2250 quam
445 2185 590 2239 enim
640 2187 814 2244 exiret
841 2187 909 2244 de
935 2197 1131 2245 ventre
1161 2189 1531 2246 sanctiﬁcatus
1578 2199 1694 2253 est,
1741 2206 1843 2245 nec

238 2287 452 2347 poterat
483 2281 631 2336 nasci
663 2297 770 2336 non
800 2291 1042 2350 sanctus,
1089 2283 1180 2354 qui
1212 2284 1265 2338 in
1296 2283 1486 2339 matris
1527 2293 1682 2338 utero
1722 2291 1841 2336 crat

231 2368 626 2426 sanctiﬁcatus.
663 2372 795 2427 Mira
830 2388 943 2439 res,
974 2383 1030 2430 et
1060 2390 1089 2427 a
1124 2383 1272 2429 retro
1307 2373 1599 2430 transactis
1625 2373 1838 2429 saeculis

233 2457 499 2524 inaudita,
521 2460 794 2518 hominem
817 2474 1138 2535 conceptum
1165 2465 1218 2519 in
1241 2465 1480 2535 peccatis
1496 2505 1510 2530 ,
1541 2467 1692 2519 nasci
1718 2466 1836 2520 sine

225 2559 478 2618 peccato.
506 2551 769 2609 Joannem
801 2569 930 2611 vero
954 2555 1112 2628 longe
1138 2556 1422 2628 gloriosior
1448 2557 1621 2612 virtus
1647 2558 1836 2627 imple-

232 2640 335 2705 vit,
365 2641 542 2710 quiet
588 2646 954 2702 sanctiﬁcatus
995 2655 1082 2703 εει
1122 2663 1152 2702 a
1191 2659 1432 2718 peccato,
1467 2649 1541 2731 it‘a
1576 2660 1630 2704 et
1661 2651 1834 2705 domi-

231 2740 397 2786 nante
425 2730 629 2802 Spiritu
659 2735 996 2804 superfusus,
1027 2747 1086 2792 ut
1110 2746 1164 2792 et
1192 2749 1452 2809 purgatus
1475 2730 1634 2794 exeat
1661 2749 1715 2792 et
1744 2755 1831 2795 re-

227 2818 424 2894 pletus.
465 2823 605 2879 Vere
629 2840 856 2895 magnus
885 2841 1070 2882 coram
1097 2829 1347 2894 Domino,
1396 2845 1558 2899 quem
1607 2831 1831 2902 angelus

221 2915 469 2979 muniat,
515 2917 821 2973 sanctiﬁcat
866 2920 1047 2986 Deus,
1086 2928 1306 2977 sanctus
1347 2923 1521 2993 replet
1570 2923 1825 2994 Spiritus,

225 3003 337 3059 vita
371 3009 733 3064 commendat.
765 3010 1127 3068 lnelfabiliore
1161 3024 1344 3069 autem
1376 3016 1536 3070 modo
1565 3032 1825 3087 superve-

221 3097 301 3155 Ilil
331 3099 387 3154 iu
416 3099 715 3172 Virginem,
740 3118 903 3174 quam
933 3113 1043 3160 tota
1074 3106 1376 3162 divinitatis
1405 3108 1682 3178 plenitudo
1707 3111 1824 3165 sine

1951 1907 2136 1963 raculo
2162 1909 2249 1964 cui
2277 1924 2520 1980 praesens
2549 1912 2741 1966 aderat
2774 1912 2936 1983 Regis
2973 1912 3297 1983 prtesentia,
3333 1929 3565 1983 regnanv

1950 2000 2017 2055 tis
2041 1997 2234 2068 Mater,
2267 2001 2453 2056 mundi
2485 2001 2856 2072 Redemptor?
2889 2001 3032 2070 Quid
3067 2001 3214 2073 quod
3250 2019 3358 2058 non
3391 2003 3563 2059 semel

1947 2099 2056 2145 tam
2080 2099 2396 2147 sanctorum
2418 2092 2770 2162 amplexuum
2795 2092 2895 2148 fuit
2918 2091 3192 2148 celebrata
3217 2094 3564 2164 coniunctio?

1948 2201 1968 2234 ι
2008 2182 2208 2238 Mansit
2243 2193 2424 2239 autem
2468 2183 2638 2240 Maria
2667 2200 2792 2240 cum
2831 2185 2919 2240 illa
2957 2186 3114 2255 quasi
3152 2187 3430 2242 mensibus
3465 2187 3562 2243 trix:

1941 2269 2066 2340 bus,
2104 2292 2123 2326 ι
2157 2276 2236 2328 ait
2266 2275 2601 2344 evangelista
2634 2275 2848 2347 (ΗΜ).
2886 2276 3064 2332 Tanto
3096 2281 3346 2348 tempore
3373 2287 3571 2334 manet

1941 2377 2066 2418 cum
2096 2363 2372 2420 Elisabetb
2398 2365 2681 2435 virginalis
2703 2367 3020 2438 integritas,
3050 2376 3106 2422 et
3136 2383 3282 2423 nunc
3311 2366 3561 2426 dulciora

1937 2455 2240 2526 colloquio,
2284 2473 2428 2513 nunc
2464 2459 2717 2529 amplexu
2745 2457 2992 2514 feliciore
3018 2458 3287 2516 Joannem
3325 2476 3556 2530 puerum

1936 2561 2227 2605 consecrat
2257 2559 2311 2605 et
2338 2551 2584 2621 insignit.
2616 2552 2682 2606 Et
2707 2551 2959 2610 fortassis
2993 2569 3167 2625 usque
3199 2554 3252 2609 in
3280 2555 3423 2609 diem
3457 2570 3557 2609 na-

1935 2640 2169 2696 tivitatis
2195 2641 2312 2711 ejus
2343 2641 2579 2712 gloriosa
2613 2642 2776 2716 Virgo
2806 2660 2930 2701 cum
2957 2654 3187 2718 cognata
3213 2662 3310 2701 sua
3338 2658 3552 2702 morata

1935 2740 2042 2796 est,
2075 2733 2250 2789 donec
2279 2748 2507 2805 puerum
2542 2743 2729 2790 natum
2775 2735 2898 2792 sinu
2938 2737 3260 2794 beatissimo
3293 2736 3551 2792 confove-

1937 2831 2039 2887 ret,
2072 2835 2128 2878 et
2156 2839 2264 2879 uno
2289 2825 2498 2894 pariete
2529 2835 2762 2892 remoto,
2803 2828 3251 2899 propinquiorem
3301 2828 3554 2883 redderet

1935 2915 2240 2980 praesentiae
2275 2913 2575 2972 Creatoris.
2607 2916 2795 2977 Facile.
2813 2927 2995 2976 autem
3025 2921 3130 2976 hoc
3157 2936 3222 2976 ex
3253 2919 3550 2990 Evangelia

1933 3003 2447 3078 conjectareliquet,
2476 3008 2604 3078 quia
2627 3010 2742 3080 jam
2771 3026 2871 3066 sex~
2893 3027 3110 3068 menses
3134 3027 3164 3067 a
3187 3013 3550 3084 conceptione

1931 3093 2157 3152 Joannis
2200 3095 2543 3155 deduxerant
2565 3140 2582 3166 ,
2629 3115 2755 3156 cum
2786 3101 2853 3156 ad
2882 3102 3162 3174 Virginem
3188 3103 3550 3174 archangelum

220 3206 496 3250 mensura:
522 3194 848 3251 discretione
876 3195 1132 3266 perfudit,
1167 3209 1225 3254 ut
1251 3209 1418 3254 totam
1447 3209 1699 3270 caperet,
1729 3202 1821 3272 qui
1851 3185 1897 3248 C
1931 3188 2132 3244 missus
2158 3199 2266 3256 εει,

1476 3209 1666 3270 apere;
1685 3243 1699 3266 ,
1729 3202 1821 3272 qui
1851 3185 1897 3248 C
1931 3188 2132 3244 missus
2158 3199 2266 3256 est,
2291 3191 2384 3261 qui
2417 3193 2824 3248 renovationem
2853 3195 3039 3249 mundi
3072 3197 3267 3264 pudori
3300 3196 3542 3268 virgineo

220 3280 354 3337 fecit
382 3291 586 3350 totum;
621 3295 677 3338 ut
704 3301 810 3341 non
843 3288 1015 3343 solum
1053 3304 1083 3344 a
1112 3290 1355 3360 peccatis
1379 3291 1583 3355 abluta,
1615 3293 1820 3363 repleta

191 3423 196 3438 ,
217 3369 451 3438 Spiritu,
483 3373 576 3429 sed
600 3384 654 3430 et
675 3376 740 3430 de
764 3375 968 3445 Spiritu
993 3391 1183 3435 sancto
1206 3382 1523 3451 concepisse
1545 3383 1818 3450 credatur,

214 3461 347 3530 quia
381 3478 401 3512 ι
437 3465 578 3533 quod
618 3466 670 3520 in
706 3481 768 3520 ea
811 3477 997 3524 natum
1026 3479 1131 3537 est,
1164 3472 1230 3526 de
1267 3471 1475 3543 Spiritu
1507 3485 1698 3531 sancto
1739 3486 1822 3531 est

212 3549 432 3621 (Matth.
467 3553 528 3617 tl.
580 3575 599 3607 ι
646 3556 773 3612 lnde
814 3567 892 3614 est
948 3561 1092 3629 quod
1139 3561 1398 3633 singulari
1459 3568 1817 3637 prazrogativa

1927 3294 2066 3334 nova
2098 3279 2429 3338 salutatione
2453 3285 2710 3351 portavit.
2748 3285 2826 3338 Ex
2861 3287 2991 3341 hinc
3014 3286 3179 3358 Virgo
3212 3287 3436 3342 festinat
3472 3289 3542 3344 ad

1927 3369 2226 3438 Elisabeth,
2252 3381 2306 3428 et
2338 3373 2510 3430 tribus
2539 3375 2818 3432 mensibus
2849 3379 3138 3446 praesentia
3167 3395 3263 3433 sua
3292 3391 3541 3452 cognatae

1924 3463 2180 3536 dignatur
2208 3466 2532 3538 hospitium,
2570 3468 2744 3525 donec
2781 3471 2906 3525 noni
2937 3471 3143 3527 mensis
3176 3473 3282 3528 line
3313 3473 3540 3529 coneluo

1921 3568 2001 3619 se,
2037 3557 2296 3612 nativitas
2332 3558 2581 3614 imminet
2606 3553 2953 3629 patriarchae.
2994 3563 3140 3628 Alii,
3188 3565 3278 3635 qui
3335 3567 3537 3624 librqu

1912 3641 2188 3711 justorum
2221 3646 2660 3718 diligentioribus
2682 3651 2856 3706 oculis
2895 3653 3251 3722 inspexerunt
3278 3697 3290 3719 ,
3345 3657 3420 3714 ibi
3474 3673 3536 3715 se

1921 3736 2121 3792 vidisse
2175 3747 2475 3806 testantur,
2529 3741 2672 3810 quod
2725 3742 2840 3812 ipsa
2896 3744 2988 3798 Dei
3032 3747 3276 3814 genitrix.
3315 3747 3534 3804 felicem

1918 3842 2150 3896 puerum
2183 3831 2416 3898 primum
2445 3833 2510 3886 de
2543 3840 2686 3888 terra
2715 3834 2931 3900 levarit,
2962 3847 3018 3890 et
3039 3848 3285 3908 cognata:
3311 3853 3531 3909 partum

1916 3919 2064 3972 omni
2087 3932 2374 3988 prosecuta
2399 3923 2471 3977 sit
2491 3925 2776 3980 servitute.
2804 3925 3139 3998 Quocunque
3161 3942 3341 3987 autem
3367 3935 3532 3990 modo

1920 4013 1998 4068 rei
2034 4013 2196 4082 hujus
2228 4015 2435 4072 veritas
2481 4017 2842 4088 decernatur,
2895 4023 3025 4079 illud
3066 4002 3174 4096 pro.
3212 4037 3363 4084 certo
3409 4045 3532 4093 cer-
3612 4073 3617 4084 .

214 3641 350 3698 fides
391 3645 654 3701 catholica
690 3648 885 3705 Filium
921 3649 1015 3706 Dei
1045 3663 1230 3708 natum
1277 3654 1344 3709 de
1388 3656 1635 3727 Virgine.
1688 3674 1816 3714 cou-

210 3741 430 3800 ceptum
462 3737 528 3792 de
558 3737 760 3810 Fpiritu
783 3742 1105 3810 conﬁtetur;
1139 3754 1196 3798 ut
1234 3746 1451 3802 deitatis
1479 3757 1533 3802 et
1568 3750 1818 3806 humani-

211 3824 347 3878 tatis
377 3825 720 3884 indivisibilis
743 3831 977 3886 adunata
1005 3837 1296 3901 connexio,
1323 3839 1708 3895 vocabulorum
1735 3841 1816 3894 in-

203 3912 518 3994 differentia
544 3919 877 3992 designetur.
912 3924 1076 3981 Vides
1120 3942 1250 3998 ergo
1305 3945 1467 3998 quam
1519 3934 1814 3988 remotiore

205 4006 491 4078 privilegio
541 4028 561 4062 ‹
615 4014 894 4082 speciosus
950 4015 1123 4071 forma
1181 4035 1292 4089 pra:
1351 4019 1475 4075 ﬁliis
1529 4022 1808 4078 hominum

206 4092 388 4164 (Paul.
421 4101 596 4173 xuv),
635 4097 661 4154 ι’
690 4120 718 4157 a
750 4104 873 4160 ﬁliis
902 4107 1184 4164 hominum
1213 4110 1267 4165 in
1299 4113 1656 4180 concipiendo
1694 4115 1808 4169 dis-

198 4197 389 4244 cretus
427 4192 534 4246 sit?
561 4192 638 4247 llli
671 4197 873 4250 etenim
897 4199 964 4253 de
984 4202 1223 4275 peccatis
1250 4211 1302 4256 et
1334 4203 1385 4256 in
1411 4205 1647 4272 peccatis
1673 4220 1806 4260 con~

197 4279 346 4348 (νεριὶ
375 4293 528 4350 ειιιιι;
559 4283 647 4339 hic
677 4286 730 4340 in
762 4286 989 4356 Spiritu,
1023 4298 1078 4344 et
1119 4292 1184 4346 de
1214 4291 1420 4362 Spiritu
1457 4304 1648 4350 sancto
1676 4312 1808 4350 con-

198 4372 420 4441 cipitur.
453 4375 576 4433 "EBG
599 4392 733 4435 sane
760 4381 904 4442 dicta
925 4393 1053 4445 sunt
1080 4385 1146 4440 de
1175 4389 1533 4458 conceptione
1555 4389 1802 4457 Joannis,
1981 4383 2220 4452 Quartus

1455 4405 1533 4445 me
1555 4389 1802 4457 Joannis.
1981 4383 2220 4452 Quartus
2277 4405 2405 4446 vero
2450 4395 2707 4465 gaudium
2755 4397 2826 4450 in
2867 4399 3184 4455 nativitate.
3224 4400 3521 4469 Erubesce,

195 4464 334 4518 nihil
367 4468 773 4537 pra-judicantia
814 4475 1000 4555 sanius
1043 4478 1297 4548 sapienti.
1353 4479 1458 4536 Sed
1486 4484 1588 4538 etsi
1619 4485 1671 4540 in
1705 4487 1800 4541 ali~
1835 4550 1871 4560 _
1908 4475 2148 4545 Ῑλυοίίθτι
2175 4482 2261 4551 qui

1453 4482 1458 4535 ι
1486 4484 1588 4538 etsi
1619 4485 1671 4540 in
1705 4487 1800 4541 ali.
1835 4550 1871 4560 _
1908 4475 2148 4545 Lucifer,
2175 4482 2266 4551 qui
2301 4464 2761 4540 maneoriebaris
2783 4487 2921 4558 (lsa.
2971 4490 3107 4560 xlv),
3141 4499 3196 4547 et
3224 4464 3519 4550 conatuum

190 4568 308 4622 quo
331 4567 639 4613 sanctorum
661 4553 1077 4623 auctoritatibus
1099 4569 1350 4624 videntur
1372 4572 1618 4642 obviare,
1642 4577 1797 4632 volu-
1834 4550 1880 4610 θ
1909 4581 2124 4629 tuorum
2161 4550 2375 4633 fractis.
2398 4579 2720 4650 impulsibus
2760 4583 2976 4639 tandem
3020 4585 3260 4658 intellige
3301 4587 3428 4659 quia
3463 4589 3516 4645 in

192 4661 319 4703 mus
344 4658 400 4703 ut
425 4651 541 4706 sine
561 4655 706 4712 omni
729 4659 1138 4716 excusationum
1191 4663 1275 4718 vel
1305 4663 1678 4723 defensionum
1703 4687 1798 4742 pa-
1907 4666 2202 4723 novissimo
2233 4669 2444 4725 dierum
2481 4680 2742 4742 tanquam
2788 4676 2979 4743 perdix
3024 4651 3379 4735 stultissimus
3428 4697 3516 4736 re-

193 4740 428 4796 trocinio
458 4742 809 4807 subruantur.
1705 4740 1716 4742 ί
1905 4757 2169 4813 manebis.
2201 4740 2700 4820 Machinationibus
2730 4740 2838 4822 tuis
2871 4769 3074 4823 factum
3101 4779 3184 4825 est
3207 4780 3265 4826 ut
3289 4773 3515 4830 humani

267 4831 482 4892 Tertius
513 4847 596 4893 est
627 4841 947 4898 excellentia
987 4845 1040 4900 in
1095 4849 1483 4906 exsultatione.
1522 4852 1562 4908 Α
1595 4854 1794 4910 sacrqu
1901 4851 2116 4920 generis
2140 4853 2473 4911 universitas
2505 4858 2558 4914 in
2587 4860 2829 4928 peccatis
2867 4862 3284 4933 conciperetur,
3323 4883 3515 4924 nasce-

189 4939 301 4978 non
352 4935 435 4980 est
487 4929 730 4987 auditum
783 4935 927 5003 quod
976 4939 1330 4996 cxsultaverit
1365 4944 1491 5013 quis
1531 4945 1584 4999 in
1639 4956 1792 5004 utero
1900 4951 2051 4997 retur
2080 4944 2134 4998 in
2169 4946 2390 5002 trislilia
2431 4947 2586 5020 (Cen.
2637 4952 2745 5022 ll|)-
2787 4950 2894 5008 Sed
2936 4929 3065 5010 CCC—8
3113 4957 3216 5012 iste
3257 4957 3310 5012 in
3353 4968 3512 5014 ulel‘o

187 5016 402 5083 ωαιτίει
433 5034 554 5075 cum
583 5021 671 5099 hic
701 5024 754 5078 in
789 5028 984 5096 gaudio
1024 5031 1327 5088 exsultasse
1355 5035 1585 5111 legatur.
1621 5037 1788 5094 Pror-
1897 5036 2253 5092 sanctificatul

1444 5047 1585 5090 atur.
1621 5037 1788 5094 Pror-
1897 5036 2306 5104 sanctificatur,
2353 5042 2530 5096 oritur
2566 5043 2618 5098 in
2665 5043 2889 5115 gaudio,
2913 5046 3268 5121 laetitiamque
3307 5057 3509 5112 mundo

170 5121 284 5165 'sus
309 5107 640 5221 obstupeqda
659 5115 926 5217 dignatio,
961 5136 1186 5190 puerum
1238 5125 1326 5179 vix
1359 5107 1682 5198 conceptum
1733 5134 1784 5186 in
1895 5144 1993 5184 sua
2028 5133 2318 5192 nativitate
2353 5138 2609 5194 refundit.
2667 5141 2810 5198 Ecce
2834 5158 3015 5215 genus
3042 5107 3337 5205 armatura
3363 5153 3507 5221 quod

183 5206 392 5255 motum
419 5203 798 5262 exsultationis
833 5224 1140 5282 erumpere,
1171 5216 1333 5291 119
1372 5218 1530 5287 eique
1568 5230 1787 5286 gratan.
1896 5222 1992 5277 tibi
2027 5227 2394 5282 constitueras
2440 5230 2508 5284 ad
2539 5203 2875 5299 victoriam:
2914 5233 3110 5292 Joanni
3153 5203 3506 5296 nasciturrad

1893 5327 2172 5370 coronam.
2205 5319 2568 5387 Appreltende
2598 5338 2751 5378 arma
2783 5333 2838 5380 et
2875 5337 3111 5393 scutum,
3153 5341 3214 5386 et
3240 5340 3354 5389 toto
3391 5351 3506 5389 ma-

1889 5403 2152 5475 lignitatis
2185 5418 2289 5465 tute
2326 5412 2518 5481 spiritu
2568 5415 2910 5474 debacclmre
2933 5461 2948 5487 ,
2989 5437 3095 5477 non
3128 5432 3306 5480 tamen
3341 5427 3504 5498 120

1888 5503 2094 5568 poteris
2125 5504 2428 5574 irrumpere
2450 5507 2678 5564 Joannis
2702 5514 3066 5586 privilegium,
3094 5522 3238 5589 quod
3267 5523 3498 5592 benigna

1885 5595 2175 5652 scribentis
2227 5614 2420 5654 manus
2476 5605 2698 5673 proprio
2756 5606 3077 5665 charactere
3126 5613 3494 5684 consignavit.

1886 5684 2110 5742 Multum
2144 5689 2403 5758 deceptus
2427 5733 2440 5756 ,
2477 5695 2704 5751 multum
2753 5698 2973 5756 delusus
3010 5716 3090 5757 es.
3144 5705 3226 5759 An
3274 5705 3496 5777 ignoras

1881 5778 2005 5848 quia
2041 5780 2135 5834 tibi
2165 5781 2244 5835 vir
2271 5781 2502 5839 bellator
2525 5784 2593 5838 ab
2609 5787 2974 5846 adolescentia
2991 5802 3038 5848 ct
3058 5794 3224 5849 etiam
3249 5811 3277 5851 a
3303 5799 3492 5853 matris

1916 4113 2029 4160 tum
2076 4115 2156 4162 est
2183 4148 2196 4172 ,
2247 4109 2374 4178 quia
2425 4126 2532 4166 non
2564 4129 2756 4182 parum
2789 4117 3018 4172 contulit
3049 4135 3220 4189 puero
3248 4125 3529 4182 nascituro

1915 4205 2024 4251 tam
2073 4197 2200 4254 felix
2267 4210 2323 4255 et
2372 4217 2649 4260 morosum
2706 4207 3046 4269 intemeratm
3109 4215 3393 4284 genitricis
3425 4218 3525 4284 b0:-

1909 4290 2152 4360 spitium.

183 5297 273 5344 ter
288 5306 576 5351 occurrere
594 5299 816 5357 servitio
831 5303 1070 5362 dulciore
1091 5322 1250 5378 quem
1269 5311 1514 5381 virginali
1533 5315 1782 5369 substan-

181 5382 274 5439 tia:
300 5391 580 5454 praesensit
605 5392 860 5452 infusum.
890 5395 1052 5456 Beata
1081 5403 1282 5470 anima,
1314 5419 1433 5473 quae
1460 5406 1512 5461 in
1545 5408 1629 5461 via
1658 5426 1782 5478 pcc-

179 5483 427 5532 calorum
457 5497 562 5536 non
586 5485 756 5548 stetit,
787 5489 880 5542 sed
913 5493 1208 5548 secretiore
1234 5498 1428 5549 semita
1455 5497 1520 5551 de
1546 5500 1780 5554 emit-sti-

178 5565 286 5622 bus
329 5567 558 5627 oilicinis
607 5577 927 5646 egrediens,
980 5581 1236 5641 inaudita:
1279 5589 1660 5656 gratulationis
1699 5603 1778 5645 est

174 5655 370 5714 sortita
400 5658 756 5720 dulcedinem.
785 5666 935 5722 Felix
963 5655 1374 5739 Elisaliclhpad
1407 5694 1570 5748 quam
1603 5690 1778 5735 mater

173 5759 430 5819 properat
464 5750 864 5827 Redemptoris,
913 5777 1075 5832 quam
1117 5766 1450 5825 salutatoriis
1499 5771 1773 5844 obsequiis
