  <div class='ocr_page' id='page_1' title='image "/cluster/home/n/w/nwhite01/storage/ocr_20150623/144-145/uc1.31175001639262/324.png"; bbox 0 0 5232 6548; ppageno 0'>
   <div class='ocr_carea' id='block_1_1' title="bbox 150 441 2216 508">
    <p class='ocr_par' dir='ltr' id='par_1_1' title="bbox 150 445 1936 508">
     <span class='ocr_line' id='line_1_1' title="bbox 150 445 1936 508; baseline -0.011 11"><span class='ocrx_word' id='word_1_1' title='bbox 150 450 236 508; x_wconf 71' lang='grc' dir='ltr'><strong>σδδ</strong></span> <span class='ocrx_word' id='word_1_2' title='bbox 1492 447 1726 505; x_wconf 67' lang='grc' dir='ltr'>δειιιιο</span> <span class='ocrx_word' id='word_1_3' title='bbox 1757 445 1936 502; x_wconf 77' lang='lat' dir='ltr'><strong>xxm.</strong></span> 
     </span>
    </p>
   </div>
   <div class='ocr_carea' id='block_1_2' title="bbox 1327 441 3393 508">
    <p class='ocr_par' dir='ltr' id='par_1_2' title="bbox 1492 441 3393 505">
     <span class='ocr_line' id='line_1_2' title="bbox 1492 441 3393 505; baseline -0.004 0"><span class='ocrx_word' id='word_1_4' title='bbox 1492 447 1726 505; x_wconf 75' lang='lat' dir='ltr'><strong>SERMO</strong></span> <span class='ocrx_word' id='word_1_5' title='bbox 1757 445 1936 502; x_wconf 73' lang='lat' dir='ltr'><strong>XXIII.</strong></span> <span class='ocrx_word' id='word_1_6' title='bbox 3290 441 3393 497; x_wconf 60' lang='lat'><strong>63$</strong></span> 
     </span>
    </p>
   </div>
   <div class='ocr_carea' id='block_1_3' title="bbox 152 553 3392 630">
    <p class='ocr_par' dir='ltr' id='par_1_3' title="bbox 152 553 3392 630">
     <span class='ocr_line' id='line_1_3' title="bbox 152 553 3392 630; baseline -0.003 -14"><span class='ocrx_word' id='word_1_7' title='bbox 152 557 367 624; x_wconf 78' lang='lat' dir='ltr'><strong>infundit,</strong></span> <span class='ocrx_word' id='word_1_8' title='bbox 398 557 640 628; x_wconf 80' lang='lat' dir='ltr'><strong>nihilque</strong></span> <span class='ocrx_word' id='word_1_9' title='bbox 663 559 729 614; x_wconf 83' lang='lat' dir='ltr'><strong>de</strong></span> <span class='ocrx_word' id='word_1_10' title='bbox 753 559 990 615; x_wconf 69' lang='lat' dir='ltr'><strong>caelestis</strong></span> <span class='ocrx_word' id='word_1_11' title='bbox 1021 561 1171 630; x_wconf 81' lang='lat' dir='ltr'><strong>regni</strong></span> <span class='ocrx_word' id='word_1_12' title='bbox 1202 557 1371 629; x_wconf 84' lang='lat' dir='ltr'><strong>gloria</strong></span> <span class='ocrx_word' id='word_1_13' title='bbox 1401 561 1694 629; x_wconf 86' lang='lat' dir='ltr'><strong>propheta-</strong></span> <span class='ocrx_word' id='word_1_14' title='bbox 1725 572 1772 629; x_wconf 78' lang='grc' dir='ltr'><strong>Α</strong></span> <span class='ocrx_word' id='word_1_15' title='bbox 1800 561 1919 614; x_wconf 89' lang='lat' dir='ltr'><strong>me?</strong></span> <span class='ocrx_word' id='word_1_16' title='bbox 1945 560 2163 630; x_wconf 75' lang='lat' dir='ltr'><strong>(Matth.</strong></span> <span class='ocrx_word' id='word_1_17' title='bbox 2205 557 2342 628; x_wconf 82' lang='grc' dir='ltr'>ιιι.)ι</span> <span class='ocrx_word' id='word_1_18' title='bbox 2393 555 2531 610; x_wconf 91' lang='lat' dir='ltr'><strong>Dicit</strong></span> <span class='ocrx_word' id='word_1_19' title='bbox 2561 570 2610 610; x_wconf 82' lang='lat' dir='ltr'><strong>Cl</strong></span> <span class='ocrx_word' id='word_1_20' title='bbox 2650 553 2902 608; x_wconf 83' lang='lat' dir='ltr'><strong>Salvator</strong></span> <span class='ocrx_word' id='word_1_21' title='bbox 2932 567 2946 607; x_wconf 90' lang='lat'><strong>:</strong></span> <span class='ocrx_word' id='word_1_22' title='bbox 2979 573 2997 606; x_wconf 77' lang='grc' dir='ltr'><strong>ι</strong></span> <span class='ocrx_word' id='word_1_23' title='bbox 3037 554 3168 610; x_wconf 88' lang='lat' dir='ltr'><strong>Siue</strong></span> <span class='ocrx_word' id='word_1_24' title='bbox 3198 553 3392 627; x_wconf 85' lang='lat' dir='ltr'><strong>modo;</strong></span> 
     </span>
    </p>
   </div>
   <div class='ocr_carea' id='block_1_4' title="bbox 152 646 1696 706">
    <p class='ocr_par' dir='ltr' id='par_1_4' title="bbox 152 646 1696 706">
     <span class='ocr_line' id='line_1_4' title="bbox 152 646 1696 706; baseline 0.001 -2"><span class='ocrx_word' id='word_1_25' title='bbox 152 659 244 705; x_wconf 86' lang='lat' dir='ltr'><strong>tur.</strong></span> <span class='ocrx_word' id='word_1_26' title='bbox 270 646 469 703; x_wconf 83' lang='lat' dir='ltr'><strong>Claudit</strong></span> <span class='ocrx_word' id='word_1_27' title='bbox 498 648 642 702; x_wconf 76' lang='lat' dir='ltr'><strong>Elius</strong></span> <span class='ocrx_word' id='word_1_28' title='bbox 683 648 882 703; x_wconf 64' lang='lat' dir='ltr'><strong>coelum</strong></span> <span class='ocrx_word' id='word_1_29' title='bbox 921 650 1078 705; x_wconf 87' lang='lat' dir='ltr'><strong>annis</strong></span> <span class='ocrx_word' id='word_1_30' title='bbox 1116 651 1289 705; x_wconf 89' lang='lat' dir='ltr'><strong>tribus</strong></span> <span class='ocrx_word' id='word_1_31' title='bbox 1325 660 1380 705; x_wconf 90' lang='lat' dir='ltr'><strong>et</strong></span> <span class='ocrx_word' id='word_1_32' title='bbox 1419 651 1696 706; x_wconf 86' lang='lat' dir='ltr'><strong>mensibus</strong></span> 
     </span>
    </p>
   </div>
   <div class='ocr_carea' id='block_1_5' title="bbox 148 736 1706 812">
    <p class='ocr_par' dir='ltr' id='par_1_5' title="bbox 148 736 1706 812">
     <span class='ocr_line' id='line_1_5' title="bbox 148 736 1706 812; baseline 0 -17"><span class='ocrx_word' id='word_1_33' title='bbox 148 736 353 812; x_wconf 68' lang='lat' dir='ltr'><strong>sexu]!</strong></span> <span class='ocrx_word' id='word_1_34' title='bbox 395 737 520 808; x_wconf 81' lang='lat' dir='ltr'><strong>Reg.</strong></span> <span class='ocrx_word' id='word_1_35' title='bbox 553 737 712 809; x_wconf 77' lang='lat' dir='ltr'><strong>xvu);</strong></span> <span class='ocrx_word' id='word_1_36' title='bbox 746 739 962 795; x_wconf 84' lang='lat' dir='ltr'><strong>Eliseus</strong></span> <span class='ocrx_word' id='word_1_37' title='bbox 1003 751 1252 795; x_wconf 88' lang='lat' dir='ltr'><strong>mortuos</strong></span> <span class='ocrx_word' id='word_1_38' title='bbox 1275 752 1550 795; x_wconf 88' lang='lat' dir='ltr'><strong>mortuum</strong></span> <span class='ocrx_word' id='word_1_39' title='bbox 1577 741 1706 795; x_wconf 62' lang='lat' dir='ltr'><strong>rittc&#39;</strong></span> 
     </span>
    </p>
   </div>
   <div class='ocr_carea' id='block_1_6' title="bbox 150 819 1694 899">
    <p class='ocr_par' dir='ltr' id='par_1_6' title="bbox 150 819 1694 899">
     <span class='ocr_line' id='line_1_6' title="bbox 150 819 1694 899; baseline -0.001 -14"><span class='ocrx_word' id='word_1_40' title='bbox 150 829 352 885; x_wconf 88' lang='lat' dir='ltr'><strong>restituit</strong></span> <span class='ocrx_word' id='word_1_41' title='bbox 382 826 488 899; x_wconf 83' lang='lat' dir='ltr'><strong>(IV</strong></span> <span class='ocrx_word' id='word_1_42' title='bbox 511 827 635 897; x_wconf 77' lang='lat' dir='ltr'><strong>Reg.</strong></span> <span class='ocrx_word' id='word_1_43' title='bbox 668 833 773 899; x_wconf 69' lang='lat' dir='ltr'><strong>tv);</strong></span> <span class='ocrx_word' id='word_1_44' title='bbox 806 839 861 883; x_wconf 89' lang='lat' dir='ltr'><strong>et</strong></span> <span class='ocrx_word' id='word_1_45' title='bbox 883 828 953 883; x_wconf 84' lang='lat' dir='ltr'><strong>ab</strong></span> <span class='ocrx_word' id='word_1_46' title='bbox 982 831 1067 885; x_wconf 87' lang='lat' dir='ltr'><strong>his</strong></span> <span class='ocrx_word' id='word_1_47' title='bbox 1090 847 1188 886; x_wconf 91' lang='lat' dir='ltr'><strong>nec</strong></span> <span class='ocrx_word' id='word_1_48' title='bbox 1219 831 1300 886; x_wconf 90' lang='lat' dir='ltr'><strong>vel</strong></span> <span class='ocrx_word' id='word_1_49' title='bbox 1335 831 1441 886; x_wconf 89' lang='lat' dir='ltr'><strong>ulla</strong></span> <span class='ocrx_word' id='word_1_50' title='bbox 1484 819 1694 886; x_wconf 84' lang='lat' dir='ltr'><strong>scintil-</strong></span> 
     </span>
    </p>
   </div>
   <div class='ocr_carea' id='block_1_7' title="bbox 149 918 1701 990">
    <p class='ocr_par' dir='ltr' id='par_1_7' title="bbox 149 918 1701 990">
     <span class='ocr_line' id='line_1_7' title="bbox 149 918 1701 990; baseline 0.001 -17"><span class='ocrx_word' id='word_1_51' title='bbox 149 919 242 974; x_wconf 88' lang='lat' dir='ltr'><strong>lula</strong></span> <span class='ocrx_word' id='word_1_52' title='bbox 268 919 424 974; x_wconf 73' lang='lat' dir='ltr'><strong>beata:</strong></span> <span class='ocrx_word' id='word_1_53' title='bbox 461 918 756 972; x_wconf 78' lang='lat' dir='ltr'><strong>mansionis</strong></span> <span class='ocrx_word' id='word_1_54' title='bbox 787 920 982 974; x_wconf 90' lang='lat' dir='ltr'><strong>elucet.</strong></span> <span class='ocrx_word' id='word_1_55' title='bbox 1016 921 1154 987; x_wconf 76' lang='lat' dir='ltr'><strong>Quid</strong></span> <span class='ocrx_word' id='word_1_56' title='bbox 1195 921 1384 990; x_wconf 83' lang='lat' dir='ltr'><strong>plura?</strong></span> <span class='ocrx_word' id='word_1_57' title='bbox 1411 923 1457 975; x_wconf 85' lang='lat' dir='ltr'><strong>A</strong></span> <span class='ocrx_word' id='word_1_58' title='bbox 1494 921 1701 990; x_wconf 55' lang='lat' dir='ltr'><strong>princia</strong></span> 
     </span>
    </p>
   </div>
   <div class='ocr_carea' id='block_1_8' title="bbox 147 1009 1696 1084">
    <p class='ocr_par' dir='ltr' id='par_1_8' title="bbox 147 1009 1696 1084">
     <span class='ocr_line' id='line_1_8' title="bbox 147 1009 1696 1084; baseline 0.002 -20"><span class='ocrx_word' id='word_1_59' title='bbox 147 1011 228 1082; x_wconf 89' lang='lat' dir='ltr'><strong>pio</strong></span> <span class='ocrx_word' id='word_1_60' title='bbox 245 1010 408 1064; x_wconf 88' lang='lat' dir='ltr'><strong>mundi</strong></span> <span class='ocrx_word' id='word_1_61' title='bbox 439 1023 607 1080; x_wconf 80' lang='lat' dir='ltr'><strong>usque</strong></span> <span class='ocrx_word' id='word_1_62' title='bbox 635 1010 702 1064; x_wconf 89' lang='lat' dir='ltr'><strong>ad</strong></span> <span class='ocrx_word' id='word_1_63' title='bbox 731 1009 991 1065; x_wconf 78' lang='lat' dir='ltr'><strong>Joannem</strong></span> <span class='ocrx_word' id='word_1_64' title='bbox 1017 1013 1385 1068; x_wconf 83' lang='lat' dir='ltr'><strong>universitatis</strong></span> <span class='ocrx_word' id='word_1_65' title='bbox 1411 1015 1567 1084; x_wconf 75' lang='lat'><strong>122</strong></span> <span class='ocrx_word' id='word_1_66' title='bbox 1596 1014 1696 1068; x_wconf 91' lang='lat' dir='ltr'><strong>hu-</strong></span> 
     </span>
    </p>
   </div>
   <div class='ocr_carea' id='block_1_9' title="bbox 146 1096 1697 1172">
    <p class='ocr_par' dir='ltr' id='par_1_9' title="bbox 146 1096 1697 1172">
     <span class='ocr_line' id='line_1_9' title="bbox 146 1096 1697 1172; baseline 0.001 -16"><span class='ocrx_word' id='word_1_67' title='bbox 146 1111 296 1156; x_wconf 73' lang='lat' dir='ltr'><strong>mana:</strong></span> <span class='ocrx_word' id='word_1_68' title='bbox 336 1096 647 1156; x_wconf 86' lang='lat' dir='ltr'><strong>electionem</strong></span> <span class='ocrx_word' id='word_1_69' title='bbox 701 1102 974 1172; x_wconf 75' lang='lat' dir='ltr'><strong>recollige,</strong></span> <span class='ocrx_word' id='word_1_70' title='bbox 1025 1119 1127 1158; x_wconf 88' lang='lat' dir='ltr'><strong>nec</strong></span> <span class='ocrx_word' id='word_1_71' title='bbox 1204 1107 1256 1158; x_wconf 92' lang='lat' dir='ltr'><strong>in</strong></span> <span class='ocrx_word' id='word_1_72' title='bbox 1303 1119 1556 1161; x_wconf 81' lang='lat' dir='ltr'><strong>sermone</strong></span> <span class='ocrx_word' id='word_1_73' title='bbox 1611 1105 1697 1161; x_wconf 86' lang='lat' dir='ltr'><strong>vel</strong></span> 
     </span>
    </p>
   </div>
   <div class='ocr_carea' id='block_1_10' title="bbox 139 1189 1692 1265">
    <p class='ocr_par' dir='ltr' id='par_1_10' title="bbox 139 1189 1692 1265">
     <span class='ocr_line' id='line_1_10' title="bbox 139 1189 1692 1265; baseline 0.003 -20"><span class='ocrx_word' id='word_1_74' title='bbox 139 1204 286 1260; x_wconf 85' lang='lat' dir='ltr'><strong>opere</strong></span> <span class='ocrx_word' id='word_1_75' title='bbox 311 1189 448 1245; x_wconf 88' lang='lat' dir='ltr'><strong>illius</strong></span> <span class='ocrx_word' id='word_1_76' title='bbox 482 1193 776 1246; x_wconf 77' lang='lat' dir='ltr'><strong>sanctuarii</strong></span> <span class='ocrx_word' id='word_1_77' title='bbox 817 1193 1022 1262; x_wconf 89' lang='lat' dir='ltr'><strong>poteris</strong></span> <span class='ocrx_word' id='word_1_78' title='bbox 1057 1195 1295 1265; x_wconf 84' lang='lat' dir='ltr'><strong>reperire</strong></span> <span class='ocrx_word' id='word_1_79' title='bbox 1329 1195 1692 1250; x_wconf 81' lang='lat' dir='ltr'><strong>dulcedinem.</strong></span> 
     </span>
    </p>
   </div>
   <div class='ocr_carea' id='block_1_11' title="bbox 145 1280 1693 1352">
    <p class='ocr_par' dir='ltr' id='par_1_11' title="bbox 145 1280 1693 1352">
     <span class='ocr_line' id='line_1_11' title="bbox 145 1280 1693 1352; baseline 0.001 -16"><span class='ocrx_word' id='word_1_80' title='bbox 145 1282 262 1336; x_wconf 74' lang='lat' dir='ltr'><strong>chi</strong></span> <span class='ocrx_word' id='word_1_81' title='bbox 291 1294 410 1352; x_wconf 86' lang='lat' dir='ltr'><strong>ergo</strong></span> <span class='ocrx_word' id='word_1_82' title='bbox 439 1282 508 1336; x_wconf 83' lang='lat' dir='ltr'><strong>ad</strong></span> <span class='ocrx_word' id='word_1_83' title='bbox 536 1280 819 1348; x_wconf 81' lang='lat' dir='ltr'><strong>Joannem,</strong></span> <span class='ocrx_word' id='word_1_84' title='bbox 849 1293 903 1336; x_wconf 90' lang='lat' dir='ltr'><strong>ct</strong></span> <span class='ocrx_word' id='word_1_85' title='bbox 925 1283 1052 1337; x_wconf 87' lang='lat' dir='ltr'><strong>audi</strong></span> <span class='ocrx_word' id='word_1_86' title='bbox 1077 1301 1262 1340; x_wconf 85' lang='lat' dir='ltr'><strong>vocem</strong></span> <span class='ocrx_word' id='word_1_87' title='bbox 1287 1286 1693 1351; x_wconf 78' lang='lat' dir='ltr'><strong>exsultationis,</strong></span> 
     </span>
    </p>
   </div>
   <div class='ocr_carea' id='block_1_12' title="bbox 144 1372 1693 1440">
    <p class='ocr_par' dir='ltr' id='par_1_12' title="bbox 144 1372 1693 1440">
     <span class='ocr_line' id='line_1_12' title="bbox 144 1372 1693 1440; baseline 0.003 -16"><span class='ocrx_word' id='word_1_88' title='bbox 144 1383 307 1426; x_wconf 79' lang='lat' dir='ltr'><strong>vocem</strong></span> <span class='ocrx_word' id='word_1_89' title='bbox 336 1372 607 1435; x_wconf 74' lang='lat' dir='ltr'><strong>novitatis,</strong></span> <span class='ocrx_word' id='word_1_90' title='bbox 646 1388 829 1428; x_wconf 88' lang='lat' dir='ltr'><strong>vocem</strong></span> <span class='ocrx_word' id='word_1_91' title='bbox 871 1373 1094 1440; x_wconf 67' lang='lat' dir='ltr'><strong>ltetitite,</strong></span> <span class='ocrx_word' id='word_1_92' title='bbox 1144 1376 1531 1431; x_wconf 78' lang='lat' dir='ltr'><strong>misericordia:</strong></span> <span class='ocrx_word' id='word_1_93' title='bbox 1565 1391 1693 1432; x_wconf 88' lang='lat' dir='ltr'><strong>ver-</strong></span> 
     </span>
    </p>
   </div>
   <div class='ocr_carea' id='block_1_13' title="bbox 141 1463 1693 1538">
    <p class='ocr_par' dir='ltr' id='par_1_13' title="bbox 141 1463 1693 1538">
     <span class='ocr_line' id='line_1_13' title="bbox 141 1463 1693 1538; baseline 0.005 -24"><span class='ocrx_word' id='word_1_94' title='bbox 141 1463 272 1526; x_wconf 80' lang='lat' dir='ltr'><strong>bum,</strong></span> <span class='ocrx_word' id='word_1_95' title='bbox 313 1477 613 1518; x_wconf 82' lang='lat' dir='ltr'><strong>sermonem</strong></span> <span class='ocrx_word' id='word_1_96' title='bbox 662 1463 868 1531; x_wconf 61' lang='lat' dir='ltr'><strong>gloria,</strong></span> <span class='ocrx_word' id='word_1_97' title='bbox 925 1466 1114 1536; x_wconf 71' lang='lat' dir='ltr'><strong>gratiae</strong></span> <span class='ocrx_word' id='word_1_98' title='bbox 1154 1467 1493 1538; x_wconf 90' lang='lat' dir='ltr'><strong>largitatem;</strong></span> <span class='ocrx_word' id='word_1_99' title='bbox 1547 1468 1693 1538; x_wconf 88' lang='lat' dir='ltr'><strong>quod</strong></span> 
     </span>
    </p>
   </div>
   <div class='ocr_carea' id='block_1_14' title="bbox 137 1551 1694 1628">
    <p class='ocr_par' dir='ltr' id='par_1_14' title="bbox 137 1551 1694 1628">
     <span class='ocr_line' id='line_1_14' title="bbox 137 1551 1694 1628; baseline 0.004 -22"><span class='ocrx_word' id='word_1_100' title='bbox 137 1551 384 1606; x_wconf 82' lang='lat' dir='ltr'><strong>celaverat</strong></span> <span class='ocrx_word' id='word_1_101' title='bbox 413 1552 572 1617; x_wconf 88' lang='lat' dir='ltr'><strong>Deus,</strong></span> <span class='ocrx_word' id='word_1_102' title='bbox 608 1561 861 1608; x_wconf 89' lang='lat' dir='ltr'><strong>tacuerat</strong></span> <span class='ocrx_word' id='word_1_103' title='bbox 901 1557 1144 1627; x_wconf 87' lang='lat' dir='ltr'><strong>angelus,</strong></span> <span class='ocrx_word' id='word_1_104' title='bbox 1189 1557 1419 1612; x_wconf 88' lang='lat' dir='ltr'><strong>latuerat</strong></span> <span class='ocrx_word' id='word_1_105' title='bbox 1458 1559 1694 1628; x_wconf 86' lang='lat' dir='ltr'><strong>patriar-</strong></span> 
     </span>
    </p>
   </div>
   <div class='ocr_carea' id='block_1_15' title="bbox 135 1642 1688 1718">
    <p class='ocr_par' dir='ltr' id='par_1_15' title="bbox 135 1642 1688 1718">
     <span class='ocr_line' id='line_1_15' title="bbox 135 1642 1688 1718; baseline 0.003 -20"><span class='ocrx_word' id='word_1_106' title='bbox 135 1644 271 1706; x_wconf 80' lang='lat' dir='ltr'><strong>chas,</strong></span> <span class='ocrx_word' id='word_1_107' title='bbox 305 1642 574 1712; x_wconf 69' lang='lat' dir='ltr'><strong>propheta:</strong></span> <span class='ocrx_word' id='word_1_108' title='bbox 610 1645 952 1700; x_wconf 82' lang='lat' dir='ltr'><strong>nescieram:</strong></span> <span class='ocrx_word' id='word_1_109' title='bbox 991 1664 1009 1698; x_wconf 77' lang='grc' dir='ltr'><strong>ι</strong></span> <span class='ocrx_word' id='word_1_110' title='bbox 1049 1645 1454 1713; x_wconf 76' lang='lat' dir='ltr'><strong>Pcenitenliam,</strong></span> <span class='ocrx_word' id='word_1_111' title='bbox 1493 1649 1688 1718; x_wconf 85' lang='lat' dir='ltr'><strong>inquit,</strong></span> 
     </span>
    </p>
   </div>
   <div class='ocr_carea' id='block_1_16' title="bbox 133 1734 1688 1812">
    <p class='ocr_par' dir='ltr' id='par_1_16' title="bbox 133 1734 1688 1812">
     <span class='ocr_line' id='line_1_16' title="bbox 133 1734 1688 1812; baseline 0.003 -24"><span class='ocrx_word' id='word_1_112' title='bbox 133 1734 288 1805; x_wconf 81' lang='lat' dir='ltr'><strong>agite;</strong></span> <span class='ocrx_word' id='word_1_113' title='bbox 311 1735 754 1806; x_wconf 89' lang='lat' dir='ltr'><strong>appropinquabit</strong></span> <span class='ocrx_word' id='word_1_114' title='bbox 773 1738 916 1790; x_wconf 82' lang='lat' dir='ltr'><strong>enim</strong></span> <span class='ocrx_word' id='word_1_115' title='bbox 943 1753 1166 1807; x_wconf 90' lang='lat' dir='ltr'><strong>regnum</strong></span> <span class='ocrx_word' id='word_1_116' title='bbox 1193 1740 1688 1812; x_wconf 71' lang='lat' dir='ltr'><strong>cm!orum(Mattli.</strong></span> 
     </span>
    </p>
   </div>
   <div class='ocr_carea' id='block_1_17' title="bbox 133 1823 1692 1901">
    <p class='ocr_par' dir='ltr' id='par_1_17' title="bbox 133 1823 1692 1901">
     <span class='ocr_line' id='line_1_17' title="bbox 133 1823 1692 1901; baseline 0.004 -23"><span class='ocrx_word' id='word_1_117' title='bbox 133 1825 230 1894; x_wconf 90' lang='grc' dir='ltr'>ιιι).</span> <span class='ocrx_word' id='word_1_118' title='bbox 263 1844 280 1878; x_wconf 86' lang='grc' dir='ltr'><strong>ι</strong></span> <span class='ocrx_word' id='word_1_119' title='bbox 315 1823 544 1881; x_wconf 77' lang='lat' dir='ltr'><strong>Verbum</strong></span> <span class='ocrx_word' id='word_1_120' title='bbox 575 1827 905 1895; x_wconf 78' lang='lat' dir='ltr'><strong>pmnitentia:</strong></span> <span class='ocrx_word' id='word_1_121' title='bbox 933 1828 1111 1892; x_wconf 85' lang='lat' dir='ltr'><strong>dulce.</strong></span> <span class='ocrx_word' id='word_1_122' title='bbox 1151 1839 1206 1885; x_wconf 92' lang='lat' dir='ltr'><strong>et</strong></span> <span class='ocrx_word' id='word_1_123' title='bbox 1239 1830 1536 1901; x_wconf 71' lang='lat' dir='ltr'><strong>gloriosum</strong></span> <span class='ocrx_word' id='word_1_124' title='bbox 1570 1845 1692 1885; x_wconf 84' lang='lat' dir='ltr'><strong>vcr-</strong></span> 
     </span>
    </p>
   </div>
   <div class='ocr_carea' id='block_1_18' title="bbox 1796 644 3390 719">
    <p class='ocr_par' dir='ltr' id='par_1_18' title="bbox 1796 644 3390 719">
     <span class='ocr_line' id='line_1_18' title="bbox 1796 644 3390 719; baseline -0.004 -14"><span class='ocrx_word' id='word_1_125' title='bbox 1796 653 1875 705; x_wconf 90' lang='lat' dir='ltr'><strong>sic</strong></span> <span class='ocrx_word' id='word_1_126' title='bbox 1890 652 2033 705; x_wconf 88' lang='lat' dir='ltr'><strong>enim</strong></span> <span class='ocrx_word' id='word_1_127' title='bbox 2056 652 2213 706; x_wconf 88' lang='lat' dir='ltr'><strong>decet</strong></span> <span class='ocrx_word' id='word_1_128' title='bbox 2235 666 2337 708; x_wconf 90' lang='lat' dir='ltr'><strong>nos</strong></span> <span class='ocrx_word' id='word_1_129' title='bbox 2357 650 2584 719; x_wconf 85' lang='lat' dir='ltr'><strong>implere</strong></span> <span class='ocrx_word' id='word_1_130' title='bbox 2600 665 2820 706; x_wconf 88' lang='lat' dir='ltr'><strong>omnem</strong></span> <span class='ocrx_word' id='word_1_131' title='bbox 2837 647 3107 718; x_wconf 83' lang='lat' dir='ltr'><strong>justitiam</strong></span> <span class='ocrx_word' id='word_1_132' title='bbox 3130 645 3178 718; x_wconf 82' lang='grc' dir='ltr'><strong>(Ι</strong></span> <span class='ocrx_word' id='word_1_133' title='bbox 3186 647 3274 701; x_wconf 80' lang='lat' dir='ltr'><strong>bid</strong></span> <span class='ocrx_word' id='word_1_134' title='bbox 3282 644 3340 713; x_wconf 91' lang='lat'><strong>.).</strong></span> <span class='ocrx_word' id='word_1_135' title='bbox 3369 666 3390 698; x_wconf 75' lang='grc' dir='ltr'><strong>ι</strong></span> 
     </span>
    </p>
   </div>
   <div class='ocr_carea' id='block_1_19' title="bbox 1795 738 3397 814">
    <p class='ocr_par' dir='ltr' id='par_1_19' title="bbox 1795 738 3397 814">
     <span class='ocr_line' id='line_1_19' title="bbox 1795 738 3397 814; baseline -0.004 -17"><span class='ocrx_word' id='word_1_136' title='bbox 1795 742 2175 814; x_wconf 76' lang='lat' dir='ltr'><strong>Acqniescitur</strong></span> <span class='ocrx_word' id='word_1_137' title='bbox 2204 743 2459 813; x_wconf 79' lang='lat' dir='ltr'><strong>utrinque</strong></span> <span class='ocrx_word' id='word_1_138' title='bbox 2490 741 2821 797; x_wconf 78' lang='lat' dir='ltr'><strong>salutaribus</strong></span> <span class='ocrx_word' id='word_1_139' title='bbox 2856 740 3098 804; x_wconf 84' lang='lat' dir='ltr'><strong>monitis,</strong></span> <span class='ocrx_word' id='word_1_140' title='bbox 3134 748 3188 793; x_wconf 83' lang='lat' dir='ltr'><strong>et</strong></span> <span class='ocrx_word' id='word_1_141' title='bbox 3214 738 3397 793; x_wconf 80' lang='lat' dir='ltr'><strong>accin-</strong></span> 
     </span>
    </p>
   </div>
   <div class='ocr_carea' id='block_1_20' title="bbox 1796 829 3394 904">
    <p class='ocr_par' dir='ltr' id='par_1_20' title="bbox 1796 829 3394 904">
     <span class='ocr_line' id='line_1_20' title="bbox 1796 829 3394 904; baseline -0.002 -19"><span class='ocrx_word' id='word_1_142' title='bbox 1796 833 1874 903; x_wconf 88' lang='lat' dir='ltr'><strong>git</strong></span> <span class='ocrx_word' id='word_1_143' title='bbox 1909 848 1968 887; x_wconf 90' lang='lat' dir='ltr'><strong>se</strong></span> <span class='ocrx_word' id='word_1_144' title='bbox 1994 831 2234 888; x_wconf 83' lang='lat' dir='ltr'><strong>Joannes</strong></span> <span class='ocrx_word' id='word_1_145' title='bbox 2269 833 2338 886; x_wconf 87' lang='lat' dir='ltr'><strong>ad</strong></span> <span class='ocrx_word' id='word_1_146' title='bbox 2375 833 2764 904; x_wconf 84' lang='lat' dir='ltr'><strong>baptizandum</strong></span> <span class='ocrx_word' id='word_1_147' title='bbox 2803 839 2858 886; x_wconf 83' lang='lat' dir='ltr'><strong>et</strong></span> <span class='ocrx_word' id='word_1_148' title='bbox 2891 830 2958 884; x_wconf 86' lang='lat' dir='ltr'><strong>ad</strong></span> <span class='ocrx_word' id='word_1_149' title='bbox 2991 829 3394 900; x_wconf 88' lang='lat' dir='ltr'><strong>suspiciendqu</strong></span> 
     </span>
    </p>
   </div>
   <div class='ocr_carea' id='block_1_21' title="bbox 1801 918 3396 995">
    <p class='ocr_par' dir='ltr' id='par_1_21' title="bbox 1801 918 3396 995">
     <span class='ocr_line' id='line_1_21' title="bbox 1801 918 3396 995; baseline -0.001 -19"><span class='ocrx_word' id='word_1_150' title='bbox 1801 922 2084 977; x_wconf 83' lang='lat' dir='ltr'><strong>Dominum</strong></span> <span class='ocrx_word' id='word_1_151' title='bbox 2114 921 2453 995; x_wconf 70' lang='lat' dir='ltr'><strong>angelorum.</strong></span> <span class='ocrx_word' id='word_1_152' title='bbox 2489 922 2721 976; x_wconf 79' lang='lat' dir='ltr'><strong>Exuitur</strong></span> <span class='ocrx_word' id='word_1_153' title='bbox 2750 919 3094 975; x_wconf 82' lang='lat' dir='ltr'><strong>vestimentis</strong></span> <span class='ocrx_word' id='word_1_154' title='bbox 3123 919 3238 975; x_wconf 87' lang='lat' dir='ltr'><strong>suis</strong></span> <span class='ocrx_word' id='word_1_155' title='bbox 3277 918 3396 974; x_wconf 78' lang='lat' dir='ltr'><strong>Rex</strong></span> 
     </span>
    </p>
   </div>
   <div class='ocr_carea' id='block_1_22' title="bbox 1766 1008 3395 1085">
    <p class='ocr_par' dir='ltr' id='par_1_22' title="bbox 1766 1008 3395 1085">
     <span class='ocr_line' id='line_1_22' title="bbox 1766 1008 3395 1085; baseline -0.002 -20"><span class='ocrx_word' id='word_1_156' title='bbox 1766 1013 2002 1085; x_wconf 62' lang='lat' dir='ltr'><strong>gloriae,</strong></span> <span class='ocrx_word' id='word_1_157' title='bbox 2033 1011 2288 1080; x_wconf 66' lang='lat' dir='ltr'><strong>splendor</strong></span> <span class='ocrx_word' id='word_1_158' title='bbox 2318 1011 2560 1076; x_wconf 88' lang='lat' dir='ltr'><strong>luminis,</strong></span> <span class='ocrx_word' id='word_1_159' title='bbox 2606 1021 2662 1066; x_wconf 91' lang='lat' dir='ltr'><strong>et</strong></span> <span class='ocrx_word' id='word_1_160' title='bbox 2703 1010 2873 1081; x_wconf 82' lang='lat' dir='ltr'><strong>ﬁgura</strong></span> <span class='ocrx_word' id='word_1_161' title='bbox 2921 1009 3241 1064; x_wconf 72' lang='lat' dir='ltr'><strong>substantia:</strong></span> <span class='ocrx_word' id='word_1_162' title='bbox 3275 1008 3395 1074; x_wconf 87' lang='lat' dir='ltr'><strong>Dei,</strong></span> 
     </span>
    </p>
   </div>
   <div class='ocr_carea' id='block_1_23' title="bbox 1795 1099 3398 1168">
    <p class='ocr_par' dir='ltr' id='par_1_23' title="bbox 1795 1099 3398 1168">
     <span class='ocr_line' id='line_1_23' title="bbox 1795 1099 3398 1168; baseline -0.002 -12"><span class='ocrx_word' id='word_1_163' title='bbox 1795 1100 2020 1158; x_wconf 79' lang='lat' dir='ltr'><strong>Joannis</strong></span> <span class='ocrx_word' id='word_1_164' title='bbox 2061 1103 2310 1156; x_wconf 87' lang='lat' dir='ltr'><strong>manibus</strong></span> <span class='ocrx_word' id='word_1_165' title='bbox 2351 1110 2695 1156; x_wconf 82' lang='lat' dir='ltr'><strong>attrectalur.</strong></span> <span class='ocrx_word' id='word_1_166' title='bbox 2747 1100 2889 1156; x_wconf 79' lang='lat' dir='ltr'><strong>Caro</strong></span> <span class='ocrx_word' id='word_1_167' title='bbox 2933 1099 3022 1152; x_wconf 87' lang='lat' dir='ltr'><strong>illa</strong></span> <span class='ocrx_word' id='word_1_168' title='bbox 3067 1109 3284 1168; x_wconf 89' lang='lat' dir='ltr'><strong>sumpta</strong></span> <span class='ocrx_word' id='word_1_169' title='bbox 3330 1099 3398 1153; x_wconf 88' lang='lat' dir='ltr'><strong>de</strong></span> 
     </span>
    </p>
   </div>
   <div class='ocr_carea' id='block_1_24' title="bbox 1799 1187 3402 1263">
    <p class='ocr_par' dir='ltr' id='par_1_24' title="bbox 1799 1187 3402 1263">
     <span class='ocr_line' id='line_1_24' title="bbox 1799 1187 3402 1263; baseline -0.003 -16"><span class='ocrx_word' id='word_1_170' title='bbox 1799 1193 2038 1263; x_wconf 86' lang='lat' dir='ltr'><strong>Virgine,</strong></span> <span class='ocrx_word' id='word_1_171' title='bbox 2068 1190 2492 1260; x_wconf 83' lang='lat' dir='ltr'><strong>candidiorequc</strong></span> <span class='ocrx_word' id='word_1_172' title='bbox 2512 1191 2756 1245; x_wconf 88' lang='lat' dir='ltr'><strong>derivata</strong></span> <span class='ocrx_word' id='word_1_173' title='bbox 2782 1189 3040 1254; x_wconf 85' lang='lat' dir='ltr'><strong>materia,</strong></span> <span class='ocrx_word' id='word_1_174' title='bbox 3071 1187 3308 1243; x_wconf 80' lang='lat' dir='ltr'><strong>nudatur</strong></span> <span class='ocrx_word' id='word_1_175' title='bbox 3337 1189 3402 1244; x_wconf 83' lang='lat' dir='ltr'><strong>in-</strong></span> 
     </span>
    </p>
   </div>
   <div class='ocr_carea' id='block_1_25' title="bbox 1795 1277 3398 1350">
    <p class='ocr_par' dir='ltr' id='par_1_25' title="bbox 1795 1277 3398 1350">
     <span class='ocr_line' id='line_1_25' title="bbox 1795 1277 3398 1350; baseline -0.002 -15"><span class='ocrx_word' id='word_1_176' title='bbox 1795 1280 2039 1344; x_wconf 85' lang='lat' dir='ltr'><strong>ﬂumine,</strong></span> <span class='ocrx_word' id='word_1_177' title='bbox 2067 1280 2320 1334; x_wconf 80' lang='lat' dir='ltr'><strong>felicibus</strong></span> <span class='ocrx_word' id='word_1_178' title='bbox 2343 1278 2602 1350; x_wconf 75' lang='lat' dir='ltr'><strong>Baptista:</strong></span> <span class='ocrx_word' id='word_1_179' title='bbox 2624 1279 2876 1334; x_wconf 88' lang='lat' dir='ltr'><strong>manibus</strong></span> <span class='ocrx_word' id='word_1_180' title='bbox 2910 1277 3257 1332; x_wconf 81' lang='lat' dir='ltr'><strong>infundenda.</strong></span> <span class='ocrx_word' id='word_1_181' title='bbox 3298 1277 3398 1332; x_wconf 84' lang='lat' dir='ltr'><strong>De-</strong></span> 
     </span>
    </p>
   </div>
   <div class='ocr_carea' id='block_1_26' title="bbox 1796 1369 3396 1442">
    <p class='ocr_par' dir='ltr' id='par_1_26' title="bbox 1796 1369 3396 1442">
     <span class='ocr_line' id='line_1_26' title="bbox 1796 1369 3396 1442; baseline -0.001 -17"><span class='ocrx_word' id='word_1_182' title='bbox 1796 1372 2064 1426; x_wconf 87' lang='lat' dir='ltr'><strong>scendunt</strong></span> <span class='ocrx_word' id='word_1_183' title='bbox 2089 1371 2300 1442; x_wconf 77' lang='lat' dir='ltr'><strong>angeli;</strong></span> <span class='ocrx_word' id='word_1_184' title='bbox 2334 1379 2390 1427; x_wconf 91' lang='lat' dir='ltr'><strong>et</strong></span> <span class='ocrx_word' id='word_1_185' title='bbox 2415 1370 2681 1425; x_wconf 61' lang='lat' dir='ltr'><strong>caelorum</strong></span> <span class='ocrx_word' id='word_1_186' title='bbox 2707 1369 2922 1441; x_wconf 85' lang='lat' dir='ltr'><strong>agmina</strong></span> <span class='ocrx_word' id='word_1_187' title='bbox 2948 1378 3060 1424; x_wconf 89' lang='lat' dir='ltr'><strong>tota</strong></span> <span class='ocrx_word' id='word_1_188' title='bbox 3089 1370 3396 1425; x_wconf 87' lang='lat' dir='ltr'><strong>reverentia</strong></span> 
     </span>
    </p>
   </div>
   <div class='ocr_carea' id='block_1_27' title="bbox 1796 1459 3396 1530">
    <p class='ocr_par' dir='ltr' id='par_1_27' title="bbox 1796 1459 3396 1530">
     <span class='ocr_line' id='line_1_27' title="bbox 1796 1459 3396 1530; baseline -0.003 -12"><span class='ocrx_word' id='word_1_189' title='bbox 1796 1469 2028 1518; x_wconf 87' lang='lat' dir='ltr'><strong>currunt</strong></span> <span class='ocrx_word' id='word_1_190' title='bbox 2069 1462 2136 1514; x_wconf 90' lang='lat' dir='ltr'><strong>ad</strong></span> <span class='ocrx_word' id='word_1_191' title='bbox 2167 1460 2506 1525; x_wconf 86' lang='lat' dir='ltr'><strong>Creatorem,</strong></span> <span class='ocrx_word' id='word_1_192' title='bbox 2539 1460 3019 1530; x_wconf 82' lang='lat' dir='ltr'><strong>baptizantemque</strong></span> <span class='ocrx_word' id='word_1_193' title='bbox 3060 1469 3116 1514; x_wconf 90' lang='lat' dir='ltr'><strong>et</strong></span> <span class='ocrx_word' id='word_1_194' title='bbox 3149 1459 3396 1528; x_wconf 82' lang='lat' dir='ltr'><strong>baptiza-</strong></span> 
     </span>
    </p>
   </div>
   <div class='ocr_carea' id='block_1_28' title="bbox 1797 1550 3399 1620">
    <p class='ocr_par' dir='ltr' id='par_1_28' title="bbox 1797 1550 3399 1620">
     <span class='ocr_line' id='line_1_28' title="bbox 1797 1550 3399 1620; baseline 0.001 -16"><span class='ocrx_word' id='word_1_195' title='bbox 1797 1561 1910 1605; x_wconf 87' lang='lat' dir='ltr'><strong>tum</strong></span> <span class='ocrx_word' id='word_1_196' title='bbox 1963 1551 2297 1606; x_wconf 89' lang='lat' dir='ltr'><strong>dominantia</strong></span> <span class='ocrx_word' id='word_1_197' title='bbox 2357 1552 2582 1605; x_wconf 85' lang='lat' dir='ltr'><strong>numina</strong></span> <span class='ocrx_word' id='word_1_198' title='bbox 2639 1551 3101 1620; x_wconf 84' lang='lat' dir='ltr'><strong>circumcingunt.</strong></span> <span class='ocrx_word' id='word_1_199' title='bbox 3158 1550 3399 1606; x_wconf 82' lang='lat' dir='ltr'><strong>lnl&#39;undit</strong></span> 
     </span>
    </p>
   </div>
   <div class='ocr_carea' id='block_1_29' title="bbox 1796 1642 3397 1713">
    <p class='ocr_par' dir='ltr' id='par_1_29' title="bbox 1796 1642 3397 1713">
     <span class='ocr_line' id='line_1_29' title="bbox 1796 1642 3397 1713; baseline 0.001 -17"><span class='ocrx_word' id='word_1_200' title='bbox 1796 1659 1993 1713; x_wconf 87' lang='lat' dir='ltr'><strong>aquam</strong></span> <span class='ocrx_word' id='word_1_201' title='bbox 2024 1643 2188 1713; x_wconf 78' lang='lat' dir='ltr'><strong>capiti</strong></span> <span class='ocrx_word' id='word_1_202' title='bbox 2229 1643 2386 1713; x_wconf 73' lang='lat'><strong>123</strong></span> <span class='ocrx_word' id='word_1_203' title='bbox 2423 1642 2702 1698; x_wconf 84' lang='lat' dir='ltr'><strong>Creatoris</strong></span> <span class='ocrx_word' id='word_1_204' title='bbox 2735 1654 2989 1698; x_wconf 80' lang='lat' dir='ltr'><strong>creatura</strong></span> <span class='ocrx_word' id='word_1_205' title='bbox 3033 1643 3291 1709; x_wconf 87' lang='lat' dir='ltr'><strong>nobilior,</strong></span> <span class='ocrx_word' id='word_1_206' title='bbox 3339 1654 3397 1700; x_wconf 86' lang='lat' dir='ltr'><strong>et</strong></span> 
     </span>
    </p>
   </div>
   <div class='ocr_carea' id='block_1_30' title="bbox 1796 1727 3399 1791">
    <p class='ocr_par' dir='ltr' id='par_1_30' title="bbox 1796 1727 3399 1791">
     <span class='ocr_line' id='line_1_30' title="bbox 1796 1727 3399 1791; baseline 0.001 -4"><span class='ocrx_word' id='word_1_207' title='bbox 1796 1727 1890 1788; x_wconf 85' lang='lat' dir='ltr'><strong>Dei</strong></span> <span class='ocrx_word' id='word_1_208' title='bbox 1922 1732 2179 1789; x_wconf 88' lang='lat' dir='ltr'><strong>verticem</strong></span> <span class='ocrx_word' id='word_1_209' title='bbox 2214 1733 2460 1788; x_wconf 83' lang='lat' dir='ltr'><strong>mortalis</strong></span> <span class='ocrx_word' id='word_1_210' title='bbox 2500 1735 2727 1789; x_wconf 81' lang='lat' dir='ltr'><strong>dextera</strong></span> <span class='ocrx_word' id='word_1_211' title='bbox 2758 1744 3059 1789; x_wconf 86' lang='lat' dir='ltr'><strong>contrectat</strong></span> <span class='ocrx_word' id='word_1_212' title='bbox 3099 1746 3155 1789; x_wconf 91' lang='lat' dir='ltr'><strong>et</strong></span> <span class='ocrx_word' id='word_1_213' title='bbox 3187 1736 3399 1791; x_wconf 79' lang='lat' dir='ltr'><strong>comin-</strong></span> 
     </span>
    </p>
   </div>
   <div class='ocr_carea' id='block_1_31' title="bbox 1795 1823 3396 1896">
    <p class='ocr_par' dir='ltr' id='par_1_31' title="bbox 1795 1823 3396 1896">
     <span class='ocr_line' id='line_1_31' title="bbox 1795 1823 3396 1896; baseline 0.001 -19"><span class='ocrx_word' id='word_1_214' title='bbox 1795 1825 1890 1895; x_wconf 83' lang='lat' dir='ltr'><strong>git.</strong></span> <span class='ocrx_word' id='word_1_215' title='bbox 1932 1825 2100 1879; x_wconf 78' lang='lat' dir='ltr'><strong>Pavet</strong></span> <span class='ocrx_word' id='word_1_216' title='bbox 2137 1824 2360 1889; x_wconf 65' lang='lat' dir='ltr'><strong>caelum,</strong></span> <span class='ocrx_word' id='word_1_217' title='bbox 2412 1834 2594 1896; x_wconf 87' lang='lat' dir='ltr'><strong>stupet</strong></span> <span class='ocrx_word' id='word_1_218' title='bbox 2648 1833 2818 1890; x_wconf 86' lang='lat' dir='ltr'><strong>terra,</strong></span> <span class='ocrx_word' id='word_1_219' title='bbox 2867 1823 3126 1881; x_wconf 80' lang='lat' dir='ltr'><strong>Jordanis</strong></span> <span class='ocrx_word' id='word_1_220' title='bbox 3168 1826 3396 1892; x_wconf 80' lang='lat' dir='ltr'><strong>arridet,</strong></span> 
     </span>
    </p>
   </div>
   <div class='ocr_carea' id='block_1_32' title="bbox 132 1907 3400 1988">
    <p class='ocr_par' dir='ltr' id='par_1_32' title="bbox 132 1907 3400 1988">
     <span class='ocr_line' id='line_1_32' title="bbox 132 1907 3400 1988; baseline -0 -16"><span class='ocrx_word' id='word_1_221' title='bbox 132 1917 247 1971; x_wconf 89' lang='lat' dir='ltr'><strong>btun</strong></span> <span class='ocrx_word' id='word_1_222' title='bbox 284 1918 421 1987; x_wconf 80' lang='lat' dir='ltr'><strong>regni</strong></span> <span class='ocrx_word' id='word_1_223' title='bbox 457 1917 717 1972; x_wconf 65' lang='lat' dir='ltr'><strong>caelorum</strong></span> <span class='ocrx_word' id='word_1_224' title='bbox 755 1919 936 1974; x_wconf 58' lang='lat' dir='ltr'><strong>laetum</strong></span> <span class='ocrx_word' id='word_1_225' title='bbox 973 1930 1030 1975; x_wconf 88' lang='lat' dir='ltr'><strong>et</strong></span> <span class='ocrx_word' id='word_1_226' title='bbox 1063 1923 1422 1988; x_wconf 71' lang='lat' dir='ltr'><strong>adorandum,</strong></span> <span class='ocrx_word' id='word_1_227' title='bbox 1450 1922 1542 1976; x_wconf 73' lang='lat' dir='ltr'><strong>illi</strong></span> <span class='ocrx_word' id='word_1_228' title='bbox 1590 1923 1689 1978; x_wconf 78' lang='lat' dir='ltr'><strong>soli</strong></span> <span class='ocrx_word' id='word_1_229' title='bbox 1724 1913 1770 1970; x_wconf 86' lang='grc' dir='ltr'><strong>Β</strong></span> <span class='ocrx_word' id='word_1_230' title='bbox 1801 1915 2068 1969; x_wconf 89' lang='lat' dir='ltr'><strong>mirantur</strong></span> <span class='ocrx_word' id='word_1_231' title='bbox 2093 1914 2409 1986; x_wconf 73' lang='lat' dir='ltr'><strong>archangeli</strong></span> <span class='ocrx_word' id='word_1_232' title='bbox 2441 1914 2726 1970; x_wconf 90' lang='lat' dir='ltr'><strong>Dominum</strong></span> <span class='ocrx_word' id='word_1_233' title='bbox 2758 1913 2998 1969; x_wconf 74' lang='lat' dir='ltr'><strong>Sabaoth</strong></span> <span class='ocrx_word' id='word_1_234' title='bbox 3032 1907 3176 1970; x_wconf 88' lang='lat' dir='ltr'><strong>inter</strong></span> <span class='ocrx_word' id='word_1_235' title='bbox 3206 1930 3400 1971; x_wconf 81' lang='lat' dir='ltr'><strong>manus</strong></span> 
     </span>
    </p>
   </div>
   <div class='ocr_carea' id='block_1_33' title="bbox 126 2009 1691 2084">
    <p class='ocr_par' dir='ltr' id='par_1_33' title="bbox 126 2009 1691 2084">
     <span class='ocr_line' id='line_1_33' title="bbox 126 2009 1691 2084; baseline 0.006 -22"><span class='ocrx_word' id='word_1_236' title='bbox 126 2009 368 2078; x_wconf 81' lang='lat' dir='ltr'><strong>primario</strong></span> <span class='ocrx_word' id='word_1_237' title='bbox 412 2012 740 2065; x_wconf 81' lang='lat' dir='ltr'><strong>conveniens</strong></span> <span class='ocrx_word' id='word_1_238' title='bbox 787 2014 878 2083; x_wconf 86' lang='lat' dir='ltr'><strong>qui</strong></span> <span class='ocrx_word' id='word_1_239' title='bbox 930 2014 1138 2084; x_wconf 90' lang='lat' dir='ltr'><strong>primus</strong></span> <span class='ocrx_word' id='word_1_240' title='bbox 1187 2017 1318 2071; x_wconf 75' lang='lat' dir='ltr'><strong>Novi</strong></span> <span class='ocrx_word' id='word_1_241' title='bbox 1359 2017 1691 2072; x_wconf 79' lang='lat' dir='ltr'><strong>Testamenti</strong></span> 
     </span>
    </p>
   </div>
   <div class='ocr_carea' id='block_1_34' title="bbox 124 2100 1693 2178">
    <p class='ocr_par' dir='ltr' id='par_1_34' title="bbox 124 2100 1693 2178">
     <span class='ocr_line' id='line_1_34' title="bbox 124 2100 1693 2178; baseline 0.005 -24"><span class='ocrx_word' id='word_1_242' title='bbox 124 2101 294 2172; x_wconf 80' lang='lat' dir='ltr'><strong>posuit</strong></span> <span class='ocrx_word' id='word_1_243' title='bbox 326 2100 691 2156; x_wconf 75' lang='lat' dir='ltr'><strong>fundamenta.</strong></span> <span class='ocrx_word' id='word_1_244' title='bbox 726 2103 852 2159; x_wconf 70' lang='lat' dir='ltr'><strong>llaec</strong></span> <span class='ocrx_word' id='word_1_245' title='bbox 882 2115 966 2160; x_wconf 89' lang='lat' dir='ltr'><strong>est</strong></span> <span class='ocrx_word' id='word_1_246' title='bbox 1003 2106 1089 2159; x_wconf 91' lang='lat' dir='ltr'><strong>illa</strong></span> <span class='ocrx_word' id='word_1_247' title='bbox 1122 2122 1245 2170; x_wconf 79' lang='lat' dir='ltr'><strong>vox,</strong></span> <span class='ocrx_word' id='word_1_248' title='bbox 1279 2107 1347 2163; x_wconf 89' lang='lat' dir='ltr'><strong>de</strong></span> <span class='ocrx_word' id='word_1_249' title='bbox 1375 2119 1481 2178; x_wconf 74' lang='lat' dir='ltr'><strong>qua</strong></span> <span class='ocrx_word' id='word_1_250' title='bbox 1520 2109 1693 2162; x_wconf 78' lang='lat' dir='ltr'><strong>maxi-</strong></span> 
     </span>
    </p>
   </div>
   <div class='ocr_carea' id='block_1_35' title="bbox 123 2193 1694 2264">
    <p class='ocr_par' dir='ltr' id='par_1_35' title="bbox 123 2193 1694 2264">
     <span class='ocr_line' id='line_1_35' title="bbox 123 2193 1694 2264; baseline 0.003 -14"><span class='ocrx_word' id='word_1_251' title='bbox 123 2207 240 2250; x_wconf 83' lang='lat' dir='ltr'><strong>mus</strong></span> <span class='ocrx_word' id='word_1_252' title='bbox 269 2193 352 2250; x_wconf 86' lang='lat' dir='ltr'><strong>ille</strong></span> <span class='ocrx_word' id='word_1_253' title='bbox 394 2194 790 2264; x_wconf 88' lang='lat' dir='ltr'><strong>contemplator</strong></span> <span class='ocrx_word' id='word_1_254' title='bbox 828 2197 1130 2250; x_wconf 72' lang='lat' dir='ltr'><strong>cmlestium</strong></span> <span class='ocrx_word' id='word_1_255' title='bbox 1169 2196 1436 2252; x_wconf 82' lang='lat' dir='ltr'><strong>visionum</strong></span> <span class='ocrx_word' id='word_1_256' title='bbox 1480 2198 1537 2251; x_wconf 86' lang='lat' dir='ltr'><strong>in</strong></span> <span class='ocrx_word' id='word_1_257' title='bbox 1578 2200 1694 2254; x_wconf 68' lang='lat' dir='ltr'><strong>haec</strong></span> 
     </span>
    </p>
   </div>
   <div class='ocr_carea' id='block_1_36' title="bbox 121 2285 1691 2356">
    <p class='ocr_par' dir='ltr' id='par_1_36' title="bbox 121 2285 1691 2356">
     <span class='ocr_line' id='line_1_36' title="bbox 121 2285 1691 2356; baseline 0.003 -19"><span class='ocrx_word' id='word_1_258' title='bbox 121 2286 277 2339; x_wconf 79' lang='lat' dir='ltr'><strong>verba</strong></span> <span class='ocrx_word' id='word_1_259' title='bbox 320 2287 698 2356; x_wconf 85' lang='lat' dir='ltr'><strong>prosequitur:</strong></span> <span class='ocrx_word' id='word_1_260' title='bbox 743 2303 765 2336; x_wconf 85' lang='grc'><strong><em>‹</em></strong></span> <span class='ocrx_word' id='word_1_261' title='bbox 811 2285 874 2340; x_wconf 83' lang='lat' dir='ltr'><strong>Et</strong></span> <span class='ocrx_word' id='word_1_262' title='bbox 907 2302 1011 2339; x_wconf 18' lang='lat' dir='ltr'><strong>vox.</strong></span> <span class='ocrx_word' id='word_1_263' title='bbox 1055 2288 1230 2353; x_wconf 85' lang='lat' dir='ltr'><strong>prima</strong></span> <span class='ocrx_word' id='word_1_264' title='bbox 1289 2302 1452 2356; x_wconf 83' lang='lat' dir='ltr'><strong>quam</strong></span> <span class='ocrx_word' id='word_1_265' title='bbox 1485 2289 1691 2354; x_wconf 76' lang='lat' dir='ltr'><strong>audivi,</strong></span> 
     </span>
    </p>
   </div>
   <div class='ocr_carea' id='block_1_37' title="bbox 120 2378 1692 2446">
    <p class='ocr_par' dir='ltr' id='par_1_37' title="bbox 120 2378 1692 2446">
     <span class='ocr_line' id='line_1_37' title="bbox 120 2378 1692 2446; baseline 0.001 -13"><span class='ocrx_word' id='word_1_266' title='bbox 120 2387 366 2446; x_wconf 87' lang='lat' dir='ltr'><strong>tanquam</strong></span> <span class='ocrx_word' id='word_1_267' title='bbox 391 2378 833 2432; x_wconf 67' lang='lat' dir='ltr'><strong>citharoedorum</strong></span> <span class='ocrx_word' id='word_1_268' title='bbox 876 2379 1320 2433; x_wconf 87' lang='lat' dir='ltr'><strong>citharizantinm</strong></span> <span class='ocrx_word' id='word_1_269' title='bbox 1368 2382 1420 2432; x_wconf 92' lang='lat' dir='ltr'><strong>in</strong></span> <span class='ocrx_word' id='word_1_270' title='bbox 1463 2381 1692 2436; x_wconf 80' lang='lat' dir='ltr'><strong>citharis</strong></span> 
     </span>
    </p>
   </div>
   <div class='ocr_carea' id='block_1_38' title="bbox 117 2466 1688 2539">
    <p class='ocr_par' dir='ltr' id='par_1_38' title="bbox 117 2466 1688 2539">
     <span class='ocr_line' id='line_1_38' title="bbox 117 2466 1688 2539; baseline 0.002 -18"><span class='ocrx_word' id='word_1_271' title='bbox 117 2468 230 2522; x_wconf 82' lang='lat' dir='ltr'><strong>suis</strong></span> <span class='ocrx_word' id='word_1_272' title='bbox 252 2466 425 2538; x_wconf 72' lang='lat' dir='ltr'><strong>(Apoc.</strong></span> <span class='ocrx_word' id='word_1_273' title='bbox 453 2467 584 2538; x_wconf 78' lang='lat' dir='ltr'><strong>xrv).</strong></span> <span class='ocrx_word' id='word_1_274' title='bbox 622 2487 641 2519; x_wconf 80' lang='grc' dir='ltr'><strong>ι</strong></span> <span class='ocrx_word' id='word_1_275' title='bbox 676 2469 719 2521; x_wconf 82' lang='grc' dir='ltr'><strong>Α</strong></span> <span class='ocrx_word' id='word_1_276' title='bbox 744 2468 932 2522; x_wconf 86' lang='lat' dir='ltr'><strong>diebus</strong></span> <span class='ocrx_word' id='word_1_277' title='bbox 961 2468 1090 2521; x_wconf 80' lang='lat' dir='ltr'><strong>Ada:</strong></span> <span class='ocrx_word' id='word_1_278' title='bbox 1122 2484 1292 2539; x_wconf 87' lang='lat' dir='ltr'><strong>usque</strong></span> <span class='ocrx_word' id='word_1_279' title='bbox 1322 2470 1389 2523; x_wconf 90' lang='lat' dir='ltr'><strong>ad</strong></span> <span class='ocrx_word' id='word_1_280' title='bbox 1421 2471 1688 2525; x_wconf 85' lang='lat' dir='ltr'><strong>Joannem</strong></span> 
     </span>
    </p>
   </div>
   <div class='ocr_carea' id='block_1_39' title="bbox 114 2558 1689 2627">
    <p class='ocr_par' dir='ltr' id='par_1_39' title="bbox 114 2558 1689 2627">
     <span class='ocr_line' id='line_1_39' title="bbox 114 2558 1689 2627; baseline 0.001 -15"><span class='ocrx_word' id='word_1_281' title='bbox 114 2572 367 2627; x_wconf 79' lang='lat' dir='ltr'><strong>organum</strong></span> <span class='ocrx_word' id='word_1_282' title='bbox 409 2567 652 2612; x_wconf 89' lang='lat' dir='ltr'><strong>nostrum</strong></span> <span class='ocrx_word' id='word_1_283' title='bbox 695 2574 910 2613; x_wconf 82' lang='lat' dir='ltr'><strong>versum</strong></span> <span class='ocrx_word' id='word_1_284' title='bbox 943 2567 1027 2618; x_wconf 86' lang='lat' dir='ltr'><strong>est</strong></span> <span class='ocrx_word' id='word_1_285' title='bbox 1076 2560 1129 2614; x_wconf 91' lang='lat' dir='ltr'><strong>in</strong></span> <span class='ocrx_word' id='word_1_286' title='bbox 1182 2573 1369 2615; x_wconf 83' lang='lat' dir='ltr'><strong>vocem</strong></span> <span class='ocrx_word' id='word_1_287' title='bbox 1418 2558 1689 2622; x_wconf 81' lang='lat' dir='ltr'><strong>ﬂentium,</strong></span> 
     </span>
    </p>
   </div>
   <div class='ocr_carea' id='block_1_40' title="bbox 115 2646 1694 2719">
    <p class='ocr_par' dir='ltr' id='par_1_40' title="bbox 115 2646 1694 2719">
     <span class='ocr_line' id='line_1_40' title="bbox 115 2646 1694 2719; baseline 0.003 -19"><span class='ocrx_word' id='word_1_288' title='bbox 115 2647 239 2716; x_wconf 88' lang='lat' dir='ltr'><strong>quia</strong></span> <span class='ocrx_word' id='word_1_289' title='bbox 290 2647 360 2703; x_wconf 89' lang='lat' dir='ltr'><strong>ibi</strong></span> <span class='ocrx_word' id='word_1_290' title='bbox 424 2657 770 2718; x_wconf 83' lang='lat' dir='ltr'><strong>peccatorum</strong></span> <span class='ocrx_word' id='word_1_291' title='bbox 824 2646 1152 2719; x_wconf 77' lang='lat' dir='ltr'><strong>frequentia,</strong></span> <span class='ocrx_word' id='word_1_292' title='bbox 1206 2665 1308 2705; x_wconf 90' lang='lat' dir='ltr'><strong>nec</strong></span> <span class='ocrx_word' id='word_1_293' title='bbox 1359 2650 1694 2719; x_wconf 70' lang='lat' dir='ltr'><strong>ptenitentize</strong></span> 
     </span>
    </p>
   </div>
   <div class='ocr_carea' id='block_1_41' title="bbox 113 2731 1692 2811">
    <p class='ocr_par' dir='ltr' id='par_1_41' title="bbox 113 2731 1692 2811">
     <span class='ocr_line' id='line_1_41' title="bbox 113 2731 1692 2811; baseline 0.002 -17"><span class='ocrx_word' id='word_1_294' title='bbox 113 2731 281 2805; x_wconf 82' lang='lat' dir='ltr'><strong>locus,</strong></span> <span class='ocrx_word' id='word_1_295' title='bbox 315 2741 505 2811; x_wconf 77' lang='lat' dir='ltr'><strong>duplex</strong></span> <span class='ocrx_word' id='word_1_296' title='bbox 537 2751 657 2795; x_wconf 88' lang='lat' dir='ltr'><strong>erat</strong></span> <span class='ocrx_word' id='word_1_297' title='bbox 685 2741 999 2811; x_wconf 85' lang='lat' dir='ltr'><strong>deplorandi</strong></span> <span class='ocrx_word' id='word_1_298' title='bbox 1030 2743 1283 2796; x_wconf 78' lang='lat' dir='ltr'><strong>materia.</strong></span> <span class='ocrx_word' id='word_1_299' title='bbox 1307 2739 1565 2797; x_wconf 74' lang='lat' dir='ltr'><strong>Occidis?</strong></span> <span class='ocrx_word' id='word_1_300' title='bbox 1594 2758 1692 2797; x_wconf 89' lang='lat' dir='ltr'><strong>oc-</strong></span> 
     </span>
    </p>
   </div>
   <div class='ocr_carea' id='block_1_42' title="bbox 111 2824 1691 2903">
    <p class='ocr_par' dir='ltr' id='par_1_42' title="bbox 111 2824 1691 2903">
     <span class='ocr_line' id='line_1_42' title="bbox 111 2824 1691 2903; baseline 0.004 -19"><span class='ocrx_word' id='word_1_301' title='bbox 111 2828 458 2896; x_wconf 86' lang='lat' dir='ltr'><strong>eidijuberis.</strong></span> <span class='ocrx_word' id='word_1_302' title='bbox 493 2824 732 2885; x_wconf 85' lang='lat' dir='ltr'><strong>Sabbatu</strong></span> <span class='ocrx_word' id='word_1_303' title='bbox 759 2831 902 2900; x_wconf 90' lang='lat' dir='ltr'><strong>ligna</strong></span> <span class='ocrx_word' id='word_1_304' title='bbox 930 2831 1175 2902; x_wconf 81' lang='lat' dir='ltr'><strong>colligis?</strong></span> <span class='ocrx_word' id='word_1_305' title='bbox 1217 2833 1446 2903; x_wconf 87' lang='lat' dir='ltr'><strong>lapidari</strong></span> <span class='ocrx_word' id='word_1_306' title='bbox 1479 2833 1691 2902; x_wconf 82' lang='lat' dir='ltr'><strong>juberis</strong></span> 
     </span>
    </p>
   </div>
   <div class='ocr_carea' id='block_1_43' title="bbox 110 2917 1694 2990">
    <p class='ocr_par' dir='ltr' id='par_1_43' title="bbox 110 2917 1694 2990">
     <span class='ocr_line' id='line_1_43' title="bbox 110 2917 1694 2990; baseline 0.004 -19"><span class='ocrx_word' id='word_1_307' title='bbox 110 2917 297 2990; x_wconf 78' lang='lat' dir='ltr'><strong>(Nam.</strong></span> <span class='ocrx_word' id='word_1_308' title='bbox 325 2921 439 2985; x_wconf 80' lang='lat' dir='ltr'><strong>xv),</strong></span> <span class='ocrx_word' id='word_1_309' title='bbox 470 2929 524 2973; x_wconf 89' lang='lat' dir='ltr'><strong>et</strong></span> <span class='ocrx_word' id='word_1_310' title='bbox 563 2919 669 2983; x_wconf 87' lang='lat' dir='ltr'><strong>ille,</strong></span> <span class='ocrx_word' id='word_1_311' title='bbox 712 2920 798 2973; x_wconf 90' lang='lat' dir='ltr'><strong>cui</strong></span> <span class='ocrx_word' id='word_1_312' title='bbox 839 2921 1115 2990; x_wconf 87' lang='lat' dir='ltr'><strong>proprium</strong></span> <span class='ocrx_word' id='word_1_313' title='bbox 1152 2933 1235 2976; x_wconf 86' lang='lat' dir='ltr'><strong>est</strong></span> <span class='ocrx_word' id='word_1_314' title='bbox 1265 2923 1511 2978; x_wconf 77' lang='lat' dir='ltr'><strong>misereri</strong></span> <span class='ocrx_word' id='word_1_315' title='bbox 1551 2940 1694 2978; x_wconf 84' lang='lat' dir='ltr'><strong>sem-</strong></span> 
     </span>
    </p>
   </div>
   <div class='ocr_carea' id='block_1_44' title="bbox 107 3005 1691 3083">
    <p class='ocr_par' dir='ltr' id='par_1_44' title="bbox 107 3005 1691 3083">
     <span class='ocr_line' id='line_1_44' title="bbox 107 3005 1691 3083; baseline 0.006 -24"><span class='ocrx_word' id='word_1_316' title='bbox 107 3022 208 3076; x_wconf 85' lang='lat' dir='ltr'><strong>per</strong></span> <span class='ocrx_word' id='word_1_317' title='bbox 232 3013 283 3059; x_wconf 92' lang='lat' dir='ltr'><strong>et</strong></span> <span class='ocrx_word' id='word_1_318' title='bbox 307 3021 548 3074; x_wconf 79' lang='lat' dir='ltr'><strong>parcere,</strong></span> <span class='ocrx_word' id='word_1_319' title='bbox 581 3007 682 3062; x_wconf 88' lang='lat' dir='ltr'><strong>nisi</strong></span> <span class='ocrx_word' id='word_1_320' title='bbox 715 3008 877 3062; x_wconf 78' lang='lat' dir='ltr'><strong>ferire</strong></span> <span class='ocrx_word' id='word_1_321' title='bbox 909 3026 1014 3064; x_wconf 89' lang='lat' dir='ltr'><strong>non</strong></span> <span class='ocrx_word' id='word_1_322' title='bbox 1042 3005 1209 3064; x_wconf 82' lang='lat' dir='ltr'><strong>novit.</strong></span> <span class='ocrx_word' id='word_1_323' title='bbox 1238 3011 1470 3066; x_wconf 82' lang='lat' dir='ltr'><strong>Dederat</strong></span> <span class='ocrx_word' id='word_1_324' title='bbox 1491 3014 1691 3083; x_wconf 85' lang='lat' dir='ltr'><strong>quippe</strong></span> 
     </span>
    </p>
   </div>
   <div class='ocr_carea' id='block_1_45' title="bbox 106 3097 1692 3172">
    <p class='ocr_par' dir='ltr' id='par_1_45' title="bbox 106 3097 1692 3172">
     <span class='ocr_line' id='line_1_45' title="bbox 106 3097 1692 3172; baseline 0.004 -22"><span class='ocrx_word' id='word_1_325' title='bbox 106 3097 191 3150; x_wconf 82' lang='lat' dir='ltr'><strong>eis</strong></span> <span class='ocrx_word' id='word_1_326' title='bbox 203 3108 468 3168; x_wconf 60' lang='lat' dir='ltr'><strong>praecepta</strong></span> <span class='ocrx_word' id='word_1_327' title='bbox 491 3115 596 3153; x_wconf 86' lang='lat' dir='ltr'><strong>non</strong></span> <span class='ocrx_word' id='word_1_328' title='bbox 619 3100 757 3154; x_wconf 88' lang='lat' dir='ltr'><strong>bona</strong></span> <span class='ocrx_word' id='word_1_329' title='bbox 779 3102 1435 3170; x_wconf 76' lang='lat' dir='ltr'><strong>traditorprteceptormn,</strong></span> <span class='ocrx_word' id='word_1_330' title='bbox 1459 3112 1513 3157; x_wconf 89' lang='lat' dir='ltr'><strong>et</strong></span> <span class='ocrx_word' id='word_1_331' title='bbox 1537 3102 1692 3172; x_wconf 52' lang='lat' dir='ltr'><strong>justi.</strong></span> 
     </span>
    </p>
   </div>
   <div class='ocr_carea' id='block_1_46' title="bbox 107 3188 1686 3265">
    <p class='ocr_par' dir='ltr' id='par_1_46' title="bbox 107 3188 1686 3265">
     <span class='ocr_line' id='line_1_46' title="bbox 107 3188 1686 3265; baseline 0.007 -26"><span class='ocrx_word' id='word_1_332' title='bbox 107 3188 392 3243; x_wconf 86' lang='lat' dir='ltr'><strong>tlcationes</strong></span> <span class='ocrx_word' id='word_1_333' title='bbox 463 3190 516 3243; x_wconf 91' lang='lat' dir='ltr'><strong>in</strong></span> <span class='ocrx_word' id='word_1_334' title='bbox 564 3191 761 3259; x_wconf 85' lang='lat' dir='ltr'><strong>quibus</strong></span> <span class='ocrx_word' id='word_1_335' title='bbox 807 3191 991 3247; x_wconf 85' lang='lat' dir='ltr'><strong>vivere</strong></span> <span class='ocrx_word' id='word_1_336' title='bbox 1038 3208 1142 3246; x_wconf 91' lang='lat' dir='ltr'><strong>non</strong></span> <span class='ocrx_word' id='word_1_337' title='bbox 1197 3207 1419 3262; x_wconf 86' lang='lat' dir='ltr'><strong>possent</strong></span> <span class='ocrx_word' id='word_1_338' title='bbox 1466 3193 1686 3265; x_wconf 73' lang='lat' dir='ltr'><strong>(Ezech.</strong></span> 
     </span>
    </p>
   </div>
   <div class='ocr_carea' id='block_1_47' title="bbox 105 3257 1768 3351">
    <p class='ocr_par' dir='ltr' id='par_1_47' title="bbox 105 3257 1768 3351">
     <span class='ocr_line' id='line_1_47' title="bbox 105 3257 1768 3351; baseline 0.007 -20"><span class='ocrx_word' id='word_1_339' title='bbox 105 3282 222 3349; x_wconf 75' lang='lat' dir='ltr'><strong>xx).</strong></span> <span class='ocrx_word' id='word_1_340' title='bbox 271 3281 380 3335; x_wconf 87' lang='lat' dir='ltr'><strong>lloc</strong></span> <span class='ocrx_word' id='word_1_341' title='bbox 437 3291 519 3336; x_wconf 87' lang='lat' dir='ltr'><strong>est</strong></span> <span class='ocrx_word' id='word_1_342' title='bbox 570 3284 712 3351; x_wconf 90' lang='lat' dir='ltr'><strong>quod</strong></span> <span class='ocrx_word' id='word_1_343' title='bbox 745 3281 926 3350; x_wconf 85' lang='lat' dir='ltr'><strong>justus</strong></span> <span class='ocrx_word' id='word_1_344' title='bbox 971 3285 1200 3339; x_wconf 88' lang='lat' dir='ltr'><strong>miratur</strong></span> <span class='ocrx_word' id='word_1_345' title='bbox 1240 3287 1426 3342; x_wconf 90' lang='lat' dir='ltr'><strong>dicens</strong></span> <span class='ocrx_word' id='word_1_346' title='bbox 1463 3305 1478 3340; x_wconf 91' lang='lat'><strong>:</strong></span> <span class='ocrx_word' id='word_1_347' title='bbox 1524 3306 1542 3340; x_wconf 78' lang='grc' dir='ltr'><strong>ι</strong></span> <span class='ocrx_word' id='word_1_348' title='bbox 1588 3287 1689 3345; x_wconf 91' lang='lat' dir='ltr'><strong>Ubi</strong></span> <span class='ocrx_word' id='word_1_349' title='bbox 1723 3257 1768 3318; x_wconf 62' lang='grc' dir='ltr'><strong>δ</strong></span> 
     </span>
    </p>
   </div>
   <div class='ocr_carea' id='block_1_48' title="bbox 100 3373 1695 3449">
    <p class='ocr_par' dir='ltr' id='par_1_48' title="bbox 100 3373 1695 3449">
     <span class='ocr_line' id='line_1_48' title="bbox 100 3373 1695 3449; baseline 0.003 -23"><span class='ocrx_word' id='word_1_350' title='bbox 100 3373 604 3428; x_wconf 71' lang='lat' dir='ltr'><strong>tnisericordiaztua:</strong></span> <span class='ocrx_word' id='word_1_351' title='bbox 624 3374 880 3444; x_wconf 66' lang='lat' dir='ltr'><strong>antiquae,</strong></span> <span class='ocrx_word' id='word_1_352' title='bbox 897 3375 1155 3430; x_wconf 84' lang='lat' dir='ltr'><strong>Domine?</strong></span> <span class='ocrx_word' id='word_1_353' title='bbox 1174 3397 1191 3429; x_wconf 85' lang='grc' dir='ltr'><strong>ι</strong></span> <span class='ocrx_word' id='word_1_354' title='bbox 1211 3376 1385 3446; x_wconf 75' lang='lat' dir='ltr'><strong>(Paul.</strong></span> <span class='ocrx_word' id='word_1_355' title='bbox 1402 3381 1695 3449; x_wconf 79' lang='lat' dir='ltr'><strong>Lxxxvm.)</strong></span> 
     </span>
    </p>
   </div>
   <div class='ocr_carea' id='block_1_49' title="bbox 95 3459 1692 3536">
    <p class='ocr_par' dir='ltr' id='par_1_49' title="bbox 95 3459 1692 3536">
     <span class='ocr_line' id='line_1_49' title="bbox 95 3459 1692 3536; baseline 0.005 -23"><span class='ocrx_word' id='word_1_356' title='bbox 95 3459 341 3516; x_wconf 87' lang='lat' dir='ltr'><strong>Joannes</strong></span> <span class='ocrx_word' id='word_1_357' title='bbox 371 3471 530 3516; x_wconf 89' lang='lat' dir='ltr'><strong>natus</strong></span> <span class='ocrx_word' id='word_1_358' title='bbox 552 3463 791 3518; x_wconf 89' lang='lat' dir='ltr'><strong>ostendit</strong></span> <span class='ocrx_word' id='word_1_359' title='bbox 823 3463 1279 3518; x_wconf 84' lang='lat' dir='ltr'><strong>medicamentum</strong></span> <span class='ocrx_word' id='word_1_360' title='bbox 1310 3465 1541 3530; x_wconf 89' lang='lat' dir='ltr'><strong>vulneri,</strong></span> <span class='ocrx_word' id='word_1_361' title='bbox 1569 3483 1692 3536; x_wconf 88' lang='lat' dir='ltr'><strong>pec-</strong></span> 
     </span>
    </p>
   </div>
   <div class='ocr_carea' id='block_1_50' title="bbox 91 3551 1688 3624">
    <p class='ocr_par' dir='ltr' id='par_1_50' title="bbox 91 3551 1688 3624">
     <span class='ocr_line' id='line_1_50' title="bbox 91 3551 1688 3624; baseline 0.003 -18"><span class='ocrx_word' id='word_1_362' title='bbox 91 3555 226 3606; x_wconf 81' lang='lat' dir='ltr'><strong>cato</strong></span> <span class='ocrx_word' id='word_1_363' title='bbox 254 3551 650 3619; x_wconf 64' lang='lat' dir='ltr'><strong>paenitentiam,</strong></span> <span class='ocrx_word' id='word_1_364' title='bbox 677 3553 889 3607; x_wconf 80' lang='lat' dir='ltr'><strong>veniam</strong></span> <span class='ocrx_word' id='word_1_365' title='bbox 919 3553 1214 3623; x_wconf 81' lang='lat' dir='ltr'><strong>iniquitati.</strong></span> <span class='ocrx_word' id='word_1_366' title='bbox 1247 3555 1371 3610; x_wconf 66' lang='lat'><strong>&quot;:20</strong></span> <span class='ocrx_word' id='word_1_367' title='bbox 1402 3567 1487 3610; x_wconf 88' lang='lat' dir='ltr'><strong>est</strong></span> <span class='ocrx_word' id='word_1_368' title='bbox 1513 3558 1688 3624; x_wconf 84' lang='lat' dir='ltr'><strong>prima</strong></span> 
     </span>
    </p>
   </div>
   <div class='ocr_carea' id='block_1_51' title="bbox 93 3641 1692 3716">
    <p class='ocr_par' dir='ltr' id='par_1_51' title="bbox 93 3641 1692 3716">
     <span class='ocr_line' id='line_1_51' title="bbox 93 3641 1692 3716; baseline 0.003 -23"><span class='ocrx_word' id='word_1_369' title='bbox 93 3656 205 3695; x_wconf 79' lang='lat' dir='ltr'><strong>vox</strong></span> <span class='ocrx_word' id='word_1_370' title='bbox 249 3656 412 3710; x_wconf 89' lang='lat' dir='ltr'><strong>quam</strong></span> <span class='ocrx_word' id='word_1_371' title='bbox 443 3651 540 3696; x_wconf 74' lang='lat' dir='ltr'><strong>Vox</strong></span> <span class='ocrx_word' id='word_1_372' title='bbox 573 3641 867 3697; x_wconf 80' lang='lat' dir='ltr'><strong>clamantis</strong></span> <span class='ocrx_word' id='word_1_373' title='bbox 887 3643 938 3696; x_wconf 92' lang='lat' dir='ltr'><strong>in</strong></span> <span class='ocrx_word' id='word_1_374' title='bbox 968 3643 1182 3697; x_wconf 84' lang='lat' dir='ltr'><strong>deserto</strong></span> <span class='ocrx_word' id='word_1_375' title='bbox 1208 3644 1422 3706; x_wconf 78' lang='lat' dir='ltr'><strong>(Matth.</strong></span> <span class='ocrx_word' id='word_1_376' title='bbox 1456 3646 1538 3716; x_wconf 88' lang='grc' dir='ltr'>ιιι)</span> <span class='ocrx_word' id='word_1_377' title='bbox 1567 3662 1692 3714; x_wconf 87' lang='lat' dir='ltr'><strong>pro-</strong></span> 
     </span>
    </p>
   </div>
   <div class='ocr_carea' id='block_1_52' title="bbox 89 3731 1688 3803">
    <p class='ocr_par' dir='ltr' id='par_1_52' title="bbox 89 3731 1688 3803">
     <span class='ocr_line' id='line_1_52' title="bbox 89 3731 1688 3803; baseline 0.003 -19"><span class='ocrx_word' id='word_1_378' title='bbox 89 3735 278 3803; x_wconf 85' lang='lat' dir='ltr'><strong>posuit</strong></span> <span class='ocrx_word' id='word_1_379' title='bbox 308 3749 321 3784; x_wconf 88' lang='lat'><strong>:</strong></span> <span class='ocrx_word' id='word_1_380' title='bbox 362 3750 380 3782; x_wconf 79' lang='grc' dir='ltr'><strong>ι</strong></span> <span class='ocrx_word' id='word_1_381' title='bbox 413 3731 479 3786; x_wconf 85' lang='grc' dir='ltr'>Ει</span> <span class='ocrx_word' id='word_1_382' title='bbox 512 3749 609 3786; x_wconf 79' lang='lat' dir='ltr'><strong>vox</strong></span> <span class='ocrx_word' id='word_1_383' title='bbox 651 3735 877 3787; x_wconf 86' lang='lat' dir='ltr'><strong>tortoris</strong></span> <span class='ocrx_word' id='word_1_384' title='bbox 908 3733 1087 3787; x_wconf 87' lang='lat' dir='ltr'><strong>audita</strong></span> <span class='ocrx_word' id='word_1_385' title='bbox 1112 3745 1197 3788; x_wconf 82' lang='lat' dir='ltr'><strong>est</strong></span> <span class='ocrx_word' id='word_1_386' title='bbox 1230 3735 1280 3787; x_wconf 91' lang='lat' dir='ltr'><strong>in</strong></span> <span class='ocrx_word' id='word_1_387' title='bbox 1315 3745 1460 3788; x_wconf 90' lang='lat' dir='ltr'><strong>terra</strong></span> <span class='ocrx_word' id='word_1_388' title='bbox 1499 3745 1688 3789; x_wconf 83' lang='lat' dir='ltr'><strong>nostra</strong></span> 
     </span>
    </p>
   </div>
   <div class='ocr_carea' id='block_1_53' title="bbox 87 3821 1688 3893">
    <p class='ocr_par' dir='ltr' id='par_1_53' title="bbox 87 3821 1688 3893">
     <span class='ocr_line' id='line_1_53' title="bbox 87 3821 1688 3893; baseline 0.002 -17"><span class='ocrx_word' id='word_1_389' title='bbox 87 3821 280 3893; x_wconf 78' lang='lat' dir='ltr'><strong>(Cum.</strong></span> <span class='ocrx_word' id='word_1_390' title='bbox 315 3821 399 3893; x_wconf 90' lang='lat' dir='ltr'><strong>tt).</strong></span> <span class='ocrx_word' id='word_1_391' title='bbox 437 3842 454 3873; x_wconf 90' lang='grc' dir='ltr'><strong>ι</strong></span> <span class='ocrx_word' id='word_1_392' title='bbox 493 3823 567 3875; x_wconf 73' lang='lat' dir='ltr'><strong>Ex</strong></span> <span class='ocrx_word' id='word_1_393' title='bbox 607 3833 732 3877; x_wconf 90' lang='lat' dir='ltr'><strong>tunc</strong></span> <span class='ocrx_word' id='word_1_394' title='bbox 768 3823 914 3878; x_wconf 90' lang='lat' dir='ltr'><strong>misit</strong></span> <span class='ocrx_word' id='word_1_395' title='bbox 949 3823 1001 3876; x_wconf 90' lang='lat' dir='ltr'><strong>in</strong></span> <span class='ocrx_word' id='word_1_396' title='bbox 1034 3839 1095 3877; x_wconf 91' lang='lat' dir='ltr'><strong>os</strong></span> <span class='ocrx_word' id='word_1_397' title='bbox 1134 3833 1377 3879; x_wconf 89' lang='lat' dir='ltr'><strong>nostrum</strong></span> <span class='ocrx_word' id='word_1_398' title='bbox 1417 3827 1688 3880; x_wconf 85' lang='lat' dir='ltr'><strong>canticum</strong></span> 
     </span>
    </p>
   </div>
   <div class='ocr_carea' id='block_1_54' title="bbox 84 3899 1688 3984">
    <p class='ocr_par' dir='ltr' id='par_1_54' title="bbox 84 3899 1688 3984">
     <span class='ocr_line' id='line_1_54' title="bbox 84 3899 1688 3984; baseline 0.004 -20"><span class='ocrx_word' id='word_1_399' title='bbox 84 3925 322 3974; x_wconf 84' lang='lat' dir='ltr'><strong>novum,</strong></span> <span class='ocrx_word' id='word_1_400' title='bbox 346 3926 564 3964; x_wconf 86' lang='lat' dir='ltr'><strong>carmen</strong></span> <span class='ocrx_word' id='word_1_401' title='bbox 591 3912 701 3966; x_wconf 88' lang='lat' dir='ltr'><strong>Deo</strong></span> <span class='ocrx_word' id='word_1_402' title='bbox 732 3921 918 3967; x_wconf 91' lang='lat' dir='ltr'><strong>nostro</strong></span> <span class='ocrx_word' id='word_1_403' title='bbox 942 3912 1116 3983; x_wconf 71' lang='lat' dir='ltr'><strong>(Paul.</strong></span> <span class='ocrx_word' id='word_1_404' title='bbox 1148 3915 1361 3984; x_wconf 65' lang='lat' dir='ltr'><strong>XXXIX),</strong></span> <span class='ocrx_word' id='word_1_405' title='bbox 1391 3925 1439 3970; x_wconf 94' lang='lat' dir='ltr'><strong>ct</strong></span> <span class='ocrx_word' id='word_1_406' title='bbox 1470 3899 1688 3970; x_wconf 79' lang='lat' dir='ltr'><strong>resonat</strong></span> 
     </span>
    </p>
   </div>
   <div class='ocr_carea' id='block_1_55' title="bbox 78 3991 1690 4074">
    <p class='ocr_par' dir='ltr' id='par_1_55' title="bbox 78 3991 1690 4074">
     <span class='ocr_line' id='line_1_55' title="bbox 78 3991 1690 4074; baseline 0.002 -18"><span class='ocrx_word' id='word_1_407' title='bbox 78 4003 143 4056; x_wconf 87' lang='lat' dir='ltr'><strong>in</strong></span> <span class='ocrx_word' id='word_1_408' title='bbox 167 4016 275 4057; x_wconf 85' lang='lat' dir='ltr'><strong>.ore</strong></span> <span class='ocrx_word' id='word_1_409' title='bbox 300 4010 486 4055; x_wconf 89' lang='lat' dir='ltr'><strong>nostro</strong></span> <span class='ocrx_word' id='word_1_410' title='bbox 520 4001 819 4070; x_wconf 77' lang='lat' dir='ltr'><strong>gratiarum</strong></span> <span class='ocrx_word' id='word_1_411' title='bbox 849 4003 1012 4066; x_wconf 89' lang='lat' dir='ltr'><strong>actio,</strong></span> <span class='ocrx_word' id='word_1_412' title='bbox 1047 4013 1102 4056; x_wconf 82' lang='lat' dir='ltr'><strong>et</strong></span> <span class='ocrx_word' id='word_1_413' title='bbox 1123 4019 1226 4057; x_wconf 77' lang='lat' dir='ltr'><strong>vox</strong></span> <span class='ocrx_word' id='word_1_414' title='bbox 1259 4004 1464 4068; x_wconf 82' lang='lat' dir='ltr'><strong>laudis;</strong></span> <span class='ocrx_word' id='word_1_415' title='bbox 1497 3991 1690 4074; x_wconf 54' lang='lat' dir='ltr'><strong>supcr‘</strong></span> 
     </span>
    </p>
   </div>
   <div class='ocr_carea' id='block_1_56' title="bbox 75 4089 1682 4161">
    <p class='ocr_par' dir='ltr' id='par_1_56' title="bbox 75 4089 1682 4161">
     <span class='ocr_line' id='line_1_56' title="bbox 75 4089 1682 4161; baseline 0.001 -15"><span class='ocrx_word' id='word_1_416' title='bbox 75 4089 368 4146; x_wconf 79' lang='lat' dir='ltr'><strong>exaltatnr</strong></span> <span class='ocrx_word' id='word_1_417' title='bbox 408 4091 775 4145; x_wconf 79' lang='lat' dir='ltr'><strong>misericordia</strong></span> <span class='ocrx_word' id='word_1_418' title='bbox 810 4089 1037 4158; x_wconf 87' lang='lat' dir='ltr'><strong>judicio,</strong></span> <span class='ocrx_word' id='word_1_419' title='bbox 1077 4093 1456 4161; x_wconf 82' lang='lat' dir='ltr'><strong>peccatoribus</strong></span> <span class='ocrx_word' id='word_1_420' title='bbox 1505 4095 1682 4161; x_wconf 75' lang='lat' dir='ltr'><strong>parci-</strong></span> 
     </span>
    </p>
   </div>
   <div class='ocr_carea' id='block_1_57' title="bbox 77 4179 1675 4249">
    <p class='ocr_par' dir='ltr' id='par_1_57' title="bbox 77 4179 1675 4249">
     <span class='ocr_line' id='line_1_57' title="bbox 77 4179 1675 4249; baseline 0.003 -15"><span class='ocrx_word' id='word_1_421' title='bbox 77 4191 198 4243; x_wconf 85' lang='lat' dir='ltr'><strong>tur,</strong></span> <span class='ocrx_word' id='word_1_422' title='bbox 250 4188 441 4249; x_wconf 85' lang='lat' dir='ltr'><strong>regnat</strong></span> <span class='ocrx_word' id='word_1_423' title='bbox 489 4182 682 4249; x_wconf 83' lang='lat' dir='ltr'><strong>pietas,</strong></span> <span class='ocrx_word' id='word_1_424' title='bbox 723 4179 934 4248; x_wconf 86' lang='lat' dir='ltr'><strong>justitia</strong></span> <span class='ocrx_word' id='word_1_425' title='bbox 980 4183 1376 4248; x_wconf 85' lang='lat' dir='ltr'><strong>dissimulatur,</strong></span> <span class='ocrx_word' id='word_1_426' title='bbox 1422 4195 1476 4238; x_wconf 90' lang='lat' dir='ltr'><strong>et</strong></span> <span class='ocrx_word' id='word_1_427' title='bbox 1520 4187 1675 4239; x_wconf 74' lang='grc' dir='ltr'>ιιιίδϐ·</span> 
     </span>
    </p>
   </div>
   <div class='ocr_carea' id='block_1_58' title="bbox 71 4271 1686 4343">
    <p class='ocr_par' dir='ltr' id='par_1_58' title="bbox 71 4271 1686 4343">
     <span class='ocr_line' id='line_1_58' title="bbox 71 4271 1686 4343; baseline 0.004 -17"><span class='ocrx_word' id='word_1_428' title='bbox 71 4271 268 4335; x_wconf 70' lang='lat' dir='ltr'><strong>tendi,</strong></span> <span class='ocrx_word' id='word_1_429' title='bbox 307 4287 414 4325; x_wconf 90' lang='lat' dir='ltr'><strong>non</strong></span> <span class='ocrx_word' id='word_1_430' title='bbox 453 4271 701 4338; x_wconf 82' lang='lat' dir='ltr'><strong>feriendi,</strong></span> <span class='ocrx_word' id='word_1_431' title='bbox 747 4275 944 4343; x_wconf 54' lang='lat' dir='ltr'><strong>quaerit</strong></span> <span class='ocrx_word' id='word_1_432' title='bbox 982 4277 1326 4329; x_wconf 86' lang='lat' dir='ltr'><strong>occasionem</strong></span> <span class='ocrx_word' id='word_1_433' title='bbox 1372 4277 1686 4332; x_wconf 87' lang='lat' dir='ltr'><strong>misericors</strong></span> 
     </span>
    </p>
   </div>
   <div class='ocr_carea' id='block_1_59' title="bbox 63 4362 1685 4436">
    <p class='ocr_par' dir='ltr' id='par_1_59' title="bbox 63 4362 1685 4436">
     <span class='ocr_line' id='line_1_59' title="bbox 63 4362 1685 4436; baseline 0.004 -18"><span class='ocrx_word' id='word_1_434' title='bbox 63 4373 137 4418; x_wconf 83' lang='lat' dir='ltr'><strong>et</strong></span> <span class='ocrx_word' id='word_1_435' title='bbox 184 4362 482 4418; x_wconf 79' lang='lat' dir='ltr'><strong>miseratur</strong></span> <span class='ocrx_word' id='word_1_436' title='bbox 517 4363 796 4418; x_wconf 88' lang='lat' dir='ltr'><strong>Dominus.</strong></span> <span class='ocrx_word' id='word_1_437' title='bbox 837 4366 1178 4421; x_wconf 71' lang='lat' dir='ltr'><strong>Citltarizant</strong></span> <span class='ocrx_word' id='word_1_438' title='bbox 1209 4384 1337 4436; x_wconf 84' lang='lat' dir='ltr'><strong>ergo</strong></span> <span class='ocrx_word' id='word_1_439' title='bbox 1372 4369 1424 4422; x_wconf 91' lang='lat' dir='ltr'><strong>in</strong></span> <span class='ocrx_word' id='word_1_440' title='bbox 1457 4370 1685 4424; x_wconf 85' lang='lat' dir='ltr'><strong>citharis</strong></span> 
     </span>
    </p>
   </div>
   <div class='ocr_carea' id='block_1_60' title="bbox 61 4453 1685 4527">
    <p class='ocr_par' dir='ltr' id='par_1_60' title="bbox 61 4453 1685 4527">
     <span class='ocr_line' id='line_1_60' title="bbox 61 4453 1685 4527; baseline 0.004 -17"><span class='ocrx_word' id='word_1_441' title='bbox 61 4454 224 4518; x_wconf 78' lang='lat' dir='ltr'><strong>suis,</strong></span> <span class='ocrx_word' id='word_1_442' title='bbox 273 4453 372 4524; x_wconf 91' lang='lat' dir='ltr'><strong>qui</strong></span> <span class='ocrx_word' id='word_1_443' title='bbox 405 4455 734 4525; x_wconf 88' lang='lat' dir='ltr'><strong>voluptatum</strong></span> <span class='ocrx_word' id='word_1_444' title='bbox 764 4455 1080 4512; x_wconf 74' lang='lat' dir='ltr'><strong>elfusionem</strong></span> <span class='ocrx_word' id='word_1_445' title='bbox 1123 4461 1458 4527; x_wconf 67' lang='lat' dir='ltr'><strong>poenitentiae</strong></span> <span class='ocrx_word' id='word_1_446' title='bbox 1500 4462 1685 4516; x_wconf 80' lang='lat' dir='ltr'><strong>distri-</strong></span> 
     </span>
    </p>
   </div>
   <div class='ocr_carea' id='block_1_61' title="bbox 61 4543 1680 4619">
    <p class='ocr_par' dir='ltr' id='par_1_61' title="bbox 61 4543 1680 4619">
     <span class='ocr_line' id='line_1_61' title="bbox 61 4543 1680 4619; baseline 0.004 -21"><span class='ocrx_word' id='word_1_447' title='bbox 61 4543 269 4599; x_wconf 87' lang='lat' dir='ltr'><strong>ctione</strong></span> <span class='ocrx_word' id='word_1_448' title='bbox 299 4545 650 4599; x_wconf 82' lang='lat' dir='ltr'><strong>reverberant</strong></span> <span class='ocrx_word' id='word_1_449' title='bbox 677 4563 688 4598; x_wconf 90' lang='lat'>:</span> <span class='ocrx_word' id='word_1_450' title='bbox 716 4555 771 4600; x_wconf 89' lang='lat' dir='ltr'><strong>et</strong></span> <span class='ocrx_word' id='word_1_451' title='bbox 801 4546 868 4600; x_wconf 90' lang='lat' dir='ltr'><strong>de</strong></span> <span class='ocrx_word' id='word_1_452' title='bbox 899 4545 1165 4615; x_wconf 83' lang='lat' dir='ltr'><strong>profunda</strong></span> <span class='ocrx_word' id='word_1_453' title='bbox 1199 4559 1550 4619; x_wconf 85' lang='lat' dir='ltr'><strong>peccatorum</strong></span> <span class='ocrx_word' id='word_1_454' title='bbox 1588 4568 1680 4605; x_wconf 88' lang='lat' dir='ltr'><strong>vo-</strong></span> 
     </span>
    </p>
   </div>
   <div class='ocr_carea' id='block_1_62' title="bbox 1796 1989 3403 2076">
    <p class='ocr_par' dir='ltr' id='par_1_62' title="bbox 1796 1989 3403 2076">
     <span class='ocr_line' id='line_1_62' title="bbox 1796 1989 3403 2076; baseline 0.003 -16"><span class='ocrx_word' id='word_1_455' title='bbox 1796 2007 2125 2076; x_wconf 83' lang='lat' dir='ltr'><strong>baptizantis</strong></span> <span class='ocrx_word' id='word_1_456' title='bbox 2157 2007 2382 2062; x_wconf 90' lang='lat' dir='ltr'><strong>includi.</strong></span> <span class='ocrx_word' id='word_1_457' title='bbox 2418 1989 2559 2074; x_wconf 84' lang='lat' dir='ltr'><strong>Quid</strong></span> <span class='ocrx_word' id='word_1_458' title='bbox 2589 2016 2693 2070; x_wconf 84' lang='lat' dir='ltr'><strong>est,</strong></span> <span class='ocrx_word' id='word_1_459' title='bbox 2723 2007 2998 2062; x_wconf 85' lang='lat' dir='ltr'><strong>Joannes?</strong></span> <span class='ocrx_word' id='word_1_460' title='bbox 3022 2008 3321 2064; x_wconf 87' lang='lat' dir='ltr'><strong>Cherubim</strong></span> <span class='ocrx_word' id='word_1_461' title='bbox 3345 2021 3403 2064; x_wconf 90' lang='lat' dir='ltr'><strong>et</strong></span> 
     </span>
    </p>
   </div>
   <div class='ocr_carea' id='block_1_63' title="bbox 1796 2096 3402 2168">
    <p class='ocr_par' dir='ltr' id='par_1_63' title="bbox 1796 2096 3402 2168">
     <span class='ocr_line' id='line_1_63' title="bbox 1796 2096 3402 2168; baseline 0.002 -16"><span class='ocrx_word' id='word_1_462' title='bbox 1796 2096 2084 2168; x_wconf 75' lang='lat' dir='ltr'><strong>Seraphin)</strong></span> <span class='ocrx_word' id='word_1_463' title='bbox 2113 2098 2202 2151; x_wconf 66' lang='lat' dir='ltr'><strong>vix</strong></span> <span class='ocrx_word' id='word_1_464' title='bbox 2241 2099 2444 2153; x_wconf 83' lang='lat' dir='ltr'><strong>audent</strong></span> <span class='ocrx_word' id='word_1_465' title='bbox 2471 2099 2767 2168; x_wconf 85' lang='lat' dir='ltr'><strong>respicere,</strong></span> <span class='ocrx_word' id='word_1_466' title='bbox 2807 2097 2863 2153; x_wconf 71' lang='lat' dir='ltr'><strong>ci</strong></span> <span class='ocrx_word' id='word_1_467' title='bbox 2890 2109 2942 2152; x_wconf 90' lang='lat' dir='ltr'><strong>tu</strong></span> <span class='ocrx_word' id='word_1_468' title='bbox 2979 2101 3181 2153; x_wconf 91' lang='lat' dir='ltr'><strong>nodum</strong></span> <span class='ocrx_word' id='word_1_469' title='bbox 3215 2109 3402 2156; x_wconf 86' lang='lat' dir='ltr'><strong>tcncre</strong></span> 
     </span>
    </p>
   </div>
   <div class='ocr_carea' id='block_1_64' title="bbox 1794 2188 3396 2259">
    <p class='ocr_par' dir='ltr' id='par_1_64' title="bbox 1794 2188 3396 2259">
     <span class='ocr_line' id='line_1_64' title="bbox 1794 2188 3396 2259; baseline 0.002 -18"><span class='ocrx_word' id='word_1_470' title='bbox 1794 2189 2106 2258; x_wconf 69' lang='lat' dir='ltr'><strong>prtesumis!</strong></span> <span class='ocrx_word' id='word_1_471' title='bbox 2141 2188 2244 2243; x_wconf 86' lang='lat' dir='ltr'><strong>Hic</strong></span> <span class='ocrx_word' id='word_1_472' title='bbox 2275 2199 2378 2254; x_wconf 90' lang='lat' dir='ltr'><strong>est,</strong></span> <span class='ocrx_word' id='word_1_473' title='bbox 2418 2189 2472 2242; x_wconf 92' lang='lat' dir='ltr'><strong>in</strong></span> <span class='ocrx_word' id='word_1_474' title='bbox 2507 2203 2672 2258; x_wconf 90' lang='lat' dir='ltr'><strong>quem</strong></span> <span class='ocrx_word' id='word_1_475' title='bbox 2710 2189 3026 2245; x_wconf 86' lang='lat' dir='ltr'><strong>desiderant</strong></span> <span class='ocrx_word' id='word_1_476' title='bbox 3059 2189 3236 2259; x_wconf 80' lang='lat' dir='ltr'><strong>angeli</strong></span> <span class='ocrx_word' id='word_1_477' title='bbox 3266 2205 3396 2259; x_wconf 84' lang='lat' dir='ltr'><strong>pro-</strong></span> 
     </span>
    </p>
   </div>
   <div class='ocr_carea' id='block_1_65' title="bbox 1794 2278 3403 2353">
    <p class='ocr_par' dir='ltr' id='par_1_65' title="bbox 1794 2278 3403 2353">
     <span class='ocr_line' id='line_1_65' title="bbox 1794 2278 3403 2353; baseline 0.002 -17"><span class='ocrx_word' id='word_1_478' title='bbox 1794 2281 2004 2351; x_wconf 82' lang='lat' dir='ltr'><strong>spicere</strong></span> <span class='ocrx_word' id='word_1_479' title='bbox 2032 2278 2083 2351; x_wconf 90' lang='lat' dir='ltr'><strong>(I</strong></span> <span class='ocrx_word' id='word_1_480' title='bbox 2122 2278 2269 2335; x_wconf 83' lang='lat' dir='ltr'><strong>Petr.</strong></span> <span class='ocrx_word' id='word_1_481' title='bbox 2306 2281 2387 2353; x_wconf 71' lang='lat' dir='ltr'><strong>t);</strong></span> <span class='ocrx_word' id='word_1_482' title='bbox 2426 2283 2534 2344; x_wconf 88' lang='lat' dir='ltr'><strong>cui,</strong></span> <span class='ocrx_word' id='word_1_483' title='bbox 2572 2281 2830 2347; x_wconf 80' lang='lat' dir='ltr'><strong>Sanctus,</strong></span> <span class='ocrx_word' id='word_1_484' title='bbox 2876 2292 3123 2347; x_wconf 88' lang='lat' dir='ltr'><strong>sanctus,</strong></span> <span class='ocrx_word' id='word_1_485' title='bbox 3149 2293 3403 2349; x_wconf 81' lang='lat' dir='ltr'><strong>sanctus,-</strong></span> 
     </span>
    </p>
   </div>
   <div class='ocr_carea' id='block_1_66' title="bbox 1793 2373 3396 2448">
    <p class='ocr_par' dir='ltr' id='par_1_66' title="bbox 1793 2373 3396 2448">
     <span class='ocr_line' id='line_1_66' title="bbox 1793 2373 3396 2448; baseline 0.002 -21"><span class='ocrx_word' id='word_1_486' title='bbox 1793 2373 2012 2428; x_wconf 85' lang='lat' dir='ltr'><strong>sublimi</strong></span> <span class='ocrx_word' id='word_1_487' title='bbox 2056 2373 2417 2429; x_wconf 86' lang='lat' dir='ltr'><strong>melodiarttm</strong></span> <span class='ocrx_word' id='word_1_488' title='bbox 2446 2389 2656 2448; x_wconf 80' lang='lat' dir='ltr'><strong>organo</strong></span> <span class='ocrx_word' id='word_1_489' title='bbox 2681 2375 2855 2429; x_wconf 69' lang='lat' dir='ltr'><strong>beatae</strong></span> <span class='ocrx_word' id='word_1_490' title='bbox 2889 2375 3131 2430; x_wconf 80' lang='lat' dir='ltr'><strong>civitatis</strong></span> <span class='ocrx_word' id='word_1_491' title='bbox 3156 2392 3396 2430; x_wconf 84' lang='lat' dir='ltr'><strong>conven—</strong></span> 
     </span>
    </p>
   </div>
   <div class='ocr_carea' id='block_1_67' title="bbox 1795 2465 3398 2536">
    <p class='ocr_par' dir='ltr' id='par_1_67' title="bbox 1795 2465 3398 2536">
     <span class='ocr_line' id='line_1_67' title="bbox 1795 2465 3398 2536; baseline 0.002 -17"><span class='ocrx_word' id='word_1_492' title='bbox 1795 2474 1882 2519; x_wconf 90' lang='lat' dir='ltr'><strong>tus</strong></span> <span class='ocrx_word' id='word_1_493' title='bbox 1914 2466 2217 2536; x_wconf 79' lang='lat' dir='ltr'><strong>ingeminat</strong></span> <span class='ocrx_word' id='word_1_494' title='bbox 2242 2465 2381 2534; x_wconf 69' lang='lat' dir='ltr'><strong>(Ita.</strong></span> <span class='ocrx_word' id='word_1_495' title='bbox 2417 2483 2498 2531; x_wconf 82' lang='lat' dir='ltr'><strong>vi;</strong></span> <span class='ocrx_word' id='word_1_496' title='bbox 2535 2468 2696 2535; x_wconf 79' lang='lat' dir='ltr'><strong>Apoc.</strong></span> <span class='ocrx_word' id='word_1_497' title='bbox 2729 2467 2802 2534; x_wconf 84' lang='lat' dir='ltr'><strong>iv)</strong></span> <span class='ocrx_word' id='word_1_498' title='bbox 2833 2483 2846 2531; x_wconf 91' lang='lat'><strong>;</strong></span> <span class='ocrx_word' id='word_1_499' title='bbox 2873 2467 2962 2534; x_wconf 85' lang='lat' dir='ltr'><strong>qui</strong></span> <span class='ocrx_word' id='word_1_500' title='bbox 2991 2468 3141 2521; x_wconf 92' lang='lat' dir='ltr'><strong>solus</strong></span> <span class='ocrx_word' id='word_1_501' title='bbox 3186 2467 3398 2522; x_wconf 84' lang='lat' dir='ltr'><strong>habitat</strong></span> 
     </span>
    </p>
   </div>
   <div class='ocr_carea' id='block_1_68' title="bbox 1795 2555 3392 2628">
    <p class='ocr_par' dir='ltr' id='par_1_68' title="bbox 1795 2555 3392 2628">
     <span class='ocr_line' id='line_1_68' title="bbox 1795 2555 3392 2628; baseline 0.003 -20"><span class='ocrx_word' id='word_1_502' title='bbox 1795 2555 1970 2610; x_wconf 89' lang='lat' dir='ltr'><strong>lucem</strong></span> <span class='ocrx_word' id='word_1_503' title='bbox 2015 2557 2444 2612; x_wconf 85' lang='lat' dir='ltr'><strong>inaccessibilem</strong></span> <span class='ocrx_word' id='word_1_504' title='bbox 2489 2557 2538 2628; x_wconf 91' lang='grc' dir='ltr'>(ι</span> <span class='ocrx_word' id='word_1_505' title='bbox 2588 2557 2722 2610; x_wconf 81' lang='lat' dir='ltr'><strong>Tim.</strong></span> <span class='ocrx_word' id='word_1_506' title='bbox 2770 2563 2865 2627; x_wconf 72' lang='lat' dir='ltr'><strong>rt),</strong></span> <span class='ocrx_word' id='word_1_507' title='bbox 2921 2558 3184 2613; x_wconf 88' lang='lat' dir='ltr'><strong>Dominus</strong></span> <span class='ocrx_word' id='word_1_508' title='bbox 3226 2561 3392 2613; x_wconf 87' lang='lat' dir='ltr'><strong>virtu-</strong></span> 
     </span>
    </p>
   </div>
   <div class='ocr_carea' id='block_1_69' title="bbox 1798 2648 3400 2720">
    <p class='ocr_par' dir='ltr' id='par_1_69' title="bbox 1798 2648 3400 2720">
     <span class='ocr_line' id='line_1_69' title="bbox 1798 2648 3400 2720; baseline 0.002 -18"><span class='ocrx_word' id='word_1_509' title='bbox 1798 2657 1934 2714; x_wconf 89' lang='lat' dir='ltr'><strong>tum,</strong></span> <span class='ocrx_word' id='word_1_510' title='bbox 1969 2648 2111 2704; x_wconf 89' lang='lat' dir='ltr'><strong>Deus</strong></span> <span class='ocrx_word' id='word_1_511' title='bbox 2150 2649 2526 2716; x_wconf 80' lang='lat' dir='ltr'><strong>scientiarum,</strong></span> <span class='ocrx_word' id='word_1_512' title='bbox 2565 2651 3067 2704; x_wconf 86' lang='lat' dir='ltr'><strong>misericordiarum</strong></span> <span class='ocrx_word' id='word_1_513' title='bbox 3111 2659 3288 2720; x_wconf 87' lang='lat' dir='ltr'><strong>pater,</strong></span> <span class='ocrx_word' id='word_1_514' title='bbox 3342 2659 3400 2706; x_wconf 82' lang='lat' dir='ltr'><strong>ct</strong></span> 
     </span>
    </p>
   </div>
   <div class='ocr_carea' id='block_1_70' title="bbox 1797 2738 3398 2808">
    <p class='ocr_par' dir='ltr' id='par_1_70' title="bbox 1797 2738 3398 2808">
     <span class='ocr_line' id='line_1_70' title="bbox 1797 2738 3398 2808; baseline 0.002 -16"><span class='ocrx_word' id='word_1_515' title='bbox 1797 2747 1851 2792; x_wconf 91' lang='lat' dir='ltr'><strong>tu</strong></span> <span class='ocrx_word' id='word_1_516' title='bbox 1879 2753 1987 2792; x_wconf 87' lang='lat' dir='ltr'><strong>non</strong></span> <span class='ocrx_word' id='word_1_517' title='bbox 2023 2740 2258 2794; x_wconf 85' lang='lat' dir='ltr'><strong>metuis!</strong></span> <span class='ocrx_word' id='word_1_518' title='bbox 2309 2739 2430 2794; x_wconf 87' lang='lat' dir='ltr'><strong>Tibi</strong></span> <span class='ocrx_word' id='word_1_519' title='bbox 2470 2741 2660 2794; x_wconf 82' lang='lat' dir='ltr'><strong>datum</strong></span> <span class='ocrx_word' id='word_1_520' title='bbox 2705 2749 2810 2803; x_wconf 91' lang='lat' dir='ltr'><strong>est,</strong></span> <span class='ocrx_word' id='word_1_521' title='bbox 2845 2739 2989 2808; x_wconf 90' lang='lat' dir='ltr'><strong>quod</strong></span> <span class='ocrx_word' id='word_1_522' title='bbox 3029 2738 3284 2794; x_wconf 86' lang='lat' dir='ltr'><strong>omnibus</strong></span> <span class='ocrx_word' id='word_1_523' title='bbox 3311 2746 3398 2795; x_wconf 75' lang='lat' dir='ltr'><strong>est</strong></span> 
     </span>
    </p>
   </div>
   <div class='ocr_carea' id='block_1_71' title="bbox 1795 2828 3392 2905">
    <p class='ocr_par' dir='ltr' id='par_1_71' title="bbox 1795 2828 3392 2905">
     <span class='ocr_line' id='line_1_71' title="bbox 1795 2828 3392 2905; baseline 0.002 -24"><span class='ocrx_word' id='word_1_524' title='bbox 1795 2837 2050 2896; x_wconf 81' lang='lat' dir='ltr'><strong>negatum</strong></span> <span class='ocrx_word' id='word_1_525' title='bbox 2081 2868 2096 2894; x_wconf 95' lang='lat'><strong>,</strong></span> <span class='ocrx_word' id='word_1_526' title='bbox 2149 2828 2429 2905; x_wconf 83' lang='lat' dir='ltr'><strong>baptizare</strong></span> <span class='ocrx_word' id='word_1_527' title='bbox 2473 2844 2598 2883; x_wconf 88' lang='lat' dir='ltr'><strong>eum</strong></span> <span class='ocrx_word' id='word_1_528' title='bbox 2647 2830 2739 2899; x_wconf 90' lang='lat' dir='ltr'><strong>qui</strong></span> <span class='ocrx_word' id='word_1_529' title='bbox 2793 2830 3035 2900; x_wconf 83' lang='lat' dir='ltr'><strong>baptizat</strong></span> <span class='ocrx_word' id='word_1_530' title='bbox 3085 2830 3137 2882; x_wconf 94' lang='lat' dir='ltr'><strong>in</strong></span> <span class='ocrx_word' id='word_1_531' title='bbox 3183 2829 3392 2898; x_wconf 91' lang='lat' dir='ltr'><strong>Spiritu</strong></span> 
     </span>
    </p>
   </div>
   <div class='ocr_carea' id='block_1_72' title="bbox 1795 2921 3395 2991">
    <p class='ocr_par' dir='ltr' id='par_1_72' title="bbox 1795 2921 3395 2991">
     <span class='ocr_line' id='line_1_72' title="bbox 1795 2921 3395 2991; baseline 0.001 -17"><span class='ocrx_word' id='word_1_532' title='bbox 1795 2930 1985 2975; x_wconf 70' lang='lat' dir='ltr'><strong>sancto</strong></span> <span class='ocrx_word' id='word_1_533' title='bbox 2017 2932 2072 2976; x_wconf 88' lang='lat' dir='ltr'><strong>et</strong></span> <span class='ocrx_word' id='word_1_534' title='bbox 2106 2921 2250 2991; x_wconf 78' lang='lat' dir='ltr'><strong>igne,</strong></span> <span class='ocrx_word' id='word_1_535' title='bbox 2299 2922 2678 2991; x_wconf 86' lang='lat' dir='ltr'><strong>virginemque</strong></span> <span class='ocrx_word' id='word_1_536' title='bbox 2722 2921 2959 2989; x_wconf 77' lang='lat' dir='ltr'><strong>Virginis</strong></span> <span class='ocrx_word' id='word_1_537' title='bbox 3001 2921 3195 2976; x_wconf 83' lang='lat' dir='ltr'><strong>Filium</strong></span> <span class='ocrx_word' id='word_1_538' title='bbox 3229 2921 3395 2990; x_wconf 83' lang='lat' dir='ltr'><strong>virgi-</strong></span> 
     </span>
    </p>
   </div>
   <div class='ocr_carea' id='block_1_73' title="bbox 1795 2999 3393 3081">
    <p class='ocr_par' dir='ltr' id='par_1_73' title="bbox 1795 2999 3393 3081">
     <span class='ocr_line' id='line_1_73' title="bbox 1795 2999 3393 3081; baseline 0.003 -17"><span class='ocrx_word' id='word_1_539' title='bbox 1795 3012 1914 3066; x_wconf 89' lang='lat' dir='ltr'><strong>neis</strong></span> <span class='ocrx_word' id='word_1_540' title='bbox 1935 2999 2646 3066; x_wconf 73' lang='lat' dir='ltr'><strong>utanibusirrorare.Totus</strong></span> <span class='ocrx_word' id='word_1_541' title='bbox 2693 3021 2922 3081; x_wconf 87' lang='lat' dir='ltr'><strong>astupeo</strong></span> <span class='ocrx_word' id='word_1_542' title='bbox 2955 3012 3393 3081; x_wconf 80' lang='lat' dir='ltr'><strong>baptizanti,ho-</strong></span> 
     </span>
    </p>
   </div>
   <div class='ocr_carea' id='block_1_74' title="bbox 1796 3101 3394 3172">
    <p class='ocr_par' dir='ltr' id='par_1_74' title="bbox 1796 3101 3394 3172">
     <span class='ocr_line' id='line_1_74' title="bbox 1796 3101 3394 3172; baseline 0.001 -18"><span class='ocrx_word' id='word_1_543' title='bbox 1796 3102 2106 3171; x_wconf 86' lang='lat' dir='ltr'><strong>minemque</strong></span> <span class='ocrx_word' id='word_1_544' title='bbox 2143 3101 2236 3156; x_wconf 87' lang='lat' dir='ltr'><strong>Dei</strong></span> <span class='ocrx_word' id='word_1_545' title='bbox 2267 3103 2586 3172; x_wconf 83' lang='lat' dir='ltr'><strong>magistrum</strong></span> <span class='ocrx_word' id='word_1_546' title='bbox 2621 3117 2898 3166; x_wconf 83' lang='lat' dir='ltr'><strong>revereor,</strong></span> <span class='ocrx_word' id='word_1_547' title='bbox 2943 3101 3253 3172; x_wconf 82' lang='lat' dir='ltr'><strong>dignantem</strong></span> <span class='ocrx_word' id='word_1_548' title='bbox 3295 3103 3394 3155; x_wconf 88' lang='lat' dir='ltr'><strong>ad-</strong></span> 
     </span>
    </p>
   </div>
   <div class='ocr_carea' id='block_1_75' title="bbox 1797 3192 3392 3262">
    <p class='ocr_par' dir='ltr' id='par_1_75' title="bbox 1797 3192 3392 3262">
     <span class='ocr_line' id='line_1_75' title="bbox 1797 3192 3392 3262; baseline 0.003 -18"><span class='ocrx_word' id='word_1_549' title='bbox 1797 3192 2004 3255; x_wconf 88' lang='lat' dir='ltr'><strong>miror,</strong></span> <span class='ocrx_word' id='word_1_550' title='bbox 2056 3206 2289 3246; x_wconf 83' lang='lat' dir='ltr'><strong>veneror</strong></span> <span class='ocrx_word' id='word_1_551' title='bbox 2341 3193 2749 3262; x_wconf 83' lang='lat' dir='ltr'><strong>dignationem,</strong></span> <span class='ocrx_word' id='word_1_552' title='bbox 2795 3201 2852 3246; x_wconf 92' lang='lat' dir='ltr'><strong>et</strong></span> <span class='ocrx_word' id='word_1_553' title='bbox 2910 3194 3184 3247; x_wconf 89' lang='lat' dir='ltr'><strong>hominem</strong></span> <span class='ocrx_word' id='word_1_554' title='bbox 3235 3194 3392 3248; x_wconf 86' lang='lat' dir='ltr'><strong>video</strong></span> 
     </span>
    </p>
   </div>
   <div class='ocr_carea' id='block_1_76' title="bbox 1798 3284 3392 3357">
    <p class='ocr_par' dir='ltr' id='par_1_76' title="bbox 1798 3284 3392 3357">
     <span class='ocr_line' id='line_1_76' title="bbox 1798 3284 3392 3357; baseline 0.003 -20"><span class='ocrx_word' id='word_1_555' title='bbox 1798 3284 2112 3352; x_wconf 82' lang='lat' dir='ltr'><strong>violentiam</strong></span> <span class='ocrx_word' id='word_1_556' title='bbox 2145 3285 2277 3354; x_wconf 88' lang='lat' dir='ltr'><strong>ipsis</strong></span> <span class='ocrx_word' id='word_1_557' title='bbox 2306 3286 2462 3340; x_wconf 71' lang='lat' dir='ltr'><strong>caelis</strong></span> <span class='ocrx_word' id='word_1_558' title='bbox 2488 3285 2710 3340; x_wconf 84' lang='lat' dir='ltr'><strong>inferre.</strong></span> <span class='ocrx_word' id='word_1_559' title='bbox 2741 3285 2914 3340; x_wconf 88' lang='lat' dir='ltr'><strong>Porro</strong></span> <span class='ocrx_word' id='word_1_560' title='bbox 2948 3287 3078 3341; x_wconf 88' lang='lat' dir='ltr'><strong>illud</strong></span> <span class='ocrx_word' id='word_1_561' title='bbox 3109 3287 3271 3357; x_wconf 87' lang='lat' dir='ltr'><strong>quale</strong></span> <span class='ocrx_word' id='word_1_562' title='bbox 3305 3296 3392 3342; x_wconf 89' lang='lat' dir='ltr'><strong>est</strong></span> 
     </span>
    </p>
   </div>
   <div class='ocr_carea' id='block_1_77' title="bbox 1794 3374 3393 3446">
    <p class='ocr_par' dir='ltr' id='par_1_77' title="bbox 1794 3374 3393 3446">
     <span class='ocr_line' id='line_1_77' title="bbox 1794 3374 3393 3446; baseline 0.003 -20"><span class='ocrx_word' id='word_1_563' title='bbox 1794 3388 1903 3442; x_wconf 84' lang='lat' dir='ltr'><strong>quo</strong></span> <span class='ocrx_word' id='word_1_564' title='bbox 1931 3375 1984 3428; x_wconf 90' lang='lat' dir='ltr'><strong>in</strong></span> <span class='ocrx_word' id='word_1_565' title='bbox 2021 3375 2124 3428; x_wconf 87' lang='lat' dir='ltr'><strong>isto</strong></span> <span class='ocrx_word' id='word_1_566' title='bbox 2152 3374 2481 3443; x_wconf 84' lang='lat' dir='ltr'><strong>baptismate</strong></span> <span class='ocrx_word' id='word_1_567' title='bbox 2513 3376 2841 3428; x_wconf 89' lang='lat' dir='ltr'><strong>terminatur</strong></span> <span class='ocrx_word' id='word_1_568' title='bbox 2862 3374 2968 3440; x_wconf 84' lang='lat' dir='ltr'><strong>lex,</strong></span> <span class='ocrx_word' id='word_1_569' title='bbox 2997 3374 3158 3429; x_wconf 88' lang='lat' dir='ltr'><strong>linem</strong></span> <span class='ocrx_word' id='word_1_570' title='bbox 3194 3377 3393 3446; x_wconf 90' lang='lat' dir='ltr'><strong>accipit</strong></span> 
     </span>
    </p>
   </div>
   <div class='ocr_carea' id='block_1_78' title="bbox 1792 3463 3391 3539">
    <p class='ocr_par' dir='ltr' id='par_1_78' title="bbox 1792 3463 3391 3539">
     <span class='ocr_line' id='line_1_78' title="bbox 1792 3463 3391 3539; baseline 0.003 -21"><span class='ocrx_word' id='word_1_571' title='bbox 1792 3465 2076 3535; x_wconf 88' lang='lat' dir='ltr'><strong>prophetia</strong></span> <span class='ocrx_word' id='word_1_572' title='bbox 2099 3475 2153 3532; x_wconf 83' lang='lat' dir='ltr'><strong>et</strong></span> <span class='ocrx_word' id='word_1_573' title='bbox 2187 3466 2364 3518; x_wconf 91' lang='lat' dir='ltr'><strong>omnis</strong></span> <span class='ocrx_word' id='word_1_574' title='bbox 2389 3463 2479 3518; x_wconf 85' lang='lat' dir='ltr'><strong>illa</strong></span> <span class='ocrx_word' id='word_1_575' title='bbox 2514 3465 2911 3519; x_wconf 78' lang='lat' dir='ltr'><strong>sacriﬁciorum</strong></span> <span class='ocrx_word' id='word_1_576' title='bbox 2945 3466 3235 3522; x_wconf 88' lang='lat' dir='ltr'><strong>multitudo</strong></span> <span class='ocrx_word' id='word_1_577' title='bbox 3260 3483 3391 3539; x_wconf 87' lang='lat' dir='ltr'><strong>pro-</strong></span> 
     </span>
    </p>
   </div>
   <div class='ocr_carea' id='block_1_79' title="bbox 1792 3553 3392 3623">
    <p class='ocr_par' dir='ltr' id='par_1_79' title="bbox 1792 3553 3392 3623">
     <span class='ocr_line' id='line_1_79' title="bbox 1792 3553 3392 3623; baseline 0.004 -18"><span class='ocrx_word' id='word_1_578' title='bbox 1792 3553 2037 3622; x_wconf 84' lang='lat' dir='ltr'><strong>pulsatur</strong></span> <span class='ocrx_word' id='word_1_579' title='bbox 2079 3564 2136 3607; x_wconf 90' lang='lat' dir='ltr'><strong>et</strong></span> <span class='ocrx_word' id='word_1_580' title='bbox 2163 3553 2427 3623; x_wconf 87' lang='lat' dir='ltr'><strong>pellitur?</strong></span> <span class='ocrx_word' id='word_1_581' title='bbox 2455 3553 2553 3608; x_wconf 85' lang='lat' dir='ltr'><strong>Hic</strong></span> <span class='ocrx_word' id='word_1_582' title='bbox 2595 3554 2790 3623; x_wconf 89' lang='lat' dir='ltr'><strong>incipit</strong></span> <span class='ocrx_word' id='word_1_583' title='bbox 2829 3565 2884 3608; x_wconf 90' lang='lat' dir='ltr'><strong>et</strong></span> <span class='ocrx_word' id='word_1_584' title='bbox 2923 3556 3199 3610; x_wconf 83' lang='lat' dir='ltr'><strong>stabiliter</strong></span> <span class='ocrx_word' id='word_1_585' title='bbox 3237 3571 3392 3611; x_wconf 81' lang='lat' dir='ltr'><strong>nova:</strong></span> 
     </span>
    </p>
   </div>
   <div class='ocr_carea' id='block_1_80' title="bbox 1794 3627 3390 3716">
    <p class='ocr_par' dir='ltr' id='par_1_80' title="bbox 1794 3627 3390 3716">
     <span class='ocr_line' id='line_1_80' title="bbox 1794 3627 3390 3716; baseline 0.003 -17"><span class='ocrx_word' id='word_1_586' title='bbox 1794 3646 2221 3715; x_wconf 89' lang='lat' dir='ltr'><strong>regenerationis</strong></span> <span class='ocrx_word' id='word_1_587' title='bbox 2251 3627 2594 3716; x_wconf 71' lang='lat' dir='ltr'><strong>perduianda</strong></span> <span class='ocrx_word' id='word_1_588' title='bbox 2632 3647 2905 3716; x_wconf 80' lang='lat' dir='ltr'><strong>purgatio,</strong></span> <span class='ocrx_word' id='word_1_589' title='bbox 2937 3657 2991 3701; x_wconf 89' lang='lat' dir='ltr'><strong>et</strong></span> <span class='ocrx_word' id='word_1_590' title='bbox 3022 3647 3074 3700; x_wconf 91' lang='lat' dir='ltr'><strong>in</strong></span> <span class='ocrx_word' id='word_1_591' title='bbox 3103 3664 3269 3702; x_wconf 90' lang='lat' dir='ltr'><strong>unam</strong></span> <span class='ocrx_word' id='word_1_592' title='bbox 3292 3649 3390 3704; x_wconf 78' lang='lat' dir='ltr'><strong>ba-</strong></span> 
     </span>
    </p>
   </div>
   <div class='ocr_carea' id='block_1_81' title="bbox 1791 3741 3387 3814">
    <p class='ocr_par' dir='ltr' id='par_1_81' title="bbox 1791 3741 3387 3814">
     <span class='ocr_line' id='line_1_81' title="bbox 1791 3741 3387 3814; baseline 0 -18"><span class='ocrx_word' id='word_1_593' title='bbox 1791 3743 2065 3812; x_wconf 88' lang='lat' dir='ltr'><strong>ptismatis</strong></span> <span class='ocrx_word' id='word_1_594' title='bbox 2095 3741 2324 3796; x_wconf 80' lang='lat' dir='ltr'><strong>formam</strong></span> <span class='ocrx_word' id='word_1_595' title='bbox 2346 3741 2598 3811; x_wconf 81' lang='lat' dir='ltr'><strong>legalium</strong></span> <span class='ocrx_word' id='word_1_596' title='bbox 2634 3751 2918 3796; x_wconf 86' lang='lat' dir='ltr'><strong>transeunt</strong></span> <span class='ocrx_word' id='word_1_597' title='bbox 2941 3742 3222 3810; x_wconf 81' lang='lat' dir='ltr'><strong>dispendia</strong></span> <span class='ocrx_word' id='word_1_598' title='bbox 3251 3742 3387 3814; x_wconf 83' lang='lat' dir='ltr'><strong>ligu-</strong></span> 
     </span>
    </p>
   </div>
   <div class='ocr_carea' id='block_1_82' title="bbox 1793 3831 3382 3899">
    <p class='ocr_par' dir='ltr' id='par_1_82' title="bbox 1793 3831 3382 3899">
     <span class='ocr_line' id='line_1_82' title="bbox 1793 3831 3382 3899; baseline 0.001 -15"><span class='ocrx_word' id='word_1_599' title='bbox 1793 3847 1997 3885; x_wconf 86' lang='lat' dir='ltr'><strong>rarum.</strong></span> <span class='ocrx_word' id='word_1_600' title='bbox 2030 3831 2114 3885; x_wconf 80' lang='lat' dir='ltr'><strong>Ad</strong></span> <span class='ocrx_word' id='word_1_601' title='bbox 2148 3831 2482 3885; x_wconf 86' lang='lat' dir='ltr'><strong>ablutionem</strong></span> <span class='ocrx_word' id='word_1_602' title='bbox 2514 3833 2661 3884; x_wconf 88' lang='lat' dir='ltr'><strong>enim</strong></span> <span class='ocrx_word' id='word_1_603' title='bbox 2694 3846 2849 3899; x_wconf 73' lang='lat' dir='ltr'><strong>aquae</strong></span> <span class='ocrx_word' id='word_1_604' title='bbox 2883 3841 2938 3884; x_wconf 88' lang='lat' dir='ltr'><strong>et</strong></span> <span class='ocrx_word' id='word_1_605' title='bbox 2977 3831 3382 3886; x_wconf 86' lang='lat' dir='ltr'><strong>invocationem</strong></span> 
     </span>
    </p>
   </div>
   <div class='ocr_carea' id='block_1_83' title="bbox 1791 3918 3385 3988">
    <p class='ocr_par' dir='ltr' id='par_1_83' title="bbox 1791 3918 3385 3988">
     <span class='ocr_line' id='line_1_83' title="bbox 1791 3918 3385 3988; baseline -0.001 -14"><span class='ocrx_word' id='word_1_606' title='bbox 1791 3921 1964 3977; x_wconf 85' lang='lat' dir='ltr'><strong>sancti</strong></span> <span class='ocrx_word' id='word_1_607' title='bbox 1994 3919 2231 3988; x_wconf 90' lang='lat' dir='ltr'><strong>Spritus,</strong></span> <span class='ocrx_word' id='word_1_608' title='bbox 2261 3919 2520 3988; x_wconf 84' lang='lat' dir='ltr'><strong>sepelitur</strong></span> <span class='ocrx_word' id='word_1_609' title='bbox 2545 3920 2820 3974; x_wconf 90' lang='lat' dir='ltr'><strong>hircorum</strong></span> <span class='ocrx_word' id='word_1_610' title='bbox 2848 3928 2902 3974; x_wconf 89' lang='lat' dir='ltr'><strong>et</strong></span> <span class='ocrx_word' id='word_1_611' title='bbox 2933 3918 3226 3971; x_wconf 88' lang='lat' dir='ltr'><strong>vitulorum</strong></span> <span class='ocrx_word' id='word_1_612' title='bbox 3256 3934 3385 3973; x_wconf 88' lang='lat' dir='ltr'><strong>san-</strong></span> 
     </span>
    </p>
   </div>
   <div class='ocr_carea' id='block_1_84' title="bbox 1790 4008 3385 4080">
    <p class='ocr_par' dir='ltr' id='par_1_84' title="bbox 1790 4008 3385 4080">
     <span class='ocr_line' id='line_1_84' title="bbox 1790 4008 3385 4080; baseline 0 -17"><span class='ocrx_word' id='word_1_613' title='bbox 1790 4010 2099 4080; x_wconf 88' lang='lat' dir='ltr'><strong>guinolenta</strong></span> <span class='ocrx_word' id='word_1_614' title='bbox 2147 4011 2455 4080; x_wconf 85' lang='lat' dir='ltr'><strong>congeries,</strong></span> <span class='ocrx_word' id='word_1_615' title='bbox 2499 4019 2554 4064; x_wconf 92' lang='lat' dir='ltr'><strong>et</strong></span> <span class='ocrx_word' id='word_1_616' title='bbox 2600 4024 2797 4080; x_wconf 87' lang='lat' dir='ltr'><strong>pecora</strong></span> <span class='ocrx_word' id='word_1_617' title='bbox 2847 4008 3140 4078; x_wconf 90' lang='lat' dir='ltr'><strong>pecoribus</strong></span> <span class='ocrx_word' id='word_1_618' title='bbox 3181 4009 3385 4063; x_wconf 67' lang='lat' dir='ltr'><strong>Judaeis</strong></span> 
     </span>
    </p>
   </div>
   <div class='ocr_carea' id='block_1_85' title="bbox 1791 4101 3385 4180">
    <p class='ocr_par' dir='ltr' id='par_1_85' title="bbox 1791 4101 3385 4180">
     <span class='ocr_line' id='line_1_85' title="bbox 1791 4101 3385 4180; baseline 0.002 -27"><span class='ocrx_word' id='word_1_619' title='bbox 1791 4101 2172 4170; x_wconf 87' lang='lat' dir='ltr'><strong>relinquimus,</strong></span> <span class='ocrx_word' id='word_1_620' title='bbox 2223 4101 2352 4155; x_wconf 86' lang='lat' dir='ltr'><strong>illud</strong></span> <span class='ocrx_word' id='word_1_621' title='bbox 2395 4101 2713 4180; x_wconf 71' lang='lat' dir='ltr'><strong>Davidicum</strong></span> <span class='ocrx_word' id='word_1_622' title='bbox 2742 4101 3128 4156; x_wconf 81' lang='lat' dir='ltr'><strong>attendentes:</strong></span> <span class='ocrx_word' id='word_1_623' title='bbox 3171 4120 3187 4152; x_wconf 80' lang='grc' dir='ltr'><strong>ι</strong></span> <span class='ocrx_word' id='word_1_624' title='bbox 3222 4101 3385 4156; x_wconf 76' lang='grc' dir='ltr'>ιιυιο-</span> 
     </span>
    </p>
   </div>
   <div class='ocr_carea' id='block_1_86' title="bbox 1789 4192 3377 4264">
    <p class='ocr_par' dir='ltr' id='par_1_86' title="bbox 1789 4192 3377 4264">
     <span class='ocr_line' id='line_1_86' title="bbox 1789 4192 3377 4264; baseline -0.002 -14"><span class='ocrx_word' id='word_1_625' title='bbox 1789 4206 2036 4250; x_wconf 90' lang='lat' dir='ltr'><strong>caustum</strong></span> <span class='ocrx_word' id='word_1_626' title='bbox 2064 4204 2119 4249; x_wconf 91' lang='lat' dir='ltr'><strong>et</strong></span> <span class='ocrx_word' id='word_1_627' title='bbox 2148 4211 2242 4264; x_wconf 91' lang='lat' dir='ltr'><strong>pro</strong></span> <span class='ocrx_word' id='word_1_628' title='bbox 2265 4205 2492 4264; x_wconf 85' lang='lat' dir='ltr'><strong>peccato</strong></span> <span class='ocrx_word' id='word_1_629' title='bbox 2513 4210 2616 4247; x_wconf 87' lang='lat' dir='ltr'><strong>non</strong></span> <span class='ocrx_word' id='word_1_630' title='bbox 2642 4195 2924 4263; x_wconf 87' lang='lat' dir='ltr'><strong>postulasti</strong></span> <span class='ocrx_word' id='word_1_631' title='bbox 2950 4192 3122 4264; x_wconf 72' lang='lat' dir='ltr'><strong>(Pani.</strong></span> <span class='ocrx_word' id='word_1_632' title='bbox 3153 4196 3326 4264; x_wconf 77' lang='lat' dir='ltr'><strong>xxix).</strong></span> <span class='ocrx_word' id='word_1_633' title='bbox 3356 4213 3377 4247; x_wconf 80' lang='grc' dir='ltr'><strong>ι</strong></span> 
     </span>
    </p>
   </div>
   <div class='ocr_carea' id='block_1_87' title="bbox 1859 4285 3387 4355">
    <p class='ocr_par' dir='ltr' id='par_1_87' title="bbox 1859 4285 3387 4355">
     <span class='ocr_line' id='line_1_87' title="bbox 1859 4285 3387 4355; baseline -0.003 -12"><span class='ocrx_word' id='word_1_634' title='bbox 1859 4289 2096 4343; x_wconf 86' lang='lat' dir='ltr'><strong>Octavus</strong></span> <span class='ocrx_word' id='word_1_635' title='bbox 2129 4297 2212 4343; x_wconf 90' lang='lat' dir='ltr'><strong>est</strong></span> <span class='ocrx_word' id='word_1_636' title='bbox 2245 4288 2422 4355; x_wconf 87' lang='lat' dir='ltr'><strong>prima</strong></span> <span class='ocrx_word' id='word_1_637' title='bbox 2451 4287 2710 4340; x_wconf 84' lang='lat' dir='ltr'><strong>revelatio</strong></span> <span class='ocrx_word' id='word_1_638' title='bbox 2737 4287 2803 4341; x_wconf 89' lang='lat' dir='ltr'><strong>de</strong></span> <span class='ocrx_word' id='word_1_639' title='bbox 2841 4285 3126 4340; x_wconf 87' lang='lat' dir='ltr'><strong>Trioitate.</strong></span> <span class='ocrx_word' id='word_1_640' title='bbox 3157 4287 3198 4338; x_wconf 84' lang='lat' dir='ltr'><strong>A</strong></span> <span class='ocrx_word' id='word_1_641' title='bbox 3231 4299 3387 4348; x_wconf 72' lang='lat' dir='ltr'><strong>circa-</strong></span> 
     </span>
    </p>
   </div>
   <div class='ocr_carea' id='block_1_88' title="bbox 1790 4377 3378 4446">
    <p class='ocr_par' dir='ltr' id='par_1_88' title="bbox 1790 4377 3378 4446">
     <span class='ocr_line' id='line_1_88' title="bbox 1790 4377 3378 4446; baseline -0.002 -14"><span class='ocrx_word' id='word_1_642' title='bbox 1790 4381 1936 4433; x_wconf 87' lang='lat' dir='ltr'><strong>tione</strong></span> <span class='ocrx_word' id='word_1_643' title='bbox 1971 4379 2093 4432; x_wconf 65' lang='grc' dir='ltr'><strong>εαξιί</strong></span> <span class='ocrx_word' id='word_1_644' title='bbox 2125 4387 2181 4432; x_wconf 93' lang='lat' dir='ltr'><strong>et</strong></span> <span class='ocrx_word' id='word_1_645' title='bbox 2215 4387 2376 4432; x_wconf 76' lang='lat' dir='ltr'><strong>terra:</strong></span> <span class='ocrx_word' id='word_1_646' title='bbox 2406 4392 2577 4446; x_wconf 89' lang='lat' dir='ltr'><strong>usque</strong></span> <span class='ocrx_word' id='word_1_647' title='bbox 2619 4378 2687 4431; x_wconf 87' lang='lat' dir='ltr'><strong>ad</strong></span> <span class='ocrx_word' id='word_1_648' title='bbox 2719 4377 2863 4431; x_wconf 88' lang='lat' dir='ltr'><strong>hunc</strong></span> <span class='ocrx_word' id='word_1_649' title='bbox 2890 4377 3065 4431; x_wconf 88' lang='lat' dir='ltr'><strong>locum</strong></span> <span class='ocrx_word' id='word_1_650' title='bbox 3098 4391 3378 4446; x_wconf 86' lang='lat' dir='ltr'><strong>nunquam</strong></span> 
     </span>
    </p>
   </div>
   <div class='ocr_carea' id='block_1_89' title="bbox 1789 4466 3380 4538">
    <p class='ocr_par' dir='ltr' id='par_1_89' title="bbox 1789 4466 3380 4538">
     <span class='ocr_line' id='line_1_89' title="bbox 1789 4466 3380 4538; baseline 0 -17"><span class='ocrx_word' id='word_1_651' title='bbox 1789 4468 2032 4522; x_wconf 81' lang='lat' dir='ltr'><strong>Trinitas</strong></span> <span class='ocrx_word' id='word_1_652' title='bbox 2067 4467 2379 4521; x_wconf 90' lang='lat' dir='ltr'><strong>hominibus</strong></span> <span class='ocrx_word' id='word_1_653' title='bbox 2426 4466 2715 4522; x_wconf 81' lang='lat' dir='ltr'><strong>manifeste</strong></span> <span class='ocrx_word' id='word_1_654' title='bbox 2757 4468 3029 4538; x_wconf 89' lang='lat' dir='ltr'><strong>apparuit,</strong></span> <span class='ocrx_word' id='word_1_655' title='bbox 3064 4468 3158 4522; x_wconf 88' lang='lat' dir='ltr'><strong>scd</strong></span> <span class='ocrx_word' id='word_1_656' title='bbox 3199 4481 3380 4521; x_wconf 88' lang='lat' dir='ltr'><strong>rcrmn</strong></span> 
     </span>
    </p>
   </div>
   <div class='ocr_carea' id='block_1_90' title="bbox 1788 4557 3380 4615">
    <p class='ocr_par' dir='ltr' id='par_1_90' title="bbox 1788 4557 3380 4615">
     <span class='ocr_line' id='line_1_90' title="bbox 1788 4557 3380 4615; baseline 0.002 -3"><span class='ocrx_word' id='word_1_657' title='bbox 1788 4568 1842 4613; x_wconf 92' lang='lat' dir='ltr'><strong>et</strong></span> <span class='ocrx_word' id='word_1_658' title='bbox 1869 4559 2157 4612; x_wconf 64' lang='lat' dir='ltr'><strong>verborum</strong></span> <span class='ocrx_word' id='word_1_659' title='bbox 2187 4557 2485 4611; x_wconf 82' lang='lat' dir='ltr'><strong>involucris</strong></span> <span class='ocrx_word' id='word_1_660' title='bbox 2514 4557 2755 4612; x_wconf 86' lang='lat' dir='ltr'><strong>involuta</strong></span> <span class='ocrx_word' id='word_1_661' title='bbox 2789 4557 2889 4611; x_wconf 77' lang='lat' dir='ltr'><strong>fuit</strong></span> <span class='ocrx_word' id='word_1_662' title='bbox 2918 4569 3080 4612; x_wconf 65' lang='lat' dir='ltr'><strong>tantae</strong></span> <span class='ocrx_word' id='word_1_663' title='bbox 3113 4558 3380 4615; x_wconf 86' lang='lat' dir='ltr'><strong>claritatis</strong></span> 
     </span>
    </p>
   </div>
   <div class='ocr_carea' id='block_1_91' title="bbox 58 4610 3384 4718">
    <p class='ocr_par' dir='ltr' id='par_1_91' title="bbox 58 4610 3384 4718">
     <span class='ocr_line' id='line_1_91' title="bbox 58 4610 3384 4718; baseline 0.003 -22"><span class='ocrx_word' id='word_1_664' title='bbox 58 4631 280 4702; x_wconf 74' lang='lat' dir='ltr'><strong>ragine</strong></span> <span class='ocrx_word' id='word_1_665' title='bbox 309 4634 666 4703; x_wconf 74' lang='lat' dir='ltr'><strong>respirameS.</strong></span> <span class='ocrx_word' id='word_1_666' title='bbox 701 4634 986 4691; x_wconf 65' lang='lat' dir='ltr'><strong>Pharaone</strong></span> <span class='ocrx_word' id='word_1_667' title='bbox 1015 4639 1323 4703; x_wconf 68' lang='grc' dir='ltr'><strong>ευὺιηθτεο,</strong></span> <span class='ocrx_word' id='word_1_668' title='bbox 1356 4651 1583 4695; x_wconf 65' lang='lat' dir='ltr'><strong>caulam</strong></span> <span class='ocrx_word' id='word_1_669' title='bbox 1625 4643 1678 4699; x_wconf 83' lang='lat' dir='ltr'><strong>in</strong></span> <span class='ocrx_word' id='word_1_670' title='bbox 1710 4610 1759 4671; x_wconf 67' lang='grc' dir='ltr'><strong><em>υ</em></strong></span> <span class='ocrx_word' id='word_1_671' title='bbox 1783 4650 2084 4704; x_wconf 75' lang='lat' dir='ltr'><strong>reternitas.</strong></span> <span class='ocrx_word' id='word_1_672' title='bbox 2137 4648 2384 4718; x_wconf 88' lang='lat' dir='ltr'><strong>Denique</strong></span> <span class='ocrx_word' id='word_1_673' title='bbox 2453 4649 2790 4703; x_wconf 85' lang='lat' dir='ltr'><strong>creationem</strong></span> <span class='ocrx_word' id='word_1_674' title='bbox 2847 4650 3085 4704; x_wconf 90' lang='lat' dir='ltr'><strong>hominis</strong></span> <span class='ocrx_word' id='word_1_675' title='bbox 3153 4649 3384 4706; x_wconf 85' lang='lat' dir='ltr'><strong>Creator</strong></span> 
     </span>
    </p>
   </div>
   <div class='ocr_carea' id='block_1_92' title="bbox 58 4721 1682 4801">
    <p class='ocr_par' dir='ltr' id='par_1_92' title="bbox 58 4721 1682 4801">
     <span class='ocr_line' id='line_1_92' title="bbox 58 4721 1682 4801; baseline 0.007 -23"><span class='ocrx_word' id='word_1_676' title='bbox 58 4723 185 4778; x_wconf 87' lang='lat' dir='ltr'><strong>viis</strong></span> <span class='ocrx_word' id='word_1_677' title='bbox 234 4721 483 4789; x_wconf 87' lang='lat' dir='ltr'><strong>Domini,</strong></span> <span class='ocrx_word' id='word_1_678' title='bbox 535 4743 554 4776; x_wconf 75' lang='grc' dir='ltr'><strong>ι</strong></span> <span class='ocrx_word' id='word_1_679' title='bbox 606 4727 864 4796; x_wconf 88' lang='lat' dir='ltr'><strong>quoniam</strong></span> <span class='ocrx_word' id='word_1_680' title='bbox 913 4743 1106 4799; x_wconf 84' lang='lat' dir='ltr'><strong>magna</strong></span> <span class='ocrx_word' id='word_1_681' title='bbox 1146 4739 1230 4785; x_wconf 85' lang='lat' dir='ltr'><strong>est</strong></span> <span class='ocrx_word' id='word_1_682' title='bbox 1260 4732 1429 4801; x_wconf 82' lang='lat' dir='ltr'><strong>gloria</strong></span> <span class='ocrx_word' id='word_1_683' title='bbox 1468 4733 1682 4789; x_wconf 87' lang='lat' dir='ltr'><strong>Domini</strong></span> 
     </span>
    </p>
   </div>
   <div class='ocr_carea' id='block_1_93' title="bbox 58 4811 626 4885">
    <p class='ocr_par' dir='ltr' id='par_1_93' title="bbox 58 4811 626 4885">
     <span class='ocr_line' id='line_1_93' title="bbox 58 4811 626 4885; baseline 0.004 -19"><span class='ocrx_word' id='word_1_684' title='bbox 58 4811 264 4885; x_wconf 67' lang='lat' dir='ltr'><strong>(Ptol.</strong></span> <span class='ocrx_word' id='word_1_685' title='bbox 299 4817 575 4885; x_wconf 76' lang='lat' dir='ltr'><strong>cxxxvn):</strong></span> <span class='ocrx_word' id='word_1_686' title='bbox 608 4836 626 4868; x_wconf 78' lang='grc' dir='ltr'><strong>ι</strong></span> 
     </span>
    </p>
   </div>
   <div class='ocr_carea' id='block_1_94' title="bbox 143 4902 1685 4982">
    <p class='ocr_par' dir='ltr' id='par_1_94' title="bbox 143 4902 1685 4982">
     <span class='ocr_line' id='line_1_94' title="bbox 143 4902 1685 4982; baseline 0.008 -25"><span class='ocrx_word' id='word_1_687' title='bbox 143 4902 444 4973; x_wconf 85' lang='lat' dir='ltr'><strong>Septimus</strong></span> <span class='ocrx_word' id='word_1_688' title='bbox 481 4916 566 4961; x_wconf 90' lang='lat' dir='ltr'><strong>est</strong></span> <span class='ocrx_word' id='word_1_689' title='bbox 609 4907 842 4977; x_wconf 85' lang='lat' dir='ltr'><strong>dignitas</strong></span> <span class='ocrx_word' id='word_1_690' title='bbox 883 4909 935 4962; x_wconf 92' lang='lat' dir='ltr'><strong>in</strong></span> <span class='ocrx_word' id='word_1_691' title='bbox 977 4910 1322 4978; x_wconf 88' lang='lat' dir='ltr'><strong>baptismate.</strong></span> <span class='ocrx_word' id='word_1_692' title='bbox 1374 4911 1685 4982; x_wconf 84' lang='lat' dir='ltr'><strong>Singularis</strong></span> 
     </span>
    </p>
   </div>
   <div class='ocr_carea' id='block_1_95' title="bbox 58 5000 1683 5078">
    <p class='ocr_par' dir='ltr' id='par_1_95' title="bbox 58 5000 1683 5078">
     <span class='ocr_line' id='line_1_95' title="bbox 58 5000 1683 5078; baseline 0.006 -24"><span class='ocrx_word' id='word_1_693' title='bbox 58 5015 312 5068; x_wconf 76' lang='lat' dir='ltr'><strong>prorsus</strong></span> <span class='ocrx_word' id='word_1_694' title='bbox 355 5000 650 5066; x_wconf 86' lang='lat' dir='ltr'><strong>humilitas,</strong></span> <span class='ocrx_word' id='word_1_695' title='bbox 684 5002 916 5059; x_wconf 81' lang='lat' dir='ltr'><strong>Verbum</strong></span> <span class='ocrx_word' id='word_1_696' title='bbox 947 5021 1079 5060; x_wconf 87' lang='lat' dir='ltr'><strong>caro</strong></span> <span class='ocrx_word' id='word_1_697' title='bbox 1112 5003 1338 5072; x_wconf 77' lang='lat' dir='ltr'><strong>factum,</strong></span> <span class='ocrx_word' id='word_1_698' title='bbox 1379 5017 1434 5063; x_wconf 88' lang='lat' dir='ltr'><strong>et</strong></span> <span class='ocrx_word' id='word_1_699' title='bbox 1471 5010 1523 5062; x_wconf 91' lang='lat' dir='ltr'><strong>in</strong></span> <span class='ocrx_word' id='word_1_700' title='bbox 1557 5026 1683 5078; x_wconf 89' lang='lat' dir='ltr'><strong>per-</strong></span> 
     </span>
    </p>
   </div>
   <div class='ocr_carea' id='block_1_96' title="bbox 58 5090 1678 5159">
    <p class='ocr_par' dir='ltr' id='par_1_96' title="bbox 58 5090 1678 5159">
     <span class='ocr_line' id='line_1_96' title="bbox 58 5090 1678 5159; baseline 0.006 -16"><span class='ocrx_word' id='word_1_701' title='bbox 58 5090 287 5144; x_wconf 64' lang='lat' dir='ltr'><strong>rectum</strong></span> <span class='ocrx_word' id='word_1_702' title='bbox 317 5092 610 5159; x_wconf 83' lang='lat' dir='ltr'><strong>egrediens</strong></span> <span class='ocrx_word' id='word_1_703' title='bbox 638 5092 830 5156; x_wconf 86' lang='lat' dir='ltr'><strong>virum,</strong></span> <span class='ocrx_word' id='word_1_704' title='bbox 870 5095 1058 5148; x_wconf 89' lang='lat' dir='ltr'><strong>relicta</strong></span> <span class='ocrx_word' id='word_1_705' title='bbox 1093 5096 1373 5150; x_wconf 84' lang='lat' dir='ltr'><strong>hominum</strong></span> <span class='ocrx_word' id='word_1_706' title='bbox 1409 5099 1678 5153; x_wconf 74' lang='lat' dir='ltr'><strong>universi-</strong></span> 
     </span>
    </p>
   </div>
   <div class='ocr_carea' id='block_1_97' title="bbox 58 5180 1682 5252">
    <p class='ocr_par' dir='ltr' id='par_1_97' title="bbox 58 5180 1682 5252">
     <span class='ocr_line' id='line_1_97' title="bbox 58 5180 1682 5252; baseline 0.005 -16"><span class='ocrx_word' id='word_1_707' title='bbox 58 5190 212 5244; x_wconf 80' lang='lat' dir='ltr'><strong>.ate,</strong></span> <span class='ocrx_word' id='word_1_708' title='bbox 245 5180 519 5236; x_wconf 85' lang='lat' dir='ltr'><strong>Joannem</strong></span> <span class='ocrx_word' id='word_1_709' title='bbox 555 5183 771 5252; x_wconf 68' lang='lat' dir='ltr'><strong>quierit,</strong></span> <span class='ocrx_word' id='word_1_710' title='bbox 798 5183 1058 5240; x_wconf 86' lang='lat' dir='ltr'><strong>Joannem</strong></span> <span class='ocrx_word' id='word_1_711' title='bbox 1086 5185 1380 5251; x_wconf 70' lang='lat' dir='ltr'><strong>desiderat,</strong></span> <span class='ocrx_word' id='word_1_712' title='bbox 1419 5189 1485 5242; x_wconf 87' lang='lat' dir='ltr'><strong>ad</strong></span> <span class='ocrx_word' id='word_1_713' title='bbox 1518 5188 1682 5244; x_wconf 46' lang='lat' dir='ltr'><strong>Joan‘</strong></span> 
     </span>
    </p>
   </div>
   <div class='ocr_carea' id='block_1_98' title="bbox 58 5270 1680 5347">
    <p class='ocr_par' dir='ltr' id='par_1_98' title="bbox 58 5270 1680 5347">
     <span class='ocr_line' id='line_1_98' title="bbox 58 5270 1680 5347; baseline 0.006 -22"><span class='ocrx_word' id='word_1_714' title='bbox 58 5285 200 5325; x_wconf 64' lang='lat' dir='ltr'><strong>rem</strong></span> <span class='ocrx_word' id='word_1_715' title='bbox 251 5270 430 5325; x_wconf 83' lang='lat' dir='ltr'><strong>vadit.</strong></span> <span class='ocrx_word' id='word_1_716' title='bbox 471 5271 752 5327; x_wconf 83' lang='lat' dir='ltr'><strong>Terribilis</strong></span> <span class='ocrx_word' id='word_1_717' title='bbox 788 5277 842 5327; x_wconf 89' lang='lat' dir='ltr'><strong>in</strong></span> <span class='ocrx_word' id='word_1_718' title='bbox 873 5275 1112 5330; x_wconf 89' lang='lat' dir='ltr'><strong>consiliis</strong></span> <span class='ocrx_word' id='word_1_719' title='bbox 1158 5277 1298 5331; x_wconf 83' lang='lat' dir='ltr'><strong>Deos</strong></span> <span class='ocrx_word' id='word_1_720' title='bbox 1340 5294 1506 5347; x_wconf 87' lang='lat' dir='ltr'><strong>super</strong></span> <span class='ocrx_word' id='word_1_721' title='bbox 1540 5281 1680 5336; x_wconf 87' lang='lat' dir='ltr'><strong>ﬁlios</strong></span> 
     </span>
    </p>
   </div>
   <div class='ocr_carea' id='block_1_99' title="bbox 58 5359 1679 5434">
    <p class='ocr_par' dir='ltr' id='par_1_99' title="bbox 58 5359 1679 5434">
     <span class='ocr_line' id='line_1_99' title="bbox 58 5359 1679 5434; baseline 0.006 -21"><span class='ocrx_word' id='word_1_722' title='bbox 58 5359 374 5414; x_wconf 68' lang='lat' dir='ltr'><strong>nominum</strong></span> <span class='ocrx_word' id='word_1_723' title='bbox 406 5359 580 5432; x_wconf 78' lang='lat' dir='ltr'><strong>(Psal.</strong></span> <span class='ocrx_word' id='word_1_724' title='bbox 620 5362 768 5430; x_wconf 63' lang='grc' dir='ltr'><strong>ιη),</strong></span> <span class='ocrx_word' id='word_1_725' title='bbox 804 5373 1139 5434; x_wconf 88' lang='lat' dir='ltr'><strong>portansque</strong></span> <span class='ocrx_word' id='word_1_726' title='bbox 1161 5368 1344 5422; x_wconf 86' lang='lat' dir='ltr'><strong>omnia</strong></span> <span class='ocrx_word' id='word_1_727' title='bbox 1376 5370 1539 5423; x_wconf 80' lang='lat' dir='ltr'><strong>verbo</strong></span> <span class='ocrx_word' id='word_1_728' title='bbox 1569 5369 1679 5422; x_wconf 62' lang='lat' dir='ltr'><strong>vir-4</strong></span> 
     </span>
    </p>
   </div>
   <div class='ocr_carea' id='block_1_100' title="bbox 58 5450 1675 5532">
    <p class='ocr_par' dir='ltr' id='par_1_100' title="bbox 58 5450 1675 5532">
     <span class='ocr_line' id='line_1_100' title="bbox 58 5450 1675 5532; baseline 0.007 -28"><span class='ocrx_word' id='word_1_729' title='bbox 58 5450 208 5504; x_wconf 68' lang='lat' dir='ltr'><strong>,utis</strong></span> <span class='ocrx_word' id='word_1_730' title='bbox 227 5465 373 5513; x_wconf 67' lang='lat' dir='ltr'><strong>suae,</strong></span> <span class='ocrx_word' id='word_1_731' title='bbox 400 5454 774 5520; x_wconf 87' lang='lat' dir='ltr'><strong>purgationem</strong></span> <span class='ocrx_word' id='word_1_732' title='bbox 799 5466 1146 5523; x_wconf 88' lang='lat' dir='ltr'><strong>peccatorum</strong></span> <span class='ocrx_word' id='word_1_733' title='bbox 1171 5458 1580 5532; x_wconf 78' lang='lat' dir='ltr'><strong>faciens(l!ebr.</strong></span> <span class='ocrx_word' id='word_1_734' title='bbox 1612 5465 1675 5531; x_wconf 88' lang='grc' dir='ltr'><strong>ι),</strong></span> 
     </span>
    </p>
   </div>
   <div class='ocr_carea' id='block_1_101' title="bbox 58 5542 1671 5625">
    <p class='ocr_par' dir='ltr' id='par_1_101' title="bbox 58 5542 1671 5625">
     <span class='ocr_line' id='line_1_101' title="bbox 58 5542 1671 5625; baseline 0.007 -27"><span class='ocrx_word' id='word_1_735' title='bbox 58 5543 221 5598; x_wconf 69' lang='grc' dir='ltr'><strong>νεηίι</strong></span> <span class='ocrx_word' id='word_1_736' title='bbox 257 5559 295 5596; x_wconf 80' lang='lat' dir='ltr'><strong>a</strong></span> <span class='ocrx_word' id='word_1_737' title='bbox 327 5542 553 5599; x_wconf 73' lang='lat' dir='ltr'><strong>Galiltea</strong></span> <span class='ocrx_word' id='word_1_738' title='bbox 592 5545 646 5599; x_wconf 90' lang='lat' dir='ltr'><strong>in</strong></span> <span class='ocrx_word' id='word_1_739' title='bbox 681 5546 970 5604; x_wconf 86' lang='lat' dir='ltr'><strong>Jordanem</strong></span> <span class='ocrx_word' id='word_1_740' title='bbox 1004 5550 1071 5603; x_wconf 87' lang='lat' dir='ltr'><strong>ad</strong></span> <span class='ocrx_word' id='word_1_741' title='bbox 1100 5549 1387 5618; x_wconf 85' lang='lat' dir='ltr'><strong>Joannem,</strong></span> <span class='ocrx_word' id='word_1_742' title='bbox 1420 5568 1478 5607; x_wconf 90' lang='lat' dir='ltr'><strong>ut</strong></span> <span class='ocrx_word' id='word_1_743' title='bbox 1506 5555 1671 5625; x_wconf 86' lang='lat' dir='ltr'><strong>bapti-</strong></span> 
     </span>
    </p>
   </div>
   <div class='ocr_carea' id='block_1_102' title="bbox 58 5635 1676 5715">
    <p class='ocr_par' dir='ltr' id='par_1_102' title="bbox 58 5635 1676 5715">
     <span class='ocr_line' id='line_1_102' title="bbox 58 5635 1676 5715; baseline 0.009 -26"><span class='ocrx_word' id='word_1_744' title='bbox 58 5639 308 5689; x_wconf 71' lang='lat' dir='ltr'><strong>zaretur</strong></span> <span class='ocrx_word' id='word_1_745' title='bbox 331 5635 405 5688; x_wconf 87' lang='lat' dir='ltr'><strong>ab</strong></span> <span class='ocrx_word' id='word_1_746' title='bbox 431 5651 520 5691; x_wconf 87' lang='lat' dir='ltr'><strong>eo.</strong></span> <span class='ocrx_word' id='word_1_747' title='bbox 549 5635 741 5706; x_wconf 87' lang='lat' dir='ltr'><strong>Stupet</strong></span> <span class='ocrx_word' id='word_1_748' title='bbox 767 5637 1002 5694; x_wconf 86' lang='lat' dir='ltr'><strong>Joannes</strong></span> <span class='ocrx_word' id='word_1_749' title='bbox 1029 5651 1083 5694; x_wconf 92' lang='lat' dir='ltr'><strong>et</strong></span> <span class='ocrx_word' id='word_1_750' title='bbox 1123 5644 1314 5698; x_wconf 86' lang='lat' dir='ltr'><strong>timore</strong></span> <span class='ocrx_word' id='word_1_751' title='bbox 1344 5649 1676 5715; x_wconf 88' lang='lat' dir='ltr'><strong>concutitur,</strong></span> 
     </span>
    </p>
   </div>
   <div class='ocr_carea' id='block_1_103' title="bbox 58 5726 1675 5794">
    <p class='ocr_par' dir='ltr' id='par_1_103' title="bbox 58 5726 1675 5794">
     <span class='ocr_line' id='line_1_103' title="bbox 58 5726 1675 5794; baseline 0.009 -15"><span class='ocrx_word' id='word_1_752' title='bbox 58 5731 378 5793; x_wconf 83' lang='lat' dir='ltr'><strong>otumqnc</strong></span> <span class='ocrx_word' id='word_1_753' title='bbox 440 5726 803 5794; x_wconf 88' lang='lat' dir='ltr'><strong>patriarcbam</strong></span> <span class='ocrx_word' id='word_1_754' title='bbox 873 5731 1116 5785; x_wconf 75' lang='lat' dir='ltr'><strong>infinitus</strong></span> <span class='ocrx_word' id='word_1_755' title='bbox 1183 5733 1378 5790; x_wconf 88' lang='lat' dir='ltr'><strong>horror</strong></span> <span class='ocrx_word' id='word_1_756' title='bbox 1431 5737 1675 5793; x_wconf 84' lang='lat' dir='ltr'><strong>insumit.</strong></span> 
     </span>
    </p>
   </div>
   <div class='ocr_carea' id='block_1_104' title="bbox 115 5817 1675 5892">
    <p class='ocr_par' dir='ltr' id='par_1_104' title="bbox 115 5817 1675 5892">
     <span class='ocr_line' id='line_1_104' title="bbox 115 5817 1675 5892; baseline 0.01 -21"><span class='ocrx_word' id='word_1_757' title='bbox 115 5817 251 5885; x_wconf 71' lang='lat' dir='ltr'><strong>Ego</strong></span> <span class='ocrx_word' id='word_1_758' title='bbox 295 5817 499 5887; x_wconf 75' lang='lat' dir='ltr'><strong>inquit,</strong></span> <span class='ocrx_word' id='word_1_759' title='bbox 545 5836 574 5872; x_wconf 89' lang='lat' dir='ltr'><strong>a</strong></span> <span class='ocrx_word' id='word_1_760' title='bbox 623 5830 673 5875; x_wconf 93' lang='lat' dir='ltr'><strong>tc</strong></span> <span class='ocrx_word' id='word_1_761' title='bbox 711 5821 881 5879; x_wconf 89' lang='lat' dir='ltr'><strong>dech</strong></span> <span class='ocrx_word' id='word_1_762' title='bbox 919 5824 1202 5892; x_wconf 78' lang='lat' dir='ltr'><strong>baptizari.</strong></span> <span class='ocrx_word' id='word_1_763' title='bbox 1243 5838 1298 5881; x_wconf 90' lang='lat' dir='ltr'><strong>et</strong></span> <span class='ocrx_word' id='word_1_764' title='bbox 1340 5838 1394 5882; x_wconf 90' lang='lat' dir='ltr'><strong>tu</strong></span> <span class='ocrx_word' id='word_1_765' title='bbox 1427 5832 1580 5886; x_wconf 83' lang='lat' dir='ltr'><strong>venis</strong></span> <span class='ocrx_word' id='word_1_766' title='bbox 1608 5835 1675 5888; x_wconf 90' lang='lat' dir='ltr'><strong>ad</strong></span> 
     </span>
    </p>
   </div>
   <div class='ocr_carea' id='block_1_105' title="bbox 1783 4738 3380 4813">
    <p class='ocr_par' dir='ltr' id='par_1_105' title="bbox 1783 4738 3380 4813">
     <span class='ocr_line' id='line_1_105' title="bbox 1783 4738 3380 4813; baseline 0.003 -21"><span class='ocrx_word' id='word_1_767' title='bbox 1783 4754 1965 4813; x_wconf 87' lang='lat' dir='ltr'><strong>rerum</strong></span> <span class='ocrx_word' id='word_1_768' title='bbox 2006 4754 2218 4793; x_wconf 86' lang='lat' dir='ltr'><strong>summa</strong></span> <span class='ocrx_word' id='word_1_769' title='bbox 2247 4738 2516 4808; x_wconf 87' lang='lat' dir='ltr'><strong>dignitate</strong></span> <span class='ocrx_word' id='word_1_770' title='bbox 2543 4739 2974 4794; x_wconf 89' lang='lat' dir='ltr'><strong>commendans:</strong></span> <span class='ocrx_word' id='word_1_771' title='bbox 3012 4757 3029 4789; x_wconf 83' lang='grc' dir='ltr'><strong>ι</strong></span> <span class='ocrx_word' id='word_1_772' title='bbox 3067 4739 3380 4806; x_wconf 75' lang='lat' dir='ltr'><strong>Faciamus.</strong></span> 
     </span>
    </p>
   </div>
   <div class='ocr_carea' id='block_1_106' title="bbox 1782 4829 3381 4901">
    <p class='ocr_par' dir='ltr' id='par_1_106' title="bbox 1782 4829 3381 4901">
     <span class='ocr_line' id='line_1_106' title="bbox 1782 4829 3381 4901; baseline 0.001 -15"><span class='ocrx_word' id='word_1_773' title='bbox 1782 4831 1979 4900; x_wconf 80' lang='lat' dir='ltr'><strong>inquit,</strong></span> <span class='ocrx_word' id='word_1_774' title='bbox 2008 4829 2285 4886; x_wconf 88' lang='lat' dir='ltr'><strong>hominem</strong></span> <span class='ocrx_word' id='word_1_775' title='bbox 2313 4829 2382 4884; x_wconf 88' lang='lat' dir='ltr'><strong>ad</strong></span> <span class='ocrx_word' id='word_1_776' title='bbox 2415 4830 2708 4901; x_wconf 86' lang='lat' dir='ltr'><strong>imaginem</strong></span> <span class='ocrx_word' id='word_1_777' title='bbox 2747 4838 2800 4884; x_wconf 91' lang='lat' dir='ltr'><strong>et</strong></span> <span class='ocrx_word' id='word_1_778' title='bbox 2837 4829 3247 4884; x_wconf 86' lang='lat' dir='ltr'><strong>similitudinem</strong></span> <span class='ocrx_word' id='word_1_779' title='bbox 3282 4845 3381 4887; x_wconf 64' lang='grc' dir='ltr'>τισι</span> 
     </span>
    </p>
   </div>
   <div class='ocr_carea' id='block_1_107' title="bbox 1781 4919 3376 4993">
    <p class='ocr_par' dir='ltr' id='par_1_107' title="bbox 1781 4919 3376 4993">
     <span class='ocr_line' id='line_1_107' title="bbox 1781 4919 3376 4993; baseline 0 -16"><span class='ocrx_word' id='word_1_780' title='bbox 1781 4931 1951 4977; x_wconf 88' lang='lat' dir='ltr'><strong>stram</strong></span> <span class='ocrx_word' id='word_1_781' title='bbox 1999 4919 2155 4993; x_wconf 78' lang='lat' dir='ltr'><strong>(Gen.</strong></span> <span class='ocrx_word' id='word_1_782' title='bbox 2190 4921 2250 4990; x_wconf 90' lang='grc' dir='ltr'><strong>ι).</strong></span> <span class='ocrx_word' id='word_1_783' title='bbox 2295 4939 2313 4973; x_wconf 83' lang='grc' dir='ltr'><strong>ι</strong></span> <span class='ocrx_word' id='word_1_784' title='bbox 2342 4920 2724 4976; x_wconf 78' lang='lat' dir='ltr'><strong>Reverendum</strong></span> <span class='ocrx_word' id='word_1_785' title='bbox 2763 4938 2951 4976; x_wconf 89' lang='lat' dir='ltr'><strong>revera</strong></span> <span class='ocrx_word' id='word_1_786' title='bbox 3007 4922 3376 4992; x_wconf 88' lang='lat' dir='ltr'><strong>privilegium,</strong></span> 
     </span>
    </p>
   </div>
   <div class='ocr_carea' id='block_1_108' title="bbox 1782 5011 3379 5068">
    <p class='ocr_par' dir='ltr' id='par_1_108' title="bbox 1782 5011 3379 5068">
     <span class='ocr_line' id='line_1_108' title="bbox 1782 5011 3379 5068; baseline 0 0"><span class='ocrx_word' id='word_1_787' title='bbox 1782 5028 1884 5068; x_wconf 90' lang='lat' dir='ltr'><strong>nec</strong></span> <span class='ocrx_word' id='word_1_788' title='bbox 1913 5013 2009 5066; x_wconf 84' lang='lat' dir='ltr'><strong>ulli</strong></span> <span class='ocrx_word' id='word_1_789' title='bbox 2053 5013 2310 5066; x_wconf 90' lang='lat' dir='ltr'><strong>traditum</strong></span> <span class='ocrx_word' id='word_1_790' title='bbox 2352 5021 2639 5067; x_wconf 76' lang='lat' dir='ltr'><strong>creatur-.e.</strong></span> <span class='ocrx_word' id='word_1_791' title='bbox 2681 5011 2916 5067; x_wconf 86' lang='lat' dir='ltr'><strong>Creatur</strong></span> <span class='ocrx_word' id='word_1_792' title='bbox 2958 5013 3045 5066; x_wconf 89' lang='lat' dir='ltr'><strong>illa</strong></span> <span class='ocrx_word' id='word_1_793' title='bbox 3091 5013 3379 5068; x_wconf 80' lang='lat' dir='ltr'><strong>sublimior</strong></span> 
     </span>
    </p>
   </div>
   <div class='ocr_carea' id='block_1_109' title="bbox 1784 5105 3379 5174">
    <p class='ocr_par' dir='ltr' id='par_1_109' title="bbox 1784 5105 3379 5174">
     <span class='ocr_line' id='line_1_109' title="bbox 1784 5105 3379 5174; baseline 0.001 -16"><span class='ocrx_word' id='word_1_794' title='bbox 1784 5107 2150 5160; x_wconf 85' lang='lat' dir='ltr'><strong>numerositas</strong></span> <span class='ocrx_word' id='word_1_795' title='bbox 2197 5105 2537 5174; x_wconf 86' lang='lat' dir='ltr'><strong>angelorum,</strong></span> <span class='ocrx_word' id='word_1_796' title='bbox 2593 5114 2644 5160; x_wconf 90' lang='lat' dir='ltr'><strong>et</strong></span> <span class='ocrx_word' id='word_1_797' title='bbox 2683 5107 3075 5161; x_wconf 83' lang='lat' dir='ltr'><strong>elementorum</strong></span> <span class='ocrx_word' id='word_1_798' title='bbox 3132 5106 3379 5161; x_wconf 89' lang='lat' dir='ltr'><strong>omnium</strong></span> 
     </span>
    </p>
   </div>
   <div class='ocr_carea' id='block_1_110' title="bbox 1783 5193 3378 5265">
    <p class='ocr_par' dir='ltr' id='par_1_110' title="bbox 1783 5193 3378 5265">
     <span class='ocr_line' id='line_1_110' title="bbox 1783 5193 3378 5265; baseline 0.001 -17"><span class='ocrx_word' id='word_1_799' title='bbox 1783 5194 2070 5248; x_wconf 89' lang='lat' dir='ltr'><strong>ordinatur</strong></span> <span class='ocrx_word' id='word_1_800' title='bbox 2109 5193 2317 5248; x_wconf 86' lang='lat' dir='ltr'><strong>variata</strong></span> <span class='ocrx_word' id='word_1_801' title='bbox 2347 5195 2638 5259; x_wconf 76' lang='lat' dir='ltr'><strong>connexio,</strong></span> <span class='ocrx_word' id='word_1_802' title='bbox 2681 5196 2776 5249; x_wconf 87' lang='lat' dir='ltr'><strong>sed</strong></span> <span class='ocrx_word' id='word_1_803' title='bbox 2806 5196 3196 5265; x_wconf 79' lang='lat' dir='ltr'><strong>omnipotentis</strong></span> <span class='ocrx_word' id='word_1_804' title='bbox 3235 5210 3378 5265; x_wconf 62' lang='lat' dir='ltr'><strong>prie-</strong></span> 
     </span>
    </p>
   </div>
   <div class='ocr_carea' id='block_1_111' title="bbox 1783 5283 3373 5356">
    <p class='ocr_par' dir='ltr' id='par_1_111' title="bbox 1783 5283 3373 5356">
     <span class='ocr_line' id='line_1_111' title="bbox 1783 5283 3373 5356; baseline 0 -16"><span class='ocrx_word' id='word_1_805' title='bbox 1783 5287 1956 5340; x_wconf 87' lang='lat' dir='ltr'><strong>sentia</strong></span> <span class='ocrx_word' id='word_1_806' title='bbox 1989 5295 2197 5339; x_wconf 88' lang='lat' dir='ltr'><strong>tantum</strong></span> <span class='ocrx_word' id='word_1_807' title='bbox 2227 5300 2364 5354; x_wconf 90' lang='lat' dir='ltr'><strong>opus</strong></span> <span class='ocrx_word' id='word_1_808' title='bbox 2395 5285 2501 5338; x_wconf 82' lang='lat' dir='ltr'><strong>alta</strong></span> <span class='ocrx_word' id='word_1_809' title='bbox 2533 5285 2909 5341; x_wconf 83' lang='lat' dir='ltr'><strong>taciturnitate</strong></span> <span class='ocrx_word' id='word_1_810' title='bbox 2933 5295 3267 5356; x_wconf 73' lang='lat' dir='ltr'><strong>prospectat.</strong></span> <span class='ocrx_word' id='word_1_811' title='bbox 3305 5283 3373 5340; x_wconf 87' lang='lat' dir='ltr'><strong>Ut</strong></span> 
     </span>
    </p>
   </div>
   <div class='ocr_carea' id='block_1_112' title="bbox 1783 5367 3373 5433">
    <p class='ocr_par' dir='ltr' id='par_1_112' title="bbox 1783 5367 3373 5433">
     <span class='ocr_line' id='line_1_112' title="bbox 1783 5367 3373 5433; baseline 0.001 -7"><span class='ocrx_word' id='word_1_812' title='bbox 1783 5390 1912 5428; x_wconf 81' lang='lat' dir='ltr'><strong>vero</strong></span> <span class='ocrx_word' id='word_1_813' title='bbox 1938 5375 2160 5428; x_wconf 89' lang='lat' dir='ltr'><strong>venitur</strong></span> <span class='ocrx_word' id='word_1_814' title='bbox 2200 5376 2265 5428; x_wconf 89' lang='lat' dir='ltr'><strong>ad</strong></span> <span class='ocrx_word' id='word_1_815' title='bbox 2300 5376 2576 5429; x_wconf 89' lang='lat' dir='ltr'><strong>hominem</strong></span> <span class='ocrx_word' id='word_1_816' title='bbox 2607 5385 2660 5429; x_wconf 90' lang='lat' dir='ltr'><strong>et</strong></span> <span class='ocrx_word' id='word_1_817' title='bbox 2693 5376 2889 5430; x_wconf 87' lang='lat' dir='ltr'><strong>nobilis</strong></span> <span class='ocrx_word' id='word_1_818' title='bbox 2917 5386 3170 5430; x_wconf 88' lang='lat' dir='ltr'><strong>creatura</strong></span> <span class='ocrx_word' id='word_1_819' title='bbox 3196 5367 3373 5433; x_wconf 73' lang='lat' dir='ltr'><strong>creari</strong></span> 
     </span>
    </p>
   </div>
   <div class='ocr_carea' id='block_1_113' title="bbox 1784 5460 3375 5535">
    <p class='ocr_par' dir='ltr' id='par_1_113' title="bbox 1784 5460 3375 5535">
     <span class='ocr_line' id='line_1_113' title="bbox 1784 5460 3375 5535; baseline 0 -17"><span class='ocrx_word' id='word_1_820' title='bbox 1784 5466 2112 5533; x_wconf 86' lang='lat' dir='ltr'><strong>disponitur,</strong></span> <span class='ocrx_word' id='word_1_821' title='bbox 2167 5466 2403 5535; x_wconf 86' lang='lat' dir='ltr'><strong>accingit</strong></span> <span class='ocrx_word' id='word_1_822' title='bbox 2446 5480 2505 5520; x_wconf 89' lang='lat' dir='ltr'><strong>se</strong></span> <span class='ocrx_word' id='word_1_823' title='bbox 2549 5460 2788 5520; x_wconf 87' lang='lat' dir='ltr'><strong>Trinitas</strong></span> <span class='ocrx_word' id='word_1_824' title='bbox 2838 5466 2904 5519; x_wconf 86' lang='lat' dir='ltr'><strong>ad</strong></span> <span class='ocrx_word' id='word_1_825' title='bbox 2952 5467 3270 5533; x_wconf 81' lang='lat' dir='ltr'><strong>creandum,</strong></span> <span class='ocrx_word' id='word_1_826' title='bbox 3319 5474 3375 5520; x_wconf 86' lang='lat' dir='ltr'><strong>et</strong></span> 
     </span>
    </p>
   </div>
   <div class='ocr_carea' id='block_1_114' title="bbox 1782 5558 3373 5629">
    <p class='ocr_par' dir='ltr' id='par_1_114' title="bbox 1782 5558 3373 5629">
     <span class='ocr_line' id='line_1_114' title="bbox 1782 5558 3373 5629; baseline -0.001 -17"><span class='ocrx_word' id='word_1_827' title='bbox 1782 5558 2070 5612; x_wconf 85' lang='lat' dir='ltr'><strong>consilium</strong></span> <span class='ocrx_word' id='word_1_828' title='bbox 2119 5559 2319 5628; x_wconf 85' lang='lat' dir='ltr'><strong>accipit</strong></span> <span class='ocrx_word' id='word_1_829' title='bbox 2358 5558 2662 5627; x_wconf 87' lang='lat' dir='ltr'><strong>Sapientia,</strong></span> <span class='ocrx_word' id='word_1_830' title='bbox 2716 5569 2775 5613; x_wconf 89' lang='lat' dir='ltr'><strong>ut</strong></span> <span class='ocrx_word' id='word_1_831' title='bbox 2824 5568 3088 5614; x_wconf 78' lang='lat' dir='ltr'><strong>creatura:</strong></span> <span class='ocrx_word' id='word_1_832' title='bbox 3135 5559 3373 5629; x_wconf 83' lang='lat' dir='ltr'><strong>dignitas</strong></span> 
     </span>
    </p>
   </div>
   <div class='ocr_carea' id='block_1_115' title="bbox 1781 5648 3372 5718">
    <p class='ocr_par' dir='ltr' id='par_1_115' title="bbox 1781 5648 3372 5718">
     <span class='ocr_line' id='line_1_115' title="bbox 1781 5648 3372 5718; baseline 0.001 -16"><span class='ocrx_word' id='word_1_833' title='bbox 1781 5649 2058 5703; x_wconf 81' lang='lat' dir='ltr'><strong>Creatoris</strong></span> <span class='ocrx_word' id='word_1_834' title='bbox 2099 5648 2379 5718; x_wconf 87' lang='lat' dir='ltr'><strong>privilegio</strong></span> <span class='ocrx_word' id='word_1_835' title='bbox 2422 5650 2568 5704; x_wconf 82' lang='lat' dir='ltr'><strong>clara</strong></span> <span class='ocrx_word' id='word_1_836' title='bbox 2600 5665 2721 5703; x_wconf 85' lang='lat' dir='ltr'><strong>esse</strong></span> <span class='ocrx_word' id='word_1_837' title='bbox 2762 5659 3118 5704; x_wconf 85' lang='lat' dir='ltr'><strong>monstretur.</strong></span> <span class='ocrx_word' id='word_1_838' title='bbox 3157 5649 3266 5704; x_wconf 84' lang='lat' dir='ltr'><strong>Nec</strong></span> <span class='ocrx_word' id='word_1_839' title='bbox 3299 5649 3372 5703; x_wconf 88' lang='lat' dir='ltr'><strong>ibi</strong></span> 
     </span>
    </p>
   </div>
   <div class='ocr_carea' id='block_1_116' title="bbox 1784 5740 3374 5810">
    <p class='ocr_par' dir='ltr' id='par_1_116' title="bbox 1784 5740 3374 5810">
     <span class='ocr_line' id='line_1_116' title="bbox 1784 5740 3374 5810; baseline 0.001 -16"><span class='ocrx_word' id='word_1_840' title='bbox 1784 5753 1963 5795; x_wconf 86' lang='lat' dir='ltr'><strong>tamen</strong></span> <span class='ocrx_word' id='word_1_841' title='bbox 2001 5741 2134 5796; x_wconf 86' lang='lat' dir='ltr'><strong>satis</strong></span> <span class='ocrx_word' id='word_1_842' title='bbox 2162 5752 2347 5810; x_wconf 87' lang='lat' dir='ltr'><strong>aperte</strong></span> <span class='ocrx_word' id='word_1_843' title='bbox 2377 5743 2574 5797; x_wconf 71' lang='lat' dir='ltr'><strong>divina:</strong></span> <span class='ocrx_word' id='word_1_844' title='bbox 2613 5740 2912 5808; x_wconf 78' lang='lat' dir='ltr'><strong>majestatis</strong></span> <span class='ocrx_word' id='word_1_845' title='bbox 2950 5741 3172 5797; x_wconf 73' lang='lat' dir='ltr'><strong>cluxcrc</strong></span> <span class='ocrx_word' id='word_1_846' title='bbox 3210 5755 3374 5796; x_wconf 83' lang='lat' dir='ltr'><strong>voca-</strong></span> 
     </span>
    </p>
   </div>
   <div class='ocr_carea' id='block_1_117' title="bbox 1782 5832 3373 5904">
    <p class='ocr_par' dir='ltr' id='par_1_117' title="bbox 1782 5832 3373 5904">
     <span class='ocr_line' id='line_1_117' title="bbox 1782 5832 3373 5904; baseline 0 -20"><span class='ocrx_word' id='word_1_847' title='bbox 1782 5833 1927 5898; x_wconf 74' lang='lat' dir='ltr'><strong>liola,</strong></span> <span class='ocrx_word' id='word_1_848' title='bbox 1967 5850 2089 5887; x_wconf 82' lang='lat' dir='ltr'><strong>cum</strong></span> <span class='ocrx_word' id='word_1_849' title='bbox 2123 5835 2187 5885; x_wconf 72' lang='lat' dir='ltr'><strong>arl</strong></span> <span class='ocrx_word' id='word_1_850' title='bbox 2225 5835 2446 5904; x_wconf 81' lang='lat' dir='ltr'><strong>angelos</strong></span> <span class='ocrx_word' id='word_1_851' title='bbox 2486 5836 2848 5904; x_wconf 73' lang='lat' dir='ltr'><strong>obsequentes</strong></span> <span class='ocrx_word' id='word_1_852' title='bbox 2879 5835 3096 5903; x_wconf 85' lang='lat' dir='ltr'><strong>quidam</strong></span> <span class='ocrx_word' id='word_1_853' title='bbox 3134 5832 3373 5888; x_wconf 70' lang='lat' dir='ltr'><strong>referant</strong></span> 
     </span>
    </p>
   </div>
   <div class='ocr_carea' id='block_1_118' title="bbox 3917 75 4228 98">
    <p class='ocr_par' dir='ltr' id='par_1_118' title="bbox 3917 75 4228 98">
     <span class='ocr_line' id='line_1_118' title="bbox 3917 75 4228 98; baseline 0.01 -2"><span class='ocrx_word' id='word_1_854' title='bbox 3917 75 3960 90; x_wconf 47' lang='lat'><strong>‘-~</strong></span> <span class='ocrx_word' id='word_1_855' title='bbox 3983 85 4020 98; x_wconf 68' lang='grc' dir='ltr'><strong>ει..</strong></span> <span class='ocrx_word' id='word_1_856' title='bbox 4055 81 4228 98; x_wconf 43' lang='grc' dir='ltr'><strong>κε’-σθ’-</strong></span> 
     </span>
    </p>
   </div>
  </div>
