5232 6526
130 1110 211 1147 Lil‘i

156 1148 209 1197 r7"

102 1245 125 1273 .
166 1230 209 1267 δ’]

105 1291 217 1328 ars

105 1347 147 1363 ιη
172 1342 215 1363 ἰλ

150 1366 153 1369 ‘
186 1364 193 1375 Α

105 1387 161 1408 ,ε
186 1374 213 1403 ηε

105 1410 213 1461 ι

105 1457 125 1491 ’
150 1462 222 1510 ἐν

105 1562 215 1603 κήξ.

170 1630 183 1639 ,ν

138 1644 220 1670 μετ

111 1775 122 1796 .'
176 1755 220 1799 ³

105 1797 149 1828 ἶ·
184 1800 217 1827 Μ

122 1878 125 1889 l

1879 476 1989 533 835

2554 479 2609 532 S.
2639 476 2840 532 PETRI
2882 472 3163 531 DAHIANI
3204 474 3353 530 OPP.
3385 473 3562 529 PARS
3602 475 3731 532 SEU
3764 472 3995 531 TOHUS
4027 473 4086 527 ll.
4131 505 4194 514 -—
4228 472 4615 530 SERMONES.

5001 472 5084 528 656

1884 587 2050 643 divini
2074 603 2213 642 serm
2237 588 2336 640 mis
2366 588 2663 652 oraculum,
2690 589 2796 653 vel,
2821 590 2864 643 si
2898 589 3072 642 minus
3100 588 3200 640 hoc
3227 596 3444 640 cautum
3475 589 3520 646 Α
3551 587 3716 640 stolos
3756 588 3927 656 magis
3954 586 4245 641 dﬁectum?
4280 604 4383 643 non
4420 588 4787 658 apostolorum
4827 589 5082 658 principem

1885 687 1992 742 est,
2023 680 2227 746 signata
2263 660 2545 745 pluralitas
2588 679 2792 748 absque
2832 679 3108 732 nominum
3141 676 3448 731 differentia

1883 767 2223 835 pra-dicetur.
2257 767 2528 821 Abraham
2568 777 2675 822 tres
2713 769 2865 833 vidit,
2911 779 2964 822 et
2995 784 3160 822 unum
3205 769 3451 822 adoravit

1885 855 2036 926 (Gen.
2069 862 2243 924 xvttt).
2276 856 2382 912 Sed
2411 868 2466 912 et
2508 859 2578 912 ibi
2609 859 2902 927 Scriptum
2947 875 3115 913 sacrm
3147 860 3447 912 reverentia

1885 961 2026 1000 nunc
2062 948 2290 1011 mixtim,
2323 962 2463 1001 nunc
2494 949 2785 1018 separatim
2821 949 3022 1004 claudit
3051 950 3348 1017 eloquium,
3390 960 3447 1001 ut

1882 1035 2041 1088 modo
2103 1037 2401 1100 Dominum,
2463 1040 2622 1092 modo
2670 1040 2814 1095 viros
2877 1040 3090 1108 placeat
3142 1040 3442 1095 nominare.

1877 1122 2044 1180 Judaei
2085 1135 2261 1180 tamen
2293 1127 2504 1196 longam
2534 1128 2624 1183 hic
2660 1137 2848 1183 texunt
2883 1130 3320 1199 reprehensionis
3349 1145 3445 1196 pa-

1879 1221 2142 1286 rabolam,
2174 1231 2288 1276 tres
2321 1223 2542 1292 angelos
2571 1239 2601 1277 a
2637 1224 2866 1278 Domino
2903 1225 3096 1278 missos
3131 1239 3445 1277 asseveran-

1877 1321 1976 1372 tes,
2009 1326 2172 1365 unum
2205 1310 2270 1363 ad
2306 1311 2638 1365 nativitatem
2679 1309 2827 1364 Isaac
2861 1312 3275 1379 pradicendam,
3310 1313 3445 1366 duos

1873 1401 1940 1452 ad
1971 1399 2266 1455 Sodomam
2301 1400 2712 1454 subvertendam
2749 1418 2759 1452 :
2799 1400 2950 1454 illum
2986 1402 3154 1465 enim,
3184 1418 3307 1455 cum
3338 1420 3444 1471 quo

1873 1489 2083 1543 locutus
2114 1498 2195 1543 est
2213 1487 2410 1555 justus,
2435 1490 2663 1544 dicens:
2697 1509 2715 1540 ι
2751 1490 2993 1555 Domine,
3027 1493 3069 1546 sl
3105 1494 3281 1548 inveni
3321 1509 3443 1563 gra-

1872 1577 1999 1630 tiam
2055 1577 2106 1631 in
2166 1577 2336 1633 oculis
2389 1579 2493 1632 tuis
2543 1579 2751 1650 (MM),
2810 1601 2828 1633 ι
2892 1584 3189 1652 prophetali
3249 1586 3441 1653 spiritu

1869 1669 2147 1723 somniant
2192 1671 2547 1740 cognovisse,
2603 1673 2906 1727 nativitatis
2953 1674 3104 1730 Isaac
3160 1676 3443 1728 advenisse

1869 1776 2191 1831 praconem.
2232 1761 2386 1816 illum
2426 1765 2636 1828 adorat,
2678 1766 2816 1820 sicut
2846 1765 3114 1822 Bersabee
3154 1768 3319 1822 David
3353 1784 3440 1821 re-

1867 1865 2009 1920 gem.
2040 1852 2309 1922 sociisque
2341 1852 2456 1919 ejus
2495 1865 2716 1924 propter
2747 1856 2914 1924 ipsius
2949 1859 3305 1911 reverentiam
3358 1860 3436 1911 in-

3551 677 3797 730 omnibus
3826 678 4081 746 apostolis
4113 679 4438 742 antelatum;
4472 694 4577 733 non
4617 677 4721 733 Vas
4742 678 5004 733 electionis
5029 679 5086 732 ad

3551 766 3672 820 ccli
3698 767 3837 818 tertii
3864 776 4070 820 secreta
4098 768 4448 830 translatum;
4478 782 4578 822 nec
4600 768 4924 836 apostolicus
4943 768 5082 836 splen-

3551 855 3651 907 dor
3679 855 3872 906 audeat
3904 869 4189 908 occnrrcre
4233 853 4595 918 Praecursori;
4637 857 4763 925 quia
4788 855 4899 922 jam
4929 870 5083 909 omnes

3552 945 3639 997 isti
3668 942 4041 996 adolescentiae
4072 952 4241 996 metas
4269 952 4635 1006 excesserant,
4667 959 4787 997 cum
4820 959 4850 996 a
4886 944 5082 996 V'eritatc

3551 1033 3814 1102 prolatum
3845 1043 3928 1086 est
3958 1052 3968 1085 :
4009 1052 4025 1082 ι
4065 1031 4212 1086 inter
4244 1042 4398 1088 natos
4425 1035 4712 1088 mulierum
4747 1051 4851 1088 non
4886 1039 5086 1089 surrexit

3551 1124 3720 1191 major
3776 1123 3980 1177 Joanne
4031 1123 4289 1192 Baptista.
4359 1141 4377 1175 ι
4448 1123 4741 1179 Considera
4813 1127 5088 1180 mansiones

3550 1214 3720 1282 regni,
3751 1223 3804 1265 et
3841 1213 4154 1266 universum
4196 1214 4444 1269 ordinem
4483 1214 4732 1269 humana
4757 1217 5092 1285 generationis

3546 1299 3851 1363 obambula,
3884 1302 4164 1371 solumque
4204 1301 4465 1357 Joannem
4498 1312 4605 1358 tam
4635 1305 4790 1360 novis
4845 1321 4991 1360 uuam
5015 1323 5091 1360 ve-

3549 1391 3749 1445 teribus
3771 1392 3974 1447 videbis
4001 1409 4119 1447 esse
4147 1395 4518 1463 praepositum.

3620 1484 3866 1537 Decimus
3889 1496 3967 1539 est
4011 1486 4240 1538 assertio
4265 1487 4454 1539 matris
4477 1486 4747 1542 Ecclesia.
4778 1487 4995 1542 Texitur
5013 1503 5093 1542 ora

3546 1573 3811 1642 chlamydi
3842 1585 4281 1644 unguentumqne
4314 1574 4589 1645 profusum
4633 1577 4686 1631 in
4716 1579 4912 1646 capite,
4940 1589 5098 1632 extre.

3547 1679 3686 1714 mam
3715 1677 3926 1732 quoque
3954 1665 4258 1718 vestimenti
4285 1665 4552 1719 ﬁmbriam
4583 1666 4910 1721 inundanter
4930 1667 5092 1736 iniun-

3543 1753 3638 1804 dit.
3665 1754 3753 1804 Illa
3777 1755 3919 1807 enim
3944 1764 4118 1808 mater
4143 1764 4196 1810 et
4215 1755 4469 1824 magistra
4491 1758 4731 1810 omnium
4755 1757 5098 1813 Ecelesiarutn

3545 1842 3782 1896 Ecclesia
3804 1843 4066 1908 Romana,
4085 1846 4169 1899 cui
4189 1845 4389 1899 dictum
4405 1856 4520 1912 est;
4552 1865 4569 1897 ι
4591 1846 4702 1917 Ego
4721 1864 4820 1918 pro
4842 1858 4891 1902 te
4913 1851 5098 1918 rogavi,

1869 1939 2112 1996 defessus
2149 1942 2355 1994 assistit
2381 1941 2467 2008 (II
2507 1940 2631 2012 Reg.
2666 1944 2767 2011 ut).
2803 1944 2954 1998 Unde
2985 1955 3039 1998 et
3072 1947 3284 1999 nonnisi
3330 1947 3436 2000 duo
3470 1924 3511 1980 Β
3542 1943 3713 1986 υιηοη
3737 1934 3935 1988 ἀΐδεω

3033 1959 3039 1997 ι
3072 1947 3284 1999 nonnisi
3330 1947 3436 2000 duo
3470 1924 3511 1980 Β
3542 1943 3593 1984 ut
3613 1950 3713 1986 non
3737 1934 3948 1988 deﬁciat
3972 1935 4207 1989 ﬁdeslua
4237 1936 4388 2006 (Luc.
4414 1939 4548 2007 xxtt)
4570 1979 4585 2002 ,
4611 1957 4628 1990 ι
4659 1940 4712 1993 in
4740 1940 4942 1995 honore
4959 1940 5099 1995 Joan-

1867 2047 1920 2086 tn
1949 2032 2297 2087 subversione
2323 2033 2603 2087 civitatum
2632 2034 2928 2089 infelicium
2960 2036 3118 2108 lu
3145 2054 3434 2090 numeran-

1868 2134 1974 2186 tur,
2001 2123 2090 2176 illo
2116 2125 2364 2194 superius
2392 2125 2502 2194 jam
2532 2141 2766 2188 reverso,
2793 2128 2883 2195 qui
2909 2128 3246 2181 nativitatem
3281 2128 3433 2183 Isaac

1867 2211 2008 2266 ﬁdeli
2044 2212 2331 2268 devotione
2356 2215 2743 2284 compleverat.
2771 2215 2905 2270 Tres
2931 2217 3075 2269 enim
3106 2218 3204 2270 viri
3240 2217 3431 2272 Saram

1868 2302 2048 2355 vocari
2091 2302 2430 2372 praecipiunt,
2472 2304 2567 2358 sed
2605 2319 2743 2360 unus
2779 2315 2883 2367 est.
2928 2308 3017 2374 qui
3059 2308 3433 2376 promissionis

1867 2403 2152 2462 insperata:
2194 2393 2503 2448 manifestat
2529 2411 2806 2451 arcanum.
2856 2397 2982 2452 liae
3010 2398 3203 2462 Judei,
3247 2410 3301 2453 et
3340 2401 3430 2468 qui

1864 2484 2034 2552 tuagis
2070 2484 2349 2552 elegerunt
2385 2485 2667 2554 judaizare
2712 2502 2871 2554 quam
2913 2488 3153 2540 credere.
3201 2488 3330 2550 Sed,
3377 2498 3433 2541 ut

1866 2572 2104 2626 breviter
2143 2573 2549 2640 concludamus,
2589 2575 2766 2630 omnis
2811 2576 2897 2629 illa
2941 2578 3054 2630 sive
3099 2579 3430 2647 patriarcha-

1865 2678 1981 2715 rum
2017 2676 2112 2716 seu
2152 2665 2591 2734 prophetantium
2628 2667 2872 2734 copulata
2913 2669 3165 2731 societas,
3202 2669 3428 2730 nullam,

1867 2752 1946 2807 vel
1979 2755 2031 2807 in
2071 2754 2412 2808 sermonibus
2444 2755 2532 2809 vel
2572 2757 2625 2809 in
2675 2756 2857 2821 rebus,
2890 2757 2956 2811 de
3002 2757 3164 2812 Patre
3204 2769 3259 2813 et
3296 2759 3431 2812 Filio

1863 2851 1915 2896 et
1959 2842 2161 2912 Spiritu
2201 2851 2392 2898 sancto
2431 2844 2702 2912 reperitur
2743 2857 2926 2913 aperte
2957 2845 3150 2900 feci~se
3196 2848 3430 2900 mentio-

1863 2947 2006 2986 nem.
2057 2930 2184 2986 Veni
2213 2948 2363 3004 ergo,
2403 2945 2456 2988 et
2485 2935 2697 2989 intuere
2744 2936 2908 2989 ﬁlium
2948 2937 3224 2991 Zacharize
3264 2937 3428 2991 Deum

1858 3029 1911 3073 et
1939 3020 2206 3074 hominem
2233 3023 2466 3090 propriis
2493 3025 2739 3078 manibus
2769 3026 3133 3079 continentem
3161 3045 3171 3078 :
3230 3037 3283 3080 et
3310 3027 3429 3080 vide

1855 3113 1981 3181 quia
2010 3111 2130 3166 caeli
2156 3113 2470 3182 aperiuntur
2500 3113 2591 3179 ibi,
2627 3124 2682 3169 et
2715 3116 2990 3169 descendit
3028 3116 3262 3183 Spiritus
3297 3135 3427 3170 san-

1855 3211 1976 3255 ctus
2006 3202 2270 3272 corporali
2308 3204 2488 3272 specie
2513 3205 2651 3258 sicut
2673 3205 2921 3258 columba
2956 3209 3008 3259 in
3040 3206 3343 3267 Christum;
3372 3218 3424 3262 et

3540 2028 3624 2080 nis
3661 2026 3935 2094 Baptism,
3969 2037 4088 2097 post
4120 2028 4426 2083 Salvatoris
4457 2046 4653 2085 nomen
4684 2044 5000 2087 consecrata
5026 2044 5104 2088 est

3537 2126 3589 2169 et
3649 2117 3877 2185 signata.
3935 2115 4163 2187 Dignum
4217 2133 4454 2187 namque
4499 2129 4618 2173 erat
4669 2131 4734 2174 ut
4785 2125 5114 2176 sententiam

3537 2206 3716 2275 sponsi
3750 2222 3961 2276 sponsa
3989 2218 4306 2276 sequeretur
4329 2211 4647 2275 auctoritas,
4687 2220 4740 2265 et
4778 2213 5098 2284 singularem

3541 2297 3696 2366 125
3745 2298 3977 2351 amicum
4007 2299 4122 2367 ejus
4167 2299 4291 2353 illuc
4338 2302 4684 2369 proveheret,
4714 2303 4802 2357 ubi
4841 2306 5103 2376 princip-

3536 2397 3646 2440 tum
3682 2389 3794 2456 ipsa
3840 2391 4176 2444 conscendit.
4207 2390 4413 2445 Electio
4444 2393 4630 2462 procul
4664 2394 4830 2451 dubio
4878 2397 5108 2466 singula-

3536 2479 3630 2538 ris,
3677 2479 3727 2530 in
3769 2478 3855 2532 illa
3892 2479 4004 2548 ipsa
4065 2481 4197 2534 urbe
4233 2479 4496 2536 Joannem
4543 2485 4833 2553 primatum
4862 2486 5106 2542 Ecclesia

3535 2568 3831 2630 vindicare,
3875 2583 4032 2637 quem
4061 2569 4166 2623 duo
4194 2570 4316 2624 coli
4348 2571 4634 2625 luminaria
4663 2585 4839 2629 morte
4869 2576 5104 2631 clarissio

3535 2673 3619 2709 ma
3664 2668 4080 2711 consecrarunt.
4141 2659 4489 2731 Cruciﬁgitur
4540 2661 4749 2728 Petrus,
4801 2664 4996 2721 Paulus
5025 2670 5110 2723 ob.

3535 2759 3838 2814 truncatur,
3898 2750 4128 2818 dignitas
4161 2761 4405 2806 remanet
4457 2753 4804 2811 Prmrsori.
4834 2756 5104 2829 Purpura.

3537 2850 3621 2893 tur
3649 2840 3817 2894 Roma
3849 2841 4190 2895 multitudine
4238 2852 4533 2913 martyrum
4556 2885 4570 2908 ,
4604 2855 4822 2915 totaque
4858 2851 5108 2904 sublimi-

3536 2939 3618 2984 tas
3660 2929 3817 2984 beato
3874 2930 4177 2983 refunditur
4234 2933 4576 3000 patriarchae.
4623 2933 4860 2991 Joannes
4916 2941 5110 3010 ubique

3534 3022 3726 3087 major,
3752 3023 3802 3073 in
3831 3023 4083 3076 omnibus
4105 3023 4415 3092 singularis,
4438 3026 4700 3081 mirabilis
4721 3043 4888 3098 super
4902 3048 5108 3088 omnes.

3532 3110 3664 3175 Quis
3692 3111 3770 3164 sic
3807 3111 4039 3176 gloriose
4070 3114 4424 3167 annuntiatus
4441 3116 4562 3167 est?
4593 3114 4726 3182 Quis
4756 3119 4831 3170 ita
4859 3121 5108 3188 speciali-

3533 3209 3615 3252 ter
3659 3199 3712 3251 in
3765 3201 3954 3254 matris
3994 3215 4149 3256 utero
4206 3201 4409 3270 Spiritu
4469 3215 4656 3259 sancto
4709 3205 4910 3277 legitur
4951 3210 5112 3265 fuisse

1856 3307 1959 3346 vox
1991 3270 2168 3346 Patris
2191 3270 2371 3347 audita
2396 3303 2477 3348 est
2506 3313 2517 3347 :
2550 3315 2568 3345 ι
2600 3295 2697 3350 Hic
2720 3306 2800 3350 est
2826 3297 2995 3359 Filius
3018 3315 3168 3352 meus
3195 3300 3426 3355 dilectus
3455 3270 3501 3337 c
3534 3287 3810 3354 "9'9""?
3850 3287 3922 3353 Qu

3043 3315 3168 3352 ηευ,
3195 3300 3426 3355 ducem
3455 3270 3501 3337 ο
3534 3287 3810 3354 repletus?
3850 3287 4019 3353 Quem
4047 3289 4256 3356 legistis
4286 3290 4426 3344 infra
4460 3295 4648 3347 matris
4677 3270 4891 3351 uterum
4933 3301 5109 3353 exsul.

1857 3380 2072 3450 (Matth.
2103 3383 2206 3450 ut).
2241 3401 2259 3434 ι
2297 3382 2476 3447 Vides,
2516 3386 2642 3454 quia
2687 3385 2754 3438 ad
2795 3389 3285 3442 sacratissimorum
3321 3408 3420 3445 no-

1855 3471 2062 3524 minum
2093 3472 2377 3526 novitatem
2395 3474 2655 3528 caelorum
2679 3475 2875 3542 palatia
2901 3479 3248 3532 reserantur?
3268 3479 3428 3534 Pater

1857 3544 2073 3612 auditur
2106 3559 2158 3613 iu
2189 3576 2338 3625 voce,
2379 3561 2548 3616 Filius
2571 3564 2877 3632 baptizatur
2900 3564 2951 3618 in
2981 3564 3221 3631 ﬂumine,
3255 3567 3427 3636 Spiri-

1855 3638 1943 3703 tus
1983 3659 2198 3704 sanctus
2224 3652 2276 3705 in
2304 3652 2564 3707 columbae
2590 3655 2769 3722 specie
2801 3655 3222 3709 demonstratur.
3261 3659 3427 3712 Adest

1853 3735 2087 3792 Joannes
2125 3740 2290 3794 totius
2319 3741 2527 3796 medius
2559 3741 2858 3804 Trinitatis,
2893 3744 3292 3815 gloriosumque
3322 3747 3425 3800 Ba-

1856 3826 2072 3896 ptistam
2115 3830 2451 3884 sanctiﬁcant
2498 3831 2741 3886 indivisze
2780 3834 3093 3889 substantiae
3138 3847 3423 3904 personata

1859 3918 2154 3982 vocabula;
2207 3928 2261 3974 et
2316 3936 2509 3999 nomen
2564 3921 2844 3977 Trinitatis
2893 3925 3164 3992 prioribus
3213 3928 3425 3981 seculis

1851 4006 2176 4070 obvelitum,
2235 4011 2439 4079 absque
2481 4012 2644 4066 totius
2682 4013 2962 4068 velaminis
3008 4015 3424 4071 obumbratione

1859 4095 2080 4151 relucet.
2113 4098 2356 4162 Domine,
2389 4103 2508 4168 quis
2543 4112 2625 4156 est
2656 4103 2776 4166 istc,
2809 4105 2932 4171 quia
2968 4105 3246 4159 iuuotuisti
3270 4109 3354 4159 ei?

1924 4184 2106 4241 Nonus
2143 4198 2225 4243 est
2272 4191 2635 4245 testimonium
2672 4195 2968 4260 sapientiai.
3013 4195 3145 4249 Cum
3187 4198 3426 4250 audisset

1849 4273 2084 4331 Joannes
2109 4278 2160 4332 in
2200 4279 2430 4334 vinculis
2465 4296 2624 4351 opera
2651 4283 2876 4348 Christi,
2909 4286 3056 4339 misit
3085 4286 3151 4339 ad
3181 4301 3304 4340 eum
3339 4289 3422 4341 di-

1851 4366 2086 4436 scipulos
2121 4383 2266 4430 suos,
2297 4378 2353 4422 et
2382 4384 2694 4439 responsum
2722 4382 2808 4426 est
2830 4374 2910 4426 eis
2944 4391 2955 4424 :
2995 4393 3012 4424 ι
3043 4373 3182 4428 (ἰωοὶ
3215 4377 3416 4441 vident,

1848 4466 1956 4512 etc.
1994 4457 2208 4527 (Matth.
2235 4461 2335 4527 xi),
2358 4480 2374 4510 ι
2403 4477 2523 4530 qum
2547 4464 2792 4517 veritatis
2813 4464 3425 4537 evangeliezprosequi-

1848 4554 1939 4600 tttr
1966 4548 2178 4617 copiosa
2222 4552 2477 4606 narratio.
2524 4551 2920 4609 Recedentibus
2960 4565 3140 4611 autem
3194 4559 3416 4623 nuntiis,

1849 4651 1916 4691 ne
1951 4636 2086 4692 forte
2117 4641 2169 4693 in
2216 4655 2402 4694 eorum
2447 4644 2730 4711 praesentia
2770 4644 3132 4700 adulationem
3176 4648 3416 4703 redolere

1849 4726 2142 4791 videretur,
2180 4730 2342 4798 (epit
2364 4729 2520 4786 Jesus
2550 4731 2732 4787 dicere
2757 4734 2824 4788 ad
2856 4736 3042 4790 turbas
3072 4737 3139 4790 de
3164 4737 3372 4792 Joanne
3400 4759 3411 4791 :

1851 4830 1872 4865 s
1899 4812 2035 4882 Quid
2059 4816 2246 4870 existis
2268 4818 2318 4871 in
2346 4818 2622 4873 desertum
2647 4820 2864 4876 viJere?
2884 4823 3220 4878 Arundinem
3251 4836 3412 4879 vento

1847 4905 2364 4979 agitatam?(lbid.).
2395 4928 2413 4960 ι
2443 4909 2486 4964 0
2511 4911 2643 4964 mira
2677 4912 2982 4968 testiﬁcatio
3007 4915 3412 4986 Redemptoris!

1847 4995 1978 5064 Quis
2003 4995 2368 5066 ingressusest
2389 4999 2671 5066 mundum,
2694 5009 2751 5056 et
2775 5003 3032 5056 mundum
3056 5005 3138 5058 vel
3165 5006 3214 5058 in
3237 5006 3416 5074 aliquo

1847 5102 1951 5141 non
1991 5087 2271 5156 cognovit?
2299 5087 2433 5154 Quis
2472 5097 2576 5154 est,
2601 5104 2762 5158 quem
2795 5091 2879 5144 vel
2911 5100 3128 5146 ventosa
3161 5093 3408 5160 felicitas,

1848 5175 1929 5230 vel
1963 5175 2262 5231 adversitas
2299 5176 2537 5243 turbida,
2583 5178 2664 5233 vel
2704 5180 2993 5248 cujuslibet
3028 5185 3234 5251 peccati
3280 5200 3409 5239 aura

1842 5268 2058 5324 tenuior
2108 5284 2215 5322 non
2272 5269 2507 5324 inllexit?
2558 5271 2640 5324 Ad
2702 5282 3003 5326 extremum
3081 5274 3408 5330 subinfertut

1839 5359 1982 5428 quod
2033 5367 2229 5412 terram
2276 5361 2522 5425 excedat,
2567 5373 2807 5418 transeat
2856 5363 3077 5430 celum,
3129 5366 3412 5436 ipsumque

1841 5449 2098 5506 verticem
2127 5449 2382 5518 angelica!
2411 5451 2685 5512 dignitatis
2708 5453 2956 5524 attingat.
3007 5473 3025 5506 ι
3060 5454 3205 5510 inter
3235 5464 3411 5519 natos,

1841 5537 2037 5609 inquit,
2061 5540 2369 5604 mulierum,
2393 5556 2499 5594 non
2529 5543 2764 5596 surrexit
2792 5543 2964 5614 major
2989 5543 3194 5601 Joanne
3221 5544 3410 5614 Bapti-

1841 5638 1920 5683 sta
1956 5627 2166 5699 (Ibid.).
2217 5651 2235 5683 ι
2273 5630 2408 5696 Quid
2446 5632 2527 5686 vis
2557 5632 2824 5700 amplius?
2860 5635 2926 5688 de
2963 5635 3108 5688 nullo
3153 5636 3260 5690 alio
3304 5637 3408 5691 dici

1842 5721 2032 5786 potuit,
2064 5721 2194 5774 dicit
2221 5723 2568 5792 Augustinus,
2592 5726 2734 5791 quod
2759 5725 2960 5779 dictum
2986 5737 3068 5780 est
3092 5728 3156 5783 de
3178 5726 3405 5782 Joanne.

1840 5804 1956 5864 Non
1989 5824 2226 5870 cononas
2257 5812 2384 5867 mihi
2425 5813 2810 5883 evangelistam
2842 5815 2982 5871 inter
3016 5827 3239 5875 ceteros
3277 5835 3406 5890 apo-

3448 4606 3497 4666 D

3534 3378 3708 3430 tasse?
3736 3377 3887 3446 (Luc.
3920 3379 4004 3446 ιι.)
4036 3379 4200 3448 Cujus
4233 3383 4571 3437 nativitatem
4599 3385 4812 3440 vidistis
4834 3388 5112 3443 celebrare

3531 3451 3827 3518 Ecclesium
3863 3467 3989 3520 Dei?
4033 3467 4164 3533 Quis
4201 3469 4277 3523 sic
4304 3486 4437 3538 puer
4482 3487 4724 3527 eremum
4764 3479 5118 3548 concupivit?

3531 3554 3662 3620 Quis
3698 3559 3768 3608 ita
3797 3557 3993 3624 legitur
4023 3559 4327 3613 sublimiter
4355 3565 4746 3617 conversatus’
4776 3565 4914 3632 Quis
4943 3573 5114 3636 peni-

3532 3647 3774 3708 tentiam,
3809 3658 3860 3700 et
3903 3664 4124 3717 regnum
4162 3649 4423 3703 caelorum
4449 3654 4654 3721 primus
4673 3658 4958 3710 ostendit?
4988 3660 5116 3726 Quis

3529 3733 3820 3802 baptizavit
3865 3736 4061 3805 Regem
4099 3738 4316 3808 glorias?
4361 3741 4458 3795 Cui
4490 3757 4549 3796 se
4585 3745 4821 3812 primum
4871 3747 5116 3802 Trinitas

3528 3823 3823 3876 revelat-it?
3877 3825 3972 3878 Cui
4028 3827 4134 3880 tale
4186 3829 4551 3884 testimonium
4604 3835 4882 3902 perhibuit
4941 3837 5120 3892 Deus?

3527 3913 3696 3978 Quem
3748 3917 3825 3969 sic
3892 3916 4178 3970 honoravit
4225 3919 4502 3974 Ecclesia?
4559 3924 4688 3978 Vide
4745 3928 4792 3979 si
4844 3944 4960 3980 non
5009 3931 5122 3984 hac

3526 4005 3704 4056 omnia
3744 4006 3815 4057 ita
3847 4005 4196 4074 singulariter
4217 4019 4342 4062 sunt
4372 4011 4460 4064 hic
4486 4014 4806 4083 singularia,
4833 4029 4898 4071 ut
4939 4021 5119 4074 nullos

3527 4096 3835 4150 mortalium
3864 4101 4135 4166 pradictis
4162 4102 4514 4172 dignitatibus
4544 4110 4738 4162 audeat
4767 4111 5012 4168 inhiare.

3597 4183 3846 4240 Forsitan
3892 4190 4022 4242 mihi
4072 4191 4313 4260 disponis
4361 4210 4639 4264 opponere
4688 4200 4814 4266 quia
4885 4204 4974 4256 sic
5022 4205 5120 4255 ista

3527 4275 3688 4330 habet
3709 4281 3948 4347 propria,
3989 4291 4046 4335 ut
4081 4291 4275 4337 cetera
4320 4297 4629 4342 sanctorum
4658 4295 4984 4348 communia
5017 4312 5118 4348 neu

3527 4367 3774 4434 attingat.
3818 4371 3953 4424 Audi
3997 4387 4128 4440 ergo
4168 4390 4179 4425 :
4232 4371 4468 4429 Joannes
4515 4379 4851 4446 patriarcha,
4885 4385 5004 4438 ivno
5034 4401 5130 4452 ,δ-

3525 4456 3884 4512 triarcharum
3928 4462 4051 4513 linis
4085 4472 4139 4516 et
4166 4473 4354 4532 caput;
4404 4465 4637 4522 Joannes
4686 4473 4986 4539 propheta,
5021 4478 5124 4527 uno

3525 4542 3804 4611 plusquam
3837 4549 4092 4616 propheta
4135 4569 4147 4604 :
4180 4553 4302 4620 quia
4331 4568 4491 4623 quem
4531 4557 4834 4612 venientem
4871 4568 5123 4622 nuntiat.

3525 4634 3690 4701 digito
3713 4636 4048 4691 demonstrat
4081 4658 4091 4691 :
4123 4638 4361 4696 Joannes
4390 4645 4629 4713 angelus,
4663 4649 4757 4700 scd
4777 4660 4826 4700 ct
4857 4652 5018 4707 inter
5041 4672 5126 4708 an-

3523 4727 3670 4794 gelos
3699 4727 3926 4792 electus,
3957 4731 4235 4788 Ssilvatore
4287 4746 4534 4798 testante,
4569 4739 4658 4805 qui
4689 4740 4862 4794 dicit:
4921 4765 4940 4793 ι
4985 4745 5126 4800 Ecce

3525 4818 3682 4870 mitto
3712 4822 3961 4888 angelum
3988 4839 4185 4888 meum,
4211 4827 4301 4895 qui
4341 4830 4662 4898 prrparabit
4689 4832 4833 4885 viam
4869 4847 5014 4892 ante
5049 4839 5124 4890 ia-

3519 4910 3653 4962 ciem
3685 4927 3858 4965 meam
3900 4913 4113 4981 (lculi.
4152 4923 4245 4984 xi).
4282 4937 4299 4968 ι
4331 4917 4564 4974 Joannes
4589 4923 4899 4988 apostolus,
4937 4931 5040 4982 sed
5077 4940 5128 4980 et

3520 5002 3891 5072 apostolorum
3939 5007 4165 5074 primus,
4193 5017 4246 5060 ct
4267 5009 4546 5079 princeps;
4579 5014 4726 5080 quia,
4760 5035 4778 5064 ι
4819 5015 4936 5070 fuit
4963 5023 5130 5074 hom

3522 5095 3716 5147 missus
3746 5111 3774 5146 a
3811 5096 3916 5150 Deo
3964 5096 4145 5164 (Joan.
4199 5101 4259 5165 t).
4293 5119 4310 5150 ι
4343 5099 4577 5157 Joannes
4611 5108 4987 5176 evangelista,
5037 5115 5128 5163 seJ

3520 5194 3574 5235 ct
3613 5184 3884 5253 Evangelii
3917 5189 4126 5255 primus
4165 5205 4386 5251 messor,
4421 5180 4718 5260 praedicans
4747 5197 5126 5268 Evangelimu

3523 5275 3692 5341 regni.
3721 5274 3955 5328 Joannes
3994 5279 4164 5346 virgo,
4205 5280 4314 5332 imo
4339 5282 4664 5350 virginitatis
4687 5284 4938 5355 insigne,
4969 5291 5104 5358 pudt

3518 5363 3659 5414 citim
3691 5364 3897 5426 titulus,
3943 5368 4210 5420 castitatis
4237 5370 4563 5437 exeuiplum.
4602 5369 4843 5428 Joannes
4876 5389 5128 5447 martyr.

3522 5455 3613 5506 sed
3638 5463 3687 5506 et
3719 5466 4013 5525 martyntm
4043 5459 4220 5511 lumen
4244 5500 4257 5520 ,
4293 5461 4432 5514 inter
4457 5464 4797 5520 nativitatem
4844 5479 5126 5521 mortem.

3520 5561 3623 5614 que
3666 5548 3865 5600 Christi
3927 5552 4349 5605 constantissimi
4399 5552 4570 5608 forma
4628 5557 4917 5625 martyrii.
4987 5559 5130 5610 Pr.»-

3521 5648 3669 5692 tereo
3716 5641 3839 5707 quia
3879 5655 3976 5692 vox
4019 5640 4306 5696 clamantis
4336 5644 4388 5696 in
4411 5643 4627 5698 deserto
4659 5644 4798 5712 (lca.
4835 5651 4968 5708 ιω.
5007 5665 5128 5717 qui:

3519 5748 3694 5799 praeco
3725 5735 3901 5796 Verbi,
3948 5735 4088 5802 quod
4115 5735 4320 5790 Judicis
4357 5752 4672 5807 praecursoa
4724 5739 4862 5792 Illud
4899 5755 5130 5809 quoque

3520 5822 3788 5893 relinquo,
3816 5824 3940 5893 quia
3972 5840 4140 5894 usque
4168 5827 4232 5880 ad
4273 5823 4548 5883 Joannem-
4579 5828 4660 5882 lcx
4702 5841 4756 5884 et
4805 5831 5124 5898 pmpbecr.
