5232 6538
207 419 290 475 G37
1577 419 1810 477 SERMO
1867 418 2059 474 XXIV.

3382 413 3490 472 658

205 536 312 611 quia
330 541 560 599 Joannes
581 541 696 612 ipse
716 549 803 595 est
827 535 996 602 Elias,
1022 520 1166 606 quod
1197 535 1764 601 lucerna’sitardens,
1793 547 1845 606 Α
1871 532 2160 604 inspiravit
2204 530 2344 602 (Act.
2399 528 2454 600 χ)
2491 546 2504 582 :
2541 537 2597 583 et
2621 528 2675 582 in
2706 526 2970 597 quosdam
3018 526 3199 582 adhuc
3228 527 3487 598 gentiles,

205 637 385 701 lucens,
430 635 576 705 quod
614 632 824 687 amicus
884 630 1109 700 Sponsi,
1140 628 1367 698 Sponsa:
1407 639 1765 699 prmparator.

211 726 411 784 Silentio
458 735 674 780 transeo
703 723 847 793 quod
876 723 957 778 sic
979 737 1174 777 novem
1200 721 1520 791 angelorum
1559 720 1769 775 ordini-

210 817 295 872 bus
327 820 558 873 insertus
613 823 718 877 est,
774 821 835 867 ut
882 813 1048 867 etiam
1097 812 1164 865 ad
1224 811 1514 880 Seraphlm
1561 811 1772 881 apicem

211 907 557 963 transferatur.
605 905 810 960 Verum
870 905 974 959 hoc
1023 903 1283 957 laboriosi
1341 903 1526 973 Operis
1559 912 1663 965 est,
1716 912 1774 958 et

207 1011 372 1054 sensus
403 995 576 1050 nostri
609 1001 901 1065 paupertas
932 1007 1039 1046 non
1086 990 1307 1047 suﬂlcit.
1347 990 1631 1046 Sulﬁciant
1658 992 1783 1046 hac.

206 1091 262 1145 ad
280 1105 524 1160 przeseus,
565 1104 686 1158 qua:
707 1089 854 1143 dicta
881 1096 1008 1142 sunt
1035 1089 1100 1141 de
1122 1087 1282 1142 laude
1309 1085 1537 1142 Joannis
1565 1087 1632 1141 ad
1663 1088 1775 1156 glo-

206 1180 321 1235 riam
343 1178 740 1248 Redemptoris,
755 1178 848 1248 qui
871 1186 957 1232 est
976 1176 1123 1232 Deus
1145 1178 1470 1234 benedictus
1495 1179 1548 1233 in
1575 1177 1773 1233 saecula

203 1269 515 1326 surculorum.
563 1270 756 1325 Amen.

709 1409 740 1444 ‘l‘
777 1407 1012 1466 SERMO
1053 1408 1243 1465 XXIV.

203 1536 256 1576 ιι.
280 1537 325 1576 ut
359 1536 688 1578 nmvmre
718 1535 765 1576 s.
797 1537 1014 1578 munus
1043 1536 1348 1577 ιιλρτιθτι.
1391 1520 1546 1592 (xxtv
1581 1519 1773 1592 ausu.)

261 1635 520 1694 Hodierna
571 1633 862 1700 festivitas,
923 1635 1293 1700 dilectissimi,
1333 1646 1447 1693 toto
1502 1645 1772 1693 terrarum

200 1728 315 1784 orbe
337 1725 653 1797 conspicua,
680 1736 896 1782 mentes
923 1736 1232 1795 nostras,eo
1259 1727 1463 1784 clarius
1489 1728 1776 1797 splendore

198 1816 408 1889 quodam
459 1832 614 1873 novae
655 1817 794 1874 lucis
841 1818 1090 1884 irradiat,
1137 1834 1246 1897 quo
1301 1828 1358 1874 et
1411 1817 1772 1889 primordium

1872 625 2126 696 loquente
2173 624 2358 688 Petro,
2411 637 2517 677 non
2566 621 2740 676 solum
2801 627 2859 673 ut
2908 617 3194 689 Scriptura
3231 628 3490 689 testatur,

1873 719 2100 786 cecidit,
2144 719 2237 773 sed
2263 716 2459 781 etiam,
2502 713 2786 785 utlinguis
2809 711 3189 781 loquerentur,
3227 711 3492 767 instruxit

1874 810 2088 879 (lbid.).
2115 809 2255 876 Quid
2287 822 2417 877 ergo
2453 805 2674 869 mirum,
2706 805 2749 859 si
2782 804 2844 858 Β.
2880 802 3150 857 Joannem
3178 814 3309 858 ante
3341 803 3492 874 lega-

1873 900 1942 955 lis
1964 899 2207 954 mandati
2246 902 2616 969 quodcunque
2666 895 2970 950 remedium
2998 894 3243 965 Spiritus
3263 907 3493 949 sanctus

1874 994 2118 1063 implevit
2162 990 2463 1065 [replevit],
2497 1007 2660 1060 quem
2704 990 2876 1059 ipsius
2899 989 3055 1060 legis,
3085 998 3142 1044 et
3181 988 3490 1060 Propheta-

1847 1072 1996 1140 rum
2047 1100 2112 1139 ac
2157 1084 2324 1139 totius
2374 1083 2592 1137 Veteris
2645 1080 2984 1136 Testamenti
3032 1080 3262 1136 limitem
3295 1095 3490 1150 quem-

1875 1179 2024 1243 dam,
2072 1188 2262 1247 atque,
2294 1183 2354 1230 ut
2405 1176 2478 1229 ita
2503 1175 2722 1246 loquar,
2756 1173 3266 1230 iutransmcabilem
3300 1171 3493 1229 termi-

1877 1285 2007 1325 num
2034 1267 2378 1339 providentia
2404 1267 2587 1321 divina
2611 1265 2938 1322 constituit?
2960 1265 3072 1320 Lex
3112 1265 3259 1321 enim
3281 1274 3339 1319 et
3361 1281 3491 1335 pro-

1876 1363 2077 1432 phetze,
2123 1371 2183 1415 ut
2226 1359 2445 1414 Veritas
2497 1359 2596 1426 ait,
2656 1374 2833 1429 usque
2860 1358 2929 1413 ad
2958 1356 3225 1413 Joannem
3266 1356 3489 1428 (Matth.

1875 1453 1979 1523 xi).
2016 1433 2257 1507 Joannes
2283 1452 2430 1505 enim
2461 1452 2563 1506 iste
2593 1466 2719 1504 cum
2748 1449 2979 1504 Domino
3011 1447 3492 1504 circumcisionem

1876 1544 2174 1614 quidemin
2205 1558 2303 1598 sua
2327 1557 2496 1597 carne
2535 1542 2798 1611 suscepit,
2830 1540 2925 1595 sed
2959 1539 3272 1610 suscipiens
3301 1536 3494 1594 termi-

1877 1634 2046 1689 navit.
2072 1635 2134 1689 Et
2166 1634 2288 1689 ideo
2330 1633 2424 1703 qui
2474 1648 2629 1688 nova:
2653 1632 2845 1704 gratiae
2873 1645 3054 1702 praeco
3082 1639 3139 1685 et
3165 1627 3494 1701 magniﬁcus

1877 1729 2239 1785 annuntiator
2268 1729 2486 1792 enituit,
2520 1728 2589 1783 ad
2632 1726 2975 1782 evadendum
3005 1723 3272 1794 originale
3295 1737 3495 1794 pecca.»

1879 1831 1994 1875 tum
2021 1819 2446 1875 circumcisione
2475 1832 2584 1872 non
2610 1817 2782 1886 eguit,
2809 1817 2904 1870 seu
2935 1828 3257 1885 eum,supra
3290 1811 3494 1884 legem,

195 1918 376 1964 nostra!
399 1908 786 1980 redemptionis
812 1924 877 1965 ac
904 1909 1018 1963 veri
1049 1907 1272 1963 luminis
1319 1918 1501 1963 ortum
1537 1917 1595 1962 ut
1622 1923 1779 1979 reco-
1807 1903 1853 1963 B
1883 1929 2047 1985 supra
2096 1915 2349 1968 humana
2389 1911 2723 1968 conditionis
2769 1908 3021 1963 ordinem
3055 1905 3255 1961 electio
3302 1904 3492 1959 divina

191 2001 349 2058 lamus
398 2001 612 2057 invitat.
689 2002 788 2059 Cui
873 2002 1019 2057 enim
1076 2002 1361 2056 meditanti
1428 2001 1771 2056 nativitatem

189 2090 418 2159 Joannis,
455 2109 560 2149 non
587 2109 710 2148 mox
732 2093 973 2149 occurrit
996 2093 1255 2148 nativitas
1281 2092 1507 2159 Christi,
1533 2108 1772 2164 praescr-

190 2185 279 2239 tim
303 2199 420 2240 cum
445 2184 705 2240 nascendi
747 2183 1013 2240 Joannem
1044 2187 1112 2241 de
1134 2194 1289 2256 patre
1322 2200 1472 2262 sene
1513 2195 1568 2239 et
1597 2184 1772 2240 sterili

187 2284 349 2330 matre
388 2275 532 2330 nulla
566 2276 670 2329 alia
695 2275 972 2330 exstiterit
991 2290 1180 2340 causa,
1212 2277 1320 2332 nisi
1352 2287 1410 2331 ut
1442 2276 1775 2332 mirabiliter

186 2373 336 2419 natus
380 2366 715 2435 pmcederct
772 2366 1125 2437 singulariter
1194 2368 1556 2422 nasciturum.
1612 2367 1778 2439 126

183 2457 393 2511 Amicus
431 2456 692 2512 videlicet
713 2457 1007 2526 Sponsum,
1055 2458 1291 2513 famulus
1320 2459 1634 2528 Dominum,
1665 2475 1773 2516 vox

187 2545 435 2616 Verbum,
467 2548 690 2604 lucerna
739 2548 958 2616 Solem,
1003 2567 1184 2621 preco
1231 2550 1501 2617 Judicem,
1532 2554 1775 2610 salvatus

183 2648 538 2711 praecurreret
577 2639 943 2699 Salvatorem.
975 2645 1236 2700 Testatur
1278 2656 1334 2700 et
1367 2647 1484 2717 ipse
1508 2645 1771 2714 Joannes,

183 2733 319 2787 hanc
368 2735 489 2789 esse
525 2735 607 2789 sui
641 2736 907 2793 adventus
934 2752 1181 2802 causam,
1215 2753 1322 2793 non
1358 2748 1418 2793 ut
1448 2739 1776 2810 simpliciter

181 2825 406 2890 veniret,
452 2826 548 2881 sed
604 2836 664 2881 ut
702 2826 991 2882 Dominum
1044 2830 1112 2883 ad
1167 2845 1280 2885 suae
1313 2831 1776 2888 manifestationis

179 2917 432 2972 indicium
462 2920 810 2989 praeveniret.
864 2940 883 2973 ι
921 2920 1053 2977 Post
1100 2937 1208 2987 me,
1263 2923 1462 2994 inquit,
1508 2924 1660 2980 venit
1691 2925 1778 2978 vir

176 3009 266 3078 qui
307 3017 432 3063 ante
464 3024 550 3064 me
573 3008 753 3064 factus
781 3019 899 3076 est;
936 3010 1061 3081 quia
1104 3011 1256 3081 prior
1285 3027 1372 3066 me
1394 3020 1514 3068 erat
1544 3027 1560 3067 :
1593 3022 1649 3070 et
1673 3030 1775 3085 ego

174 3100 481 3155 nesciebam
521 3115 644 3154 eum
697 3116 711 3152 :
767 3101 862 3156 sed
893 3109 954 3155 ιιι
1007 3102 1455 3157 manifestaretur
1494 3103 1548 3157 in
1581 3103 1773 3170 Israel,

173 3201 457 3262 propterea
513 3192 637 3247 veni
668 3207 771 3262 ego
825 3192 878 3246 in
929 3209 1068 3263 aqua
1118 3193 1404 3263 baptizans
1436 3195 1622 3264 (.Ioau.
1645 3195 1708 3266 ι).
1746 3215 1767 3249 ι

1878 2007 2149 2078 provexit,
2184 2006 2271 2062 cui
2324 2006 2492 2060 etiam
2545 2003 2683 2059 tanti
2715 2002 2942 2058 honoris
2973 1999 3168 2054 collata
3202 2006 3288 2053 est
3320 1995 3494 2069 gloria

1878 2108 1937 2153 ιιι
1966 2097 2241 2152 nativitati
2269 2096 2396 2167 ejus
2424 2095 2538 2166 ipsa
2585 2092 2682 2150 Dei
2710 2091 2957 2150 Genitrix
2990 2091 3320 2155 interesset,
3343 2085 3495 2156 ejus-

1877 2207 1983 2263 que
2007 2190 2365 2261 principium,
2398 2188 2576 2244 latens
2608 2187 2662 2243 in
2687 2196 2868 2253 utero,
2893 2183 3364 2239 tuuudiConditor
3393 2194 3494 2236 sua

1861 2282 2169 2354 ‘prmsentia
2192 2281 2494 2336 dedicaret.
2517 2278 2778 2334 Testatur
2804 2276 2913 2332 hoc
2932 2274 3113 2331 Lucas
3124 2271 3491 2343 evangelista,

1876 2391 2001 2432 cum
2029 2368 2163 2429 dicit
2192 2387 2208 2428 :
2243 2391 2262 2425 ι
2304 2370 2507 2427 Mansit
2535 2379 2721 2425 autem
2751 2366 2922 2423 Maria
2955 2381 3081 2422 cum
3135 2365 3229 2420 illa
3250 2403 3268 2430 ,
3297 2361 3496 2418 videli-

1877 2466 2292 2530 cetElisabeth,
2325 2464 2484 2535 quasi
2516 2462 2799 2518 mensibus
2832 2460 3039 2525 tribus,
3072 2465 3128 2514 et
3156 2471 3377 2513 reversa
3409 2461 3496 2511 est

1879 2560 1933 2615 iu
1967 2559 2188 2614 domum
2243 2571 2401 2610 suam
2456 2553 2611 2626 (Luc.
2655 2551 2715 2624 ι).
2757 2572 2776 2605 ι
2805 2553 2847 2607 A
2880 2549 3247 2621 conceptione
3288 2547 3493 2618 quippe

1879 2651 2123 2716 Domini,
2156 2663 2331 2718 usque
2360 2648 2428 2712 ad
2464 2645 2808 2701 nativitatem
2836 2642 2898 2698 Β.
2929 2641 3161 2697 Joannis
3191 2649 3303 2694 tres
3340 2653 3496 2693 men-

1878 2756 1968 2800 ses
1998 2750 2144 2798 sunt.
2191 2739 2423 2795 Nolebat
2456 2725 2640 2806 itaque
2667 2733 2839 2789 Maria
2869 2733 3029 2802 127
3059 2730 3364 2794 discedere,
3390 2726 3494 2782 do-

1880 2849 1980 2890 nec
2029 2831 2335 2900 grandaeva:
2367 2840 2421 2883 et
2453 2840 2737 2898 puerpera:
2770 2823 3139 2880 ministerium
3178 2817 3495 2874 sedulitatis

1880 2923 2241 2995 impenderet,
2296 2929 2352 2975 et
2404 2934 2527 2990 qua
2556 2917 2810 2989 gestabat
2853 2917 2908 2970 in
2939 2914 3063 2968 aula
3107 2913 3191 2967 sui
3235 2910 3493 2981 corporis

1878 3016 2107 3089 Regem,
2149 3022 2403 3070 cerneret
2449 3013 2659 3066 anteire
2701 3023 3034 3089 praeconem.
3069 3006 3221 3060 Felix
3276 3013 3492 3075 partus,

1877 3072 2039 3175 ηιιέιιι
2087 3104 2178 3158 illa
2225 3104 2315 3156 lux
2346 3102 2552 3170 excipit
2605 3114 2726 3170 qua:
2751 3072 3027 3152 illumitiat
3056 3110 3277 3150 omnem
3311 3092 3490 3149 horai-

1881 3214 2003 3253 nem
2038 3197 2348 3251 venientem
2388 3194 2441 3248 in
2472 3194 2618 3248 hunc
2643 3191 2908 3246 mundum
2949 3190 3136 3258 (Joau.
3167 3187 3207 3259 ι)
3253 3189 3266 3242 ε

171 3281 442 3339 Prasvenit
486 3297 609 3337 eum
647 3281 943 3345 nascendo,
993 3283 1364 3352 praedicando,
1416 3284 1768 3353 baptizando,
1798 3277 1844 3342 C
1950 3289 2058 3344 Sed
2108 3288 2236 3342 dum
2270 3286 2388 3341 haec
2439 3285 2738 3354 loquimur,
2791 3291 3020 3353 repente
3065 3279 3298 3350 quzestio
3334 3277 3494 3333 nobis

172 3371 474 3436 moriendo,
500 3380 776 3440 postremo
795 3380 851 3426 et
878 3371 944 3425 ad
971 3371 1176 3427 inferos
1199 3373 1600 3428 descendendo.
1626 3374 1774 3430 Prae—

167 3464 338 3519 cessit
391 3465 574 3533 itaque
605 3462 914 3528 Dominum,
945 3465 1228 3533 praecessit
1286 3472 1340 3518 et
1389 3465 1769 3536 semetipsum.

167 3553 315 3608 Ante
335 3553 480 3606 enim
511 3567 672 3622 quam
731 3553 1117 3622 conciperetur
1163 3555 1216 3608 in
1251 3563 1431 3620 utero,
1482 3565 1770 3624 paternum

166 3659 234 3699 os
284 3645 639 3699 incredulitas
667 3645 896 3710 clausit;
933 3646 1076 3714 quod
1111 3645 1226 3714 ipse
1256 3654 1551 3717 antequam
1584 3645 1774 3716 loque-

168 3744 346 3801 retur,
371 3736 726 3806 expresslone
757 3736 839 3790 sui
872 3736 1112 3791 nominis
1134 3737 1458 3797 mirabiliter
1479 3737 1769 3793 reseravit.

165 3827 342 3884 Plane
380 3843 504 3882 cum
549 3828 778 3882 necdum
822 3835 1009 3896 posset
1041 3828 1355 3884 hominibus
1379 3830 1544 3884 verba
1571 3830 1772 3899 depro-

165 3936 350 3983 mere,
387 3920 562 3989 potuit
604 3919 931 3976 exsultando
959 3919 1220 3976 latentem
1264 3921 1315 3975 in
1345 3930 1502 3977 utero
1533 3905 1775 3993 Virginis

163 4012 382 4080 Regem
420 4011 542 4065 caeli
571 4011 832 4065 maternis
863 4011 1167 4066 visceribus
1210 4014 1484 4068 nuntiare.
1535 4012 1773 4084 Spiritus

160 4101 320 4160 cnim
353 4111 597 4166 sanctus,
647 4102 922 4173 quicum,
958 4089 1492 4172 antequam'vitales
1519 4115 1774 4174 carperet

160 4209 362 4258 auras,
422 4195 703 4256 animavit,
753 4195 931 4264 ipsum
988 4210 1205 4265 quoque
1254 4199 1485 4250 materni
1548 4198 1775 4268 pudoris

161 4283 494 4352 hospitium.
544 4285 595 4338 in
643 4299 751 4354 quo
781 4285 1032 4354 degebat,
1084 4286 1345 4356 implevit.
1398 4287 1552 4344 Unde
1596 4288 1776 4344 Eliss-

157 4376 300 4432 beth
337 4394 349 4429 :
384 4396 404 4428 ‹
461 4376 624 4443 Ecce,
677 4377 872 4446 inquit,
909 4386 967 4432 ut
1006 4377 1146 4434 facta
1174 4387 1259 4435 est
1286 4396 1387 4435 vox
1424 4382 1776 4438 salutationis

157 4477 277 4522 tum
313 4466 369 4521 in
406 4468 630 4522 auribus
661 4468 820 4535 meis,
853 4468 1145 4524 exsultavit
1179 4471 1232 4525 in
1277 4470 1477 4543 gaudio
1507 4471 1689 4529 infans
1719 4473 1774 4528 in

153 4567 334 4618 utero
362 4575 484 4616 meo
523 4559 675 4632 (Luc.
714 4561 776 4632 ι).
824 4581 844 4614 ι

1875 3380 2148 3442 oboritur,
2182 3378 2304 3446 qua:
2339 3375 2678 3430 dubietatem
2739 3371 2943 3427 inferre
3005 3386 3112 3424 non
3153 3370 3272 3424 sine
3324 3382 3494 3423 causa

1876 3471 2147 3524 videatur.
2177 3466 2437 3521 Testatur
2461 3464 2663 3520 ctenim
2727 3462 2992 3518 Dominus
3047 3462 3175 3531 quia
3209 3461 3353 3514 inter
3390 3473 3493 3513 na-

1880 3572 1963 3618 tos
2011 3559 2301 3615 mulierum
2353 3574 2464 3613 non
2495 3557 2739 3612 surrexit
2787 3554 2965 3624 major
2997 3552 3206 3609 Joanne
3245 3551 3492 3621 Baptista

1878 3652 2096 3719 (Matth.
2129 3652 2232 3714 xt).
2283 3649 2528 3705 Exclusit
2563 3649 2748 3719 itaque
2795 3645 3082 3715 majorem,
3128 3661 3234 3701 non
3267 3642 3494 3715 negavit

1876 3744 2164 3816 aequalem.
2213 3741 2352 3797 llinc
2393 3750 2477 3795 est
2504 3741 2650 3812 quod
2677 3739 2745 3794 ad
2777 3737 3101 3809 Zachariam
3151 3734 3379 3806 angelus
3403 3733 3491 3790 di-

1876 3837 1952 3892 cit
1982 3854 1994 3889 :
2029 3854 2048 3886 ι
2081 3834 2196 3904 Ipse
2227 3832 2501 3903 prmccdet
2530 3840 2658 3886 ante
2694 3830 2844 3886 illum
2875 3830 2929 3884 in
2957 3828 3176 3900 spiritu,
3201 3838 3257 3882 et
3285 3828 3491 3885 virtute

1877 3927 2009 3982 Elia:
2040 3925 2193 3998 (Luc.
2231 3925 2292 3996 l).
2331 3942 2351 3976 ι
2400 3922 2509 3978 Par
2541 3939 2673 3994 ergo
2702 3923 2834 3977 Elite
2862 3920 3104 3978 Joannes
3153 3919 3396 3984 videtur,
3434 3919 3492 3974 in

1877 4018 2032 4088 cujus
2071 4016 2266 4086 spiritu
2294 4027 2348 4070 et
2391 4015 2594 4069 virtute
2627 4023 2891 4068 venturus
2919 4013 3217 4076 asseritttr;
3253 4026 3490 4080 praeser-

1878 4109 1975 4162 tim
2004 4121 2128 4162 cum
2169 4115 2224 4161 et
2255 4105 2382 4160 alibi
2414 4105 2527 4176 ipsa
2562 4103 2778 4159 Veritas
2816 4103 2966 4158 dicat
2993 4119 3006 4156 :
3039 4119 3058 4152 ι
3083 4101 3231 4155 Elias
3252 4098 3368 4167 jam
3394 4115 3492 4155 ve-

1879 4201 1980 4265 nit,
2015 4209 2203 4254 etnon
2251 4203 2632 4266 cognoverunt
2668 4187 2814 4260 eum,
2860 4194 2956 4249 sed
2989 4193 3241 4249 fecerunt
3271 4191 3326 4245 in
3366 4204 3492 4244 eum

1879 4291 2242 4364 quodcunque
2265 4289 2554 4344 voluerunt
2576 4286 2795 4357 (Matth.
2822 4302 2955 4348 xvtt,
2978 4284 3062 4355 l2)
3093 4301 3105 4337 :
3145 4303 3163 4336 ι
3185 4293 3239 4338 et
3264 4283 3308 4338 si
3329 4281 3494 4337 vultis

1879 4383 2043 4446 scire,
2069 4379 2311 4436 Joannes
2343 4380 2458 4448 ipse
2489 4387 2578 4434 est
2600 4377 2767 4432 Elias.
2790 4377 2896 4432 Sed
2912 4389 3040 4432 ecce
3062 4391 3094 4432 e
3116 4376 3336 4430 diverso
3361 4373 3492 4428 illud

1878 4474 2124 4530 occurrit
2163 4472 2308 4542 quod
2336 4471 2551 4526 Eliseus
2573 4470 2845 4542 duplicem
2877 4469 3008 4524 Elite
3034 4469 3312 4540 spiritum,
3334 4465 3492 4536 juxta

1882 4567 2102 4624 modum
2131 4583 2247 4640 sua:
2300 4565 2581 4635 petitionis
2624 4564 2858 4633 accepit.
2887 4581 2906 4614 ι
2945 4561 3212 4626 Obsecro,
3240 4560 3490 4625 Domine,

235 4649 354 4706 Ubi
407 4653 760 4730 quaerendum
806 4661 892 4708 est
945 4654 1222 4724 quomodo
1250 4655 1366 4710 fieri
1394 4657 1572 4727 potuit
1622 4666 1681 4712 ut
1717 4658 1770 4712 in
1801 4643 1854 4704 υ
1882 4670 1941 4715 ιιι
1969 4660 2062 4714 liat
2106 4659 2333 4730 spiritus
2377 4667 2502 4714 tuus
2559 4657 2756 4728 duplex
2796 4657 2848 4711 in
2882 4671 2970 4712 me
3019 4650 3140 4726 (Ην
3165 4652 3292 4724 Reg.
3330 4651 3416 4722 ιι).
3468 4668 3488 4704 ι

145 4753 294 4794 eum
344 4737 581 4810 Spiritus
609 4727 836 4821 sanctus
891 4758 987 4797 sua
1021 4744 1160 4800 dena
1218 4743 1585 4812 dill‘underet;
1627 4749 1777 4814 cum,

137 4826 324 4896 juxta
361 4829 524 4888 ritum
555 4831 885 4889 conditionis
930 4831 1205 4899 humanae,
1231 4835 1414 4892 adhuc
1436 4835 1490 4891 in
1515 4836 1770 4908 iniquita-

147 4919 320 4976 tibus
346 4930 643 4993 couceptus
669 4923 950 4989 existeret,
987 4934 1045 4980 et
1074 4927 1308 4983 necdum
1332 4928 1616 5000 originalis
1643 4945 1776 5000 pec-

140 5013 272 5069 cati
301 5014 607 5080 vinculum,
632 5025 886 5087 percepta
930 5016 1122 5087 legalis
1144 5020 1511 5076 observantiae
1541 5021 1777 5076 circum-

135 5103 389 5159 cisione
411 5105 680 5170 solvisset,
714 5123 837 5161 cum
865 5122 964 5178 per
992 5107 1213 5180 Moysen
1244 5110 1428 5169 divina
1452 5127 1553 5168 vox
1587 5108 1730 5169 dicat
1757 5131 1772 5168 :

143 5217 168 5248 ι
200 5196 554 5264 ‘Masculus,
596 5201 754 5269 cujus
805 5201 1058 5271 praeputii
1105 5217 1237 5257 caro
1287 5203 1614 5260 circumcisa
1665 5223 1772 5262 non

133 5286 369 5349 fuerit,
410 5289 610 5358 peribit
658 5289 838 5344 anima
869 5290 956 5344 illa
1005 5291 1072 5346 de
1112 5292 1311 5364 populo
1341 5309 1482 5361 meo,
1517 5296 1776 5367 quoniam

132 5385 399 5448 pactum
425 5393 605 5433 meum
633 5378 846 5434 irritum
885 5379 1013 5436 fecit
1040 5379 1193 5450 (Gen.
1221 5383 1379 5454 xvn).
1428 5403 1446 5436 ι

229 5469 364 5525 Sed
431 5473 730 5528 notandum
774 5484 859 5529 est
929 5476 1061 5545 quia
1082 5475 1322 5559 Spiritus
1371 5480 1546 5534 sancti
1600 5484 1776 5559 gratia

129 5560 290 5631 lege
357 5577 465 5616 non
496 5564 800 5633 stringitur,
833 5557 1178 5623 necessitatis
1209 5570 1427 5626 vinculo
1473 5589 1579 5627 non
1625 5557 1778 5630 tene-

129 5664 289 5718 tur;
351 5655 449 5708 sed
492 5657 631 5711 sicut
677 5659 763 5711 ubi
799 5659 911 5714 vult
964 5661 1166 5730 spirat,
1207 5663 1286 5717 sic
1335 5674 1392 5718 et
1438 5665 1638 5735 quibus
1665 5667 1781 5722 vult

127 5744 355 5814 gratis
385 5759 480 5797 sua
510 5747 646 5800 dona
679 5749 976 5816 dispensat.
1003 5749 1140 5806 Nam
1167 5762 1222 5807 et
1247 5752 1560 5810 Cornelium
1591 5760 1784 5812 centu!

131 5849 421 5900 nouem,
467 5844 753 5912 antequam
811 5839 1062 5911 baptismi
1119 5844 1422 5916 susciperet
1478 5846 1776 5917 lavacrum,

1883 4753 2039 4823 Quod
2069 4752 2114 4807 si
2139 4751 2312 4806 Eliam
2340 4750 2553 4806 Eliseus
2577 4748 2870 4820 dupliciter
2902 4747 3200 4811 antecellit,
3223 4743 3494 4814 aequalem

1884 4844 2016 4900 Elia:
2067 4842 2334 4898 Joannem
2409 4843 2686 4912 quomodo
2735 4857 2842 4898 non
2901 4848 3144 4912 superat,
3201 4854 3311 4911 quo
3347 4839 3496 4895 inter

1881 4943 2041 4990 natos
2065 4933 2356 4990 mulierum
2392 4934 2567 5003 major
2594 4948 2754 4988 nemo
2774 4935 3055 4988 surrexit?

1953 5024 2366 5088 Verumtamen,
2410 5032 2469 5078 ut
2518 5023 2764 5078 solvatur
2798 5023 3051 5092 quaestio,
3102 5021 3494 5093 ponderandus

1881 5125 1968 5172 est
1998 5131 2215 5181 sensus,
2268 5123 2328 5168 ιιι
2364 5115 2509 5185 quod
2533 5115 2730 5169 durum
2770 5115 2822 5168 in
2880 5114 3066 5168 verbis
3120 5111 3496 5166 exterioribus

1876 5214 2059 5270 sonat,
2113 5207 2181 5274 de
2212 5206 2300 5277 pia
2348 5205 2650 5260 intentione
2696 5203 2994 5275 procedere
3017 5202 3280 5259 discretio
3305 5201 3488 5258 sobrie

1878 5298 2167 5353 sentientis
2225 5298 2516 5366 intelligat.
2579 5297 2784 5351 Durum
2849 5297 3053 5366 quippe
3102 5295 3287 5351 sonuit
3345 5292 3492 5365 quod

1880 5392 2092 5446 Eliscus
2118 5391 2389 5462 duplicem
2442 5392 2686 5462 magistri
2721 5391 2974 5460 spiritum
3007 5390 3196 5461 petiit;
3230 5404 3354 5445 cum
3383 5402 3492 5443 non

1886 5485 1959 5538 sit
2009 5484 2308 5555 discipulus
2353 5500 2518 5556 super
2566 5485 2892 5554 magistrum
2925 5483 3146 5555 (Matth.
3177 5485 3257 5552 γ).
3289 5481 3396 5537 Sed
3423 5495 3491 5534 ex

1886 5590 2023 5645 pura
2061 5584 2242 5632 mente
2270 5578 2463 5647 petitio
2485 5578 2583 5632 ista
2615 5577 2903 5648 processit,
2927 5577 3051 5647 quia
3078 5593 3185 5632 non
3212 5583 3491 5629 terrenum

1885 5667 2116 5738 aliquid,
2153 5670 2247 5724 sed
2265 5669 2606 5740 spiritualem
2637 5670 2869 5739 gratiam
2901 5669 3217 5738 postulavit.
3256 5665 3411 5724 Unde
3437 5673 3494 5720 et

1886 5757 2032 5814 Elius
2082 5760 2237 5829 quasi
2296 5760 2716 5833 subindiguatus
2761 5762 2980 5817 incauta
3023 5760 3277 5831 discipuli
3326 5760 3491 5815 verba

1888 5849 2183 5918 redarguit,
2235 5865 2360 5906 cum
2417 5851 2540 5908 ait'
2597 5871 2614 5905 ι
2680 5850 2814 5908 [leni
2873 5851 3144 5910 dillbsilem
3206 5853 3489 5925 postulas"
