5232 6470
2333 385 2387 438 S.
2415 381 2616 437 PETRI
2652 379 2932 435 DAIIANI
2969 375 3118 433 OPP.
3158 373 3338 429 PARS
3377 373 3506 429 SEU
3535 370 3766 428 TOML'S
3807 370 3868 423 ll.
3905 399 3972 410 --
4011 368 4397 426 δεηιοκεε.

2887 379 2932 433 ιιι
2969 375 3118 433 OPP.
3158 373 3338 429 PARS
3377 373 3506 429 SEU
3535 370 3766 428 TOML'S
3807 370 3868 423 ll.
3905 399 3972 410 --
4011 368 4397 426 δεηιιοκεε.
4867 365 4953 422 6ιο

1733 499 1842 570 (IV
1873 497 1997 569 Reg.
2028 498 2091 564 tt)
2150 515 2168 547 ι
2213 512 2225 546 :
2260 494 2658 561 simplicitatem
2686 506 2812 544 vero
2853 491 2954 557 pia
2982 485 3294 540 intentionis
3327 491 3368 542 Α
3401 481 3652 550 pudicitia
3706 478 3997 570 virginum,
4041 478 4120 532 vel
4163 478 4216 531 iu
4239 476 4421 570 verbis
4461 476 4590 570 vit:
4633 490 4698 530 se
4731 487 4952 570 exerceat

1735 588 2014 658 aspiciens,
2057 591 2254 654 przesto
2302 582 2575 651 subjungit
2607 596 2623 634 :
2659 599 2678 630 ι
2720 581 2972 632 Attamen
3016 578 3060 629 si
3091 576 3292 628 videris

1738 690 1823 730 nte
1856 674 2064 742 quando
2114 673 2274 726 toliar
2317 688 2344 724 a
2393 680 2463 733 te,
2501 671 2606 724 erit
2629 669 2774 738 quod
2805 667 2985 736 petisti
3027 665 3234 732 (Ιὸιά.).
3270 682 3288 714 ι

1739 759 1852 818 Non
1872 762 2120 817 videlicet
2160 762 2462 827 duplicitas,
2491 775 2653 828 quam
2689 761 2939 812 incautus
2973 771 3150 809 sermo
3173 771 3294 822 pro-

1739 852 1928 914 fundit,
1957 851 2051 906 sed
2090 851 2287 904 donum
2320 850 2562 918 spiritus,
2611 850 2751 916 quod
2783 846 2967 900 humili
2991 860 3054 898 ac
3079 845 3293 897 sincera

1742 939 1934 994 mentis
1959 938 2253 993 intentione
2273 937 2538 1006 quasivit.
2566 936 2674 990 Hoc
2700 937 2882 1002 itaque
2909 934 3066 988 modo
3094 950 3293 1001 nequa-

1734 1039 1893 1096 quam
1919 1025 2180 1082 Joannem
2211 1035 2426 1097 superat
2454 1026 2677 1086 Eliseus,
2718 1026 2856 1076 sinit
2887 1039 2983 1076 nec
3015 1022 3186 1091 major
3212 1034 3295 1074 est

1738 1130 1895 1186 quam
1945 1115 2109 1170 Elius.
2165 1116 2542 1168 Verumtamen
2589 1114 2631 1166 si
2665 1128 2832 1166 sacra:
2871 1114 3111 1165 historiae
3144 1123 3296 1164 teno-

1738 1219 1850 1260 rem
1898 1205 2208 1274 inspicimus
2259 1205 2552 1267 dilicenter,
2584 1204 2885 1257 uberiorem
2931 1204 3044 1255 sive
3097 1202 3292 1254 clario-

1737 1310 1852 1351 rem
1907 1295 2136 1350 Eliseum
2165 1309 2324 1363 quam
2376 1293 2546 1348 Eiiam
2604 1295 2655 1346 in
2704 1292 3085 1347 miraculorum
3131 1290 3294 1344 fuisse

1738 1367 2022 1437 virtutibus
2072 1383 2177 1435 itm
2238 1384 2388 1437 imus.
2446 1383 2535 1435 ille
2569 1383 2820 1436 nimirum
2874 1384 3057 1433 vivens
3107 1382 3293 1435 deiun-

1733 1481 1874 1526 ctum
1904 1487 2124 1540 puerum
2163 1473 2281 1525 vita:
2305 1472 2536 1525 restituit
2567 1470 2684 1540 (Ill
2713 1470 2840 1539 Reg.
2873 1473 3024 1534 xvtt),
3060 1473 3158 1523 iste
3181 1470 3291 1536 jam

1737 1571 2280 1617 tnortuusmortuum
2309 1562 2592 1615 suscitavit
2637 1559 2740 1627 (IV
2805 1559 2931 1627 Reg.
2995 1563 3133 1625 xm).
3202 1558 3292 1610 llio

1733 1653 2112 1722 prophetante.
2145 1654 2334 1722 hydria
2362 1651 2570 1716 farinae,
2593 1661 2646 1705 et
2670 1652 2913 1720 lecytbus
2939 1651 3041 1703 olei
3076 1666 3180 1702 non
3203 1651 3293 1702 de-

1735 1739 1859 1796 fecit
1883 1740 2001 1810 (HI
2054 1740 2179 1810 (leg.
2214 1745 2377 1810 xvn);
2414 1744 2515 1795 iste
2546 1742 2779 1796 obsessa:
2823 1751 2878 1794 et
2920 1737 3126 1792 amicta:
3164 1740 3292 1791 civi-

3397 572 3572 640 lingua
3623 571 3924 632 doctorum,
3954 569 4094 621 citra
4119 577 4318 622 metam
4350 564 4578 622 Joannis
4606 568 4796 621 omnia
4817 569 4952 621 eoin:

3397 660 3612 720 bentur,
3646 658 3892 729 nihilque
3913 657 4127 711 virtutis
4169 658 4439 720 humana,
4485 657 4626 711 nihil
4665 656 4948 726 religionis,

3397 750 3526 804 nihil
3558 748 3906 818 perfectionis
3945 747 4082 800 ultra
4112 746 4477 817 progreditur.
4501 742 4950 815 Caice-hiennita-

3399 839 3578 892 rabilis
3631 837 3750 890 vita:
3786 839 3978 892 seriem
4016 851 4120 890 non
4171 835 4642 905 bistoriographua
4706 835 4956 903 qniyinn

3395 938 3513 996 post
3539 928 3654 992 ejus
3679 929 3882 981 obitum
3913 928 4101 988 texuit,
4142 928 4235 982 sed
4269 927 4632 997 archangelus
4658 925 4752 979 ille
4779 927 4952 996 pra-ei-

3397 1033 3528 1086 puus
3574 1026 3861 1085 antequam
3903 1025 4200 1084 conceptus
4224 1025 4370 1071 esset
4393 1015 4446 1069 iu
4470 1024 4650 1078 atem.
4685 1016 4830 1069 sicut
4861 1014 4953 1068 Do-

3397 1111 3542 1170 mini.
3585 1111 3662 1164 sic
3706 1119 3762 1164 et
3806 1108 3964 1178 hujus
4013 1125 4179 1179 opera
4211 1111 4450 1165 miranda
4502 1111 4771 1164 narravit.
4805 1108 4956 1178 llusz

3396 1217 3521 1253 sane
3571 1203 3897 1268 pra-conlata
3938 1217 4043 1256 non
4075 1203 4376 1258 assertione
4419 1203 4641 1257 veridici
4675 1204 4956 1271 cujuslibet

3397 1292 3648 1353 hominis,
3691 1292 3786 1345 sed
3811 1307 3875 1344 ex
3907 1306 4000 1346 ore
4025 1291 4195 1361 ipsius
4241 1308 4464 1347 sume
4492 1292 4790 1347 dididllll
4815 1293 4962 1346 Veri—

3398 1381 3537 1431 tatis.
3574 1379 3638 1434 Ει
3682 1379 3769 1434 ille
3795 1389 3876 1435 est
3899 1390 4139 1435 assertor
4165 1391 4220 1436 et
4263 1383 4508 1436 laudator
4529 1381 4784 1446 Joannis,
4816 1385 4904 1452 qui
4932 1400 4956 1440 ι

3394 1473 3604 1524 cunctis
3644 1469 3956 1526 coelestibus
3981 1487 4048 1526 ac
4079 1473 4308 1526 terrenis
4336 1475 4585 1528 laudator
4607 1481 4664 1527 et
4693 1475 4956 1528 benedici-

3397 1571 3481 1611 tur
3512 1563 3793 1613 creaturis.
3845 1561 3926 1614 Ab
3974 1559 4068 1614 illo
4098 1560 4333 1629 datique
4377 1564 4543 1616 verho
4586 1559 4820 1616 Joannis
4843 1573 4957 1614 sunt

3396 1648 3706 1717 deprompta
3761 1648 4052 1715 parmula,
4099 1661 4196 1716 per
4247 1648 4389 1716 quod
4413 1647 4630 1702 fundata
4667 1659 4757 1703 est
4793 1651 4957 1706 arida.

3399 1749 3680 1790 moventur
3709 1739 3903 1799 sidera,
3935 1738 4156 1792 condita
4205 1747 4330 1792 aunt
4358 1739 4642 1792 elementa.
4675 1738 4962 1794 Bllionem

1737 1832 1831 1886 tati
1859 1833 2105 1900 protinus
2135 1833 2187 1884 in
2213 1832 2350 1884 diem
2382 1831 2609 1884 alterum
2647 1830 2990 1885 incredibiles
3023 1830 3291 1884 hostilium
3323 1817 3370 1875 Β
3396 1838 3609 1894 quantae
3647 1827 4060 1894 magnificentia
4108 1836 4191 1879 est
4240 1827 4308 1880 ah
4361 1825 4452 1881 illo
4506 1829 4703 1882 mereri
4738 1829 4958 1897 φίλια

1737 1930 2038 1974 castrorum
2087 1921 2269 1987 copias
2311 1920 2504 1972 obtulit
2543 1917 2649 1986 (ιγ
2698 1917 2826 1986 Reg.
2885 1919 2979 1984 vt).
3011 1919 3205 1986 Atque,
3241 1926 3296 1968 ut

1736 2007 1881 2064 brevi
1936 2018 2128 2062 cuneta
2177 2008 2513 2068 concludam.
2547 2007 2692 2062 Elias
2730 2007 3032 2068 duodecim,
3065 2006 3295 2068 Eliseus,

1738 2106 1797 2150 ut
1818 2096 2112 2165 Scriptura:
2140 2098 2338 2150 veritas
2373 2097 2555 2158 tradit,
2589 2095 2777 2163 viginti
2803 2104 3034 2163 quatuor
3069 2094 3298 2145 miracu-

1737 2189 1911 2244 lorum
1961 2191 2128 2259 sigttis
2155 2189 2367 2252 enituit,
2399 2204 2518 2255 qua:
2561 2188 2834 2248 videlicet,
2866 2187 2991 2254 quia
3025 2185 3297 2237 fastidium

1739 2279 2062 2344 devitantus,
2103 2279 2190 2333 hic
2217 2293 2536 2333 enumerare
2585 2278 2976 2346 postponimus.
3022 2273 3300 2342 Quomodo

1740 2371 1901 2440 igitur
1926 2370 2082 2438 hujus
2129 2384 2215 2423 me
2247 2371 2382 2422 nodo
2410 2368 2723 2437 quastionis
2753 2367 3057 2434 expediam,
3083 2374 3139 2416 ut
3171 2377 3297 2431 pro-

1742 2457 1851 2513 lata
1878 2458 2240 2528 magnitudine
2259 2457 2505 2521 Joannis,
2536 2473 2640 2510 non
2661 2457 2870 2510 vacillet
2897 2455 3160 2507 sententia
3194 2451 3298 2504 Ve-

1740 2546 1939 2610 ritatis,
1962 2561 2067 2616 qua
2096 2546 2294 2602 dicitur
2323 2548 2374 2600 in
2417 2548 2558 2600 natis
2591 2546 2871 2599 mulierum
2902 2560 3006 2596 non
3046 2559 3165 2597 esse
3189 2559 3300 2595 ma-

1733 2635 1905 2704 jorem
1947 2633 2153 2690 Joanne
2186 2634 2456 2704 Baptista?
2493 2634 2625 2688 Nam
2667 2636 2712 2688 si
2766 2633 2936 2701 major
2965 2643 3047 2685 est
3097 2632 3302 2692 Eiiseus

1739 2740 1898 2795 quam
1946 2725 2110 2790 Elias,
2155 2741 2285 2795 ergo
2333 2726 2504 2785 maior
2533 2736 2614 2780 est
2650 2725 2953 2779 etJoannc.
2985 2723 3136 2789 Quod
3189 2721 3301 2774 fieri

1740 2813 2066 2882 impossibile
2085 2821 2188 2868 est.
2693 2811 2706 2820 ’

1811 2903 1914 2958 Sed
1943 2903 2232 2957 notandum
2255 2905 2396 2973 quod
2425 2904 2570 2958 aliud
2604 2913 2686 2958 est
2716 2918 2968 2969 magnum
2994 2903 3121 2970 quid
3145 2916 3302 2969 agere

1740 2994 1794 3049 in
1825 2994 1993 3063 signis
2045 2993 2444 3056 miraculorum,
2493 2994 2634 3047 aliud
2687 3008 2938 3063 magnum
2978 3009 3096 3046 esse
3125 2995 3175 3045 in
3212 3008 3302 3044 ex-

1738 3081 1982 3136 cellentia
2031 3082 2362 3135 meritorum.
2413 3081 2544 3134 Nam
2581 3082 2624 3135 si
2674 3082 2740 3135 de
2781 3082 3055 3136 miraculis
3102 3081 3298 3148 agitur,

1739 3169 1941 3226 nullum
1993 3170 2183 3225 fecisse
2219 3171 2533 3224 miraculum
2564 3168 2823 3224 Joannem
2857 3170 3017 3240 128
3058 3171 3111 3223 in
3157 3170 3300 3223 Scri-
3329 3172 3371 3230 C
3404 3187 3508 3236 quo
3552 3170 3808 3224 Dominus
3858 3189 3869 3222 :

1737 3269 2019 3332 pturarutn
2043 3259 2252 3329 paginis
2275 3260 2564 3314 invenitur.
2585 3260 2689 3314 Sed
2706 3262 2941 3329 nunquid
2969 3271 3182 3328 pmpier
3203 3260 3301 3313 hoc

1741 3346 1953 3402 infimus
1974 3348 2079 3401 erit
2106 3347 2341 3401 omnium
2379 3352 2708 3412 sanctorum,
2744 3348 2866 3416 quia
2900 3349 3042 3400 nulla
3076 3348 3298 3399 traditur

1744 3435 1895 3505 signa
1941 3435 2132 3490 fecisse
2197 3436 2488 3488 virtutum?
2539 3436 2745 3488 Eiiseus
2819 3450 2948 3505 ergo
3011 3435 3180 3502 major
3223 3445 3303 3488 est

1738 3539 1901 3594 quam
1953 3524 2095 3580 Elias
2136 3525 2188 3578 in
2234 3526 2564 3580 exhibitione
2602 3527 2898 3594 signorum,
2931 3541 3087 3594 quem
3126 3537 3300 3578 tamen

1747 3629 2083 3684 nequaquam
2137 3628 2351 3686 superat
2387 3618 2439 3670 in
2488 3619 2703 3671 cumulo
2752 3619 3083 3670 meritorum.
3143 3617 3216 3668 Ita
3251 3627 3300 3668 el

1743 3701 1976 3759 Joannes
2001 3721 2099 3774 par
2128 3707 2338 3774 quidem
2386 3717 2468 3762 est
2496 3707 2646 3770 Elite;
2678 3710 2800 3777 quia
2850 3709 2985 3761 sicut
3013 3709 3098 3759 ille
3129 3724 3301 3776 przm-o

1750 3797 1959 3849 futurus
1989 3805 2070 3850 est
2112 3796 2340 3864 iudicis;
2499 3808 2554 3852 et
2583 3799 2669 3851 hic
2697 3814 2993 3868 pnecursor
3024 3798 3194 3849 fat-tus
3221 3810 3303 3851 est

1749 3884 2159 3954 Redemptoris,
2213 3889 2305 3941 sed
2350 3890 2520 3958 major
2565 3889 2700 3952 Elia,
2740 3892 2864 3958 quia
2899 3905 3055 3958 quem
3086 3893 3306 3943 demou-

1746 3977 1956 4037 stravit,
1977 3977 2142 4030 etiam
2164 3978 2470 4044 baptizavit.
2500 3979 2551 4031 In
2582 3979 2674 4032 illo
2704 3979 2935 4048 denique
2961 3981 3306 4049 baptismatis

1750 4075 2090 4120 sacramento
2135 4064 2382 4122 Jordanis
2412 4070 2550 4120 unda
2581 4069 2749 4138 magis
2775 4078 2856 4121 est
2886 4066 2989 4121 lota
3024 4083 3185 4134 quam
3223 4068 3302 4120 la—

1745 4154 1842 4216 vit,
1875 4169 1940 4208 ex
1966 4170 2070 4223 qua
2107 4155 2324 4223 insuper
2353 4158 2459 4208 vim
2507 4156 2949 4211 sanctificationis
2984 4159 3160 4211 omnis
3184 4158 3302 4212 ubi-

1744 4254 1851 4309 que
1875 4250 2136 4295 terrarum
2161 4256 2297 4310 aqua
2319 4245 2583 4309 concepit.
2629 4243 2740 4296 illic
2765 4243 2819 4296 Β.
2860 4243 3093 4299 Joannes
3117 4261 3302 4298 vocem

1748 4327 1924 4384 Patris
1945 4330 2164 4392 audivit,
2200 4331 2458 4399 Spiritum
2486 4343 2729 4384 sanctum
2767 4333 2817 4384 in
2843 4332 3100 4385 columba:
3129 4335 3308 4402 specie

1747 4419 2162 4474 descendentem
2210 4422 2440 4488 aspexit,
2478 4422 2812 4475 tremendum
2857 4423 3058 4490 angelis
3085 4423 3174 4475 Dei
3219 4423 3306 4476 Fi-

3401 1916 3598 1978 iaudis,
3642 1919 3782 1984 apud
3830 1931 3990 1984 quem
4039 1930 4246 1971 summa
4273 1915 4504 1970 felicitas
4549 1926 4634 1969 est
4675 1918 4961 1985 impetrare

3399 2008 3607 2059 veniam
3641 2008 3874 2074 pietatis,
3927 2015 3982 2060 et
4025 2006 4094 2060 ali
4136 2006 4229 2060 illo
4274 2005 4512 2076 praeferri
4555 2007 4894 2068 hominibus,
4937 2025 4962 2060 a

3401 2110 3505 2164 quo
3547 2097 3838 2165 gloriosum
3880 2108 3964 2151 est
4004 2108 4274 2167 utcunque
4327 2097 4586 2166 probari?
4631 2099 4730 2150 Ait
4775 2101 4962 2152 enim:

3408 2203 3424 2232 ι
3460 2185 3594 2249 Quid
3649 2186 3834 2238 existis
3886 2187 4099 2242 viden?
4147 2186 4503 2254 prophetam?
4553 2185 4694 2240 Dico
4722 2187 4876 2240 vobis
4921 2199 4966 2240 at

3401 2276 3682 2342 plusquam
3719 2277 4027 2342 prophetam
4057 2277 4269 2346 (lauit.
4303 2277 4400 2343 at).
4445 2294 4462 2325 ι

3475 2366 3576 2416 Sed
3626 2371 3747 2432 quia
3785 2369 4040 2433 propheta
4087 2369 4226 2419 inter
4267 2378 4491 2420 caeteros
4536 2367 4792 2420 homines
4825 2381 4968 2436 egre-

3401 2455 3517 2522 gius
3556 2463 3636 2506 est
3685 2465 3738 2508 ct
3777 2455 4021 2523 insignis,
4053 2457 4144 2523 qui
4175 2455 4376 2509 nullum
4408 2457 4460 2507 in
4492 2455 4774 2508 communi
4804 2456 4968 2508 homi-

3403 2560 3527 2596 num
3557 2559 3752 2610 genere
3780 2545 3985 2597 habens
4024 2544 4301 2612 aqualem,
4350 2545 4511 2598 etiam
4539 2544 4822 2612 propheta
4843 2558 4970 2611 pra-

3403 2637 3648 2703 pouitur,
3704 2644 3885 2694 restat,
3934 2646 3992 2687 ut
4035 2637 4146 2704 jam
4191 2649 4293 2687 non
4351 2635 4534 2694 homo,
4591 2633 4690 2687 sed
4753 2635 4968 2703 angelus

3405 2737 3760 2790 ntzttcttpetur.
3815 2723 3963 2778 L'nde
4010 2733 4064 2778 et
4091 2723 4326 2777 subdidit
4358 2741 4370 2774 :
4403 2742 4420 2773 ι
4452 2721 4548 2775 ilic
4600 2732 4690 2778 cst
4723 2724 4873 2776 enim
4911 2723 4968 2775 de

3404 2832 3509 2883 quo
3538 2820 3793 2884 scriptum
3819 2825 3898 2867 est
3933 2834 3943 2866 ε
3985 2815 4120 2869 Ecce
4148 2829 4248 2883 ego
4287 2815 4441 2868 mitto
4478 2813 4733 2879 angelum
4773 2829 4966 2870 Ineunt.

3405 2908 3493 2972 qui
3551 2908 3869 2975 praeparabit
3913 2907 4050 2958 viam
4106 2916 4229 2959 ante
4259 2906 4449 2960 faciem
4481 2915 4626 2958 tuam
4673 2904 4892 2974 (Ibid).
4948 2923 4962 2952 ι

3407 2996 3509 3048 Sed
3536 3006 3588 3047 ιιι
3621 2999 3670 3047 in
3689 2997 4049 3064 suppositione
4075 3010 4168 3048 sua
4215 2994 4406 3048 melius
4436 2995 4493 3048 Β.
4523 2993 4768 3046 Joannes
4796 3005 4968 3047 osten-

3405 3083 3547 3134 ditur
3577 3092 3833 3149 quantntn
3892 3082 4101 3134 uteris
4139 3081 4446 3135 hominibus
4503 3081 4836 3149 perferatur
4861 3123 4874 3142 ,
4911 3085 4974 3132 de

3933 3188 3951 3220 ι
3998 3171 4099 3236 Qui
4146 3181 4344 3232 autem,
4377 3172 4570 3241 inquit,
4609 3172 4793 3223 minor
4819 3183 4901 3224 est
4927 3188 4970 3222 Ill

3406 3274 3568 3324 regno
3582 3259 3858 3322 colorum,
3876 3256 4046 3324 major
4063 3269 4146 3314 est
4171 3258 4260 3312 illo
4288 3258 4524 3328 (ἰδίειν,
4544 3259 4680 3324 Quia
4715 3261 4968 3312 nimirum

3406 3347 3739 3417 iledemptoe
3772 3359 3972 3414 noster,
4011 3349 4101 3418 qui
4153 3349 4361 3405 Joanne
4411 3351 4588 3404 minor
4631 3360 4720 3404 est
4750 3353 4806 3402 in
4839 3363 4972 3403 terra

3405 3452 3496 3504 per
3526 3453 3797 3492 accessum
3827 3441 4165 3494 succedentis
4213 3440 4410 3501 antis,
4441 3441 4493 3492 in
4517 3441 4656 3494 ccio
4687 3443 4872 3509 major
4901 3451 4974 3493 est

3403 3542 3499 3594 per
3528 3537 3741 3581 :eternze
3768 3528 3927 3597 139
3946 3530 4282 3598 privilegium
4304 3531 4621 3598 maiestatis.
4647 3533 4692 3584 0
4725 3530 4852 3583 felix
4883 3533 4974 3582 ista

3404 3617 3652 3683 dejectio,
3698 3619 3911 3685 quando
3939 3619 4097 3671 homo
4129 3617 4237 3672 Deo
4275 3619 4616 3688 supponitur,
4653 3633 4682 3670 a
4717 3619 4976 3672 Creatore

3403 3714 3646 3754 creatura
3669 3705 4004 3771 pra'ceditur,
4040 3706 4265 3773 exiguus
4284 3707 4351 3758 ab
4379 3707 4772 3759 immensitatis
4803 3709 4974 3775 gloria

3403 3801 3684 3858 superatur
3713 3793 3723 3842 !
3764 3790 3929 3860 Major
3957 3808 4076 3846 esse
4102 3792 4562 3847 JoanneChristns
4591 3794 4644 3846 in
4673 3795 4820 3848 celo
4853 3797 4978 3846 dit-i-

3406 3889 3510 3941 tur,
3542 3880 3627 3931 ubi
3658 3897 3682 3930 a
3714 3883 3923 3934 cunctis
3951 3882 4201 3952 angelici:
4226 3882 4504 3951 dignitatis
4524 3883 4821 3936 virtutibus
4849 3885 4978 3934 ado-

3408 3980 3575 4032 ratttr,
3608 3972 3690 4022 cui
3739 3972 4040 4034 cherubim,
4075 3983 4129 4024 et
4176 3973 4446 4039 seraphim
4489 3973 4772 4026 humiliter
4801 3989 4977 4041 proci-

3405 4058 3559 4118 dunt,
3610 4060 3762 4126 cujus
3830 4058 4173 4128 Principatus
4223 4071 4278 4113 et
4333 4060 4637 4113 Potestates
4689 4062 4980 4129 imperium

3405 4152 3843 4212 contremiscunt,
3870 4150 4021 4217 cujus
4061 4150 4293 4218 denique
4320 4152 4522 4204 vultum
4547 4153 4868 4205 desiderant
4895 4169 4986 4202 ass

3406 4241 3505 4304 geli
3532 4242 3840 4307 prospicere
3865 4240 3914 4308 (1
3939 4239 4078 4293 Petr.
4105 4241 4163 4310 t);
4191 4238 4381 4294 Joanni
4414 4257 4471 4294 se
4503 4243 4762 4308 perhibet
4793 4247 4844 4296 in
4881 4257 4986 4295 eo-

3408 4328 3522 4379 Ιυδιί
3572 4330 3826 4396 dignitate
3875 4345 4122 4397 przeesse,
4175 4330 4225 4382 iu
4279 4330 4432 4398 cujus
4471 4331 4631 4398 plane
4681 4346 4986 4402 co-uspecm

3406 4433 3592 4472 omnes
3622 4429 3810 4488 gentes
3849 4422 4001 4487 quasi
4026 4421 4164 4472 stilla
4193 4431 4312 4473 sunt
4338 4422 4510 4472 situla:
4536 4460 4550 4482 ,
4599 4422 4839 4487 etjuxta
4869 4439 4990 4491 pro-

1749 4510 1875 4564 lium
1920 4511 2031 4564 suis
2066 4512 2310 4564 manilius
2344 4512 2680 4572 inclinatum,
2715 4514 2866 4578 aquis
2912 4512 3148 4567 intinxit.
3176 4511 3305 4565 illud
3339 4494 3383 4552 ί)
3413 4510 3582 4577 phetae
3609 4510 3940 4570 vaticinium,
3973 4511 4124 4577 quasi
4164 4510 4405 4570 nihilum,
4439 4521 4492 4562 et
4523 4511 4686 4563 inane
4721 4521 4992 4579 reputat:

1745 4598 1887 4652 enim
1951 4597 2361 4652 fundamentum
2427 4609 2481 4651 et
2545 4599 2698 4668 origo
2754 4600 3093 4668 baptismatis
3150 4602 3308 4654 rebus

1748 4691 1998 4755 ostendit,
2046 4691 2186 4758 quod
2220 4691 2428 4745 Veritas
2458 4689 2793 4760 postmodum
2835 4691 3125 4757 discipulos
3149 4707 3307 4760 agere

1750 4776 1930 4829 verbis
1974 4776 2168 4829 virtute
2211 4777 2381 4846 plenis
2416 4777 2652 4830 edocuit.
2687 4793 2705 4827 t
2762 4777 2856 4840 ite,
2887 4778 3082 4846 inquit,
3118 4780 3306 4833 docete

1744 4879 1936 4919 omnes
1963 4873 2172 4934 gentes,
2207 4864 2539 4932 bnptixantes
2563 4879 2656 4918 eos
2697 4866 2751 4919 in
2779 4866 2993 4919 nomine
3023 4866 3216 4927 Patris,
3251 4880 3307 4921 ct

1749 4949 1892 5016 Filii,
1932 4962 1986 5006 et
2026 4952 2260 5022 Spiritus
2301 4952 2474 5005 sancti
2522 4951 2736 5021 (lauit.
2766 4954 2977 5022 xxvtn).
3021 4973 3038 5004 ι
3087 4951 3194 5007 illic
3220 4971 3304 5009 res

1751 5041 2034 5096 manifesta
2063 5051 2119 5095 et
2147 5057 2251 5096 non
2278 5043 2474 5104 vti-lia;
2519 5043 2608 5096 hic
2637 5043 2796 5095 verba
2821 5052 2876 5097 et
2913 5057 3000 5098 res
3031 5059 3175 5106 vera,
3214 5048 3304 5099 sed

1748 5130 1978 5184 occulta.
2014 5129 2250 5183 Joannes
2275 5130 2455 5199 itaque
2479 5129 2835 5184 humanorum
2861 5130 3015 5186 limes
3044 5139 3121 5188 est
3152 5135 3306 5186 meri-

1752 5229 1950 5275 torum.
1991 5220 2472 5288 Quantumcunque
2534 5220 2677 5275 enim
2745 5222 3023 5290 apostolici
3089 5233 3308 5275 senatus

1748 5307 1981 5363 excellat
1999 5306 2310 5372 auctoritas,
2337 5317 2806 5378 quantumcunque
2849 5309 2930 5363 vel
2969 5311 3304 5379 patriarcha-

1751 5411 1873 5454 πίω
1903 5397 2036 5452 iides
2062 5397 2118 5451 in
2151 5395 2326 5452 divina
2353 5397 2624 5466 agnitione
2668 5399 2931 5467 proficiat,
2963 5401 3044 5452 vel
3079 5401 3304 5468 prophe-

1755 5496 1932 5542 tarum
1957 5487 2174 5541 oracula
2198 5486 2264 5539 ad
2296 5485 2574 5541 referenda
2603 5503 2796 5542 arcana
2825 5491 3079 5558 mysteria
3108 5505 3306 5543 conva-

1751 5577 1979 5641 lescant,
2017 5571 2403 5645 quantumlibet
2441 5585 2588 5632 certe
2612 5578 2916 5632 cumuletur
2963 5580 3304 5647 triumphan-

1757 5668 1890 5720 tium
1914 5667 2079 5734 gloria
2105 5678 2420 5738 martyrum,
2444 5668 2784 5735 quantumvis
2810 5667 3048 5723 eiloreal
3081 5684 3310 5725 vernans

3408 4607 3533 4649 sunt
3591 4595 3722 4664 (Im.
3771 4599 3890 4665 xt.);
3942 4599 4099 4651 beato
4137 4599 4254 4653 viro
4299 4614 4358 4653 se
4403 4615 4507 4651 non
4564 4599 4906 4667 dedignatur
4943 4603 4990 4651 ia

3408 4688 3812 4754 comparatione
3846 4702 4179 4756 prrponere,
4215 4698 4272 4741 ut
4316 4689 4620 4741 inveniatur
4644 4689 4819 4744 homo
4851 4703 4988 4756 aput:

3408 4776 3571 4828 Deum
3609 4792 3705 4845 pro
3747 4779 4060 4831 meritorum
4088 4779 4410 4832 excellentia
4442 4780 4596 4846 quasi
4627 4779 4816 4834 locum
4847 4798 4990 4830 rom-

3410 4867 3703 4933 parationis
3734 4865 3948 4920 habere.
3982 4867 4080 4931 Qui
4111 4868 4256 4920 enini
4288 4877 4474 4920 auctor
4504 4879 4585 4920 est
4617 4870 4988 4923 celsxtudinm

3407 4958 3518 5022 ipse
3543 4957 3693 5009 nobis
3710 4956 3882 5008 factus
3926 4966 4004 5008 est
4031 4958 4284 5036 magister
4315 4958 4650 5012 humilitatis
4686 4958 4798 5028 ipsi
4823 4963 4930 5030 gis.
4965 4985 4988 5009 ..

3405 5054 3457 5095 et
3491 5045 3795 5112 imperium,
3838 5055 3890 5097 et
3917 5046 4092 5106 modo,
4117 5055 4170 5097 et
4200 5046 4416 5108 amodo,
4439 5047 4490 5097 in
4521 5050 4718 5099 sarcula
4769 5064 4970 5101 sit-cuia

3409 5149 3546 5185 rum.
3591 5137 3780 5185 Amen.

3977 5269 4207 5326 δειιιιυ
4239 5271 4398 5325 XXV.

3408 5395 3572 5463 lii..l.'t
3629 5395 3953 5433 nntvtrsrs
3988 5396 4031 5433 ε.
4066 5396 4278 5434 mantus
4320 5397 4614 5436 ιυτιςῐι.
4670 5389 4830 5452 (xxxv
4865 5403 4964 5438 τιτι..

3483 5488 3659 5548 Multa,
3691 5488 4044 5550 dilectissimi.
4075 5491 4320 5543 novimus
4349 5491 4401 5544 in
4428 5491 4642 5545 laudem
4675 5493 4736 5547 Β.
4771 5493 4990 5548 Joannis

3412 5595 3438 5629 a
3466 5580 3707 5645 patrihus
3737 5579 3936 5631 nostris
3972 5578 4192 5633 elimato
4214 5581 4350 5650 stle
4373 5583 4701 5651 composita.
4756 5597 4817 5638 et
4851 5591 4992 5635 tua:-

3415 5669 3582 5723 lenter
3603 5681 3876 5737 expressa.
3899 5665 4237 5739 Quapropter
4272 5671 4432 5726 rudes
4472 5687 4572 5727 nos
4622 5675 4868 5729 eruditis
4913 5693 4986 5724 u-
