5232 6494
219 305 310 363 Ml

1632 299 1868 357 SERMO
1920 297 2085 352 XXV.

3397 304 3502 360 64")

217 433 425 490 gerere,
453 426 510 473 et
536 418 674 473 inter
729 416 1045 486 eloquentes
1073 416 1447 472 embescimus
1495 416 1787 471 balbutire.
1822 421 1867 476 Α
1899 411 2171 465 Ecclesiae.
2202 411 2398 465 Dentes
2423 411 2588 482 igitur
2608 425 2821 482 sponsa:
2851 420 2977 467 sunt
3002 412 3254 469 doctores
3301 418 3502 485 sancti,

218 505 316 562 Sed
349 506 473 576 quis
503 515 681 562 taceat
709 507 759 559 in
809 507 1088 560 nativitate
1132 505 1316 560 vocis?
1366 505 1496 572 Quis
1545 505 1794 560 obmute-

216 609 326 651 scat
351 612 381 651 a
411 597 570 653 laude
593 598 877 666 praeconis,
915 597 1013 652 nisi
1047 595 1186 651 forte
1212 596 1304 665 qui
1331 595 1522 650 dillidit
1579 596 1646 650 ad
1690 597 1793 649 hoc

215 688 350 757 quod
373 689 641 758 angelitus
669 689 852 741 audit?
877 688 1168 744 Zacharias
1192 703 1384 758 nempe
1409 687 1535 742 dum
1560 688 1790 758 loquen-

217 779 280 832 tis
300 779 474 849 angeli
507 793 612 852 non
639 779 814 833 credit
833 778 1074 842 oraculo,
1105 777 1364 848 loquendi
1393 793 1517 831 mox
1543 779 1791 846 privatur

203 866 398 933 officio,
438 880 492 923 ct
518 871 585 924 ad
611 871 758 926 vocis
780 873 1089 936 adventum,
1116 873 1264 926 vocis
1290 871 1494 924 amittit
1514 871 1786 939 eloquium

213 957 358 1027 (Luc.
391 961 455 1029 ι).
506 960 574 1012 At
634 977 763 1015 vero
819 962 1096 1031 progenita
1149 960 1355 1026 sobole,
1414 977 1536 1028 qua:
1574 958 1784 1030 paterni

211 1049 506 1118 prosapiam
565 1050 778 1119 generis
829 1066 981 1106 novae
1022 1051 1208 1121 gloria:
1263 1050 1417 1105 titulo
1473 1050 1783 1116 decorabat,

209 1139 325 1192 dum
341 1138 453 1206 jam
484 1157 588 1196 non
617 1141 914 1207 addubitat,
943 1143 1038 1198 sed
1061 1144 1338 1213 imponere
1363 1144 1544 1215 potius
1588 1158 1783 1197 nomen

206 1229 461 1293 exsultat,
491 1247 596 1285 non
628 1231 785 1286 modo
807 1232 1110 1287 reformata:
1132 1235 1235 1287 sibi
1281 1234 1568 1289 locutionis
1619 1250 1781 1304 orga-

204 1337 324 1374 num
374 1325 700 1390 restituitur,
746 1327 838 1381 sed
875 1335 930 1380 et
963 1329 1274 1398 prophetici
1333 1329 1556 1398 spiritus
1605 1331 1777 1400 gratia

203 1415 533 1482 cumulatur;
575 1427 630 1471 et
683 1420 772 1486 qui
822 1409 1047 1474 eatenus
1098 1419 1412 1476 facultatem
1466 1420 1776 1493 proferendi

201 1505 560 1579 cujuscunque
599 1513 866 1565 sermonis
912 1513 1208 1578 amiserat,
1266 1515 1382 1584 jam
1443 1515 1776 1584 prophetalis

199 1598 433 1652 vaticinii
461 1600 664 1655 ditatus
688 1603 927 1666 oraculo,
975 1606 1219 1674 mysterii
1274 1605 1530 1660 salutaris
1577 1621 1773 1662 arcana

198 1690 414 1744 revelat.
442 1689 677 1748 Joannes
707 1694 864 1763 plane
891 1710 996 1749 vox
1027 1705 1168 1760 erat,
1199 1695 1434 1752 Verbum
1465 1713 1770 1769 praecurre-

1900 501 1991 570 qui
2022 501 2277 569 quoniam
2310 501 2588 571 simplices
2639 518 2738 573 per
2790 504 3156 558 innocentiam
3220 514 3397 571 sunt,
3446 517 3500 561 et

1899 593 2080 645 omnia
2110 591 2497 660 relinquentes,
2561 593 2882 649 facultatum
2929 611 3152 650 suarum
3209 598 3503 655 velleribus

1897 690 2024 732 sunt
2053 679 2225 743 exuti,
2259 696 2322 733 ac
2347 683 2487 736 sacri
2518 684 2861 750 baptismatis
2889 688 3028 738 unda
3057 688 3348 756 purificati,
3382 690 3494 745 sic-

1897 780 1953 823 ut
1988 788 2119 840 grex
2169 781 2451 826 tonsarutn
2502 785 2650 837 sunt,
2717 791 2838 844 qua:
2875 777 3244 830 ascenderunt
3293 780 3360 834 de
3415 780 3500 834 la-

1894 881 2077 920 vacro.
2112 865 2270 920 Venit
2297 867 2478 936 itaque
2520 866 2690 921 Judas
2734 869 2801 922 ad
2839 868 3139 924 tondendas
3184 885 3336 938 oves,
3387 889 3496 928 non

1893 958 2111 1027 quidem
2143 957 2311 1023 solus,
2341 960 2437 1012 sed
2462 974 2582 1011 cum
2613 968 2830 1027 pastore
2869 975 2968 1013 suo
3003 959 3354 1028 Odollamite,
3405 963 3494 1016 cui

1893 1061 2086 1099 nomen
2110 1057 2230 1100 erat
2257 1047 2435 1100 Iliras.
2461 1046 2630 1113 Quem
2660 1063 2757 1116 per
2811 1048 3192 1103 Odollanntem
3238 1049 3498 1122 intelligi-

1892 1151 2029 1197 mus,
2057 1135 2158 1189 nisi
2181 1134 2484 1190 Joannem?
2511 1135 2908 1204 luterpretatur
2930 1148 3108 1192 autem
3135 1136 3490 1196 Odollamites

1889 1226 2242 1278 testimonium
2291 1227 2346 1278 in
2398 1242 2558 1295 aqua.
2612 1225 2748 1281 Cum
2815 1228 2919 1282 hoc
2967 1229 3128 1298 plane
3177 1233 3493 1288 testimonio

1887 1313 2314 1368 venitDomintts
2334 1316 2402 1368 ad
2444 1330 2644 1384 aquam
2691 1316 3058 1386 baptismatis,
3107 1321 3314 1376 habens
3365 1324 3491 1395 qui-

1884 1401 2006 1458 dem
2035 1403 2400 1458 testimonium
2434 1404 2606 1474 majus
2639 1406 2870 1475 Joanne,
2929 1411 3024 1464 sed
3080 1422 3304 1482 propter
3341 1414 3494 1471 infir-

1883 1507 2000 1546 mas
2025 1508 2177 1558 otes,
2214 1494 2316 1548 hoc
2341 1495 2652 1551 testimonio
2680 1499 2757 1551 uti
2784 1499 3038 1568 dignatus
3067 1512 3151 1556 cst
3206 1504 3259 1556 in
3320 1519 3483 1576 aqua.

1886 1582 2036 1638 Unde
2063 1597 2186 1638 cum
2213 1584 2421 1638 videret
2451 1599 2572 1638 eum
2617 1586 2685 1638 ad
2713 1585 2971 1642 Jordanis
3013 1589 3213 1646 fluenta
3261 1596 3487 1664 propin-

1880 1686 2156 1748 quantem,
2206 1678 2455 1748 protinus
2508 1677 2843 1745 exclamans,
2875 1683 3018 1754 _ait:
3063 1701 3090 1757 ¢_
3114 1683 3252 1738 Ecce
3298 1686 3488 1757 Agnus

193 1781 302 1844 bat,
333 1791 388 1836 et
414 1780 648 1839 Verbum
682 1787 1058 1840 annuntiabat.
1089 1788 1258 1858 Hujus
1281 1768 1606 1855 vocis,sive
1634 1807 1778 1860 prte-
1805 1768 1850 1828 Β
1883 1768 1998 1834 θεῖν
2051 1783 2178 1824 ecce
2233 1785 2259 1841 (ἶ

1421 1768 1606 1855 μείω
1634 1807 1778 1860 με,
1805 1768 1850 1828 Β
1883 1768 1998 1834 Dei,
2051 1783 2178 1824 ecce
2233 1769 2327 1841 qui
2375 1770 2514 1822 tollit
2559 1781 2783 1839 peceata
2835 1775 3018 1827 mundi
3056 1768 3238 1842 (Joau.
3266 1780 3326 1846 ι).
3357 1796 3376 1830 ι
3417 1777 3487 1834 Et

187 1873 363 1938 conis,
392 1883 445 1927 et
469 1874 633 1929 Isaias
659 1879 1048 1950 prophetarum
1092 1881 1324 1936 eximius
1366 1897 1549 1954 prmco
1591 1883 1774 1941 factus

188 1961 381 2029 fuerat,
419 1982 540 2021 cum
567 1969 874 2024 clamabat:
904 1989 922 2022 ι
953 1970 1073 2026 Vox
1097 1973 1385 2029 clamantis
1422 1976 1474 2029 in
1505 1978 1721 2032 deserto
1755 1998 1768 2033 :

193 2053 388 2111 Parate
451 2057 592 2112 viam
636 2059 846 2115 Domini
900 2062 1034 2133 (Isa.
1075 2064 1183 2134 χι).
1235 2085 1252 2115 ι
1304 2064 1410 2120 Per
1443 2066 1770 2125 Malachiam

187 2157 396 2214 quoque
423 2146 600 2201 divina
632 2164 735 2203 vox
758 2151 833 2204 ait
859 2169 872 2206 :
913 2171 930 2202 ‹
957 2153 1094 2207 Ecce
1115 2155 1269 2209 mitto
1290 2157 1540 2228 angelum
1565 2174 1768 2227 meum,

182 2234 273 2302 qui
299 2238 626 2305 praeparabit
652 2241 790 2295 viam
827 2250 970 2296 tuam
996 2253 1121 2299 ante
1145 2255 1215 2300 te.
1255 2267 1273 2297 ι

252 2324 564 2392 Pensetnus,
594 2328 792 2386 fratres
818 2333 1146 2399 charissimi,
1179 2337 1261 2390 vir
1283 2337 1386 2392 iste
1434 2353 1598 2408 quam
1653 2357 1768 2396 ma-

179 2413 385 2483 gnificae
410 2416 692 2486 privilegio
717 2419 1066 2479 sublimitatis
1091 2424 1344 2490 emineat,
1374 2442 1538 2498 quam
1565 2430 1770 2486 incom-

179 2503 400 2570 parabili
431 2506 750 2563 celsitudine
777 2511 1096 2567 meritorum
1120 2514 1262 2570 inter
1287 2529 1603 2574 sanctorum
1632 2523 1763 2576 cho-

179 2607 267 2644 ros
295 2593 544 2659 excellat,
566 2597 656 2665 qui
681 2598 748 2651 ad
779 2598 953 2653 instar
979 2599 1298 2667 Salvatoris,
1348 2616 1404 2660 et
1431 2622 1458 2660 a
1483 2610 1765 2678 prophetis

174 2691 300 2735 ante
322 2684 627 2751 prtetlictus,
662 2689 808 2742 etab
830 2692 1042 2758 eodem,
1097 2708 1205 2762 quo
1241 2696 1522 2763 Dominus,
1572 2701 1763 2772 angelo

174 2773 496 2828 nuntiatus:
530 2775 699 2845 ipsius
723 2778 946 2850 insuper
994 2784 1306 2839 testimonio
1359 2787 1615 2844 Veritatis
1663 2793 1764 2845 im-

173 2862 376 2915 mensis
401 2861 616 2918 laudum
645 2870 933 2935 prteconiis
959 2871 1171 2928 exstitit
1225 2873 1515 2944 gloriosus.
1572 2879 1759 2936 Talem

171 2953 368 3025 quippe
413 2955 639 3011 decebat
667 2967 726 3012 nt
754 2959 981 3018 haberet
1022 2964 1261 3021 ctelestis
1309 2966 1552 3038 Sponsus
1616 2974 1757 3026 ami~

171 3058 328 3110 cum;
358 3043 479 3100 talis
503 3049 788 3118 oportebat
832 3061 891 3106 ut
910 3063 1056 3110 esset
1097 3055 1398 3114 faederator
1455 3061 1754 3118 ctelestium

1881 1862 2211 1933 evangelista
2240 1862 2406 1916 dicit:
2443 1879 2460 1911 ι
2490 1861 2888 1918 Testimonium
2943 1866 3219 1935 perhibuit
3243 1867 3485 1926 Joannes

1880 1951 2064 2005 dicens
2089 1965 2104 2002 :
2134 1949 2272 2016 Quia
2299 1951 2410 2004 vidi
2439 1948 2704 2020 Spiritum
2754 1952 3170 2009 thSccntlctttem
3216 1965 3482 2028 tanquam

1876 2042 2186 2097 columbam
2210 2044 2277 2096 de
2303 2041 2464 2109 caelo,
2498 2054 2554 2097 et
2585 2046 2789 2100 mansit
2823 2061 2985 2116 super
3013 2062 3162 2114 eum,
3186 2058 3241 2103 et
3261 2065 3361 2120 ego
3386 2066 3487 2107 ne-

1863 2138 2112 2192 sciebam
2131 2153 2254 2192 eum
2273 2154 2288 2201 ;
2307 2137 2399 2192 sed
2424 2140 2516 2212 qui
2544 2139 2692 2194 misit
2723 2156 2807 2195 me
2831 2141 3108 2212 baptizare
3130 2143 3182 2196 in
3206 2157 3368 2212 aqua,
3392 2139 3482 2200 ille

1874 2230 2007 2284 mihi
2033 2230 2172 2284 dixit
2201 2249 2213 2288 :
2247 2231 2422 2302 Super
2443 2248 2605 2303 quem
2635 2232 2840 2288 videris
2863 2233 3126 2302 Spiritum
3153 2237 3482 2291 descenden-

1872 2328 2002 2386 tem,
2035 2329 2090 2374 et
2134 2331 2442 2376 manentem
2471 2337 2635 2394 super
2663 2338 2812 2389 eum,
2844 2324 2932 2379 hic
2963 2333 3049 2379 est
3088 2325 3179 2395 qui
3221 2325 3467 2396 baptizat

1871 2410 1926 2465 in
1951 2410 2161 2482 Spiritu
2193 2421 2383 2467 sancto
2412 2411 2624 2484 (Ibid.).
2668 2433 2686 2465 ›
2720 2413 2818 2470 Cui
2854 2415 3062 2472 scilicet
3091 2418 3286 2475 visioni
3307 2423 3472 2475 etiam

1869 2515 2065 2557 nomen
2095 2503 2331 2573 pastoris
2364 2503 2506 2560 illius
2531 2505 2814 2575 aptissime
2835 2510 3109 2578 congruit.
3141 2511 3475 2582 lnterpretao

1867 2599 1957 2645 tur
1980 2593 2126 2646 enim
2153 2593 2334 2659 lliras,
2358 2595 2544 2663 fratris
2575 2598 2677 2652 mei
2703 2599 2851 2651 uisio.
2885 2597 3015 2652 Erat
3042 2602 3244 2671 quippe
3289 2603 3476 2661 Domi.

1869 2699 1973 2738 nus
2021 2683 2192 2741 frater
2242 2684 2486 2749 Joannis,
2549 2703 2656 2742 non
2712 2693 2872 2744 modo
2925 2693 3224 2748 secundum
3276 2709 3464 2751 semen

1862 2774 2115 2841 Abrahe,
2145 2778 2240 2832 sed
2259 2777 2425 2833 etiam
2454 2776 2612 2846 juxta
2655 2781 3035 2850 cognationem
3066 2781 3250 2838 Maria:
3270 2796 3328 2840 et
3351 2784 3467 2840 Eli-

1863 2864 2074 2922 sabeth.

1936 2958 2084 3014 Vidit
2111 2959 2296 3030 itaque
2323 2957 2564 3019 Joannes
2595 2962 2824 3020 fratrem
2855 2982 3015 3022 suum
3040 2968 3220 3024 adhuc
3245 2969 3469 3034 clausus

1866 3046 1918 3102 in
1941 3056 2115 3113 utero,
2145 3049 2279 3103 vidit
2302 3049 2354 3104 in
2385 3051 2675 3122 baptismo,
2706 3056 2844 3111 vidit
2871 3058 3044 3113 oculis
3064 3061 3249 3117 carnis
3297 3062 3468 3121 homi-

169 3137 501 3204 nuptiarum.
533 3157 552 3189 ι
587 3137 690 3206 Qui
717 3142 900 3209 habet,
938 3144 1134 3216 inquit,
1200 3163 1476 3217 sponsam,
1532 3167 1763 3223 sponsus
1789 3122 1832 3181 ϐ
1865 3153 2013 3202 θεων
2042 3139 2177 3194 Vidn
2200 3142 2235 3194 ίι

1405 3167 1476 3215 ιη,
1532 3167 1763 3223 sponsus
1789 3122 1832 3181 (ἶ
1865 3153 2013 3202 nem,
2042 3139 2177 3194 vidit
2200 3142 2252 3194 in
2283 3143 2478 3212 spiritu
2505 3144 2868 3212 majestatem.
2914 3148 3069 3205 Unde
3095 3161 3151 3205 et
3180 3153 3466 3223 utriusque

169 3234 257 3282 est
304 3227 483 3297 (Joan.
517 3231 870 3301 tn);amicus
914 3246 1092 3292 autem
1148 3241 1354 3308 sponsi,
1403 3242 1494 3310 qui
1547 3252 1656 3297 stat
1707 3255 1765 3299 et

166 3319 320 3372 audit
344 3336 488 3386 eum,
525 3325 724 3406 gattdio
757 3329 954 3396 gaudet
997 3342 1221 3401 propter
1264 3348 1450 3388 vocem
1498 3337 1703 3405 sponsi.
1735 3358 1754 3390 ι

166 3407 240 3464 Ut
275 3420 455 3466 autem
507 3424 695 3470 sancta
741 3416 981 3474 Ecclesia
1037 3423 1104 3476 ab
1145 3424 1294 3478 oumi
1329 3438 1487 3481 emno
1520 3429 1757 3499 c0ntagii

163 3519 512 3576 purgaretur,
545 3522 600 3566 et
645 3529 752 3569 non
803 3515 1008 3572 habens
1044 3520 1310 3576 maculam
1343 3538 1519 3593 neque
1563 3541 1754 3596 rugam

163 3599 382 3669 (EpIm.
413 3604 492 3672 ν),
548 3605 1328 3678 ςωΙεειίεΙδροιιεὶζιιιειιωιιοε
1381 3613 1590 3683 ingredi
1642 3632 1756 3671 mc-

163 3705 405 3760 reretur,
428 3695 570 3752 beati
627 3698 786 3767 hujus
837 3704 1190 3774 paranymphi
1223 3708 1484 3776 mysterio
1549 3707 1752 3764 factum

156 3793 269 3850 est,
299 3787 387 3854 qui
416 3796 471 3841 et
496 3787 801 3846 Jordanicis
824 3791 1075 3847 ﬂuctibus
1109 3796 1396 3862 immersit,
1447 3799 1564 3869 ipsa
1613 3817 1752 3871 quo-

154 3889 268 3944 que
319 3875 477 3948 130
500 3877 698 3934 ﬂuenta
739 3890 1057 3952 tergentem,
1117 3895 1172 3938 et
1211 3885 1453 3954 ejusdem
1497 3890 1751 3963 baptismi

154 3966 433 4037 totiusque
455 3971 731 4026 munditiae
762 3971 891 4027 lavit
919 3985 1218 4030 auctorem.

228 4057 431 4114 Harum
462 4061 704 4130 profecto
742 4066 1047 4134 nuptiarum
1078 4065 1243 4122 Judas
1271 4067 1362 4124 ille
1392 4068 1619 4142 figuram
1674 4081 1750 4127 te-

148 4147 296 4212 nuit,
328 4151 417 4218 qui
445 4153 511 4205 ad
543 4153 841 4209 tondetnlas
875 4170 1006 4211 oves
1028 4156 1081 4210 in
1105 4156 1382 4214 Thamnas
1428 4175 1549 4215 cum
1592 4161 1743 4229 llira,

148 4239 239 4294 sui
267 4240 978 4315 videlicetgregisopilione,
1002 4247 1284 4303 descendit
1307 4247 1460 4320 (Cen.
1489 4253 1741 4325 xxxviii).

149 4329 432 4387 Thamnas
457 4343 634 4388 autem
665 4334 912 4404 deficiens
965 4337 1376 4410 interpretatur,
1431 4357 1528 4412 per
1578 4360 1741 4415 quam

142 4423 403 4479 videlicet
431 4425 736 4499 Synagoga,
770 4431 821 4482 in
853 4445 956 4499 qua
1009 4446 1164 4499 reges
1199 4442 1254 4486 et
1281 4435 1559 4504 prophetas
1587 4436 1736 4492 defe-

142 4524 361 4580 cerant,
383 4518 542 4572 simul
569 4528 622 4573 et
653 4521 857 4586 unctio,
882 4522 1054 4577 donec
1074 4523 1306 4589 veniret,
1334 4526 1420 4579 cui
1441 4528 1735 4596 repositum

137 4620 266 4666 erat
289 4615 610 4670 ostenditur.
659 4615 810 4673 Unde
857 4629 910 4672 et
965 4633 1061 4689 per
1114 4621 1434 4691 prophetam
1485 4623 1732 4681 dicitur:

144 4723 163 4754 ι
205 4705 344 4758 Cum
370 4707 578 4761 venerit
608 4707 841 4762 Sanctus
866 4720 1202 4776 sanctorum,
1259 4713 1496 4769 cessabit
1552 4717 1736 4771 unctio

135 4796 314 4866 (Dan.
343 4799 438 4868 ix).
475 4818 494 4852 ι
534 4799 672 4866 Quid
702 4801 886 4871 itaque
906 4817 1002 4872 per
1023 4802 1240 4869 Iudam,
1271 4806 1364 4876 qui
1412 4807 1479 4860 ad
1510 4810 1732 4864 tonden-

134 4887 242 4941 das
275 4903 404 4942 oves
430 4889 482 4945 in
513 4889 788 4946 Thamnas
817 4894 984 4970 venit,
1018 4895 1120 4949 nisi
1171 4894 1503 4966 Redemptor
1547 4911 1732 4954 noster

133 4977 486 5050 intelligitur,
515 4985 604 5052 qui
635 4991 862 5049 utoves,
886 5001 1006 5056 qua:
1042 4987 1316 5056 perierant
1352 4991 1542 5044 domus
1565 4991 1729 5047 ls'rael

132 5069 297 5140 (Luc.
321 5073 768 5143 xv).exoneraret
789 5079 1046 5147 peccatis,
1067 5081 1135 5134 ad
1152 5080 1493 5152 Synagogam
1519 5083 1729 5138 venisse

127 5163 523 5230 cognoscitur?
561 5165 711 5221 Unde
740 5176 795 5221 et
825 5168 1068 5236 Sponsus
1096 5169 1162 5224 ad
1183 5185 1437 5239 sponsam
1495 5173 1546 5226 in
1591 5171 1730 5228 Can-

130 5251 266 5306 ticis
300 5269 314 5304 :
352 5271 370 5303 ι
411 5253 606 5309 Dentes
638 5257 712 5310 tui
744 5257 885 5312 sicut
912 5273 1040 5328 grex
1071 5269 1374 5326 tonsarum,
1399 5277 1520 5331 qua:
1545 5275 1728 5316 ascen-

122 5339 338 5394 derunt
355 5341 420 5397 de
446 5342 662 5398 lavacro
689 5343 864 5415 (Cant.
895 5349 992 5417 IV).
1030 5367 1048 5400 ι
1080 5348 1250 5404 Porro
1295 5351 1486 5406 dentes
1540 5351 1724 5408 Eccle-

122 5431 231 5484 sia:
261 5433 434 5486 sancti
464 5444 764 5490 noscuntur
791 5451 910 5492 esse
939 5437 1214 5503 doctores,
1256 5455 1486 5511 quorum
1543 5444 1722 5512 primo

119 5521 342 5573 dictum
371 5529 494 5574 est:
525 5540 543 5572 ι
572 5520 765 5588 Macta,
810 5534 866 5579 et
894 5527 1156 5584 manduca
1206 5530 1342 5598 (Act.
1376 5534 1455 5597 x).
1491 5549 1508 5580 ι
1553 5532 1630 5585 Ac
1675 5533 1719 5587 si

117 5610 345 5662 diceret
380 5625 393 5662 :
427 5609 509 5665 Ab
529 5625 613 5675 eo,
646 5614 788 5682 quod
821 5626 968 5679 sunt,
997 5616 1174 5682 gladio
1212 5619 1459 5687 spiritus,
1492 5621 1595 5675 hoc
1639 5631 1720 5674 est

115 5699 305 5756 verbo
344 5700 761 5770 praedicationis,
794 5706 1000 5769 occide,
1034 5716 1090 5762 et
1141 5709 1194 5762 in
1243 5724 1440 5779 corpus
1487 5711 1721 5767 transfer

1861 3229 2024 3298 hujus
2079 3232 2316 3288 nominis
2370 3233 2915 3305 interpretationem,
2961 3238 3124 3296 lliras
3171 3242 3464 3311 videlicet,

1861 3324 2005 3393 quod
2027 3333 2107 3378 est
2137 3318 2323 3393 fratris
2353 3329 2456 3380 mei
2478 3330 2638 3391 visio,
2660 3341 2715 3384 et
2736 3329 3102 3400 Odollamitis,
3135 3337 3280 3404 quod
3304 3350 3464 3393 sonat

1859 3417 2216 3470 testimonium
2245 3419 2300 3472 in
2348 3436 2508 3488 aqua,
2541 3420 2686 3477 idem
2728 3422 2966 3480 Joannes
2997 3427 3098 3482 sub
3124 3429 3288 3484 unius
3333 3445 3464 3486 sen-

1859 3507 2042 3562 tentia:
2082 3509 2352 3564 versiculo
2406 3514 2822 3581 comprehendit
2851 3555 2867 3579 ,
2919 3515 3108 3574 dicens
3146 3536 3160 3572 :
3198 3537 3217 3570 ι
3252 3519 3320 3574 Et
3362 3534 3464 3594 ego

1856 3598 1988 3664 vidi,
2012 3609 2068 3653 et
2103 3599 2474 3654 testimonium
2511 3603 2794 3673 perhibui,
2832 3605 2959 3675 quia
3009 3606 3100 3662 hic
3147 3617 3232 3665 est
3290 3609 3464 3668 Filius

1859 3685 2184 3759 Deiv(lbid.).
2210 3709 2228 3741 ι
2249 3690 2512 3746 Veniente
2536 3693 2702 3764 igitur
2725 3693 2864 3750 Juda
2892 3698 2958 3752 ad
2987 3713 3116 3754 oves
3139 3709 3174 3753 tt
3199 3701 3460 3772 adendas,

1855 3779 2096 3835 Thamar
2124 3792 2300 3836 mutat
2324 3783 2596 3848 habitum,
2624 3787 2752 3856 quia
2783 3796 2959 3842 mutat
2989 3790 3239 3860 spiritale
3287 3807 3456 3848 voca-

1853 3871 2064 3925 bulum.
2121 3871 2362 3928 Thamar
2415 3876 2616 3946 qttippe
2667 3891 2998 3937 commutem
3047 3883 3455 3956 interpretatur.

1851 3961 1987 4018 Nam
2024 3965 2090 4018 de
2127 3964 2415 4038 Synagoga
2448 3967 2508 4021 fit
2543 3968 2809 4026 Ecclesia.
2865 3975 2970 4028 Sed
3023 3973 3179 4042 juxta
3221 3976 3454 4047 litteras,

1850 4054 1994 4110 idem
2017 4071 2216 4111 nomen
2249 4061 2630 4117 amaritudinis
2657 4076 2839 4120 manet
2874 4082 2887 4119 :
2916 4082 3021 4122 non
3053 4069 3216 4133 illius,
3248 4072 3302 4127 itt
3345 4090 3452 4145 qua

1848 4147 2078 4204 Domino
2109 4149 2177 4206 fel
2209 4153 2274 4207 ad
2303 4152 2596 4209 bibendum
2626 4158 2781 4214 miles
2805 4160 3031 4229 obtulit;
3066 4163 3159 4218 sed
3183 4165 3302 4234 ejus
3356 4185 3455 4239 po-

1853 4242 1982 4308 tius,
2009 4241 2063 4296 in
2086 4257 2192 4312 qua
2233 4242 2430 4299 Petrus
2461 4256 2583 4316 post
2611 4247 2822 4320 lapsum
2845 4265 3032 4306 amare
3056 4252 3202 4308 ﬂevit
3226 4255 3445 4328 (Matth.

1848 4333 2044 4404 xxvn).
2070 4332 2238 4388 Judas
2273 4344 2454 4388 autem
2497 4335 2718 4405 (Matth.
2755 4342 2905 4412 xxvn)
2928 4344 3188 4412 confessio
3220 4348 3442 4404 dicitur.

1847 4423 2086 4480 Thamar
2107 4441 2237 4494 ergo
2251 4443 2374 4482 cum
2393 4426 2698 4501 131Juda
2723 4431 3021 4501 dormiens,
3046 4438 3297 4506 protinus
3310 4454 3446 4496 con-

1843 4520 2003 4590 cipit;
2033 4521 2158 4589 quia
2189 4535 2313 4575 cum
2345 4520 2674 4578 confessioni
2699 4528 3011 4583 amaritudo
3042 4531 3328 4599 miscetur,
3375 4535 3444 4589 ad

1841 4612 2198 4682 proferendos
2233 4613 2568 4683 ptenitentiae
2594 4615 2804 4672 fructus
2828 4629 3015 4675 sancta
3043 4638 3164 4676 mox
3196 4623 3440 4682 Ecclesia

1837 4703 2184 4759 fecundatur.
2211 4703 2365 4761 Unde
2391 4715 2445 4760 et
2465 4703 2705 4762 Joannes
2733 4726 2746 4762 :
2785 4726 2803 4759 ι
2836 4709 3047 4774 Facite,
3081 4714 3275 4783 inquit,
3328 4719 3445 4773 fru-

1837 4804 1958 4850 ctus
1979 4794 2528 4866 dignos-ptenitentia:
2574 4798 2790 4869 (Matth.
2847 4803 2950 4873 Ill).
2983 4823 3000 4854 ι
3033 4803 3135 4872 Qui
3183 4807 3440 4866 nimirum

1837 4889 2173 4957 pmuitentia:
2209 4887 2420 4944 fructus
2477 4890 2530 4943 in
2585 4889 2924 4947 Hierusalem
2984 4898 3193 4964 primus
3237 4903 3439 4970 erupit,

1836 4979 2023 5047 sicque
2051 4980 2391 5046 postmodum
2439 4995 2538 5049 per
2588 4997 2804 5037 onmem
2855 4988 3038 5041 mundi
3097 4988 3437 5048 latituditen

1838 5069 2143 5141 pullulavit.
2176 5070 2316 5126 Hinc
2336 5073 2550 5128 Veritas
2579 5075 2713 5130 dicit
2740 5094 2753 5130 :
2786 5095 2804 5128 ι
2837 5076 3139 5148 Oportebat
3161 5082 3436 5142 Christum

1838 5163 1969 5232 pati,
2010 5170 2064 5218 et
2094 5178 2384 5234 resurgere
2407 5180 2436 5217 a
2462 5167 2691 5223 mortuis
2725 5169 2813 5223 die
2847 5172 3028 5237 tertia,
3053 5184 3104 5228 et
3153 5177 3436 5244 prazdicari

1839 5257 1891 5309 in
1916 5257 2134 5310 nomine
2158 5255 2276 5324 ejus
2305 5255 2703 5326 paenitentiam,
2735 5269 2792 5315 et
2827 5263 3204 5321 remissionem
3249 5282 3438 5340 pecea-

1833 5365 2006 5409 torum
2033 5350 2084 5404 in
2134 5365 2327 5404 omnes
2356 5359 2569 5419 gentes,
2613 5352 2924 5422 incipiendo
2969 5357 3038 5408 ab
3097 5357 3435 5418 Hierusalem

1831 5445 1984 5515 (Luc.
2017 5442 2184 5512 xxrv).
2226 5461 2242 5491 ι
2276 5441 2409 5496 Nam
2441 5452 2494 5496 et
2521 5443 2632 5512 ipse
2660 5447 3016 5500 merctricalis
3059 5448 3278 5505 habitus
3301 5465 3436 5506 con-

1831 5536 2122 5589 fessionem
2154 5532 2424 5602 significat
2454 5542 2836 5602 peccatorum;
2869 5539 2982 5591 sive
3014 5539 3139 5606 quia
3197 5538 3439 5595 Thamar

1828 5641 1894 5679 ex
1943 5625 2154 5679 duobus
2204 5624 2478 5692 corruptis
2527 5627 2869 5694 componitur
2923 5630 3135 5692 verbis,
3192 5628 3437 5684 Thamna

1830 5713 2061 5781 scilicet,
2093 5715 2238 5785 quod
2268 5714 2515 5782 deﬁciens
2541 5714 2775 5782 dicitur;
2817 5727 2870 5770 ct
2923 5717 3098 5783 Mars,
3154 5720 3298 5791 quod
3351 5731 3436 5773 est
