5232 6510
8 1102 105 1153 -τ-πᾴη

8 1158 111 1201 Fat-
130 1158 139 1197 ζ

0 1211 22 1250 ."

0 1420 43 1457 ξ’
60 1425 90 1453 ἰ
111 1417 132 1430 ·“

16 1454 152 1520 3-1."

42 1538 45 1543 η
73 1523 138 1548 -Ξῖτ

20 1564 47 1585 ii.
98 1557 154 1590 *ξ

12 1586 151 1673 ζέε-Υ

14 1654 79 1713 ,ζα
108 1653 151 1701 ,

14 1714 103 1737 wh...
132 1710 158 1746 ἑ

0 1710 158 1839 93:;

10 1830 21 1851 ει
76 1834 85 1839 ‘
116 1826 143 1855 ’,

32 1890 71 1919 εὶ

1849 373 1956 428 “3

2457 369 2513 424 S.
2547 367 2752 423 PETRI
2783 366 3062 422 DAliANl
3100 366 3249 420 OPP.
3281 362 3461 418 PARS
3485 363 3615 420 εει]
3640 362 3876 418 τοιιυε
3907 362 3968 416 ΙΙ.
4008 390 4078 401 --
4109 357 4496 415 SERIONES.

3035 366 3062 419 il
3100 366 3249 420 OPP.
3281 362 3461 418 PARS
3485 363 3615 420 SEU
3640 362 3876 418 τοιιυε
3907 362 3968 416 ΙΙ.
4008 390 4078 401 -
4109 357 4496 415 SERIONES.
5012 357 5101 413 σα

1847 490 2172 546 amaritudo.
2199 487 2340 541 Bene
2372 486 2422 538 in
2464 500 2526 538 ea
2555 484 2859 538 amaritudo
2909 482 3103 536 defecit
3129 523 3143 543 .
3179 496 3299 534 cum
3353 479 3423 532 fe-
3459 495 3504 547 Α
3534 497 3599 534 eo
3639 491 3891 534 nascente
3929 479 4180 532 clamavit
4219 497 4229 531 :
4270 497 4288 528 ι
4317 477 4496 543 Quare
4545 474 4717 530 divisa
4768 485 4855 530 est
4893 487 5102 546 propter

1845 579 2022 635 cunda
2055 576 2193 629 facta
2216 575 2281 628 de
2309 570 2496 632 sterni.
2528 574 2739 627 dulcem
2786 572 2907 625 novi
2966 570 3224 640 germinis
3267 570 3422 621 sobo-

3530 579 3580 624 te
3613 571 3886 623 maceria?
3924 590 3940 619 ι
3975 570 4146 622 Οιιῑιιο
4175 570 4377 638 quippe
4406 582 4576 639 genus
4615 569 4911 622 humanum
4961 571 5100 637 quasi

1847 669 1948 723 lem
1972 665 2294 735 procreavit.
2344 660 2577 717 Thamar
2622 663 2784 732 igitur
2832 677 2860 714 a
2912 676 3016 714 non
3069 668 3425 728 cognoscente
3527 661 3750 713 dlstorta
3804 660 4059 712 silvarum
4111 658 4338 728 virgqu
4396 658 4660 711 adversus
4703 657 5009 711 veniente
5055 659 5098 710 in

1849 758 2075 820 fetatur;
2103 757 2226 826 quia
2252 765 2435 809 sancta
2459 753 2697 808 Ecclesia
2725 763 2989 822 quantum
3033 753 3098 803 ad
3155 750 3422 817 gentilita-

1850 858 1978 910 tem,
2018 846 2072 900 in
2106 847 2417 917 primordio.
2442 847 2566 898 dum
2598 861 2749 898 novae
2773 845 2892 897 lidei
2940 857 3126 919 semen
3169 842 3425 910 concipit,

1848 950 1956 989 non
1977 936 2303 1006 agnoscitur.
2336 933 2488 987 [Inde
2516 941 2571 986 ct
2617 933 2829 986 canitur
2853 947 2864 956 ·
2901 950 2918 980 ι
2957 930 3208 999 Populus,
3267 945 3427 998 quem

1848 1040 1955 1080 non
1981 1027 2228 1095 cognovi,
2259 1026 2482 1079 servivit
2516 1025 2640 1077 mihi
2668 1021 2838 1091 (Paul.
2876 1025 3029 1084 xvn).
3068 1040 3084 1072 I
3127 1022 3190 1074 Et
3222 1021 3384 1074 Isaias
3416 1039 3425 1070 :

1853 1135 1873 1168 ι
1911 1115 2069 1180 Ecce.
2122 1118 2216 1181 ait,
2265 1127 2477 1185 gentem
2542 1131 2702 1183 quam
2760 1114 3036 1168 nesciebas
3087 1114 3330 1170 vocabis;
3380 1121 3432 1164 et

1848 1217 2035 1277 gentes
2086 1221 2205 1275 quae
2265 1214 2314 1258 te
2364 1221 2467 1257 non
2521 1211 2888 1272 cognoverunt
2920 1241 2934 1264 ,
3007 1201 3072 1253 ad
3119 1210 3166 1254 te
3216 1212 3433 1254 current

1850 1294 1989 1364 (ιω.
2019 1297 2127 1362 ιν).
2167 1314 2184 1345 .

1921 1386 2087 1440 Porro
2107 1396 2305 1446 autent,
2341 1384 2480 1452 quod
2511 1384 2582 1436 illi
2616 1384 2796 1437 haedus
2829 1398 2922 1451 per
2974 1382 3222 1436 eumdem
3275 1381 3435 1434 Odol-

1848 1474 2085 1528 inmitem
2121 1475 2370 1536 utittitur,
2402 1474 2547 1541 quid,
2574 1475 2673 1526 nisi
2709 1488 2804 1542 per
2825 1471 3087 1527 Joannem
3114 1472 3253 1524 facta
3306 1488 3431 1539 pec-

1848 1578 2093 1621 catorum
2142 1568 2491 1634 exprobratio
2541 1564 2888 1634 designatur?
2940 1565 3101 1629 Quasi
3158 1562 3299 1615 enim
3338 1564 3435 1615 br-

1845 1657 1974 1710 dum
2002 1657 2271 1710 meretrici
2297 1657 2525 1724 portitor
2552 1649 2828 1716 aﬂerebal,
2858 1671 2977 1706 cum
3009 1655 3317 1722 properanti
3369 1653 3433 1703 ad

1845 1744 2099 1816 baptismi
2131 1746 2405 1801 lavacrum
2430 1788 2444 1811 ,
2478 1749 2648 1801 turba:
2684 1762 2778 1814 per
2825 1747 3244 1814 increpationem
3294 1747 3436 1796 dice-

3528 766 3688 804 carne
3718 749 4000 802 Dominum
4026 749 4314 802 maceriam
4337 747 4568 801 fecerat'
4595 757 4651 801 et
4676 762 4743 800 ne
4766 749 4833 801 ad
4856 762 5102 818 peragen-

3530 842 3652 894 dutn
3680 840 3992 908 mysterium
4036 837 4422 906 redemptionis
4456 837 4851 906 ingrederetur,
4912 839 5100 890 unani-

3531 933 3690 984 miter
3722 930 4038 981 obsistebat.
4105 927 4259 982 Unde
4313 937 4366 980 et
4409 925 4649 980 Paulus:
4684 943 4702 975 ι
4739 925 4866 988 Nos,
4917 927 5101 996 inquit,

3533 1024 3882 1091 pra'dicanius
3931 1020 4206 1073 Christum
4260 1017 4603 1080 crucifixum.
4654 1017 4855 1073 Iuda-is
4898 1021 5102 1086 quidem

3533 1114 3868 1173 scandalum,
3896 1111 4144 1181 gentibus
4192 1119 4370 1163 autem
4410 1109 4693 1163 stultitiam
4741 1107 4791 1176 (I
4825 1106 4952 1161 Cor.
4991 1107 5050 1176 ι).
5086 1129 5102 1158 ι

3535 1205 3636 1258 Sed
3675 1203 3889 1271 gentilis
3918 1202 4144 1271 populus
4189 1201 4327 1254 hanc
4371 1199 4576 1258 divisit.
4631 1201 4783 1267 quasi
4845 1200 5110 1252 nascendo

3536 1297 3993 1354 maceriam,cum
4027 1307 4122 1359 per
4144 1289 4452 1342 Cornellum
4505 1290 4906 1350 centurionem,
4958 1289 5110 1340 alios-

3535 1401 3637 1452 qne
3663 1387 3928 1453 primitias
3959 1383 4103 1442 fidei.
4158 1382 4408 1450 baptismi
4463 1381 4765 1449 suscipiens
4816 1379 5110 1436 lavacrum.

3535 1473 3634 1526 sub
3665 1473 3862 1525 Christi
3890 1473 4100 1524 titulum
4132 1469 4436 1524 convolavit
4463 1471 4598 1534 (Act.
4629 1477 4702 1538 x).
4757 1469 4912 1523 lianc
4957 1471 5114 1523 alter-

3538 1564 3762 1615 nitatem
3795 1563 4045 1614 nascendi
4078 1562 4455 1614 considerabat
4481 1561 4536 1613 Β.
4562 1559 4819 1622 Joannes,
4869 1577 4994 1614 cum
5037 1561 5114 1613 ιτ..

3540 1655 3775 1705 da-orutn
3804 1655 3976 1705 turbis
4006 1655 4240 1721 undique
4268 1652 4663 1707 conﬂuentibus
4714 1653 4926 1706 diceret
4953 1671 4966 1702 :
5000 1672 5016 1701 ι
5049 1651 5116 1704 Sc

3541 1747 3817 1811 (‘tht‘f'ilis
3853 1746 4052 1805 dicere,
4085 1744 4297 1797 Patrem
4333 1744 4594 1798 habemus
4634 1746 4942 1797 Abraham.
4998 1744 5118 1797 Dico

1847 1837 1944 1892 bat
1976 1855 1990 1891 :
2025 1856 2043 1889 ι
2077 1837 2363 1892 Genimina
2391 1839 2714 1907 viperarum,
2739 1838 2859 1905 quis
2887 1837 3122 1888 ostendit
3152 1838 3300 1888 vobis
3351 1835 3430 1886 fu-
3467 1839 3506 1895 Β
3537 1837 3678 1887 enim
3711 1836 3879 1893 vobis,
3914 1837 4037 1902 quia
4071 1847 4260 1904 potens
4291 1845 4371 1889 est
4411 1837 4548 1889 Deus
4584 1837 4649 1889 de
4677 1835 4952 1905 lapidibus
5011 1837 5120 1890 istis

1846 1941 1974 1996 gere
1998 1926 2066 1981 ab
2090 1927 2164 1980 ira
2186 1927 2441 1980 ventura?
2475 1925 2740 1996 iﬂluttli.
2772 1931 2874 1994 ιιι.)
2901 1925 3226 1994 Requirebat
3249 1936 3430 1977 autem

1848 2013 2008 2069 Hiras
2033 2014 2380 2068 OJollatuiles
2412 2030 2440 2067 a
2474 2011 2710 2067 Thamar
2747 2016 3027 2076 annulum,
3064 2015 3350 2074 armillam,
3381 2025 3433 2065 et

1846 2104 2117 2159 baculum.
2144 2104 2244 2158 Per
2266 2106 2523 2158 annulum
2559 2106 2895 2175 signaculum
2927 2105 3068 2168 fidei,
3103 2122 3196 2174 per
3247 2106 3433 2158 armil-

1847 2192 1954 2248 lam
1983 2193 2136 2248 labor
2163 2195 2361 2264 operis,
2392 2211 2486 2262 per
2518 2197 2764 2249 baculum
2795 2212 2923 2248 vcro
2980 2197 3292 2265 designatur
3343 2211 3430 2248 re-

1847 2284 2004 2352 quies
2044 2285 2176 2352 apei.
2232 2285 2394 2350 Quasi
2425 2286 2569 2339 enim
2621 2286 2740 2339 Iidvi
2790 2291 3042 2339 annulum
3105 2288 3430 2354 requirebat,

1847 2391 1971 2430 cum
2001 2378 2202 2430 diceret
2234 2396 2245 2430 ;
2285 2397 2304 2428 t
2343 2379 2442 2445 Qui
2471 2381 2642 2434 credit
2668 2383 2716 2432 in
2752 2379 2940 2433 Filium
2987 2380 3101 2442 Dei,
3152 2381 3308 2434 habet
3359 2381 3435 2432 vi-

1849 2474 1960 2520 tam
1986 2476 2277 2532 aeternam;
2306 2470 2395 2538 qui
2423 2480 2602 2524 autem
2637 2471 2943 2524 incredulus
2967 2481 3045 2524 est
3074 2471 3288 2524 Christo
3343 2468 3429 2522 Fi-

1851 2555 1943 2619 lio.
1983 2573 2086 2611 non
2120 2559 2318 2613 videbit
2349 2563 2534 2626 vitam,
2569 2563 2662 2616 sed
2688 2562 2766 2614 ira
2796 2563 2884 2615 Dei
2913 2573 3091 2616 manet
3126 2581 3284 2631 super
3311 2583 3431 2616 eum

1853 2644 2158 2717 (10mm).
2197 2666 2213 2696 ι
2245 2649 2321 2699 An
2353 2663 2455 2700 non
2485 2651 2647 2703 etiam
2680 2651 2744 2702 ad
2785 2651 3042 2704 annulum
3105 2654 3432 2720 pertinebat,

1846 2751 1969 2791 cum
1995 2738 2199 2792 diceret
2248 2756 2260 2791 :
2296 2758 2314 2790 ι
2355 2739 2456 2805 Qui
2493 2741 2653 2795 habet
2697 2757 2974 2810 sponsam,
3032 2760 3260 2813 sponsus
3307 2746 3438 2796 est?

1847 2825 2035 2897 (Ibid.)
2073 2849 2090 2880 ι
2127 2829 2406 2883 Armillato
2441 2847 2567 2886 vero
2601 2833 2805 2886 laboris
2843 2836 3155 2897 exhibebat,
3194 2851 3314 2888 cum
3364 2837 3434 2888 di-

1847 2928 2029 2973 ceret:
2072 2938 2090 2970 ι
2138 2918 2516 2976 Pmttitentiatn
2570 2924 2712 2992 agite
2762 2925 2977 2991 (Matth.
3036 2931 3141 2995 ιιι).
3179 2946 3194 2975 ι
3256 2923 3436 2980 Baculi

1845 3023 2065 3079 quoque
2091 3014 2353 3082 requiem,
2385 3029 2506 3067 cum
2535 3025 2732 3084 przesto
2760 3019 3108 3087 subjiingeret
3138 3039 3147 3070 :
3185 3038 3201 3067 ι
3231 3021 3435 3087 Appro-

1845 3100 2128 3171 pinquavit
2154 3103 2297 3155 enim
2328 3105 2834 3173 regnumctelorum
2862 3105 3074 3174 (Ibid).
3108 3127 3125 3156 ι
3155 3109 3229 3158 Ac
3255 3109 3296 3159 si
3324 3123 3439 3175 per-

3538 1929 3796 1978 suscitare
3827 1929 3961 1978 lilios
3993 1927 4222 1979 Abralue
4245 1925 4459 1994 (lauit.
4487 1929 4568 1992 ιιι)
4624 1946 4640 1976 ι
4673 1928 4750 1980 Ac
4779 1929 4822 1979 si
4876 1937 5120 1996 paluster

3537 2019 3678 2070 dicat
3706 2036 3714 2068 :
3745 2018 3983 2070 Gentiles
4018 2017 4218 2085 populi,
4250 2018 4341 2086 qui
4376 2017 4580 2085 lapides
4603 2027 4747 2080 sunt,
4797 2020 4930 2087 quia
4987 2019 5118 2086 lapi-

3537 2112 3628 2162 des
3654 2110 3855 2173 colunt,
3887 2112 4224 2178 prttnogeniti
4251 2111 4402 2164 vobis
4423 2110 4552 2165 ﬂent
4598 2113 4664 2165 ad
4693 2115 5121 2181 terminations

3536 2211 3589 2252 et
3627 2217 3776 2252 lltttit‘.
3801 2203 3987 2268 gratia:
4015 2211 4436 2264 sacramentum,
4466 2216 4696 2269 quorum
4731 2217 4830 2255 vos
4861 2205 5120 2272 per-lega-

3538 2291 3614 2343 les
3644 2293 3993 2345 ςιιιτιιιιιοσιίξιε
4021 2292 4343 2345 videbamini
4380 2293 4627 2347 renuisse
4657 2295 4984 2363 primatum.

3610 2382 3730 2434 ΗΜ
3768 2386 3936 2444 tollis,
3998 2383 4196 2436 fratres
4251 2383 4584 2448 charissimi,
4619 2399 4726 2437 non
4773 2389 5124 2454 exponendo.

3540 2477 3628 2526 sed
3657 2485 3928 2540 utcunque
3964 2474 4253 2541 tangendo,
4282 2474 4556 2527 succincte
4584 2481 5040 2540 transcurrimus,
5075 2491 5126 2533 ut

3539 2563 3596 2614 Β.
3624 2563 3885 2615 Joannem
3920 2563 4223 2616 ministrum
4270 2579 4420 2618 nova:
4476 2566 4683 2634 gratiae.
4737 2574 4792 2620 et
4835 2582 5122 2638 paranym-

3540 2655 3704 2721 phum
3766 2655 4124 2721 spiritualium
4182 2656 4512 2723 nuptiarum,
4567 2673 4634 2710 ex
4680 2659 4926 2726 antiquis
4965 2661 5124 2714 etiam

3541 2759 3708 2796 ωςηι·
3741 2744 4030 2812 Scriptura
4057 2744 4265 2812 paginis
4292 2746 4743 2800 demonstremus.
4791 2746 4949 2802 Hunc
4987 2753 5124 2802 enim

3543 2835 3806 2900 insignem
3860 2845 4019 2902 atque
4076 2835 4353 2903 egregium
4418 2836 4581 2889 totius
4624 2836 4847 2890 humani
4915 2841 5124 2908 generis

3543 2925 3738 2984 virum,
3766 2925 3829 2975 ad
3862 2925 4205 2987 currendam,
4240 2934 4298 2977 ut
4319 2925 4490 2994 gigas,
4532 2925 4888 2982 mortalitatis
4931 2939 5124 2982 nostri

3543 3017 3721 3076 viam,
3757 3016 3907 3083 quasi
3940 3017 4304 3068 ccnviatorem
4335 3014 4435 3068 sibi
4485 3015 4730 3070 Salvator
4759 3017 5026 3081 adscivit;
5079 3031 5124 3068 et

3543 3107 3607 3156 ad
3638 3105 3999 3171 peragendum
4027 3106 4410 3173 redemptionis
4443 3115 4638 3160 nostra:
4667 3108 4972 3177 negotium,
5001 3125 5124 3176 quiri-

1844 3192 2027 3259 apicue
2085 3191 2392 3260 loqueretur
2439 3212 2450 3245 :
2487 3193 2659 3248 Nolite
2710 3197 2809 3248 sub
2842 3197 3094 3264 injunctu:
3129 3198 3275 3249 vobis
3327 3214 3436 3266 ναι·
3468 3202 3509 3260 C
3544 3197 3828 3247 άιιιιιηιοόο
3857 3205 3912 3246 ιιι
3944 3197 4212 3264 particeps
4240 3207 4383 3251 esset
4410 3207 4461 3249 el
4494 3197 4884 3262 colhborator.
4942 3201 5118 3268 elegit-

1849 3279 2092 3334 nitentia
2114 3281 2296 3336 labore
2327 3283 2649 3346 lassescere,
2700 3285 2791 3337 sed
2850 3288 3024 3354 potius
3063 3287 3211 3339 firma
3244 3304 3336 3355 spe
3372 3289 3436 3340 de

1849 3371 1998 3440 regni
2031 3371 2270 3426 celestis
2293 3375 2813 3442 appropinquatione
2832 3377 3069 3429 animum
3095 3379 3364 3431 roborate.

1923 3482 2184 3547 Quasivit
2213 3496 2394 3537 autem
2420 3501 2538 3538 eam
2566 3483 2731 3539 Judas
2762 3488 2812 3540 in
2841 3488 3003 3548 bivio,
3071 3490 3162 3542 sed
3194 3490 3438 3544 invenire

1851 3587 1959 3628 non
1995 3575 2200 3643 potuit;
2232 3575 2358 3644 quia
2387 3591 2506 3645 quae
2538 3578 2587 3630 itt
2615 3579 2849 3645 publico,
2897 3580 3050 3648 juxta
3098 3582 3434 3648 prophetam,

1849 3663 2016 3716 etsub
2035 3665 2180 3716 omni
2208 3664 2350 3734 ligno
2363 3665 2618 3722 frondoso
2633 3667 2808 3721 fuerat
2833 3670 3120 3738 prostituta
3139 3672 3274 3734 (Jer.
3296 3691 3330 3734 ι,
3354 3674 3434 3740 Ιι),

1845 3749 1961 3818 jam
1979 3767 2036 3806 se
2051 3753 2103 3804 in
2126 3755 2285 3808 domo
2308 3765 2553 3823 paterna,
2569 3758 2669 3811 sub
2684 3757 2880 3812 Christi
2900 3760 3146 3814 videlicet
3169 3763 3436 3816 constrin-

1851 3852 2007 3896 xerat
2039 3843 2319 3912 disciplina
2359 3865 2370 3898 :
2400 3863 2506 3903 nco
2526 3863 2646 3902 eam
2670 3851 2875 3915 peccati
2915 3851 3112 3917 reperit
3146 3853 3439 3918 exprobra-

1856 3931 1954 3994 tio,
1973 3946 2131 3999 quam
2156 3933 2514 3990 confessionis
2536 3947 2842 3990 mutaverat
2858 3939 3180 3993 amaritudo.
3201 3941 3412 3994 V'iduita
3428 3972 3440 3981 -

1853 4021 1922 4075 tis
1944 4037 2000 4076 se
2015 4024 2251 4077 vestibus
2268 4025 2473 4090 induit;
2506 4028 2628 4096 quia
2647 4030 3127 4096 pmtercmlestcm
3147 4032 3436 4099 Sponsum.

1851 4111 1943 4179 qui
1975 4127 2072 4180 pro
2107 4127 2168 4166 ea
2212 4125 2453 4168 mortuus
2480 4130 2586 4180 est,
2613 4119 2842 4172 alterum
2875 4137 2976 4172 non
3004 4122 3258 4175 admittit.
3285 4124 3436 4189 Quod

1852 4210 2032 4253 autem
2055 4203 2255 4271 gemini
2279 4216 2647 4274 apparuerunt
2679 4207 2730 4259 in
2762 4217 2934 4269 utero,
2971 4210 3074 4263 duo
3105 4221 3229 4263 sunt
3257 4213 3434 4280 populi

1852 4291 1908 4344 in
1939 4291 2192 4346 Ecclesia:
2218 4296 2424 4363 gremio
2452 4312 2547 4364 per
2577 4299 2751 4350 sancti
2787 4297 3025 4367 Spiritus
3057 4304 3286 4369 gratiam
3343 4321 3435 4372 ge-

1852 4381 2049 4434 nerati.
2088 4381 2145 4434 ltt
2171 4383 2283 4450 ipsa
2309 4398 2438 4438 vero
2467 4385 2729 4440 elfusione
2758 4391 3116 4453 nascentium,
3162 4408 3300 4445 unus
3327 4411 3438 4446 uia-

1853 4483 1980 4523 num
2012 4472 2254 4538 protulit,
2283 4483 2336 4527 et
2373 4475 2535 4545 ligato
2572 4479 2817 4541 coccino,
2847 4495 2968 4533 mox
3003 4483 3267 4546 retraxit;
3326 4487 3433 4539 sic-

3547 3284 3698 3340 Unde
3729 3305 3850 3339 cum
3877 3290 3940 3340 ad
3964 3305 4083 3340 eum
4113 3291 4470 3358 baptizandus
4516 3293 4832 3353 accederet;
4884 3293 5126 3345 sublimis

3541 3387 3721 3429 autem
3752 3389 3805 3430 et
3838 3379 4054 3432 humilis
4081 3395 4268 3435 servus
4297 3381 4602 3448 iniunctum
4623 3383 4725 3452 sibi
4758 3383 5125 3438 ministerium

3543 3469 3781 3533 trepidus
3822 3481 4104 3522 excusaret
4131 3509 4147 3533 ,
4199 3473 4424 3525 dicens:
4462 3491 4479 3522 ι
4522 3474 4628 3542 Εεο
4657 3488 4686 3525 a
4722 3485 4772 3527 te
4803 3475 4982 3528 debeo
5037 3477 5126 3528 I3:-

3543 3559 3754 3626 ptizari,
3775 3569 3824 3610 el
3852 3561 4072 3614 tuvenis
4089 3563 4154 3613 ad
4179 3563 4299 3614 me?
4327 3561 4516 3630 (lbid.)
4552 3583 4568 3613 ι
4604 3565 4925 3632 respondit:
4957 3585 4976 3616 ι
5003 3565 5128 3618 Sine

3543 3650 3718 3701 modo.
3753 3651 3840 3702 Sic
3869 3650 4013 3702 enim
4043 3651 4196 3704 decet
4223 3666 4318 3704 nos
4337 3651 5090 3721 implereomnentjustitiam.
5109 3677 5124 3704 ι

3540 3737 3583 3789 Ο
3613 3738 3856 3798 Domine,
3881 3741 4064 3792 dixisti
4097 3757 4107 3790 :
4143 3761 4158 3788 ι
4183 3739 4299 3793 Fiat
4323 3741 4434 3804 lux,
4460 3753 4509 3795 et
4541 3741 4681 3794 facta
4709 3754 4794 3795 est
4818 3741 4979 3808 (Gen.
5015 3751 5076 3800 tl.
5111 3767 5120 3788 ι

3540 3827 3697 3880 Fiant
3726 3830 3892 3881 stella:
3927 3830 4070 3892 cmli,
4096 3831 4282 3883 bestia
4305 3835 4442 3900 agri,
4476 3833 4724 3886 volucres
4755 3833 4925 3894 aeris.
4955 3837 5128 3903 pisces

3542 3935 3821 3986 aquarum.
3861 3920 4053 3973 Omnia
4083 3925 4193 3976 lt:ec
4239 3924 4456 3977 condita
4504 3935 4631 3977 sunt
4673 3927 4740 3978 ad
4799 3927 4980 3980 solum
5035 3938 5132 3980 tu:

3535 4012 3794 4079 jussionis
3820 4015 4127 4081 imperium,
4159 4017 4338 4068 omnia
4375 4017 4737 4084 disponuntur
4788 4020 4855 4070 ad
4913 4021 5129 4072 unicum

3544 4113 3645 4154 tua:
3677 4105 3964 4156 voluntatis
4001 4114 4208 4168 nutum,
4236 4122 4334 4160 nec
4394 4107 4458 4159 ad
4510 4108 4621 4160 haec
4681 4112 4994 4178 peragenda
5043 4114 5130 4162 ad-

3542 4192 3760 4244 hibuisti
3813 4192 3904 4244 tibi
3935 4193 4218 4261 cujuslibet
4249 4195 4500 4264 angelice
4528 4199 4806 4263 potestatis
4833 4201 5100 4251 auxilium
5121 4243 5132 4256 .

3541 4284 3809 4347 quomodo
3840 4298 3969 4351 ergo
4019 4302 4160 4339 nunc
4206 4287 4363 4345 dicis.
4420 4289 4485 4340 ad
4531 4297 4757 4342 terrena:
4804 4293 5137 4343 coiidittonzs

3543 4375 3810 4427 hominem
3836 4378 3988 4441 quasi
4020 4391 4307 4443 corqttans
4338 4387 4410 4439 te.
4442 4389 4496 4431 ct
4526 4388 4951 4447 contempt-rans
4993 4384 5132 4434 inﬁr-

3545 4469 3715 4520 mitati
3746 4480 3984 4520 nostrm:
4033 4471 4146 4520 sine
4185 4470 4374 4532 modo;
4418 4471 4495 4523 sic
4545 4473 4697 4525 decet
4753 4488 4852 4524 nos
4916 4475 5136 4542 implere

1853 4575 1961 4629 que
1981 4572 2192 4633 antecse
2225 4567 2480 4619 nascendi
2523 4567 2679 4624 alteri
2733 4570 2937 4624 aditum
2971 4573 3245 4640 patefecit.
3302 4576 3436 4642 Quia
3472 4546 3516 4601 υ
3543 4574 3755 4610 omnem
3777 4559 4041 4626 j“5‘i""'"
4066 4560 4086 4609 ⁷
4115 4559 4252 4613 Ecce
4281 4561 4426 4613 enim
4449 4577 4608 4628 q‘m"
4635 4572 4688 4614 ω
4742 4565 4808 4614 ³·¹
4868 4581 5134 4632 τοοβτη·

1853 4653 2106 4708 nimirum
2139 4655 2398 4712 Iudaicus
2428 4661 2674 4730 populus,
2706 4664 2797 4731 qui
2855 4664 2920 4716 ad
2974 4665 3147 4718 lucem
3205 4665 3438 4736 Spiritus

1856 4744 2004 4796 nasci
2044 4745 2294 4812 primitus
2321 4749 2508 4818 carpit,
2536 4752 2770 4805 ostendit
2794 4768 2959 4822 opera
3011 4771 3102 4808 sua
3144 4759 3435 4825 propheta.

1858 4846 1978 4886 rum
2003 4835 2440 4900 praecedentium,
2471 4849 2522 4891 ct
2562 4840 2727 4908 ipsius
2761 4842 2966 4896 Domini
2995 4860 3188 4898 cruore
3215 4847 3434 4914 polluta.

1861 4917 2013 4974 Unde
2043 4931 2095 4974 et
2125 4920 2258 4973 Zara
2291 4923 2463 4976 oriens
2513 4925 2933 4995 interpretatur;
2967 4933 3091 4998 quia
3143 4932 3438 4990 Hebraicus

1857 5007 1946 5062 ille
1967 5008 2194 5078 populus
2219 5010 2366 5079 prior
2398 5018 2552 5074 olida
2577 5023 2659 5067 est
2686 5016 2750 5067 ad
2777 5015 3010 5070 litteram
3032 5019 3186 5088 legis,
3229 5025 3320 5074 sed
3350 5040 3443 5092 po-

1857 5103 2053 5157 sterior
2100 5102 2276 5156 factus
2307 5114 2389 5158 est
2438 5107 2504 5157 ad
2550 5108 2950 5186 suyipieudam
3015 5111 3170 5180 132
3217 5117 3439 5182 gratiam

1859 5190 2159 5260 Evangelii.
2193 5191 2304 5246 Hoc
2332 5195 2511 5262 itaque
2569 5191 2728 5250 moilo
2787 5202 3014 5253 retraxit
3067 5219 3302 5265 manum,
3351 5209 3440 5275 qui

1859 5279 2136 5347 nascijam
2162 5296 2256 5350 per
2298 5285 2542 5352 spiritum
2575 5297 2816 5354 cceperat
2846 5291 3073 5358 populus
3097 5289 3436 5360 Judzeorum;

1858 5379 1911 5424 et
1936 5386 2059 5424 mox
2085 5371 2346 5441 prorupit,
2381 5388 2442 5427 ac
2467 5373 2640 5428 factus
2664 5389 2745 5431 est
2773 5381 3166 5450 pritnogenitus
3216 5388 3441 5453 populus

1860 5459 2122 5530 gentium.
2153 5459 2376 5515 Scilicet
2423 5472 2503 5527 ut,
2545 5463 2703 5530 juxta
2756 5471 3079 5524 sententiam
3140 5473 3392 5528 Veritatis
3426 5517 3438 5534 .

1862 5548 2028 5602 futuri
2055 5561 2238 5604 essent
2284 5553 2560 5607 novissimi
2587 5555 2680 5625 qui
2731 5569 2888 5612 erant
2941 5562 3131 5629 primi;
3182 5574 3235 5618 et
3283 5565 3440 5633 primi

1864 5637 2059 5692 fierent
2100 5641 2191 5708 qui
2223 5652 2380 5696 erant
2413 5645 2689 5700 novissimi
2715 5646 2932 5716 (Matth.
2961 5653 3072 5718 xx).
3112 5652 3250 5708 Bene
3280 5656 3442 5723 igitur

1866 5725 2080 5782 Pharao
2110 5731 2391 5787 divisionis
2421 5748 2609 5791 nomen
2633 5740 2859 5808 acccpit.
2895 5740 3042 5795 Unde
3078 5753 3130 5796 et
3157 5744 3439 5802 obstetrix.

3547 4650 3710 4703 tionis
3743 4662 3843 4701 tua:
3875 4654 4216 4718 participium
4244 4652 4513 4719 provehis.
4541 4667 4700 4718 quem
4725 4655 5136 4721 quodammod-1

3547 4739 3611 4789 ad
3645 4748 3744 4790 tua:
3769 4739 4136 4791 similitudinis
4165 4741 4376 4792 culmen
4397 4741 4620 4800 attollis,
4643 4742 4812 4800 dicat.
4839 4759 4969 4812 qua
4996 4748 5062 4798 de
5095 4759 5136 4795 L--

3546 4833 3878 4898 comparatio
3930 4831 4042 4882 lit-ri
4085 4834 4249 4898 possit
4298 4834 4363 4884 ad
4390 4846 4467 4884 se.
4500 4831 4590 4885 Ait
4617 4834 4837 4902 itaque:
4869 4855 4888 4886 ι
4916 4835 5034 4890 Son
5081 4855 5134 4888 as:

3549 4935 3855 4974 mensuram
3884 4920 3976 4973 dat
4006 4919 4146 4971 Deus
4174 4919 4435 4988 Spiritum
4460 4919 4638 4988 (locu.
4669 4923 4774 4992 tu).
4811 4944 4828 4974 ι
4874 4925 5042 4979 Pater
5069 4947 5138 4976 ..:-

3547 5015 3660 5080 ligit
3687 5012 3901 5074 Filium,
3931 5023 3984 5064 et
4010 5013 4191 5063 omnia
4223 5013 4368 5066 dedit
4391 5013 4442 5065 in
4477 5029 4638 5067 manu
4664 5014 4816 5082 ejus;
4873 5021 4977 5073 sed
5017 5037 5086 5088 qv
5115 5037 5136 5070 ει

3546 5116 3596 5158 te
3617 5105 3862 5172 perhibet
3893 5099 4092 5154 nullan
4115 5102 4350 5171 Spiritus
4376 5105 4577 5157 habere
4601 5120 4954 5168 mensuram.
4999 5113 5066 5160 όν
5093 5127 5138 5148 c.-

3543 5197 3669 5265 quid
3718 5199 3945 5254 sentiat.
3986 5195 4126 5247 dicat
4164 5215 4172 5246 :
4211 5213 4228 5244 ι
4263 5193 4367 5247 Nos
4395 5235 4408 5255 ,
4469 5197 4639 5262 inquit
4669 5237 4683 5257 ,
4715 5199 4780 5249 de
4809 5199 4934 5266 l't’ll
4965 5213 4982 5252 ι
5025 5203 5060 5253 d
5119 5225 5128 5250 ε

3542 5287 3660 5354 ejus
3672 5303 3861 5341 omnes
3877 5289 4181 5354 accepimus
4196 5285 4374 5352 (Joan.
4397 5287 4457 5352 t).
4482 5307 4500 5338 ι
4531 5290 4608 5340 Ac
4624 5291 4666 5341 si
4689 5290 4834 5342 dicat
4855 5313 4866 5342 ;
4897 5293 5004 5346 Nos
5021 5311 5134 5345 vas..-

3545 5395 3751 5442 sumus,
3772 5379 3856 5431 ille
3875 5379 4009 5432 fons.
4028 5378 4180 5432 lllein
4199 5378 4351 5432 nobis
4369 5395 4464 5447 pro
4477 5380 4559 5430 sui
4580 5382 4978 5437 moderaminis
4993 5399 5108 5437 mea
5121 5413 5134 5420 ~

3548 5489 3676 5526 sura
3697 5474 3972 5540 dispensat
3992 5513 4006 5532 .
4037 5471 4176 5525 unde
4199 5487 4306 5525 sua
4330 5472 4708 5527 immensitatis
4735 5478 5132 5546 incomparam

3550 5566 3671 5618 liter
3694 5565 4272 5635 plenitudoredundat.
4301 5563 4431 5630 Qua:
4453 5575 4631 5617 autem
4667 5568 4808 5618 inter
4833 5579 4886 5620 te
4915 5581 4972 5622 et
5001 5573 5134 5622 ilium

3551 5660 3621 5712 sit
3649 5661 4002 5727 comparatio.
4039 5674 4225 5710 rursus
4257 5658 4539 5712 manifeste
4566 5658 4830 5722 declarat.
4867 5681 4996 5716 eum
5029 5679 5094 5714 λ).

3558 5749 3710 5818 ι33
3753 5769 3767 5796 ι
3806 5749 3906 5814 Qui
3948 5750 4011 5800 de
4041 5760 4179 5800 terra
4227 5758 4331 5813 est,
4357 5748 4423 5804 ὰ
4453 5759 4594 5801 terra
4637 5749 4922 5818 loquitur;
4953 5771 5038 5824 qua
5089 5769 5136 5802 .a
