5232 6556
159 438 253 497 ωε
1540 427 1776 487 snauo
1819 427 2009 486 xxvr.
3347 428 3460 494 σεδ

159 553 288 612 coelo
315 552 483 620 venit,
518 566 682 623 super
708 565 898 607 omnes
927 558 1011 606 est
1061 549 1243 622 (Joan.
1301 547 1408 610 tu).
1455 567 1473 600 ι
1520 546 1750 614 Quanta:
1782 558 1826 609 Α
1859 547 2148 603 immersit.
2181 547 2330 609 Inter
2369 558 2700 620 purpuratos
2727 549 2892 612 etiam
2923 559 3228 622 martyrum
3252 550 3457 611 choros

160 651 328 716 itaque
358 646 454 700 tibi
490 643 844 716 subiectionis
890 642 1209 713 obsequium
1246 639 1466 705 debeat,
1512 639 1747 710 publicis

158 735 294 790 omni
344 734 540 804 populo
587 733 809 787 vocibus
847 732 1082 786 clamat:
1135 749 1153 782 ι
1188 728 1350 786 Venit
1393 728 1586 785 fortior
1634 745 1742 794 me,

157 824 299 894 cujus
327 841 433 879 non
463 840 583 878 sum
616 822 814 891 dignus
841 822 1053 876 solvere
1080 821 1373 892 corrigiam
1402 821 1735 876 calceamen-

159 926 321 970 torum
349 915 465 986 ejus
489 913 641 984 (Luc.
669 915 775 985 ιιι).
813 932 830 965 ι
866 912 911 968 0
939 915 1113 968 beatae
1167 911 1491 968 humilitatis
1529 912 1744 966 excelsa

157 1007 418 1076 majestas,
451 1021 573 1076 quae
598 1006 726 1062 dum
754 1005 1088 1076 suojudieio
1139 1005 1192 1058 in
1247 1004 1354 1058 ima
1392 1002 1741 1074 deprimitur,

156 1099 324 1153 divina
341 1099 669 1170 provehente
693 1097 1088 1162 clementia,ad
1117 1095 1361 1151 calestia
1393 1095 1739 1162 sublevatur;
1770 1087 1773 1089 ’

157 1189 380 1258 dumque
400 1188 510 1241 Deo
541 1203 600 1242 se
631 1187 913 1241 humiliter
936 1185 1176 1254 subjicit,
1201 1186 1268 1239 ad
1301 1183 1741 1255 Dei_consortium

156 1277 471 1334 excellenter
495 1279 727 1348 assurgit
746 1279 758 1331 ι
789 1277 880 1332 llle
902 1277 1097 1348 quippe
1119 1293 1177 1332 se
1193 1293 1316 1332 cum
1331 1277 1546 1331 caeteris
1569 1276 1745 1331 homi-

155 1369 561 1439 nibusperhibet
594 1380 819 1435 terram,
848 1385 912 1424 ac
943 1380 1160 1424 terrena
1179 1369 1524 1440 loquentem;
1553 1370 1740 1429 Domi-

154 1475 251 1514 nus
278 1469 453 1515 autem
491 1469 743 1526 testatur,
778 1460 982 1514 nullum
1017 1475 1083 1515 eo
1117 1461 1431 1514 internatas
1451 1459 1738 1515 mulierum

154 1551 452 1605 surrexisse
484 1549 741 1620 majorem
775 1551 991 1620 (Matth.
1024 1552 1124 1623 ιι).
1172 1551 1267 1606 llle
1317 1567 1376 1607 se
1423 1552 1489 1605 ad
1523 1551 1737 1605 solven~

153 1644 271 1696 dum
302 1643 488 1713 caliga:
546 1642 820 1698 vinculum
853 1641 1185 1697 vociferatur
1212 1643 1516 1713 indiguutn,
1550 1642 1734 1694 Domi-

151 1748 247 1787 nus
276 1741 443 1788 totutu
475 1749 674 1804 corpus
702 1750 859 1788 suum
889 1734 1009 1802 ejus
1039 1734 1292 1794 manibus
1321 1733 1564 1802 subjicit,
1611 1748 1736 1785 cum

145 1823 480 1893 baptismatis
504 1824 778 1879 lavacrqu
808 1824 1086 1879 subiturus
1117 1824 1350 1878 accedit.
1397 1823 1490 1878 llle
1518 1838 1575 1877 se
1605 1839 1734 1892 pro-

144 1917 360 1985 phetam
393 1917 671 1972 humiliter
703 1918 960 1987 abnegat,
991 1930 1152 1986 quem
1181 1915 1466 1985 plusquam
1497 1915 1736 1985 prophe-

147 2016 256 2062 tam
281 2023 416 2069 esse,
449 2016 613 2078 atque
646 2008 868 2078 insuper
897 2007 1151 2078 angelum
1185 2005 1442 2061 Salvator
1478 2005 1735 2071 atIlrmat,

145 2098 214 2153 de
240 2113 341 2168 quo
370 2108 424 2153 et
453 2099 802 2168 pdstmodum
833 2099 996 2154 dicit:
1033 2117 1051 2150 ί
1081 2085 1175 2152 llle
1219 2106 1341 2152 erat
1394 2099 1616 2152 lucerna
1643 2113 1737 2151 ar-

141 2191 296 2254 dens,
322 2200 375 2245 et
402 2189 592 2252 lucens
633 2189 818 2261 (Ιοαη.
850 2190 926 2261 v).
967 2209 985 2242 ι

212 2280 544 2351 Perpcndite,
583 2280 784 2337 fratres
827 2283 952 2348 mei,
1005 2297 1168 2352 quam
1225 2281 1584 2348 admirabilis,
1631 2284 1739 2337 imo

143 2385 302 2439 quam
332 2370 574 2440 angelica
612 2371 721 2425 vita
758 2373 906 2427 beati
948 2370 1176 2427 Joannis
1213 2381 1355 2437 erat,
1396 2388 1557 2444 quam
1589 2383 1739 2428 certe

143 2460 419 2529 magniﬁca
447 2462 656 2517 cunctis
686 2463 944 2533 opinione
974 2463 1273 2528 claruerat,
1297 2463 1392 2532 qui
1423 2479 1546 2518 cum
1577 2463 1739 2517 nullis

140 2553 349 2623 signum
383 2555 601 2610 virtutis
651 2557 984 2620 ostenderet,
1027 2554 1307 2612 Christum
1353 2567 1533 2610 tamen
1587 2555 1736 2610 illum

140 2657 262 2698 esse
287 2645 462 2700 omnis
492 2646 720 2716 populus
750 2647 1071 2714 aestimaret,
1131 2647 1275 2703 Luca
1332 2657 1593 2710 testante.
1644 2649 1736 2717 qui

139 2736 244 2790 ait:
301 2756 320 2789 ι
380 2738 743 2795 Existimante
788 2749 969 2796 autem
1019 2741 1241 2812 populo,
1281 2750 1337 2795 et
1365 2740 1736 2812 cogitantibus

137 2829 388 2884 omnibus
417 2831 469 2884 in
499 2833 900 2888 cordibussuis
951 2836 1017 2888 de
1044 2831 1276 2898 Joanne,
1332 2849 1399 2888 ne
1433 2833 1574 2888 forte
1620 2835 1735 2905 ipse

137 2929 282 2974 esset
309 2905 559 2978 Christus
592 2922 742 2995 (Luc.
783 2924 886 2994 ιιι).
925 2943 942 2977 ι
973 2924 1103 2992 Quae
1135 2926 1282 2979 enim
1337 2926 1552 2996 religio,
1611 2942 1734 2996 qua:

134 3008 418 3078 perfectio,
434 3027 555 3082 qua:
581 3012 816 3084 denique
840 3015 1033 3080 virtus,
1050 3016 1194 3084 quod
1218 3015 1529 3070 sanctitatis
1560 3031 1733 3087 genus

137 3102 406 3169 reperitur
457 3103 510 3157 in
563 3103 745 3174 aliquo
800 3116 1139 3171 sanctorum,
1205 3107 1348 3178 quod
1417 3108 1470 3163 in
1525 3106 1733 3163 Joanne

133 3191 292 3258 quasi
311 3194 684 3264 praerogativa
696 3196 979 3266 cujusdam
1003 3214 1107 3253 non
1125 3206 1309 3253 teneat
1330 3200 1572 3270 principa
1583 3210 1694 3255 tum
1709 3201 1732 3254 ll

1849 641 1910 696 Β.
1947 639 2185 696 Joannes
2215 641 2267 694 in
2319 642 2620 712 magisterii
2673 643 2937 696 cathedra
2993 644 3274 710 praesidet,
3327 642 3457 712 quia

1848 746 1950 801 pro
1976 731 2287 786 testimonio
2313 731 2565 786 veritatis
2594 740 2855 787 strenuus
2908 731 3139 799 bellator
3172 733 3453 796 occubuit.

1846 821 2200 892 omniumque
2230 837 2330 892 pro
2357 821 2577 877 Christo
2605 822 2939 877 certantium
2975 822 3084 877 dux
3127 822 3330 888 factus,
3363 839 3460 877 vc-

1847 912 2035 967 xillum
2101 912 2428 982 triumphale
2488 914 2737 984 martyrii
2764 913 2906 969 caelo
2954 915 3169 984 primus
3212 916 3443 970 invexit.

1844 1000 2044 1056 Beatus
2075 1001 2261 1071 itaque
2285 1000 2524 1056 Joannes
2553 1004 2798 1057 omnium
2827 1012 3148 1058 sanctorum
3176 1006 3454 1076 particeps

1849 1089 2010 1163 135
2037 1087 2213 1146 factus
2239 1099 2325 1145 est
2363 1091 2570 1154 choris,
2596 1092 2722 1160 quia
2756 1091 2905 1146 nulla
2930 1092 3040 1147 sibi
3073 1093 3252 1148 virtus
3281 1091 3454 1148 defuit

1845 1182 2190 1237 sanctitatis:
2219 1181 2328 1235 imo
2357 1191 2506 1237 tanto
2531 1183 2802 1253 insignius
2835 1183 2978 1250 inter
3006 1199 3197 1239 omnes
3223 1195 3449 1240 sancto-

1845 1287 1966 1326 rum
1997 1273 2220 1327 ordines
2243 1274 2465 1340 emicat,
2523 1286 2730 1344 quanto
2788 1274 3000 1329 auctori
3053 1277 3297 1330 omnium
3357 1293 3457 1347 per

1844 1364 2269 1432 incomparabile
2295 1367 2551 1420 meritum
2576 1367 2865 1423 sublimius
2890 1369 3311 1438 appropinquat.
3344 1367 3449 1435 Qui

1843 1456 1898 1510 in
1939 1455 2209 1511 Triuitate
2260 1455 2500 1526 perlecta
2541 1475 2681 1514 unus
2725 1469 2780 1514 et
2831 1475 2994 1514 verus
3031 1459 3175 1516 Deus
3206 1460 3340 1515 vivit
3396 1468 3455 1516 et

1842 1557 2036 1618 regnat
2062 1548 2115 1602 in
2171 1548 2370 1602 stecula
2398 1550 2744 1605 saeculorum.
2789 1551 2984 1606 Amen.

2415 1688 2432 1705 ‘
2465 1683 2704 1742 SERMO
2745 1685 2938 1742 XXVI.

2017 1812 2084 1851 ne
2127 1811 2332 1853 δικοτο
2368 1811 2544 1852 nemo
2575 1812 2873 1854 arosrono.
2916 1798 3106 1870 (XXIX.'
3129 1799 3273 1869 JUN.)

1773 1906 1811 1963 Β
1844 1907 2020 1964 Super
2050 1909 2181 1965 illud
2227 1909 2581 1965 Canticorum
2628 1909 2972 1965 Salomonis:
3022 1911 3448 1967 Adolescentia“:

2345 1981 2641 2036 dilexerunt
2663 1991 2712 2035 te
2742 1983 2922 2035 nimis.

1911 2096 2108 2151 Petrus
2146 2093 2442 2166 apostolus,
2477 2093 2848 2165 apostolorum
2879 2093 3135 2164 princeps
3154 2101 3210 2147 et
3232 2093 3442 2163 princi-

1841 2205 1966 2259 pum
1999 2189 2230 2259 primus,
2265 2186 2586 2241 hodiernam
2617 2185 2760 2244 diem
2790 2184 2948 2240 nobis
2976 2184 3214 2240 reddidit
3246 2183 3448 2238 clario-

1844 2294 1979 2332 rem.
2014 2277 2182 2333 Sacra
2213 2277 2461 2347 profecto
2496 2277 2635 2340 dies,
2666 2276 2791 2346 quia
2822 2276 3200 2330 sacratissimo
3231 2272 3444 2330 homini

1841 2378 2185 2434 consecrata,
2211 2377 2268 2423 et
2296 2367 2441 2422 illius
2468 2368 2744 2438 assignata
2774 2367 3088 2438 praeconiis,
3113 2382 3276 2438 quem
3308 2364 3455 2440 con-4‘

1843 2472 2036 2517 ventus
2060 2461 2340 2534 angelicas
2375 2476 2485 2515 non
2539 2462 2891 2516 mediocriter
2943 2471 3245 2517 reveretur.
3296 2460 3452 2517 Unus

1840 2561 1923 2608 est
1959 2553 2129 2618 enim,
2169 2567 2332 2623 quem
2379 2552 2787 2623 praenobilitant
2840 2553 3136 2625 singularis
3183 2555 3452 2624 primatus

1843 2642 2099 2714 insignia,
2141 2642 2528 2699 clavicularius
2554 2644 2708 2714 regni
2751 2645 3041 2711 caelorum,
3075 2646 3282 2716 lingua,
3321 2644 3449 2700 fidei

1839 2733 2277 2789 fundamentum.
2312 2724 2739 2790 Consummatur
2768 2735 2943 2790 honor
2978 2746 3034 2791 et
3060 2737 3302 2808 dignatio
3335 2735 3448 2806 glo-

1841 2824 2007 2891 riosa,
2040 2825 2319 2879 hominem
2353 2824 2406 2878 in
2438 2825 2866 2893 terrispositum
2902 2825 3059 2881 ctelis
3105 2827 3449 2894 imperitare,

1837 2923 1891 2967 et
1916 2913 2057 2967 inter
2080 2913 2395 2984 angelorum
2423 2914 2616 2970 choros
2640 2915 2944 2984 iudiciaria:
2970 2917 3258 2986 potestatis
3287 2930 3452 2971 exer-

1839 3019 1964 3059 ce:e
1979 3004 2259 3059 virtutem.
2281 3004 2449 3059 Sedet
2468 3005 2785 3061 dominator
2801 3007 3060 3063 Dominus
3076 3007 3219 3062 inter
3231 3008 3450 3078 agmina

1840 3097 2104 3153 lucidiore
2132 3098 2253 3154 luce
2283 3098 2566 3171 fulgentia,
2599 3110 2655 3153 et
2681 3101 2749 3154 de
2780 3095 3020 3155 Thronis
3043 3103 3112 3154 ad
3137 3099 3450 3170 .Cherubim

1841 3188 2212 3255 transvolans,
2236 3189 2385 3244 vices
2413 3189 2778 3245 sessionarias
2803 3191 3150 3245 intermutat.
3175 3189 3452 3257 Quamob-

135 3279 276 3336 Sunt
305 3259 572 3352 siquidem
601 3259 779 3340 sancti
815 3286 1058 3342 eremitze
1107 3296 1164 3343 et
1217 3259 1584 3358 anachoreta),
1636 3293 1732 3347 sed
1762 3259 1806 3320 ε
1842 3297 1956 3334 rem
1990 3281 2200 3335 αάωίτᾶ

1382 3259 1584 3358 mret-ge,
1636 3293 1732 3347 sed
1762 3259 1806 3320 (ἶ
1842 3297 1956 3334 rem
1990 3281 2311 3335 admiranda
2359 3280 2583 3350 quidem
2625 3279 2933 3334 sessionum
2967 3281 3225 3339 mutatio.
3257 3281 3448 3350 longe-

133 3374 260 3443 qnis
279 3375 382 3429 sibi
423 3377 635 3432 vivendi
666 3378 906 3450 regulam
938 3380 991 3434 in
1022 3380 1260 3436 silvestri
1294 3381 1476 3448 melle,
1505 3391 1562 3439 et
1590 3384 1734 3440 inco-

133 3467 392 3522 mestibili
425 3467 757 3537 lucustarum
792 3487 916 3528 esca
971 3473 1241 3544 praslixit?
1291 3474 1390 3530 Cui
1447 3491 1613 3546 porro
1663 3477 1732 3532 ad

133 3560 486 3629 asperitatem
516 3562 747 3618 vestium
775 3579 881 3619 non
909 3563 1179 3620 sulliciant
1209 3581 1337 3637 saga
1355 3566 1516 3621 cilina
1536 3583 1730 3637 capra-

132 3650 295 3705 rum?
321 3650 429 3707 Iste
457 3653 683 3722 pellicea
737 3671 874 3709 zona
912 3659 1263 3726 pratcinctus,
1310 3659 1438 3728 pilis
1493 3660 1734 3714 induitur

130 3732 490 3798 camelorum.
522 3744 814 3801 Enimvero
852 3757 980 3802 sunt
1007 3749 1184 3803 sancti
1231 3750 1729 3816 abrenuntiatores,

130 3839 192 3888 et
230 3835 488 3890 steculum
542 3837 939 3907 relinquentes;
984 3840 1076 3895 sed
1114 3841 1237 3906 iste,
1289 3841 1514 3911 puerilis
1556 3842 1734 3900 adhuc

131 3924 353 3989 indolis,
382 3943 504 3982 cum
546 3929 776 3984 necdum
813 3931 1096 3987 didicisset
1123 3933 1359 3987 civiliter
1401 3932 1606 3996 vivere,
1639 3933 1734 3988 dc-

129 4026 279 4074 serta
304 4030 617 4090 penetrans,
677 4023 918 4078 decrevit
969 4024 1247 4079 solitarius
1303 4025 1583 4090 habitare;
1635 4041 1734 4080 nec

130 4111 388 4183 dignatus
413 4120 494 4167 est
515 4113 655 4184 patri
683 4113 735 4168 in
759 4115 1084 4170 sacerdotali
1116 4117 1383 4187 dignitate
1407 4099 1731 4180 succedere,

127 4215 195 4260 ut
223 4221 414 4262 verum
467 4223 849 4279 summumque
897 4211 1140 4265 omnium
1186 4210 1528 4265 sacerdotem
1560 4209 1731 4266 libera

126 4299 402 4368 potuisset
457 4314 590 4355 voce
645 4301 960 4369 pmdicare.
1014 4300 1304 4370 Prophetas
1354 4301 1734 4356 vaticinantur

127 4388 377 4444 futurum
433 4390 736 4447 Salvatoris
780 4392 1095 4456 adventum.
1135 4393 1390 4462 apostoli,
1439 4394 1734 4463 exterique

126 4482 388 4537 doctores
421 4485 1027 4556 testanturimpletum;
1081 4486 1322 4542 Joannes
1351 4495 1532 4541 autem
1581 4487 1733 4542 illum

1835 3389 1941 3444 que
1969 3374 2197 3427 rationis
2227 3373 2480 3431 humana:
2507 3372 2838 3441 superducta
2875 3375 3281 3441 conspectibus,
3323 3387 3450 3427 cuin

1836 3465 1997 3518 modo
2022 3461 2293 3528 Thronos,
2319 3463 2479 3518 modo
2505 3461 2799 3517 Clierubim
2831 3462 3095 3518 insedisse
3116 3463 3349 3533 legatur.
3376 3462 3446 3519 Et

1837 3557 1963 3612 licet
1991 3558 2255 3612 assistant
2282 3555 2460 3626 angeli
2500 3556 2846 3626 praesidentis
2903 3553 3194 3626 imperium
3253 3572 3451 3629 exspe-

1839 3657 2072 3712 ctantes,
2125 3657 2181 3702 et
2233 3647 2692 3702 administratorii
2753 3647 2979 3715 Spiritus
3011 3649 3289 3719 assignata
3345 3649 3450 3704 sibi

1837 3741 2140 3796 ministeria
2181 3741 2522 3806 sortiantur;
2558 3739 2738 3796 nullus
2765 3749 2948 3795 tamen
2995 3754 3187 3796 eorum
3245 3741 3450 3814 ligandi

1835 3842 2001 3904 atque
2037 3833 2282 3890 solvendi
2315 3837 2561 3906 possidet
2608 3844 2955 3906 potestatem.
3006 3837 3176 3892 Adest
3227 3836 3449 3904 Petrus,

1836 3933 1890 3980 et
1921 3925 1988 3980 ad
2014 3925 2132 3995 ejus
2180 3925 2467 3980 arbitriqu
2517 3927 2668 3981 orbis
2725 3927 3057 3982 universitas
3111 3928 3364 3994 solvitur,
3395 3940 3452 3984 et

1837 4017 2064 4087 ligatur;
2091 4027 2145 4072 et
2177 4019 2433 4088 praecedit
2461 4019 2607 4074 Petri
2640 4022 2911 4076 sententia
2963 4025 3297 4078 sententiam
3347 4026 3454 4081 lie-

1835 4111 2156 4180 demptoris,
2178 4113 2304 4182 quia
2321 4128 2427 4166 non
2455 4113 2599 4180 quod
2627 4111 2904 4180 Christus,
2935 4115 3040 4169 hoc
3063 4116 3194 4185 ligat
3228 4115 3446 4183 Petrus,

1836 4202 1930 4256 sed
1953 4203 2095 4272 quod
2112 4203 2326 4268 Petrus,
2345 4205 2447 4259 hoc
2469 4205 2887 4276 ligatChristus.
2916 4207 3285 4279 lpsoidipsum
3311 4221 3451 4264 atte-

1836 4306 2017 4353 stante
2059 4315 2073 4350 :
2110 4317 2127 4349 ε
2167 4298 2560 4368 Quodcunque,
2592 4301 2788 4369 inquit,
2815 4301 3070 4372 ligaveris
3119 4319 3285 4372 super
3347 4313 3451 4358 ter-

1839 4405 1977 4456 ram,
2030 4391 2136 4444 erit
2181 4389 2407 4461 ligatum
2459 4400 2514 4446 et
2561 4393 2612 4445 in
2639 4393 2794 4447 ctelis
2830 4393 3046 4465 (Matth.
3088 4397 3224 4465 xvr).
3264 4415 3281 4448 ι

1910 4479 1955 4535 Ο
1985 4497 2148 4551 quam
2191 4492 2384 4551 potens
2431 4483 2690 4550 dignitas,
2739 4499 2904 4553 quam
2966 4486 3128 4556 digna
3171 4486 3445 4555 potentia!

124 4583 458 4644 prtesentem
508 4578 770 4642 ostendit,
818 4579 903 4633 cui
959 4579 1122 4634 totius
1176 4579 1382 4643 smculi,
1425 4587 1481 4633 et
1521 4579 1731 4650 antiqui
1765 4611 1811 4668 υ
1838 4573 2056 4628 Judicat
2081 4575 2294 4638 Petrus,
2328 4584 2383 4628 et
2419 4574 2567 4629 Petri
2593 4577 2797 4645 judicia
2847 4579 3141 4632 confirmat
3189 4578 3452 4651 Omnipo-

124 4665 346 4720 scilicet
373 4675 426 4720 et
467 4667 1081 4740 moderni,-prtndicatio
1112 4670 1387 4725 militavit.

199 4755 260 4810 In
294 4757 398 4811 hoc
423 4759 586 4812 etiam
618 4759 720 4813 iste
747 4761 1024 4830 prephetis
1054 4762 1310 4816 omnibus
1331 4763 1727 4831 supereminet,

122 4847 390 4917 quoniam
407 4848 480 4902 illi
497 4849 758 4919 Spiritum
781 4861 1028 4906 sanctum
1045 4867 1139 4923 per
1157 4861 1379 4907 aetatum
1397 4854 1730 4908 incrementa

121 4939 467 5006 suscipiunt;
503 4940 603 4993 iste
633 4955 762 4994 vero
807 4940 1109 4995 visceribus
1140 4943 1317 4996 adhuc
1346 4943 1612 4996 matemis
1645 4943 1729 4996 in-

122 5028 338 5096 clusus,
370 5031 624 5085 virtutem
670 5032 924 5102 Spiritus,
951 5034 1124 5102 gratia
1161 5034 1548 5102 prteveniente,
1600 5049 1729 5088 con-

122 5121 312 5189 cepit;
337 5130 393 5176 et
429 5125 897 5192 appropinquante
926 5125 1091 5178 totius
1121 5124 1356 5179 Auctore
1387 5125 1610 5188 laetitiae,
1640 5128 1731 5179 vix

122 5212 262 5266 dum
293 5208 510 5267 formati
542 5215 786 5282 corporis
837 5215 1054 5269 nutibus
1100 5215 1409 5270 exsultavit.
1461 5216 1566 5269 Alii
1621 5233 1728 5271 non

120 5303 554 5372 coinquinantcs
599 5304 920 5359 vestimenta
977 5322 1074 5360 sua
1124 5306 1363 5377 virgines
1416 5323 1732 5378 permanse-

123 5393 416 5458 runt;hic
464 5403 670 5459 autem,
709 5403 767 5468 ut
815 5412 1005 5452 omnes
1037 5397 1092 5450 in
1123 5413 1182 5452 se
1213 5399 1396 5452 carnis
1450 5399 1732 5454 illecebras

120 5483 200 5538 ab
254 5483 375 5553 ipsa
422 5483 664 5538 funditus
718 5488 900 5542 radice
935 5487 1275 5557 prtccideret,
1324 5497 1379 5541 et
1432 5504 1537 5543 non
1572 5473 1731 5543 [nodo

119 5574 392 5644 genitalia
433 5575 698 5641 membra,
751 5577 844 5631 sed
879 5587 934 5632 et
988 5594 1152 5633 aures
1203 5588 1258 5632 et
1302 5579 1490 5633 oculos
1522 5580 1573 5633 in
1610 5593 1731 5632 ver-

119 5666 322 5720 nantis
375 5682 439 5720 ac
488 5667 691 5720 ﬂoridae
734 5669 1066 5740 virginitatis
1112 5672 1442 5726 indelicienti
1487 5673 1730 5726 viredine

117 5762 461 5826 cttstodiret,
488 5762 912 5820 cohabitationis
951 5766 1203 5822 humana:
1252 5767 1606 5823 contubernia
1647 5783 1729 5822 re-

116 5857 300 5916 nouit.
349 5863 404 5909 et
455 5868 567 5907 orte
617 5852 826 5908 fervore
878 5857 1103 5928 spiritus
1161 5857 1398 5914 ferarum
1431 5874 1491 5914 se
1541 5858 1729 5915 lustris

1845 4676 1988 4732 tcns,
2011 4675 2164 4721 etest
2190 4669 2242 4721 in
2267 4684 2427 4721 manu
2455 4667 2596 4722 Petri
2625 4685 2819 4724 manus
2843 4669 3109 4724 Altissimi
3140 4688 3155 4737 ;
3189 4672 3449 4744 solusque

1844 4759 1933 4813 ille
1972 4758 2207 4815 cllicitur
2234 4759 2520 4816 familiaris
2545 4761 2774 4828 Christi,
2807 4766 2900 4833 qui
2927 4764 3072 4819 Petri
3105 4765 3449 4820 familiarita-

1843 4859 1950 4906 tem
1985 4853 2258 4908 habuerit.
2305 4853 2443 4918 Quid
2477 4862 2561 4907 est
2617 4869 2750 4923 quo,
2800 4856 3116 4926 angelorum
3169 4867 3223 4911 et
3272 4859 3447 4913 homi-

1840 4960 1968 4998 num
2009 4945 2316 5014 agminibus
2342 4947 2768 5007 exclusis.solus
2797 4949 2992 5005 Petrus
3024 4950 3075 5006 in
3109 4953 3447 5006 consortium

1841 5039 2038 5092 divinze
2056 5038 2378 5108 majestatis,
2403 5049 2459 5095 ct
2479 5058 2600 5095 cum
2619 5041 2848 5097 Domino
2871 5045 3070 5100 residet
3085 5047 3450 5115 prmsidcnte?

1846 5131 2013 5185 Dulce
2066 5131 2422 5200 colloquium,
2479 5143 2664 5187 sancta
2723 5137 3100 5202 conuersatio;
3158 5138 3448 5193 concilium

1843 5221 2079 5291 speciale
2132 5219 2278 5275 Petri
2310 5231 2364 5277 et
2393 5221 2512 5289 Dei,
2543 5223 2632 5277 ubi
2688 5234 3023 5279 secretorum
3080 5227 3448 5301 indill‘creutia

1843 5316 2129 5370 mortalem
2160 5316 2434 5372 hominem
2460 5316 2571 5372 Deo
2604 5317 2820 5387 copulat
2847 5329 2901 5372 et
2940 5320 3148 5374 counit.
3170 5320 3285 5374 Non
3318 5338 3452 5392 ergo

1845 5406 2041 5460 tnirum
2100 5405 2145 5459 si
2175 5406 2484 5460 ardentiore
2513 5407 2705 5462 affectu
2762 5409 2936 5479 diligit
2967 5410 3308 5466 Salvatorem
3352 5411 3452 5466 Pc-

1844 5507 1958 5551 trus
1986 5498 2285 5566 apostolus.
2312 5514 2436 5553 cum
2470 5499 2763 5569 singularis
2821 5517 2978 5555 amor
3030 5501 3246 5558 refusus
3291 5504 3364 5558 sit
3394 5505 3448 5558 in

1839 5603 1987 5650 cum.
2023 5595 2082 5642 ut
2119 5601 2174 5643 et
2200 5589 2550 5660 singulariter
2582 5593 2794 5662 diligat,
2824 5602 2878 5647 et
2910 5594 3225 5663 specialiter
3252 5594 3450 5664 diliga-

1842 5681 2172 5734 tur..Anima
2201 5682 2321 5751 ejus
2353 5700 2462 5737 una
2491 5693 2575 5737 est
2597 5684 2662 5739 de
2690 5685 3116 5742 adolescentulis
3168 5703 3289 5756 quze
3316 5689 3450 5744 dile-

1841 5778 2040 5824 xerunt
2071 5784 2196 5824 eum
2224 5772 2406 5826 nimis.
2440 5773 2672 5828 Puerilis
2690 5787 2825 5831 tetas
2847 5777 3087 5830 nondum
3119 5777 3290 5831 amori
3319 5791 3448 5832 con-

1840 5861 2009 5932 gruit,
2037 5862 2224 5919 scrrilis
2252 5863 2414 5920 desiit
2442 5864 2510 5922 ab
2549 5880 2758 5921 artiore.
2789 5866 2933 5922 Pucr
2955 5876 3060 5934 est,
3086 5868 3176 5937 qui
3209 5868 3449 5924 nomium
