5232 6480
118 1058 121 1059 ν
156 1048 165 1063 1

120 1090 163 1129 .τὶ

74 1145 174 1213 ζῗέ

80 1288 117 1319 τ
162 1314 165 1315 ,

74 1380 121 1397 ur.

72 1434 99 1445 --
129 1405 182 1468 ἀ

72 1572 77 1585 '
131 1563 190 1624 {is

145 1625 164 1636 ε

80 1619 190 1690 ..ρςξῖ

72 1689 172 1751 ,ιτ

72 1762 99 1793 ,δ
127 1741 188 1790 ,εἰδὲ

74 1793 190 1845 ag.“

108 1860 127 1883 χ
174 1846 189 1871 ρ

1875 361 1978 417 647

2517 360 2573 414 s.
2608 357 2809 414 rem
2837 355 3295 412 assumere.
3336 353 3514 409 usus
3539 353 3666 410 seu
3701 350 3938 411 “mltis
3967 355 4027 408 ιι.
4052 384 4118 394 -
4159 337 4550 408 senuoxes.

4910 56 5177 65 ..._—.__

5015 351 5105 406 6‘8

1875 476 2104 531 sternis
2127 474 2345 527 studere
2368 472 2562 540 coepit;
2593 483 2759 523 senes
2795 478 2898 530 est,
2927 469 3018 537 qui
3069 477 3330 535 ceperat,
3360 469 3454 520 sed
3483 473 3527 528 Α
3562 465 3663 519 Sed
3691 465 4042 519 succeth
4064 479 4158 517 cor
4179 464 4297 531 ejus
4326 463 4643 516 l’amilaritas
4666 460 4898 522 dulcior,
4927 470 4981 514 et
5001 475 5104 515 ver-

1887 564 2106 618 dimisit.
2155 560 2416 628 Utrosque
2455 546 2624 628 igitur
2659 557 2745 611 ille
2772 572 3015 611 summus
3039 567 3250 609 amator
3271 555 3449 610 exclu-

1886 653 1984 719 dit,
2005 659 2115 707 eta
2148 649 2425 718 majestate
2477 664 2587 704 sua:
2641 648 2945 702 dilectionis
3007 647 3266 700 eliminat.
3326 646 3449 699 Sola

1886 740 2268 805 adolbscentia,
2313 739 2703 793 ardentissimis
2775 738 2986 806 ignibus
3039 738 3445 798 incandescens,

1884 831 2186 900 eclipticum
2212 844 2447 884 amorem
2496 845 2600 882 non
2653 829 2862 896 recipit,
2920 829 3012 882 aed
3062 828 3307 880 ardorem
3348 827 3445 880 sibi

1883 921 2121 974 vindicat
2145 919 2442 988 copiosum.
2473 917 2618 972 Inter
2653 916 3078 972 adulescentulas
3108 917 3289 985 igitur,
3331 917 3447 967 ani-

1887 1025 2001 1065 mas
2030 1010 2280 1065 videlicet
2318 1009 2634 1070 electorum.
2665 1024 2781 1076 qua:
2805 1006 3010 1060 caelesti
3063 1022 3262 1074 sponso
3311 1006 3442 1059 dile-

1883 1103 2114 1156 ctionem
2146 1102 2508 1171 promiserunt
2535 1109 2588 1154 et
2633 1102 2809 1162 tidem,
2853 1100 2950 1154 ista
2983 1099 3092 1152 sola
3131 1100 3315 1152 dilexit
3362 1115 3447 1152 ar-

1882 1191 2116 1261 dentius,
2145 1202 2201 1246 et
2229 1191 2428 1246 amoris
2446 1189 2744 1258 impatiens,
2765 1189 2871 1240 ait:
2911 1206 2928 1237 ι
2954 1187 3200 1246 Domine.
3223 1189 3265 1240 si
3290 1187 3444 1260 135

1883 1291 1941 1336 tu
1961 1299 2041 1347 es,
2068 1281 2198 1350 jube
2218 1296 2307 1350 [me
2336 1281 2516 1333 venire
2541 1280 2606 1332 ad
2632 1291 2681 1332 te
2703 1294 2858 1348 super
2890 1293 3056 1345 aquas
3081 1276 3296 1346 (Matth.
3329 1281 3386 1345 ι).
3422 1297 3439 1327 ι

1883 1370 1997 1426 Non
2027 1371 2201 1425 timuit
2227 1370 2547 1441 singularem
2574 1369 2822 1432 elementi
2853 1367 3171 1426 molestiam,
3201 1377 3252 1420 et
3275 1368 3442 1434 pel..gi

1839 1500 1842 1503 -
1881 1461 2150 1516 szevientis
2182 1459 2461 1515 undositas
2494 1457 2744 1512 all'ectum
2785 1456 3025 1526 Apostoii
3075 1458 3308 1510 retinere
3339 1473 3442 1508 non

1879 1551 2072 1620 potuit.
2101 1549 2207 1604 Sed
2236 1549 2360 1618 quid
2416 1558 2500 1602 est
2544 1549 2686 1616 quod
2714 1547 2842 1600 dicit
2890 1546 3061 1604 nimis,
3115 1560 3237 1597 cum
3286 1545 3443 1596 nimis

1877 1637 1967 1694 ille
1995 1637 2137 1708 diligi
2163 1652 2268 1692 non
2298 1639 2483 1708 possit,
2508 1637 2599 1706 qta'
2628 1645 2739 1689 toto
2761 1635 2939 1696 corde,
2962 1643 3068 1686 tota
3096 1635 3293 1694 anima,
3319 1634 3441 1686 totis

1875 1731 2080 1785 viribus
2103 1730 2412 1800 praecipitur
2441 1728 2776 1798 diligendus?

3553 553 3678 608 bum
3706 553 3772 607 de
3801 553 4174 620 Redemptoris
4221 552 4462 605 absentia
4497 551 4607 618 pati
4647 565 4756 603 non
4785 549 5106 624 poterat

3553 646 3784 714 nignitas
3816 645 4105 712 diligentis.
4137 644 4233 696 llic
4264 644 4504 710 diligitur
4537 642 4674 694 Deus
4701 655 4765 693 es
4792 649 4908 692 toto
4933 641 5102 700 corde,

3551 751 3672 790 Cum
3695 736 3743 786 in
3774 736 3934 790 corde
3963 735 4193 788 hominis
4223 732 4446 790 allectus
4492 744 4544 788 et
4568 732 4791 785 dulcedo
4831 731 5104 794 inhabitet,

3550 826 3828 894 solumque
3856 841 3948 878 cor
3976 826 4205 879 nominis
4252 825 4454 878 amoris
4501 824 4836 877 dulcedinem
4871 836 5106 891 perseve-

3551 919 3688 970 ranti
3745 917 4039 970 stabilitate
4091 917 4376 970 custodiat.
4434 914 4584 968 [inde
4629 924 4682 966 et
4727 914 4964 982 vulgaris
4994 927 5108 966 usus

3549 1007 3798 1069 obtinuit,
3857 1017 3936 1064 ut.
3974 1022 4094 1060 cuiu
4127 1006 4360 1074 aliquem
4425 1005 4492 1058 ab
4545 1004 4727 1071 aliquo
4773 1005 5109 1057 vehi-menter

3550 1110 3717 1147 amari
3742 1097 4121 1164 conspicimus,
4151 1098 4426 1148 dicamus:
4467 1094 4541 1148 Es
4566 1096 4728 1148 corde
4775 1094 4952 1163 diligit
4974 1108 5107 1157 eum,

3548 1200 3702 1253 quem
3727 1187 3931 1240 scilicet
3955 1198 4121 1248 amat,
4161 1196 4214 1240 et
4248 1188 4514 1254 sequitur.

3618 1277 3895 1328 Secundus
3917 1286 4020 1338 est,
4038 1276 4256 1344 diligere
4277 1277 4568 1343 sapienter.
4587 1274 4798 1331 Gradus
4824 1275 4925 1327 istc
4941 1275 5111 1327 multa:

3546 1365 3840 1418 altitudinis
3859 1375 3959 1426 est,
3983 1375 4034 1418 et
4051 1365 4207 1418 nimis
4222 1365 4486 1417 iliﬂlcilcm
4504 1364 4787 1432 pollicetur
4806 1378 5108 1418 ascensum.

3547 1455 3657 1508 Non
3722 1467 3897 1510 autem
3957 1457 4134 1509 evadit
4193 1457 4257 1508 ad
4297 1471 4552 1508 cacumen
4605 1457 4718 1522 ejus
4799 1457 4902 1509 nisi
4967 1469 5113 1508 mens

3547 1549 3816 1608 mundior,
3847 1558 3900 1600 et
3930 1563 4048 1615 qua:
4079 1549 4258 1600 mundi
4289 1549 4444 1614 hujus
4495 1547 4816 1613 sapientiam
4848 1547 5108 1612 sapientia

3545 1641 3883 1702 supert'aleat
3934 1638 4267 1705 angelorum.
4323 1636 4480 1706 136
4525 1636 4640 1690 Non
4690 1635 4987 1690 attenditur
5033 1637 5112 1688 hic

3548 1731 3839 1790 nascentis,
3874 1728 3953 1779 κει
3992 1727 4295 1780 itinerantis
4327 1727 4414 1778 Dei
4445 1727 4712 1779 cumulata
4756 1727 4992 1786 devotio,
5025 1729 5112 1780 sed

1949 1818 2084 1872 Tres
2115 1827 2240 1873 sunt
2269 1817 2465 1886 gradus
2494 1817 2546 1870 in
2571 1832 2755 1870 amore
2784 1816 2899 1878 Dei,
2938 1829 3163 1884 quorum
3199 1814 3265 1869 ad
3307 1813 3437 1866 altev
3472 1817 3513 1872 Β
3546 1820 3778 1870 \‘erlium
3814 1818 3863 1867 in
3914 1817 4180 1884 principio
4210 1816 4346 1883 apud
4394 1815 4557 1868 Deum
4605 1815 4780 1883 (Joan.
4809 1817 4871 1869 ll.
4914 1814 5112 1868 Decor-

1878 1924 1998 1963 rum
2026 1909 2142 1963 sine
2173 1907 2345 1962 altero
2368 1908 2750 1968 conscendere,
2781 1915 2872 1958 aut
2909 1921 3097 1974 parum
3147 1905 3310 1967 valet,
3351 1912 3444 1955 aut

1872 1996 2030 2056 nihil.
2055 1996 2304 2052 Cucurrit
2349 2011 2412 2051 eo
2438 1997 2724 2066 Apostolus
2775 1985 2924 2064 pede
2954 1995 3242 2054 velociore.
3273 1995 3442 2047 donec

1873 2087 1933 2144 in
1963 2087 2106 2142 tertii
2137 2086 2447 2141 summitate
2477 2087 2792 2154 repositum;
2821 2085 2886 2138 ad
2936 2085 3153 2139 caeleste
3185 2083 3440 2153 palatium

1870 2175 2134 2232 evolarct.
2162 2175 2436 2228 Amandus
2457 2175 2597 2227 enim
2623 2182 2707 2228 est
2732 2172 2871 2226 Deus
2896 2172 3142 2234 dulciter,
3173 2172 3445 2239 sapienter

1873 2275 1933 2320 et
1956 2263 2185 2318 fortiter.
2211 2264 2319 2318 Sed
2341 2263 2451 2334 jam
2469 2265 2742 2320 videamus
2763 2263 2888 2333 quid
2918 2262 2989 2316 sit
3007 2262 3236 2318 dulciter
3264 2276 3442 2313 amare

1876 2353 2066 2412 Deum.
2091 2353 2270 2412 Dulcis
2293 2355 2439 2408 enim
2464 2363 2567 2419 est,
2595 2362 2649 2406 et
2687 2353 2910 2409 dulciter
2950 2354 3094 2422 diligi
3122 2354 3298 2414 debet,
3352 2352 3440 2420 qui

1875 2446 2272 2504 multitudinem
2301 2433 2595 2499 dulcedinis
2621 2447 2752 2507 sum,
2783 2445 2863 2498 vel
2900 2444 3225 2504 amantibus,
3263 2443 3341 2496 vel
3376 2445 3442 2494 ti-

1873 2536 2144 2592 mentibus
2172 2549 2230 2590 se
2267 2531 2579 2588 ministrare
2611 2547 2716 2590 non
2757 2542 2952 2586 cessat.
2997 2534 3223 2585 Amatur
3249 2533 3298 2584 in
3324 2532 3441 2585 dul-

1877 2624 2088 2689 cedine,
2118 2638 2240 2677 eum
2270 2633 2481 2676 amatur
2506 2623 2558 2675 in
2605 2637 2800 2686 carne;
2847 2637 2965 2676 cum
3022 2623 3292 2678 nescimus
3335 2622 3439 2675 nisi

1873 2712 2149 2767 Christum
2171 2709 2375 2774 Iesum,
2403 2719 2459 2766 et
2497 2711 2634 2764 hunc
2656 2709 2972 2768 cruciﬁxum
2997 2725 3011 2774 ;
3044 2724 3166 2763 cum
3190 2720 3298 2763 tota
3323 2725 3380 2762 ca
3393 2727 3439 2760 r-

1874 2802 1964 2861 nis
1991 2800 2107 2870 ejus
2125 2800 2424 2876 frequentia
2460 2797 2728 2874 frequenti
2754 2786 3008 2854 memoria
3045 2801 3340 2861 retinetur;
3388 2813 3440 2854 et

1873 2905 2003 2947 ossa
2029 2901 2211 2945 nostra
2255 2890 2565 2945 medullitus
2606 2890 2850 2944 concutit
2889 2897 3048 2942 tanta:
3084 2890 3440 2950 miserationis

1872 2980 2128 3052 dignatio.
2159 2977 2292 3035 Cum
2321 2979 2462 3036 enim
2483 2981 2835 3037 recordamur
2862 2978 3067 3050 {legem
3099 2979 3282 3046 gloria:
3318 2994 3438 3046 par-

1869 3073 1982 3128 vuli
2008 3071 2267 3141 vagientis
2290 3069 2558 3124 sustinere
2587 3069 2862 3132 miserias,
2907 3069 3434 3139 pannoruaa‘vilium

3547 1910 3674 1960 dare
3713 1907 3901 1963 Fiﬁum
3927 1906 4018 1959 Dei
4053 1922 4172 1958 cum
4212 1905 4367 1959 Patre
4389 1906 4566 1958 omnia
4600 1905 4980 1966 fabricautcm.
5006 1919 5114 1959 orer

3543 2012 3720 2053 anteat
3753 1998 3991 2066 angelos,
4043 1998 4308 2051 elementa
4355 1998 4690 2068 itittgentem,
4740 1997 5112 2067 disponentem

3546 2091 3820 2148 muniuit,
3861 2089 4038 2138 omnia
4072 2089 4494 2154 gubernantem;
4531 2095 4586 2138 et
4639 2096 4909 2155 cognosce
4954 2099 5112 2153 quam

3543 2177 3804 2234 διε-(ἀνείη
3855 2178 3924 2228 sit
3964 2178 4062 2228 i~ta
4092 2176 4324 2244 cognitio
4354 2191 4511 2242 quam
4541 2175 4645 2226 illa.
4681 2174 4893 2227 Intuere
4929 2173 5112 2226 ineﬂ'a-

3543 2267 3700 2320 bilem
3749 2269 3916 2335 ipsius
3947 2267 4272 2335 genituram,
4325 2278 4377 2318 et
4429 2267 4664 2335 genitum
4716 2265 4957 2336 gignenti
5010 2279 5112 2320 non

3542 2358 3886 2420 dissimilem;
3923 2373 4023 2412 nec
4053 2357 4284 2424 priorem
4344 2355 4557 2408 Patrem
4603 2370 4763 2423 quam
4805 2354 5035 2416 Filium;
5066 2365 5116 2410 et

3539 2460 3664 2502 tunc
3699 2449 3958 2516 intelliges
3981 2458 4177 2515 quanta
4212 2446 4513 2500 diderentia
4538 2445 4873 2498 nativitatem
4905 2455 5116 2498 utram—

3540 2557 3642 2608 que
3675 2542 3974 2608 ditjuugat;
4028 2519 4150 2594 cum
4180 2539 4322 2590 aliud
4353 2539 4425 2590 sit
4453 2537 4600 2590 nasci
4635 2536 4686 2588 in
4731 2536 4925 2604 gloria,
4975 2535 5116 2588 aliud

3543 2636 3592 2686 in
3625 2634 3876 2694 miseria;
3909 2632 4051 2683 aliud
4079 2631 4336 2699 arqualem
4383 2628 4511 2692 Deo,
4562 2628 4706 2680 aliud
4749 2626 4961 2694 anﬂis
5000 2639 5115 2679 esse

3542 2727 3826 2778 minorem.
3862 2724 3983 2777 Hae
4014 2732 4094 2777 est
4126 2723 4386 2791 sapientia
4419 2719 4734 2791 singularis,
4785 2721 5112 2790 supergredi

3541 2817 3783 2883 corporis
3833 2822 3885 2865 et
3916 2828 4201 2881 corporum
4231 2810 4542 2874 obstacula;
4588 2820 4642 2864 et
4689 2812 4741 2862 in
4786 2809 4932 2863 illius
4985 2809 5114 2865 lueis

3541 2905 3790 2957 subsiiire
3817 2902 4176 2970 splendorem,
4209 2900 4298 2953 ulti
4331 2898 4511 2951 lumen
4545 2898 4755 2952 videtur
4786 2899 4839 2952 in
4891 2897 5113 2961 lumine,

3537 3002 3599 3045 et
3633 2991 3773 3044 Deus
3801 3009 3903 3044 uuu
3934 2991 4194 3050 serviens.
4221 2989 4314 3042 sed
4361 2990 4632 3057 imperans
4690 2990 5111 3042 demonstratur.

3538 3081 3684 3136 Felix
3709 3082 3885 3134 anima
3904 3096 4040 3149 qum,
4072 3080 4362 3134 fecuTcnIm
4387 3081 4566 3134 carnis
4583 3089 4836 3148 superata
4866 3083 5114 3140 mater-ia,

1870 3162 2078 3218 Viliuw
2100 3162 2331 3225 σενοινί.
2361 3161 2642 3231 fatigatum
2674 3176 2737 3216 ει
2781 3162 2972 3215 itinere
3000 3161 3258 3224 Γαίάετοι
3287 3161 3422 3215 ΡΜ·
3459 3151 3503 3211 C
3540 3177 3591 3230 in
3637 3173 3794 3238 hujus
3844 3172 4123 3240 sapienti:
4177 3171 4377 3224 lumine
4430 3170 4718 3236 requiescit
4752 3171 4764 3221 !
4815 3170 4910 3224 Vis
4939 3171 5116 3224 videre

1871 3253 2150 3308 rimorum
2165 3252 2474 3324 opprobria,
2492 3251 2732 3306 convicia
2753 3249 3058 3304 Iudaeorum
3082 3252 3434 3319 aurepatien'

1861 3341 2081 3412 ,tissima
2099 3341 2454 3412 pertransire;
2475 3340 2712 3409 nunquid
2737 3354 2841 3394 nou
2869 3339 3153 3408 compungi
3180 3340 3438 3393 debemus

1865 3419 1942 3489 id
1972 3440 2130 3485 tanta:
2150 3431 2363 3500 pietatis
2385 3429 2672 3486 intuitum?
2690 3428 2979 3483 Considera
2995 3427 3186 3486 Filium
3207 3429 3439 3498 Virginis

1869 3518 2069 3578 illitum
2122 3521 2315 3588 sputis,
2364 3517 2584 3572 lividqu
2655 3517 2850 3588 plagis,
2924 3516 3091 3570 clavis
3147 3517 3435 3574 conﬁxum.

1873 3609 2105 3666 Attende
2126 3617 2386 3667 rectorem
2416 3608 2537 3663 σαξιί
2585 3617 2820 3664 stantem
2860 3608 2912 3660 in
2962 3623 3141 3670 cruce,
3184 3608 3438 3678 pallidum

1879 3709 2075 3763 morte,
2099 3714 2260 3755 carne
2287 3700 2604 3756 deformem.
2638 3699 2714 3753 Ne
2760 3709 3106 3769 pertranseas
3155 3701 3436 3754 Dominum

1879 3791 2210 3862 angelorum,
2257 3794 2461 3848 factum
2504 3794 2849 3863 opprobrium
2917 3793 3214 3857 hominum,
3263 3794 3438 3847 virum

1870 3883 2142 3950 dolorum,
2168 3866 2497 3940 etscientetn
2530 3885 2890 3944 inﬁrmitates.
2923 3885 3094 3938 virum
3125 3898 3439 3956 percussum

1871 3987 1910 4030 a
1938 3972 2048 4027 Deo
2070 3982 2123 4027 et
2164 3973 2525 4036 humiliatum,
2575 3974 2748 4027 virum
2799 3973 3071 4043 leprosum
3101 3985 3155 4027 et
3194 3975 3442 4037 omnibus

1869 4064 2176 4132 espmitum
2222 4064 2576 4120 detrimentis.
2632 4063 2758 4118 Hmc
2816 4065 3113 4119 recordatio
3167 4065 3444 4121 succendit

1875 4168 1994 4217 eor.
2017 4157 2200 4224 pecttl’s
2220 4154 2696 4226 adurityinteriora
2724 4155 3048 4225 depascitur.
3073 4155 3219 4210 Talis
3241 4171 3439 4209 memo-

1873 4246 1960 4301 ria
2007 4245 2151 4300 elicit
2197 4245 2480 4317 lacrymas,
2536 4245 2791 4301 sulfuudit
2841 4234 3071 4309 oculos,‘
3110 4246 3289 4302 vultus
3343 4248 3442 4300 hu-

1873 4349 2096 4397 ntectat.
2121 4332 2126 4336 ’

1944 4428 2102 4484 Cinea
2137 4429 2280 4484 hunc
2308 4429 2418 4484 fere
2438 4428 2661 4497 gradum
2691 4425 2994 4481 obvolvitur
3021 4426 3199 4480 oninis
3231 4426 3442 4495 religio.

1870 4537 2059 4578 eorum
2096 4521 2372 4586 instantia.
2404 4535 2632 4589 raraque
2658 4520 2773 4572 avis
2797 4519 2848 4572 in
2873 4519 3036 4572 terris
3053 4529 3156 4580 est,
3182 4533 3300 4585 quae
3327 4533 3446 4586 pos-

1873 4613 1949 4666 sit
1974 4611 2116 4666 hunc
2144 4610 2376 4666 transire
2414 4608 2733 4680 profectum.
2766 4608 2925 4661 Astat
2973 4606 3115 4660 enim
3168 4608 3448 4660 orantibus

1873 4701 1962 4754 vel
1985 4703 2162 4770 imago
2191 4701 2467 4774 ngacentis
2492 4699 2606 4764 Dei,
2648 4699 2737 4754 vel
2765 4698 3051 4770 pendentis
3078 4698 3130 4749 in
3161 4713 3343 4758 cruce,
3375 4707 3449 4749 te-

1877 4798 2076 4859 netque
2105 4791 2300 4845 mentis
2323 4788 2564 4843 adlectum
2587 4787 2915 4844 incalescens
2930 4786 3158 4853 aﬁ’ectio,
3191 4799 3247 4843 et
3274 4791 3339 4841 ad
3373 4789 3449 4841 ul-

1875 4879 2076 4936 teriora
2106 4880 2190 4933 vis
2221 4879 2482 4948 permittit
2503 4893 2813 4933 excurrere.
2844 4878 2901 4932 lu
2929 4879 3032 4933 hoc
3059 4880 3226 4946 gradu
3259 4878 3448 4932 Petrus

1877 4971 2172 5041 impressus
2195 4969 2540 5034 consistebat,
2566 4985 2686 5024 cum
2717 4985 2958 5030 carnem.
2994 4979 3048 5022 et
3077 4970 3446 5024 conversatio-

1877 5075 2002 5117 nem
2047 5059 2174 5115 Iesu
2227 5058 2425 5114 Christi
2473 5060 2757 5119 tenerrime
2801 5059 3063 5128 diligens,
3112 5059 3446 5113 Salvatorem

1875 5151 2044 5205 etiam
2068 5167 2095 5206 a
2118 5149 2415 5206 salvatione
2434 5151 2875 5220 gener-inhumani
2905 5151 3218 5214 retraheret,
3237 5152 3446 5204 dicens:

1888 5261 1906 5294 ι
1927 5241 2198 5313 Propitius
2215 5253 2354 5305 esto,
2385 5244 2624 5305 Domine,
2653 5244 2747 5297 tibi
2778 5244 2903 5312 ipsi,
2929 5259 2994 5296 ne
3015 5241 3103 5295 fiat
3120 5243 3447 5310 nocuimus.

1885 5319 2022 5402 m).
2059 5352 2077 5384 ι
2119 5331 2216 5388 Cdi
2255 5332 2548 5386 Dominus:
2586 5351 2602 5383 t
2641 5333 2808 5394 Vade,
2842 5333 3035 5400 inquit,
3063 5343 3180 5401 post
3212 5347 3316 5395 me,
3358 5331 3453 5385 Sa-

1881 5430 2027 5482 tauu,
2057 5422 2180 5490 quia
2210 5435 2314 5474 non
2373 5423 2513 5489 sapis
2543 5436 2661 5489 qua:
2689 5421 2780 5474 Dei
2808 5430 2966 5482 sunt;
3003 5439 3019 5471 ι
3054 5421 3273 5490 culpans
3323 5436 3452 5474 con-

1878 5510 2082 5574 silium,
2108 5525 2212 5564 non
2241 5508 2510 5564 allectum.
2543 5511 2804 5580 Diligebat
2825 5510 2969 5563 enim
2983 5509 3224 5574 dulciter,
3250 5526 3352 5563 non
3370 5519 3452 5562 ta-

1878 5614 2005 5654 men
2021 5602 2292 5669 sapienter
2307 5618 2321 5666 ;
2335 5602 2600 5671 quomodo
2612 5599 2753 5656 enim
2767 5601 3058 5668 sapienter,
3071 5601 3157 5668 qui
3171 5600 3351 5654 mundi
3376 5616 3456 5653 re-

1881 5691 2155 5762 demption
2170 5707 2253 5747 em
2269 5702 2321 5747 et
2339 5691 2432 5746 Dei
2452 5693 2840 5764 providentiam
2857 5693 3125 5747 nitebatur
3139 5694 3457 5748 excludere?

3541 3264 3784 3326 Paulum,
3861 3261 4176 3330 quomodoa
4243 3262 4417 3329 primo
4474 3260 4640 3328 gradu
4696 3259 4762 3312 ad
4795 3261 5116 3314 .secundum

3542 3350 4025 3404 ascendermCum
4056 3349 4310 3404 dixisset:
4345 3367 4361 3397 t
4395 3347 4701 3420 Mihipbsit
4729 3349 4982 3417 gloriari,
5015 3351 5116 3403 nisi

3543 3441 3596 3493 in
3652 3454 3812 3492 cruce
3845 3439 4054 3491 Domini
4107 3439 4273 3491 nostri
4325 3436 4454 3491 ιω
4497 3438 4727 3491 Christi!
4765 3457 4781 3488 ι
4842 3436 4989 3508 (Gel.
5025 3443 5116 3502 vi.)

3541 3528 4055 3596 scripsitalioloco;
4092 3547 4108 3577 ι
4147 3529 4208 3581 Et
4231 3530 4275 3581 si
4299 3527 4904 3584 uoveramusChristutn
4922 3545 5116 3586 secun-

3542 3617 3668 3670 dum
3685 3631 3922 3674 carnem,
3944 3618 4036 3669 sed
4054 3631 4192 3669 nunc
4209 3615 4319 3681 jam
4346 3631 4450 3672 non
4469 3617 4718 3672 novimus
4733 3616 4818 3687 (Il
4844 3616 4971 3680 Cor,
4996 3621 5066 3686 v).
5099 3639 5115 3669 ι

3541 3706 3640 3766 Hic
3655 3706 3879 3761 allectus
3925 3708 4202 3776 sapientia:
4228 3708 4378 3761 sedet
4409 3709 4459 3760 in
4493 3709 4696 3770 anima,
4728 3723 4851 3777 qua
4881 3709 4999 3762 sola
5037 3726 5120 3761 ra-

3544 3800 3702 3854 tionis
3727 3815 3892 3866 capax
3914 3809 4026 3861 est;
4063 3801 4566 3868 incorporeumque,
4598 3809 4653 3853 et
4714 3800 5124 3855 incircumscﬁ-

3541 3897 3695 3958 ptum
3725 3889 3974 3960 spiritttm
4013 3887 4638 3945 indelessameditatione
4661 3901 4997 3958 pmspectat.
5031 3889 5128 3944 Hic

3544 3978 3781 4045 diligitur
3807 3979 3944 4030 Deus
3992 3989 4045 4030 et
4077 3987 4186 4030 tota
4219 3982 4419 4042 anima,
4460 3979 4510 4030 id
4537 3989 4621 4032 est
4644 3993 4706 4032 es
4762 3989 4873 4033 tota
4901 3981 5124 4050 sapies»

3548 4071 3642 4131 tia,
3679 4072 3767 4137 qui
3801 4072 3947 4139 prius
3974 4086 4037 4124 ex
4066 4080 4178 4125 toto
4229 4071 4416 4134 corde,
4473 4071 4522 4125 id
4566 4080 4649 4124 est
4693 4086 4761 4124 ex
4805 4069 5130 4134 diuitiae.

3543 4160 3880 4228 diligebatur.

3617 4250 3831 4304 Tertius
3856 4249 4049 4318 gradus
4079 4260 4182 4314 est,
4209 4264 4394 4306 amare
4424 4252 4667 4312 fortiter,
4696 4251 4746 4304 id
4775 4261 4880 4316 est,
4907 4266 4980 4304 ex
5011 4266 5132 4305 orn-

3548 4346 3704 4397 nibus
3755 4346 3976 4396 viribus.
4046 4343 4281 4396 Fortiter
4328 4343 4500 4412 diligit
4547 4345 4662 4409 qui,
4714 4357 4842 4397 cum
4897 4356 5132 4397 necesse

3552 4433 3730 4492 fuerit,
3775 4450 3870 4501 pro
3910 4433 4207 4486 Salvatoris
4244 4433 4346 4485 lide
4399 4447 4595 4501 corpus
4639 4442 4692 4485 et
4725 4433 4966 4485 animam
5026 4445 5134 4488 torv

3551 4525 3746 4576 tuentis
3777 4524 4012 4592 exponit.
4050 4523 4143 4576 llic
4174 4531 4253 4577 est
4290 4522 4494 4579 inicius
4512 4524 4712 4590 operis,
4743 4521 4950 4578 laboris
5005 4538 5134 4577 eon-

3550 4615 3856 4676 summatio,
3886 4614 4128 4681 probatio
4152 4613 4471 4666 dilectionis.
4504 4613 4576 4666 De
4607 4612 4776 4680 gradu
4824 4614 4978 4665 enim
5021 4613 5132 4666 dul-

3548 4703 3751 4756 cedinis
3805 4704 3869 4753 ad
3896 4704 4171 4772 sapientia:
4210 4703 4434 4772 gradum
4485 4704 4805 4756 aScenderat
4847 4704 5137 4770 apostolus

3550 4793 3903 4859 Petrume
3932 4797 4161 4846 diceret:
4198 4812 4214 4843 ι
4252 4794 4500 4846 Animam
4536 4809 4706 4846 meam
4737 4808 4882 4862 pono
4915 4808 5030 4861 pro
5089 4803 5136 4845 te

3551 4885 3763 4954 (llam.
3817 4885 3982 4954 sui).
4047 4906 4063 4936 ο
4153 4883 4293 4938 Nihil
4342 4886 4636 4952 sapientius
4692 4899 4868 4953 neque
4927 4885 5136 4945 fortius

3548 4989 3708 5044 quam
3739 4991 3752 5031 :
3792 4994 3808 5024 ι
3846 4977 4095 5026 Animam
4125 4988 4264 5040 pono
4298 4991 4394 5043 pro
4428 4985 4506 5038 te;
4557 4992 4577 5025 ι
4613 4974 4743 5026 nihil
4783 4973 5137 5042 insipientia

3551 5084 3722 5135 neque
3751 5069 3977 5118 debilius
4037 5083 4243 5133 quam:
4291 5085 4308 5118 ι
4344 5067 4525 5140 Neque
4577 5067 4712 5126 scio,
4765 5080 4948 5134 neque
5014 5083 5132 5119 non

3552 5157 3678 5225 quid
3708 5157 3855 5207 dicas
3887 5154 4066 5222 (ioca.
4097 5157 4204 5222 xv).
4245 5176 4261 5206 ι
4298 5157 4542 5210 Proiecto
4572 5155 4684 5222 jam
4714 5155 4981 5223 diligebat
5018 5159 5128 5210 dui-

3555 5247 3707 5305 citer.
3740 5246 3846 5312 jam
3879 5248 4326 5314 sapienter;"‘sdl
4356 5260 4643 5320 utrumque
4697 5247 4961 5315 perdidit,
5013 5261 5130 5301 eum

3558 5337 3768 5391 fortiter
3815 5354 3919 5391 non
3983 5339 4203 5402 dilexit;
4257 5355 4376 5392 eum
4434 5340 4499 5392 ad
4549 5354 4734 5392 vocem
4791 5340 5132 5395 umbratis!

3558 5426 3838 5479 Dominum
3873 5437 3927 5480 et
3955 5426 4260 5494 Magtszruru
4309 5444 4462 5481 suum
4515 5428 4763 5481 celeriter
4818 5429 5130 5497 abnegavit.

3558 5517 3660 5571 Sed
3689 5532 3807 5570 eum
3842 5521 3975 5569 mori
4007 5534 4101 5586 pro
4130 5518 4345 5570 Christo
4372 5520 4653 5586 disposuit,
4707 5517 4896 5568 dilexit
4930 5519 5129 5578 nimis;

3555 5607 3679 5675 quia
3713 5625 3729 5654 α
3768 5609 4024 5673 ma,‘orem
4055 5610 4154 5661 hac
4175 5608 4515 5662 dilectionem
4540 5622 4698 5660 nemo
4738 5607 4926 5670 habet,
4967 5623 5128 5672 quam

3559 5706 3614 5748 ut
3641 5697 3872 5751 animam
3895 5711 4044 5750 suam
4071 5698 4367 5766 ponatquis
4381 5712 4478 5768 pro
4510 5696 4700 5749 amicis
4724 5697 4839 5749 suis
4861 5695 5080 5766 illud}.
5109 5719 5126 5744 ο
