5232 6372
795 361 927 444 ’649

2277 371 2516 430 SERMO
2545 371 2771 430 'XXV’II.

4009 385 4119 444 650

836 501 1027 558 Aﬂixus
1077 502 1248 567 cruci,
1297 516 1326 554 a
1385 495 1496 556 fide
1546 483 1791 572 separari
1831 511 1940 553 non
1990 505 2190 583 potuit.
2248 493 2411 548 Vides
2437 495 2490 554 Α
2517 489 2620 546 olei
2651 490 2918 583 liquorem
2947 491 3197 560 effundit,
3228 493 3347 550 sine
3376 508 3488 564 quo
3523 509 3626 551 nec
3667 495 3836 566 regia,
3888 511 3991 554 nec
4031 515 4122 556 sa-

833 590 954 668 ergo
998 596 1269 666 quomodo
1300 604 1412 649 tres
1434 593 1633 665 gradus
1666 592 1758 647 isti
1787 591 1944 647 trinae
1974 582 2110 661 legis
2133 582 2416 644 dilectioni

835 681 1170 762 eonveuiant.
1207 687 1394 756 Itaque
1422 701 1668 756 amemus
1723 681 1983 748 dulciter;
2031 679 2307 752 sapienter
2357 689 2412 736 et

835 781 1068 845 fortiter,
1099 786 1157 831 ut
1187 778 1254 832 ad
1285 767 1600 848 Magistrum
1626 776 1777 832 Petri
1809 773 2202 830 intercessione
2231 775 2414 844 perveé

834 878 946 933 nire
976 874 1276 940 valeamus,
1314 875 1404 944 qui
1432 882 1517 928 est
1538 863 1864 929 benedictus
1887 871 1940 927 in
1968 859 2409 928 sineula.Amen.

1353 967 1372 985 ‘
1406 962 1640 1020 SERMO
1666 955 1877 1018 XXVII.

837 1074 900 1113 oi;
923 1073 1143 1120 SANCTIS
1171 1067 1468 1113 arosrous
1503 1070 1678 1112 ρετκο
1710 1073 1780 1110 ετ
1806 1068 1997 1112 panso.
2029 1053 2194 1126 (xm
2247 1072 2360 1110 ωε.
2396 1055 2416 1126 )

902 1150 1170 1207 Hodierna
1199 1150 1333 1214 dies,
1362 1148 1727 1214 dilectissimi,
1756 1147 1901 1203 clara
1930 1157 2012 1204 est
2035 1156 2092 1202 et
2136 1146 2414 1215 solemnis,

836 1241 1252 1310 unit‘ersamqne
1275 1238 1588 1295 ereatUram
1620 1252 1720 1294 suo
1773 1237 1978 1293 rumine
2031 1237 2419 1293 sanctificatet

836 1332 1082 1389 infundit.
1114 1331 1229 1388 Non
1262 1333 1406 1388 enim
1438 1339 1522 1388 est
1553 1334 1735 1403 ignota
1764 1330 2055 1397 festivitas,
2086 1330 2169 1386 vel
2192 1329 2420 1401 alicujus

833 1424 1179 1481 obscuritatis
1230 1423 1468 1480 tenebris
1515 1422 1802 1490 offuscata,
1852 1423 1945 1502 sed
1993 1423 2062 1478 ab
2115 1425 2238 1478 ortu
2289 1421 2418 1476 solis

838 1532 1004 1588 usque
1029 1517 1094 1572 ad
1123 1514 1375 1573 occasum
1403 1515 1497 1572 tuti
1528 1516 1749 1588 cognita
1795 1509 2016 1580 mundo,
2063 1511 2194 1584 ipsis
2251 1514 2417 1569 etiam

839 1606 991 1666 emlis
1020 1609 1168 1664 clara
1201 1608 1320 1663 luce
1347 1603 1617 1663 relucens.
1676 1607 1793 1662 Duo
1839 1606 1986 1661 enim
2045 1604 2418 1676 apostolorum

837 1694 1126 1770 principes,
1183 1697 1441 1754 Ecclesiae
1493 1696 1803 1763 luminaria,
1867 1703 2138 1768 martyres
2195 1697 2414 1761 summi,

838 1791 969 1864 legis
991 1791 1262 1855 doctores,
1295 1789 1455 1845 amici
1482 1789 1690 1860 sponsi,
1714 1788 1855 1844 oculi
1888 1799 2124 1858 sponsae;
2170 1797 2419 1858 pastores

834 1884 1028 1957 gregis,
1060 1884 1243 1939 mundi
1273 1891 1548 1948 custoaes,
1587 1881 1847 1937 hodierna
1878 1880 1967 1935 die
1993 1878 2230 1935 ctelestia
2253 1892 2422 1948 regna

837 1976 974 2033 felici
1006 1968 1269 2048 martyrio
1315 1970 1780 2040 consCenderunt;
1811 1972 1946 2029 alter
1971 1973 2225 2043 princeps
2271 1971 2423 2043 regni

838 2065 1120 2131 Curiorum,
1157 2067 1314 2142 137
1342 2066 1483 2121 alter
1518 2075 1700 2136 raptus
1729 2067 1795 2122 ad
1827 2067 2046 2121 tertium
2083 2061 2312 2130 t‘ttalum;
2346 2065 2424 2118 al-

837 2167 920 2214 ter
944 2159 1449 2229 Jttdwis‘prazlatus,
1479 2159 1605 2214 alter
1666 2159 1919 2229 gentibus
1968 2158 2129 2214 datus
2159 2175 2174 2224 ;
2209 2157 2261 2212 in
2316 2157 2425 2212 ‘ita

840 2255 992 2326 socii,
1021 2235 1303 2310 consortes
1331 2256 1381 2309 in
1412 2258 1606 2320 lllOl‘le,
1638 2254 1689 2308 in
1720 2265 1924 2308 corona
1963 2266 2142 2322 pares,
2191 2250 2428 2332 aequales

835 2345 892 2401 in
913 2345 1113 2416 gloria;
1132 2346 1347 2417 judices
1375 2345 1552 2410 orbis,‘
1579 2343 1790 2400 Domini
1819 2333 2187 2400 confessores.

903 2435 1236 2490 Admiranda
1287 2449 1511 2506 prorsus
1558 2434 1844 2506 dispositio
1899 2433 2313 2505 ttedemptorls,
2374 2445 2431 2489 et

825 2515 1030 2596 Indicia
1078 2523 1170 2579 Dei
1200 2525 1428 2596 aby‘ssus
1470 2524 1640 2580 multa
1672 2523 1846 2592 (Psal.
1905 2521 2097 2596 xxxv),
2130 2539 2251 2579 cum
2304 2522 2428 2579 illos

833 2613 1089 2672 Ecclesiae
1140 2631 1251 2672 suae
1297 2602 1561 2687 prmfecit,
1617 2616 1710 2689 qui
1761 2617 1841 2674 Sic
1883 2616 2245 2672 criminaliter
2291 2617 2425 2687 lapsi

833 2716 984 2774 eunt,
1017 2725 1077 2764 ut
1105 2709 1156 2763 in
1199 2708 1547 2779 peccatorum
1576 2708 1772 2765 fluctus
1807 2703 2254 2765 absorberentur.
2292 2707 2426 2775 Cum

833 2798 1053 2854 intueor
1094 2798 1340 2866 Petrum,
1411 2815 1572 2870 quem
1620 2802 1738 2870 ipsa
1793 2815 1987 2855 manus
2029 2795 2429 2870 Omnipotcniis

836 2891 987 2960 regni
1021 2891 1260 2947 caelestis
1309 2891 1558 2947 clavibus
1590 2891 1832 2957 investit,
1884 2891 1971 2946 cui
2013 2890 2178 2946 Pater
2226 2891 2430 2946 reveiat

835 2972 962 3036 r'ilii
1009 2980 1378 3051 maiestatem,
1431 2997 1596 3053 super
1645 2997 1808 3052 quem
1857 2977 2113 3036 fundatur
2158 2981 2427 3046 Ecclesia,

832 3070 924 3126 cui
989 3080 1226 3140 potestas
1277 3071 1478 3142 ligandi
1514 3082 1568 3128 et
1589 3072 1829 3129 solvendi
1854 3071 2173 3128 conceditur
2206 3071 2429 3144 (Matth.-

834 3160 974 3229 ivr),
1005 3163 1095 3232 qui
1148 3163 1319 3219 rmlos
1361 3163 1565 3219 claudit
1625 3173 1680 3219 et
1725 3164 1921 3234 aperit,
1969 3164 2114 3235 qubd
2142 3163 2424 3220 cherubim

833 3259 894 3307 et
961 3253 1234 3323 seraphim
1304 3254 1505 3310 habere
1580 3250 1686 3310 non
1763 3253 2000 3326 legitur,
2075 3255 2429 3311 vehementer

834 3341 1095 3398 admiror.
1148 3342 1359 3399 Rursus
1410 3359 1532 3399 cum
1600 3342 1820 3400 rcﬂecto
1860 3343 2095 3410 oculos,
2160 3353 2215 3400 et
2273 3360 2428 3400 eum-

833 3433 962 3489 dem
1040 3435 1261 3490 Petrum
1318 3436 1475 3490 video
1549 3453 1578 3491 a
1632 3437 1787 3508 longe
1853 3439 2003 3507 sequi
2069 3436 2426 3501 Salvatorem,

831 3532 891 3579 et
915 3523 983 3579 ad
1006 3525 1164 3578 unius
1187 3524 1398 3580 ancilla:
1422 3534 1606 3581 vacem
1636 3526 1917 3592 detestari,
1963 3535 2017 3582 et
2033 3524 2221 3595 jurare
2259 3545 2279 3580 ι
2303 3529 2430 3597 quia

833 3630 945 3670 non
975 3617 1096 3671 novi
1125 3619 1418 3684 hominem,
1435 3638 1451 3669 ι
1474 3619 1776 3690 ipsumque,
1802 3636 1961 3689 quem
1977 3620 2069 3675 Dei
2086 3620 2279 3676 Filium
2301 3633 2432 3677 (δοηὲ

837 3706 1018 3762 fessus
1042 3706 1234 3773 fuerat,
1277 3709 1486 3779 trepida
1525 3709 1842 3780 fugitatione
1879 3709 2184 3780 relinquere
2212 3709 2426 3782 (Matth.

831 3795 1138 3862 xxvr,Luc.
1165 3798 1330 3868 xxn),
1364 3799 1558 3852 timore
1589 3800 1898 3864 coneutior,
1938 3801 2125 3856 dicens
2155 3815 2380 3856 meeum
2411 3820 2425 3854 z

836 3903 858 3936 ‹
896 3885 1029 3953 Quis
1059 3888 1312 3956 cognovit
1349 3901 1570 3942 sensum
1611 3888 1860 3944 Domini?
1890 3908 1908 3940 ι
1955 3890 2136 3959 (fiam.
2167 3891 2275 3960 xu.)
2296 3892 2430 3946 Cum

833 3982 1072 4053 respicio
1097 3982 1323 4036 Paulum
1366 3983 1576 4052 spirare
1609 3984 1786 4037 minas
1831 3993 1886 4039 et
1914 3984 2090 4039 ctedes
2120 3985 2171 4039 in
2196 3985 2432 4055 discipu-

831 4073 920 4128 los
963 4072 1200 4139 Domini,
1253 4075 1466 4134 vinetos
1517 4075 1738 4140 ducere,
1769 4076 2030 4130 damnare
2083 4078 2245 4132 morti
2292 4078 2429 4149 (Act.

834 4165 942 4237 rx),
980 4175 1035 4221 et
1076 4166 1127 4220 in
1181 4179 1382 4236 corpus
1421 4165 1681 4222 Ecclesia:
1715 4175 1826 4222 tota
1866 4167 2293 4224 debacchatione
2330 4185 2433 4225 5.1}-

830 4257 975 4322 vire,
1027 4256 1168 4312 intra
1201 4257 1581 4327 memetipsum
1606 4243 1911 4323 contremo,
1948 4256 2176 4313 dicens:
2204 4278 2222 4310 ‹
2251 4258 2434 4314 Nescit

832 4349 1005 4403 homo
1035 4355 1215 4402 utrum
1257 4362 1445 4403 amore
1471 4363 1538 4402 an
1566 4348 1696 4404 odio
1723 4348 1916 4419 dignus
1940 4349 2012 4404 sit
2042 4346 2243 4420 (Eccle.
2284 4345 2381 4419 nr)’.
2412 4369 2428 4401 ο

829 4437 976 4492 Cum
1011 4438 1243 4508 respicio
1284 4438 1518 4508 desuper
1539 4480 1552 4506 ,
1584 4446 1640 4493 et
1669 4438 1829 4497 video
1866 4454 1963 4494 vas
2003 4439 2287 4495 electionis
2311 4456 2430 4510 por-

2519 582 2806 640 cerdotalis
2835 593 3053 640 constat
3095 587 3419 642 auctoritas.
3446 584 3637 642 Oleum
3671 596 3856 643 autem
3878 600 4121 660 quatuor

2519 674 2723 729 habet:
2767 684 3087 747 supernatat
3134 676 3392 734 omnibus
3437 677 3770 746 liquoribus,
3823 679 4120 750 illuminat,

2519 764 2695 833 pascit
2740 776 2797 820 et
2844 766 3018 836 ungit.
3082 767 3404 836 Cuicun'que
3460 769 3608 823 enim
3695 769 3893 839 liquori
3941 774 4122 831 oleum

2518 868 2873 925 superponas,
2906 856 3094 913 statim
3123 858 3228 914 sibi
3259 859 3562 930 superioris
3596 858 3698 916 Ieci
3741 863 4003 920 vindicat.
4025 882 4123 938 po-

2521 955 2804 1013 testatem;
2840 949 2914 1002 ita
2939 959 2995 1003 et
3037 949 3416 1006 misericordia
3448 950 3539 1007 Dei
3563 954 3821 1009 omnibus
3842 955 3961 1025 ejus
3991 971 4126 1028 ope-

2521 1036 2672 1090 ribus
2694 1037 3005 1108 praefertur,
3020 1037 3312 1095 Psalmista
3336 1042 3591 1106 testante,
3612 1044 3709 1112 qui
3736 1045 3902 1101 dicit:
3928 1064 3948 1098 r
3967 1045 4129 1105 Mise-

2521 1127 2762 1183 rationes
2781 1128 2898 1198 ejus
2920 1132 3289 1200 super-omnia
3315 1147 3482 1202 opera
3517 1133 3636 1204 ejus
3660 1132 3834 1206 (Psal.
3859 1138 4066 1210 cxuv).
4106 1158 4125 1192 ι

2521 1217 2838 1287 Miserator,
2881 1229 2937 1276 et
2963 1222 3310 1291 misericors,
3362 1225 3609 1294 patiens,
3660 1229 3809 1284 mitis
3856 1231 4042 1298 corde,
4075 1243 4133 1288 et

2521 1311 2706 1367 suavis
2742 1313 3035 1379 universis,
3060 1313 3324 1370 Dominus
3350 1317 3683 1386 praedicatur
3710 1319 3888 1391 (Pral.
3920 1338 4127 1388 Lxxxv,

2520 1403 2699 1475 cxrv).
2735 1403 2832 1459 Est
2864 1413 3047 1460 autem
3074 1415 3131 1461 et
3157 1407 3340 1477 justus
3365 1406 3548 1480 (Psal.
3585 1413 3674 1480 ι),
3709 1413 3806 1468 sed
3845 1429 4128 1486 nunquam

2524 1494 2939 1566 multumjustus
2960 1497 3159 1569 legitur
3182 1500 3236 1553 in
3261 1499 3579 1571 Scriptura,
3607 1503 3749 1558 sicut
3774 1506 4002 1561 multum
4029 1510 4135 1564 mi-

2525 1587 2779 1642 sericors.
2801 1586 2892 1644 Vis
2912 1589 3101 1645 videre
3114 1591 3385 1660 quomodo
3398 1592 3651 1664 discipuli
3690 1606 3995 1666 sequuntur
4016 1601 4129 1656 Do-

2524 1677 2730 1732 minum
2760 1689 2816 1734 et
2845 1677 3164 1751 Magistrum
3189 1684 3391 1737 suum?
3417 1684 3615 1754 Aspice
3634 1697 3874 1756 quantus
3906 1691 4132 1759 pietatis

2525 1769 2753 1850 affectus
2768 1771 3134 1842 apostolorum
3159 1775 3394 1846 principi
3423 1792 3483 1832 se
3505 1776 3724 1845 infudit,
3751 1782 3972 1851 quando
4020 1785 4134 1840 cir-

2458 1850 2498 1908 Β
2526 1866 2921 1918 eumsteterunt
2954 1863 3105 1920 illum
3132 1880 3326 1922 omnes
3353 1868 3551 1934 viduae,
3606 1850 3800 1927 ﬂentes
3834 1880 3892 1928 et
3941 1883 4133 1932 osten-

2527 1954 2717 2010 dentes
2745 1956 2960 2012 tunicas
2986 1966 3040 2012 et
3090 1968 3291 2023 vestes,
3321 1976 3458 2031 quas
3484 1961 3723 2018 faciebat
3768 1964 3876 2021 illis
3927 1966 4137 2027 Dorcas

2529 2047 2673 2120 (Act;
2715 2049 2816 2122 ix).
2844 2051 3232 2109 Circumdatur
3261 2056 3614 2113 multitudine
3653 2074 3955 2131 pauperum
3999 2078 4136 2134 apo-

2528 2143 2790 2200 stolorum
2847 2147 3122 2219 prinCeps,
3157 2150 3476 2206 et.vocibus
3516 2151 3843 2224 lacrymosis
3890 2159 4139 2214 concuti-

2531 2243 2620 2289 tur
2683 2235 2970 2292 viduarum
3004 2278 3020 2304 ,
3079 2239 3552 2312 apostolicumque
3613 2253 3806 2313 pectus
3879 2247 4138 2321 irrumpit

2528 2323 2832 2382 clementiae
2879 2328 3190 2385 multitudo.
3237 2331 3375 2388 Orat
3410 2333 3703 2404 Apostolus
3751 2346 3878 2394 ante
3923 2341 4138 2397 vultum

2529 2415 2738 2486 gloriae,
2789 2432 2975 2473 coram
3056 2421 3291 2478 Domino
3364 2428 3707 2496 magestatis;
3775 2432 4144 2488 resuscitatur

2529 2505 2756 2574 mulier,
2805 2519 2861 2564 et
2915 2511 3135 2587 miseris
3186 2513 3438 2570 redditur
3491 2517 3886 2576 misericordiae
3954 2525 4141 2594 propi-

2531 2599 2732 2654 natrix.
2769 2600 2898 2657 limo
2926 2603 3307 2661 misericordia
3357 2607 3490 2663 facit
3517 2610 3740 2666 Petrum
3776 2613 3845 2669 ab
3874 2612 4139 2673 Hierusa—

2530 2687 2636 2744 lem
2699 2692 2752 2746 in
2810 2692 3158 2750 Antiochiam
3205 2706 3429 2755 currere
3467 2699 3609 2772 (Act.
3659 2703 3715 2774 κ)
3747 2740 3766 2768 ,
3820 2705 3888 2760 ab
3939 2705 4132 2762 Antio-

2530 2783 2650 2836 chia
2683 2783 2844 2855 138
2875 2786 3063 2842 venire
3104 2786 3361 2854 Romam,
3396 2793 3699 2862 praedicare
3749 2795 3974 2851 Verbum
4007 2796 4134 2863 Dei,

2529 2875 2822 2932 subvenire
2870 2880 3286 2948 peccatoribus,
3318 2885 3578 2953 peccatis
3632 2900 3883 2955 parcere,
3923 2887 4170 2953 miseri--

2530 2965 2772 3043 cordiam
2799 2971 3212 3040 superexaltare
3230 2971 3460 3043 judicio.

2553 3034 2800 3127 'Aspi'ce
2853 3034 2910 3114 et
2953 3034 3315 3128 Paulum,'et
3373 3057 3616 3138 intellige
3664 3083 3829 3139 quam
3879 3070 4143 3130 dulcioris

2533 3147 2925 3207 misericordia
2968 3154 3249 3210 cumulata
3299 3156 3631 3229 benignitas,
3669 3155 3850 3217 'totam
3910 3166 4139 3234 apostoli

2535 3248 2772 3322 mentem
2797 3257 2930 3299 vera
2962 3247 3348 3314 compassione
3385 3251 3768 3307 succenderat.
3831 3271 3850 3305 ‹
3888 3254 4023 3322 Quis
4054 3259 4137 3312 in-

2537 3313 2808 3400 firmatur,
2841 3335 3042 3406 inquit,
3090 3313 3145 3392 et
3190 3355 3291 3410 ego
3333 3353 3442 3396 non
3493 3342 3779 3400 inﬁrmor?
3817 3313 4009 3414 Doleo,
4062 3351 4144 3405 in-

2533 3426 2668 3494 quit,
2708 3433 2765 3481 et
2791 3424 2951 3498 lugeo
2995 3440 3160 3498 super
3213 3445 3308 3486 eos
3351 3433 3446 3501 qui
3492 3447 3882 3504 peccaverunt,
3930 3447 3987 3494 et
4031 3455 4142 3497 non

2533 3518 3188 3588 egeruntpmnitentiam
3236 3520 3320 3591 (II
3362 3521 3487 3578 Cor.
3529 3525 3660 3597 at)»
3715 3527 3882 3584 Beata
3934 3533 4144 3603 anima,

2536 3622 2656 3676 quae
2690 3609 2936 3670 omnium
2967 3610 3230 3668 miserias
3260 3628 3388 3670 suas
3413 3613 3642 3684 fecerat,
3675 3626 3736 3673 ut
3760 3634 3950 3678 omnes
3980 3622 4146 3682 lucri-

2535 3697 2762 3755 faceret.
2793 3699 2908 3756 Hoc
2937 3699 3136 3758 affectu
3169 3703 3393 3773 navigat
3422 3721 3592 3773 mare,
3635 3711 3810 3766 currit
3851 3712 3905 3767 in
3949 3713 4151 3770 Hieru-

2538 3787 2732 3857 salem,
2765 3788 3061 3861 lapidatur,
3095 3795 3443 3862 verberatur,
3474 3794 3764 3869 afﬂigitur;
3798 3801 3923 3858 inde
3970 3806 4147 3860 currit

2536 3879 2601 3932 ad
2628 3880 2914 3950 Ephesios,
2941 3881 3258 3942 Corinthios
3299 3887 3515 3958 quaerit,
3546 3891 3744 3946 circuit
3768 3891 4144 3962 Colossenses,

2536 3972 2913 4044 Philippenses
2936 3968 3146 4044 visitat,
3179 3977 3476 4034 revertitur
3504 3981 3571 4035 ad
3600 3980 3902 4053 Romanos,
3930 3987 4149 4044 miseri.

2536 4067 2778 4122 cordiam
2825 4068 3055 4140 spargit,
3084 4069 3286 4141 ubique
3327 4070 3583 4129 diffundit
3620 4077 3911 4146 pietatem,
3951 4089 4007 4136 et
4025 4096 4143 4137 cos-

2537 4159 2751 4216 lestium
2814 4162 3048 4218 seminat
3091 4164 3301 4220 semina
3347 4167 3689 4236 gaudiorum.
3747 4168 3942 4227 Cernis
3985 4189 4142 4246 ergo,

2535 4255 2663 4324 quia
2692 4256 2835 4311 sicut
2863 4256 3043 4313 oleum
3071 4258 3326 4314 omnibus
3379 4260 3684 4329 liquoribus
3733 4264 4044 4333 antecellit;
4085 4278 4144 4334 et

2537 4347 2616 4402 sic
2670 4348 2966 4419 apostolica
3017 4351 3194 4421 pietas
3251 4353 3504 4408 omnibus
3575 4369 3767 4410 eorum
3839 4358 4139 4418 virtutibus

2539 4435 2860 4493 antefertur.

832 4537 958 4583 tare
997 4543 1194 4582 nomen
1240 4528 1442 4583 Christi
1475 4540 1658 4584 coram
1679 4510 1975 4600 gentibus,
2005 4539 2061 4584 et
2091 4531 2329 4601 regibus,
2379 4541 2434 4586 et
2464 4569 2511 4626 υ
2607 4527 2882 4584 llluminat
2928 4530 3132 4599 oleum,
3185 4533 3497 4590 illuminant
3540 4544 3599 4590 et
3651 4538 3901 4609 apostoli.
3946 4540 4149 4599 Recole

832 4619 970 4675 filiis
994 4618 1193 4686 lsrael,
1219 4620 1284 4675 ad
1304 4621 1446 4675 tertii
1470 4620 1591 4676 coeli
1624 4631 1834 4676 secreta
1881 4622 2111 4691 raptari,
2145 4629 2200 4677 et
2241 4623 2433 4692 audire

831 4725 1043 4766 arcana
1065 4711 1252 4779 verba,
1291 4726 1413 4782 qua:
1460 4729 1566 4768 non
1595 4714 1722 4770 licet
1749 4715 1951 4769 homini
1999 4714 2146 4785 loqui
2192 4714 2278 4786 (II
2306 4714 2429 4770 Cor.

827 4815 917 4871 ιι,
949 4805 1050 4878 xu)
1071 4846 1087 4873 ,
1137 4819 1195 4864 et
1234 4808 1287 4862 in
1312 4808 1459 4864 illam
1491 4809 1662 4880 ipsam
1687 4807 2233 4866 Trinitatemtoculos
2267 4812 2433 4882 figere

829 4897 1126 4964 clariores,
1156 4900 1369 4969 gaudeo
1414 4901 1601 4956 dicens
1638 4919 1651 4955 :
1693 4920 1709 4951 ι
1746 4901 1845 4956 llic
1890 4913 1974 4957 est
2024 4903 2126 4966 vir,
2182 4903 2276 4972 qui
2325 4921 2429 4962 non

829 4999 926 5047 est
949 4991 1240 5049 derelictus
1273 5009 1302 5048 a
1332 4993 1560 5050 Domino
1583 4994 1742 5064 (Sap.
1775 4995 1849 5060 ι).
1877 5014 1894 5044 ι

911 5080 1052 5148 Quid
1075 5090 1158 5138 est
1185 5084 1328 5152 quod
1355 5084 1434 5139 sic
1459 5083 1736 5146 labuntur,
1772 5085 1860 5153 qui
1911 5085 2280 5154 prwﬁciuntur
2331 5088 2433 5142 Ec-

826 5173 1054 5228 cleéiaa?
1097 5172 1376 5244 Sapientia
1427 5177 1672 5230 suaviter
1719 5176 2011 5245 disponens
2059 5178 2260 5242 omnia,
2322 5181 2434 5234 haec

831 5265 968 5320 idco
997 5265 1145 5330 fecit,
1177 5277 1236 5321 ut
1261 5267 1312 5322 in
1353 5268 1547 5338 seipsis
1577 5268 1822 5338 prmdicti
1856 5268 2131 5339 principes
2161 5270 2434 5326 discerent

829 5357 1080 5426 qualiter
1105 5359 1229 5415 aliis
1260 5360 1507 5416 misereri
1536 5361 1815 5416 deberent.

918 5445 1088 5517 liuius
1123 5449 1384 5504 virtutem
1426 5451 1816 5507 misericordiae
1846 5467 2090 5522 praesens
2133 5454 2431 5523 capitulum

829 5541 1220 5598 demonstrare
1246 5551 1494 5597 conatur.
1532 5562 1549 5594 ι
1586 5542 1677 5597 lsti
1709 5553 1862 5608 sunt,
1897 5543 2090 5614 inquit,
2136 5545 2255 5601 dum
2281 5546 2434 5602 olivae

830 5631 1032 5703 (Apoc.
1078 5633 1180 5705 ιιι).
1209 5652 1228 5686 ι
1279 5634 1450 5704 Digna
1498 5649 1723 5704 prorsus
1772 5635 2110 5706 comparatio
2155 5636 2314 5692 olivae
2367 5640 2432 5693 ad

828 5726 1142 5795 apostolos,
1174 5741 1274 5784 nec
1310 5727 1415 5782 alia
1441 5728 1658 5798 dignior
1693 5739 1775 5782 est
1805 5731 2046 5783 inventa.
2078 5729 2254 5783 Arbor
2285 5732 2431 5786 enim

831 5818 949 5871 ista
1000 5832 1216 5887 semper
1246 5817 1432 5874 viridis
1458 5829 1562 5882 εει,
1615 5830 1668 5872 et
1716 5809 1863 5872 illim
1914 5819 2430 5876 ex'ccllentissimum

1292 5935 1568 5996 PATROL.
1620 5927 1891 5992 CXLIV.

2540 4619 2709 4675 Actus
2759 4622 3168 4692 apostolorum,
3213 4635 3268 4680 et
3314 4626 3437 4680 vide
3485 4636 3686 4696 quanta
3737 4629 3857 4686 luce
3908 4631 4147 4704 fulgurat

2541 4713 2819 4783 apostolus
2850 4713 3062 4770 Petrus.
3116 4734 3133 4766 ί
3171 4716 3227 4770 In
3273 4717 3488 4785 plateis,
3523 4721 3602 4773 ait
3631 4720 3936 4789 Scriptura,
3969 4740 4112 4794 pone

2540 4803 2738 4858 bantur
2765 4803 2965 4859 infirmi
3001 4806 3052 4859 in
3085 4805 3300 4862 lectulis
3334 4817 3413 4874 ut,
3447 4811 3698 4867 veniente
3718 4811 3902 4878 Petro,
3951 4816 4140 4873 salten.

2541 4896 2732 4950 umbra
2785 4894 2934 4950 illius
2985 4896 3340 4953 t-bumbraret
3411 4916 3743 4970 quamquam
3802 4903 4041 4972 illorum,
4090 4920 4148 4965 et

2543 4986 2908 5043 liberarentur
2935 4990 3002 5043 ab
3035 4989 3447 5046 inlirmitatibns
3476 4995 3588 5048 suis
3615 4993 3754 5064 (Act.
3787 4995 3861 5064 v).
3899 5016 3916 5048 ι
3949 4997 4144 5057 Oleum

2543 5079 2816 5134 infinitum
2847 5079 3172 5135 admirabile
3218 5080 3422 5146 lumen,
3444 5091 3502 5138 et
3529 5085 3678 5140 omni
3706 5085 3820 5142 sole
3881 5085 4142 5157 lucidius,

2541 5174 2608 5227 ad
2645 5175 2894 5229 umbram
2948 5175 3236 5243 apostolici
3287 5178 3536 5246 corporis
3596 5178 3889 5251 languores
3936 5181 4143 5252 fugere,

2542 5269 2823 5326 discedere
2854 5270 3223 5351 infirmitates,
3255 5280 3306 5326 ct
3338 5288 3556 5328 onmem
3583 5273 3900 5330 morborum
3936 5276 4152 5333 instan-

2541 5363 2674 5415 tiam
2733 5361 2976 5416 inaudita
3026 5361 3313 5418 velocitate
3369 5363 3566 5434 fugari.
3629 5366 3711 5419 An
3769 5379 3877 5420 non
3925 5369 4146 5438 copiosa

2541 5453 2762 5508 luminis
2816 5453 3157 5508 immensitas
3205 5454 3274 5510 ab
3318 5469 3414 5510 ore
3455 5449 3600 5511 Petri
3628 5455 3832 5527 largius
3884 5458 4145 5521 cxsilivit,

2542 5560 2668 5599 cum
2699 5545 2777 5598 ait
2802 5543 2995 5600 claudo
3027 5562 3041 5598 :
3089 5564 3108 5596 ‹
3154 5544 3213 5599 ln
3243 5546 3463 5602 nomine
3487 5546 3615 5602 Jesu
3640 5547 3845 5603 Christi
3877 5547 4146 5603 Nazareni

2540 5651 2699 5707 surge
2729 5643 2783 5690 et
2818 5634 3078 5690 ambula?
3109 5655 3132 5690 ο
3179 5636 3320 5707 (Act.
3355 5639 3464 5707 lli.)
3505 5636 3748 5709 Respice
3782 5638 4009 5694 Paulum
4062 5648 4148 5695 to-

2543 5738 2656 5784 tum
2703 5729 2977 5800 Illyricum
3021 5742 3427 5801 peragrantem,
3475 5733 3830 5787 suscitantem
3878 5742 4145 5796 mortuos.

2541 5823 2949 5881 subvertentem
2983 5822 3185 5891 templa
3220 5823 3473 5882 deorum.
3516 5836 3572 5881 et
3618 5828 3672 5882 in
3718 5825 4009 5897 splendore
4044 5825 4148 5883 hu~

3743 5941 3819 6000 '21
