5232 6486
1775 381 1871 438 651
2345 374 2405 433 8.
2444 371 2648 432 PETRI
2686 364 2968 424 DAIIANI
3005 362 3157 421 OPP.
3201 360 3379 419 PARS
3420 362 3550 420 SEU
3586 365 3821 422 'I'OIIUS
3857 369 3917 424 Il.
3960 398 4028 410 -
4067 366 4457 425 SEBIONES.
4949 366 5054 422 σει

1769 491 1857 561 ius
1878 491 2179 549 loci-totius
2206 489 2356 547 orbis
2384 486 2692 543 illuminare
2713 481 3000 537 circuitum
3033 475 3203 547 (Rom.
3233 474 3345 542 xv).
3377 477 3424 535 Α
3459 495 3476 528 t
3505 475 3594 529 Isti
3626 488 3750 531 sunt
3769 480 3886 532 dua:
3910 478 4062 532 oliva
4091 479 4271 548 (Apoc.
4298 479 4406 546 xl);
4433 495 4451 529 ι
4482 476 4608 532 alibi
4631 477 4840 548 planius
4855 483 5052 550 aperit,

1770 585 1954 642 Currit
1976 581 2200 647 Paulus,
2219 579 2274 637 ei
2299 577 2508 650 potenti
2531 576 2732 630 virtute
2751 582 3064 627 sermonum
3090 565 3354 619 illuminat

1771 690 1891 748 qua:
1913 675 1966 730 in
1994 674 2237 730 tenebris
2258 677 2414 734 sunt;
2447 664 2627 722 clarus
2654 674 2929 722 sermone,
2949 654 3353 748 opere_e|arior,

1771 741 2160 818 miraculorum
2209 754 2593 813 coruscatione
2631 749 2998 807 clarissimus.
3059 762 3078 794 ι
3111 741 3312 796 liabete
3339 780 3355 808 ,

1773 849 2242 922 inquit,.formam
2288 855 2570 909 nostram-,
2621 851 2678 896 et
2729 837 2994 894 attendite
3045 849 3153 889 non
3183 833 3356 887 solum

1773 957 1896 1011 qua:
1921 939 2173 1005 audistis,
2206 937 2300 992 sed
2335 945 2391 990 et
2416 948 2538 1004 quc
2561 930 2776 989 vidistis
2805 943 2858 980 tn
2890 940 2975 981 me
3005 922 3171 992 (Phil.
3214 923 3352 988 ut)»

1780 1032 1962 1088 Bonus
1991 1037 2048 1085 et
2074 1027 2349 1099 perfectus
2378 1022 2657 1094 magister,
2689 1018 2781 1086 qui
2809 1015 2970 1071 ﬁdem
3016 1012 3148 1067 facit
3176 1011 3361 1065 verbis

1772 1138 1938 1192 opere
1965 1119 2189 1174 melioie
2216 1114 2381 1187 (III)
2421 1113 2476 1168 in
2503 1112 2662 1181 huius
2699 1108 2835 1163 lucis
2875 1105 3177 1160 clarissima
3212 1116 3360 1156 sere-

1771 1211 1945 1266 nitate
1993 1206 2269 1263 illuxerint
2288 1201 2694 1258 coruscationes
2718 1206 2843 1259 tua,
2866 1194 3028 1256 Deus,
3055 1192 3171 1246 orbi
3199 1199 3360 1244 terra:

1773 1297 1952 1368 (Psal.
1990 1294 2200 1363 Lxxvt).
2232 1292 2514 1348 Commota
2543 1296 2650 1351 est,
2674 1294 2731 1339 et
2753 1281 3087 1339 contremuit
3118 1290 3262 1333 terra
3295 1278 3361 1332 ad

1768 1403 1961 1446 vocem
1987 1386 2378 1455 apostolorum,
2403 1395 2528 1435 cum
2575 1378 2629 1432 in
2671 1387 2891 1431 omnem
2933 1380 3141 1426 terram
3195 1383 3362 1424 sonus

1771 1493 1967 1534 eorum
1997 1478 2168 1531 exivit
2197 1475 2372 1545 (Paul.
2401 1473 2583 1543 xvm).

1840 1568 2029 1624 Oleum
2059 1568 2254 1637 pascit,
2286 1573 2512 1637 pascunt
2530 1573 2587 1619 et
2615 1561 2864 1634 apostoli.
2905 1558 3160 1630 Epistula!
3193 1556 3361 1621 Petri,

1771 1668 1828 1716 et
1857 1657 2105 1715 sublimis
2140 1657 2230 1711 illa
2270 1668 2582 1712 sermonum
2636 1653 2904 1716 doctrina,
2958 1650 3200 1720 nunquid
3250 1664 3358 1702 non

1771 1749 2095 1807 mirabiliter
2124 1747 2302 1818 pascit
2327 1745 2624 1801 Ecclesiam
2650 1742 2782 1797 Dei?
2826 1742 2965 1796 Audi
2997 1741 3126 1809 quid
3173 1739 3360 1792 Salva-

3461 565 3650 620 dicens
3699 584 3710 618 :
3786 583 3803 617 ι
3841 565 3905 620 Ili
3936 574 4061 620 sunt
4114 567 4218 620 viri
4246 567 4630 622 misericordia:
4656 565 4813 637 (lani.
4840 570 4995 638 Lvn).
5031 587 5048 618 ι

3535 653 3823 725 Sequitur:
3848 655 3910 709 Et
3923 672 4027 709 duo
4043 656 4357 710 candelabra
4373 656 4599 711 (suntin
4612 667 4733 710 anu
4748 656 5052 711 Dominam.

3463 745 3855 800 Candelabrum
3895 747 4066 801 tribus
4093 745 4321 815 pedibus
4357 746 4627 811 innititur,
4665 756 4721 801 et
4749 747 4804 801 in
4861 746 5055 802 altiora

3464 849 3818 902 consurgens,
3870 850 4086 890 cereum
4129 841 4495 904 superportat,
4537 837 4706 904 utqui
4739 834 5056 904 ingrediun-

3463 932 3553 977 tur
3592 922 3772 976 lumen
3817 923 4200 992 videant(bac.
4231 924 4353 991 xi);
4403 923 4476 975 ita
4513 931 4570 977 et
4610 925 4838 992 apostoli
4882 924 5056 978 tribus

3461 1011 3755 1065 virtutibus
3824 1013 4116 1067 lnnitentes
4144 1054 4158 1069 .
4234 1015 4593 1083 operatione.
4643 1013 5052 1084 pradicatione.

3466 1102 3856 1156 miraculorum
3904 1113 4306 1168 coruscatione,
4335 1105 4513 1157 lumen
4543 1117 4731 1156 verum
4761 1101 5054 1158 Dominum

3463 1189 3646 1247 Iesum
3678 1191 3955 1250 Christum
3985 1195 4420 1264 inpedientibus
4449 1195 4515 1250 ad
4557 1195 4717 1252 ﬁdem
4749 1204 4861 1250 tota
4896 1196 5058 1250 clari-

3468 1293 3578 1338 tate
3642 1292 4038 1339 monstrarunt.
4114 1285 4184 1340 ει
4252 1286 4660 1352 attendendum.
4716 1287 4862 1359 quod
4905 1288 5055 1355 dicit,

3469 1392 3489 1425 ι
3519 1383 3644 1427 ante
3675 1374 4016 1427 Dominum.»
4060 1373 4368 1445 hypocrita
4394 1375 4538 1430 enim
4565 1379 4769 1440 lucent,
4801 1393 4912 1433 non
4933 1388 5060 1433 ante

3464 1459 3772 1526 Dominum,
3840 1464 3936 1516 sed
4003 1473 4131 1518 ante
4189 1464 4487 1529 mundum;
4547 1474 4608 1519 ut
4651 1466 4946 1521 videantur
4989 1468 5059 1522 ab

3466 1553 3791 1607 hominibus.
3831 1551 4070 1621 Apostoli
4121 1567 4251 1608 vero
4281 1553 4533 1609 luxerunt
4581 1563 4709 1609 ante
4741 1555 5055 1617 Dominum,

3466 1643 3558 1696 sed
3609 1658 3713 1696 non
3769 1651 3892 1695 ante
3925 1642 4215 1710 mundum;
4265 1644 4394 1715 quia
4447 1644 4681 1718 ludibria
4724 1654 4779 1700 et
4826 1648 5062 1702 verbera

3464 1736 3689 1801 experti,
3738 1734 3933 1787 divina
3974 1735 4241 1804 maiestati
4293 1734 4632 1791 solummodo
4681 1736 4902 1805 placere
4946 1747 5064 1792 stu-

1771 1850 1858 1897 tor
1883 1841 1950 1896 de
1969 1841 2073 1895 bac
2100 1839 2217 1908 ipsa
2240 1835 2645 1906 pastionedicat
2666 1833 2714 1886 ei
2745 1851 2756 1883 :
2792 1850 2809 1881 ι
2836 1832 3025 1892 Pasce,
3055 1830 3230 1896 inquit
3259 1837 3366 1880 ter-
3400 1818 3442 1876 Β
3469 1823 3722 1874 duerunt.
3766 1822 3920 1887 Quod
3965 1823 4065 1890 ipsi
4109 1832 4218 1877 sint
4249 1824 4368 1876 dum
4396 1828 4576 1886 oiiva,
4605 1836 4660 1877 et
4699 1826 4806 1878 duo
4858 1828 5068 1881 caede-

1774 1931 1872 1996 tio,
1930 1943 2058 1984 oves
2105 1940 2254 1981 meas
2296 1923 2480 1995 (Icari.
2532 1922 2670 1992 ιιι).
2705 1940 2724 1973 i
2761 1919 2928 1974 Pasce
2976 1919 3164 1982 verbo,
3199 1931 3362 1985 pasce

1770 2018 2042 2090 exemplo.
2100 2030 2264 2087 pasce
2319 2015 2583 2070 oratione.
2637 2011 2806 2066 Pasce
2849 2011 3033 2072 verbo.
3067 2018 3126 2062 ut
3171 2018 3362 2078 potens

1769 2109 1848 2168 sis
1875 2107 2150 2165 exhortari
2176 2108 2232 2161 in
2259 2105 2509 2161 doctrina
2543 2118 2700 2166 sana,
2747 2111 2801 2156 et
2845 2115 2962 2165 eos,
2998 2099 3088 2168 qui
3141 2107 3357 2152 contra-

1777 2198 1969 2256 dicunt
1990 2238 2006 2266 ,
2049 2200 2312 2268 arguere;
2350 2209 2513 2266 pasce
2537 2193 2809 2263 exemplo,
2839 2201 2894 2244 ut
2923 2190 3064 2260 quod
3098 2187 3361 2259 pradicas

1781 2307 1934 2356 voce,
1982 2303 2147 2358 apere
2195 2287 2514 2355 compleas;
2553 2299 2715 2353 pasce
2745 2283 3011 2344 oratione,
3045 2290 3104 2333 ut
3134 2296 3231 2348 pro
3255 2281 3360 2332 illis

1769 2378 2104 2441 intercedas,
2148 2390 2377 2446 quorum
2404 2373 2584 2428 anima
2636 2372 2733 2426 tibi
2782 2372 3070 2426 commissa
3117 2381 3219 2425 est.
3254 2369 3361 2424 Vas

1772 2467 2057 2525 electionis
2090 2465 2291 2520 Paulus
2339 2463 2638 2534 apostolus,
2669 2462 2813 2528 vide,
2861 2462 3133 2531 quomodo
3188 2462 3361 2531 pascit

1769 2561 2033 2635 populum
2099 2558 2196 2614 Dei
2247 2558 2588 2612 diversorum
2642 2556 2906 2610 varietate
2954 2553 3292 2608 ferculorum
3345 2572 3356 2606 :

1775 2673 1796 2707 ο
1835 2651 1972 2719 Lac,
2000 2651 2197 2720 inquit,
2227 2659 2414 2720 potum
2443 2648 2566 2704 dedi
2591 2648 2766 2711 vobis,
2793 2662 2898 2701 non
2926 2661 3108 2700 escam
3140 2644 3206 2714 (ι
3237 2643 3358 2698 Cor.

1769 2745 1889 2814 ut);
1931 2763 1950 2796 ›
1983 2741 2346 2812 perfectorum
2379 2749 2562 2794 autem
2595 2738 2802 2793 solidus
2831 2738 2984 2792 cibus
3009 2747 3112 2800 est,
3145 2750 3358 2802 eorum,

1770 2835 1863 2904 qui
1892 2848 1990 2903 pro
2019 2831 2415 2887 exercitatione
2460 2837 2866 2885 consummatos
2915 2829 3118 2883 habent
3148 2843 3338 2882 sensus

1773 2924 1842 2978 Et
1892 2922 2020 2978 alibi
2070 2937 2085 2976 :
2138 2943 2156 2974 ι
2185 2921 2339 2978 Facti
2363 2922 2520 2987 estis,
2549 2922 2744 2991 quibus
2775 2921 2916 2976 lacte
2944 2936 3080 2990 opt's
3119 2921 3215 2983 sit,
3254 2936 3360 2974 uos

1771 3017 1950 3072 solido
1989 3015 2112 3071 cibo
2137 3013 2322 3087 (Hebr.
2365 3013 2442 3083 v).
2485 3032 2503 3065 ι
2560 3012 2629 3067 ΕΙ.
2681 3013 2877 3066 iterum
2921 3029 2931 3062 :
2981 3031 2998 3061 ι
3030 3010 3362 3078 Sapientiam

1770 3105 2042 3176 loquimur
2065 3105 2206 3159 inter
2227 3103 2497 3173 perfectos
2525 3101 2572 3171 (I
2607 3101 2729 3155 Cor.
2761 3101 2876 3168 11).»
2908 3099 3070 3153 Vides
3093 3097 3368 3168 quomodo

3467 1909 3614 1962 labra
3641 1909 3896 1970 lucentia,
3923 1919 3977 1963 et
4004 1919 4128 1963 ante
4146 1909 4454 1972 Dominum.
4480 1910 4776 1968 Zacharias
4794 1916 5060 1984 piopbeta

3467 2000 3757 2053 manifeste
3799 2001 3884 2053 bis
3940 2001 4122 2055 verbis
4181 2000 4379 2065 innuit,
4441 2001 4628 2058 dicens
4677 2021 4690 2056 :
4743 2022 4761 2055 ι
4795 2003 4888 2059 Isti
4933 2014 5065 2059 sunt

3465 2092 3572 2146 duo
3605 2093 3698 2145 lilii
3748 2093 3852 2145 olei
3887 2093 4212 2161 splendoris,
4238 2094 4351 2164 [qui
4401 2095 4663 2150 assistunt
4713 2095 5062 2152 Dominatori

3465 2184 3728 2235 universa:
3767 2192 3924 2236 terra:
3969 2181 4156 2250 (lacn.
4203 2186 4300 2252 tv).
4340 2202 4358 2235 ι
4400 2183 4541 2239 Sunt
4584 2185 4730 2240 enim
4787 2186 4882 2243 filii
4931 2186 5061 2252 olei,

3465 2273 3590 2338 quia
3643 2274 3742 2324 viri
3795 2282 3920 2325 sunt
3982 2273 4400 2338 misericordize;
4453 2285 4581 2329 sunt
4627 2284 4677 2330 et
4727 2277 5064 2345 splendoris,

3463 2359 3588 2426 quia
3638 2369 3763 2412 sunt
3810 2360 4136 2415 candelabra
4167 2361 4438 2429 lucentia';
4502 2363 4685 2420 lucent
4710 2375 4837 2420 ante
4866 2366 5060 2424 Domi-

3463 2467 3611 2513 num,
3641 2453 3764 2520 quia
3796 2454 4057 2507 assistunt
4098 2454 4430 2509 Dominatori
4476 2457 4750 2513 universa:
4802 2467 4987 2514 terrae.

3537 2541 3795 2610 Sequitur
3857 2561 3870 2595 ε
3934 2542 4140 2598 [labent
4194 2555 4502 2613 potestatein
4564 2547 4810 2603 claudere
4871 2555 5064 2605 celum

3465 2632 3708 2683 nubibus.
3791 2632 4071 2686 Serenitas
4135 2634 4256 2688 caeli
4312 2635 4546 2690 nubibus
4607 2637 4924 2706 impeditur,
4995 2657 5064 2696 ns

3464 2722 3744 2786 videatur;
3800 2724 4102 2779 divinitatis
4147 2726 4533 2797 contemplatio
4575 2730 4814 2798 peccatis
4859 2733 5071 2788 nostris

3466 2810 3755 2874 clauditur,
3784 2829 3847 2866 ue
3877 2815 4122 2867 videatur
4164 2817 4325 2880 Deus,
4367 2818 4632 2887 propheta
4665 2829 4920 2886 testante,
4968 2823 5064 2893 qui

3468 2901 3598 2955 dicit
3625 2921 3634 2953 :
3667 2922 3683 2952 ι
3712 2903 4019 2972 Opposuisti
4048 2905 4270 2969 nubem,
4295 2921 4361 2960 ne
4385 2916 4623 2963 transeat
4644 2910 5059 2980 θηήσαιτο».

3468 2991 3573 3059 ιιι).
3609 3011 3624 3041 i
3673 2992 3851 3046 Nubes
3896 2995 4207 3063 opponitur,
4261 3011 4328 3050 ne
4391 2999 4569 3052 oratio
4616 3008 4894 3068 transeat,
4937 3017 5068 3056 etim

3468 3089 3688 3149 peccata
3723 3093 3904 3135 nostra
3942 3095 4198 3151 separant
4242 3085 4385 3139 inter
4412 3101 4512 3140 nos
4539 3095 4594 3141 et
4627 3087 4815 3142 Deum.
4847 3067 5068 3144 Habent

1770 3173 2236 3263 se‘contemperat
2258 3201 2313 3245 et
2343 3190 2673 3256 conformat,
2703 3189 2830 3245 illos
2863 3188 3101 3255 sublimi,
3136 3190 3235 3245 hos
3278 3199 3360 3244 te-
3390 3177 3434 3240 C
3465 3181 3789 3242 Ροῑεειέῑεω
3827 3190 3836 3225 t

2999 3190 3101 3255 mi,
3136 3190 3235 3245 ho,
3278 3199 3360 3244 ιε..
3390 3177 3434 3240 C
3465 3181 3789 3242 potestatem
3827 3173 4079 3235 claudere
4102 3174 4298 3229 caelum
4330 3175 4593 3238 nubibus.
4642 3178 4693 3231 id
4721 3187 4826 3242 est,
4866 3195 5065 3249 pecca-

1770 3302 1903 3343 nera
1937 3285 2188 3341 imbuens
2239 3284 2532 3340 doctrina?

1844 3376 2008 3448 Ungit
2051 3376 2258 3442 oleum,
2286 3384 2497 3447 ungunt
2527 3382 2582 3431 et
2637 3374 2889 3445 apostoli.
2930 3376 3011 3429 An
3055 3390 3160 3430 non
3205 3373 3366 3446 139

1771 3469 1969 3527 Petrus
2018 3468 2300 3538 apostolus
2346 3469 2504 3539 ungit
2524 3481 2738 3532 omnes,
2769 3481 2891 3523 cum
2929 3469 3062 3522 dicit
3111 3483 3127 3521 :
3197 3486 3214 3518 ι
3258 3467 3367 3522 Vos

1777 3569 1958 3617 autem
2011 3575 2183 3631 genus
2230 3558 2503 3622 electum.
2550 3559 2733 3629 regale
2785 3560 3184 3624 sacerdotium,
3236 3574 3367 3628 gens

1780 3660 1986 3713 sancta,
2017 3650 2250 3720 papulus
2305 3649 2718 3718 acquisitionis;
2767 3658 2827 3703 ut
2872 3651 3102 3704 virtutes
3150 3665 3367 3703 annun-

1777 3739 1930 3796 tietis
1959 3738 2075 3808 ejus
2120 3739 2214 3810 qui
2245 3738 2313 3794 de
2336 3739 2578 3794 tenebris
2607 3754 2705 3794 vos
2727 3739 2942 3794 vocavit
2969 3740 3021 3792 in
3046 3739 3366 3794 admirabile

1775 3830 1962 3884 lumen
1999 3825 2194 3884 suum?
2227 3847 2248 3881 ι
2268 3828 2351 3896 (ll
2379 3826 2523 3883 Petr.
2554 3828 2641 3896 ιι.)
2673 3827 2870 3883 Paulus
2894 3830 3058 3883 etiam
3093 3829 3207 3899 ipse
3236 3844 3371 3884 non-

1777 3925 1846 3977 ne
1871 3920 2142 3992 praecipit,
2171 3921 2358 3976 dicens
2391 3939 2403 3974 :
2452 3939 2473 3971 ι
2509 3919 2568 3975 Si
2598 3928 3012 3990 praeoccupatus
3060 3919 3226 3974 fuerit
3271 3921 3369 3974 bo-

1777 4028 1868 4069 mo
1923 4013 1978 4068 in
2031 4011 2217 4082 aliquo
2273 4011 2492 4075 delicto,
2539 4026 2659 4074 vos,
2713 4011 2805 4079 qui
2853 4009 3166 4080 spirituales
3214 4010 3367 4075 estis,

1777 4103 2030 4159 instruite
2055 4101 2366 4172 huiusmodi
2399 4102 2452 4154 in
2499 4101 2695 4170 spiritu
2727 4099 3000 4154 lenitatis?
3033 4118 3051 4150 ι
3087 4095 3231 4168 (Gal.
3265 4101 3368 4166 γι.)

1774 4193 1928 4252 Oliva
1965 4208 2179 4261 semper
2209 4201 2292 4247 est
2319 4191 2549 4258 viridis,
2589 4205 2693 4246 nec
2741 4187 2960 4260 frigoris
3005 4189 3371 4244 immensitate

1778 4281 2116 4353 percutitur;
2166 4290 2221 4332 et
2278 4279 2650 4348 apostolorum
2702 4277 2838 4332 fides
2881 4277 3202 4331 inconcussa
3244 4289 3369 4345 pcr-

1774 4371 1960 4438 durat,
1993 4385 2095 4427 nec
2119 4386 2364 4441 unquam
2405 4369 2690 4440 tyrannica
2721 4367 2870 4424 rabie
2897 4368 3076 4440 potuit
3099 4367 3366 4436 superari.

1775 4465 1845 4521 Et
1874 4465 1922 4520 si
1972 4463 2237 4534 impulsus
2291 4471 2374 4518 est
2420 4461 2615 4517 Petrus
2652 4468 2711 4515 ut
2750 4460 2988 4525 caderet,
3030 4474 3134 4514 non
3184 4467 3363 4511 tamen

1771 4556 1993 4622 cecidit,
2039 4556 2167 4626 quia
2218 4553 2478 4608 Dominus
2534 4551 2774 4622 suscepit
2826 4564 2966 4605 eum.
3026 4550 3371 4619 Stupetactus

1773 4646 1994 4715 quidem
2032 4642 2368 4700 momentum
2409 4642 2568 4697 basit
2613 4639 2912 4711 apostolus,
2957 4639 3050 4694 sed
3081 4639 3265 4694 statim
3315 4640 3368 4692 in

1775 4739 1980 4793 virtute
2040 4735 2167 4791 fidei
2204 4734 2401 4799 rediit;
2434 4733 2549 4804 qui,
2587 4731 2910 4802 respiciente
2952 4731 3200 4794 Domino,
3224 4727 3373 4784 ﬂevit

1777 4842 1966 4883 amare
2011 4824 2163 4897 (Luc.
2200 4826 2361 4895 xxtt).
2403 4824 2470 4879 Et
2501 4823 2545 4878 si
2595 4823 2661 4878 ad
2701 4831 2913 4891 tempus
2937 4835 3239 4877 concussus
3263 4831 3367 4882 est.

1773 4936 1884 4976 non
1917 4929 2096 4974 tamen
2148 4917 2308 4986 dejici
2351 4917 2560 4988 potuit;
2624 4916 2751 4986 quia
2798 4914 3064 4970 sententia
3113 4914 3372 4970 Veritatis

1775 5008 1982 5066 cessari
2015 5021 2120 5066 non
2145 5016 2378 5078 poterat,
2407 5007 2595 5063 dicens
2631 5024 2655 5058 :-
2693 5025 2709 5056 ι
2740 5004 2852 5076 Ego
2881 5014 3057 5074 prole
3110 5005 3314 5076 rogavi,
3351 5023 3368 5055 ι

1781 5101 1964 5165 Petre,
2014 5117 2032 5150 ι
2065 5108 2125 5153 ut
2159 5114 2264 5153 non
2303 5097 2520 5154 deficiat
2541 5096 2677 5153 fides
2702 5105 2793 5151 tua
2816 5095 3024 5167 (Ibid).
3065 5113 3082 5146 ι
3106 5094 3376 5150 Hodierna

1775 5192 1924 5248 enim
1967 5189 2052 5246 die
2101 5189 2439 5262 crucifigitur
2481 5188 2697 5256 Petrus,
2753 5185 2952 5243 Paulus
3001 5187 3290 5259 gladiator,
3323 5199 3380 5241 et

1772 5281 1948 5338 vitam
1975 5288 2179 5352 ponunt
2206 5295 2306 5352 pro
2334 5280 2439 5336 llde
2467 5279 2693 5352 Christi,
2743 5287 2806 5333 ut
2851 5295 2956 5335 non
2991 5278 3210 5335 deﬁciat
3244 5277 3375 5334 fides

1775 5371 2002 5430 Christi.
2034 5373 2123 5429 Isti
2150 5385 2276 5428 sunt
2297 5389 2426 5446 ergo
2455 5374 2563 5429 duo
2598 5373 2700 5428 viri
2729 5371 2905 5434 olivae,
2953 5373 3054 5428 viri
3104 5372 3374 5437 habentes

1784 5467 1968 5523 fidem.
2021 5464 2388 5520 illuminantes
2416 5464 2670 5535 patriam.
2721 5473 3010 5534 pascentes
3050 5463 3372 5527 Ecclesiam,

1773 5567 2089 5628 peccatores
2110 5564 2373 5626 augentes
2408 5555 2562 5623 Quod
2589 5556 2756 5626 igitur
2779 5553 3058 5626 Scriptura
3081 5554 3370 5614 becdicit:

1852 5711 1999 5782 LIII)
2041 5711 2141 5769 llic
2167 5714 2316 5771 deest
2348 5714 2573 5782 aliquid.

3433 3265 3703 3332 _toriims,
3735 3274 3787 3319 et
3845 3265 4179 3347 portas.ejus
4222 3265 4470 3321 ﬁdelibus
4499 3267 4728 3337 aperire.
4766 3264 4904 3323 lira
4953 3286 5072 3331 res.

3467 3364 3524 3410 et
3557 3356 3704 3409 omni
3763 3367 3989 3426 stupore
4029 3359 4367 3428 dignissima,
4395 3360 4461 3413 ad
4493 3360 4792 3415 bominum-
4818 3361 5066 3434 linguam

3469 3448 3666 3510 claudi,
3687 3458 3740 3504 et
3771 3451 4282 3520 aperiricmlcstium
4306 3453 4861 3524 palatiamansionum
4889 3458 5070 3526 (lli).

3470 3540 3662 3593 Amen.

4037 3726 4198 3797 ιω
4250 3727 4540 3789 IULIUS.

3731 3823 3940 3908 §ermo
3979 3823 4050 3908 de
4179 3826 4404 3908 Mario
4436 3829 4837 3908 ron/lesson,

3718 3901 3927 3996 sermo
3965 3901 4043 3996 de_
4079 3905 4144 3996 8:
4178 3904 4389 3996 diaria
4423 3901 4818 3996 Μςιρᾶὶιιιεηα.

3465 3978 3711 4074 XXIII.
3747 3980 3954 4074 Sermo
4000 3982 4043 4074 ΔΙ
4099 3982 4282 4074 (ιε-ς.
4319 3978 4708 4064 Apollinare
4772 3992 5073 4074 episcopo

3553 4058 3902 4137 Ravennate
3957 4069 4011 4119 et
4043 4070 4335 4137 martyre.

3551 4136 3761 4194 Sermo
3795 4138 3862 4195 ΙΙ
3907 4137 3977 4196 de
4004 4136 4229 4198 eodem.

3554 4214 3764 4272 Sermo
3835 4215 3942 4275 111
4002 4216 4073 4274 de
4129 4219 4352 4279 eodem.
4820 4262 4849 4290 ο

3476 4292 3871 4382 ξξ;“.ςεζιηο
3906 4293 3977 4352 de
4001 4297 4567 4382 _S._Cét:t'sl_ophoro
4607 4311 4908 4382 martyre.

3472 4371 3712 4430 XXIX.
3743 4374 3952 4432 Sermo
3987 4375 4020 4434 1
4057 4374 4128 4433 de
4154 4377 4265 4437 SS.
4309 4371 4501 4437 Flam
4563 4389 4616 4439 et
4672 4371 4926 4446 Lucili!
4953 4391 5076 4450 cir-

3556 4451 3807 4530 gt’nibus
3841 4460 3896 4510 et
3941 4455 4361 4530 martyrium

3557 4529 3766 4589 Sermo
3809 4531 3877 4589 11
3913 4529 3983 4589 de
4020 4529 4262 4593 eisdem.

3481 4608 3692 4674 XXX.
3726 4611 3935 4669 Sermo
3980 4609 4050 4669 de
4084 4607 4144 4672 S.
4187 4611 4411 4691 Ruﬁno
4447 4624 4741 4696 martyre.

4024 4730 4255 4788 ςΕῐὶΜΟ
4294 4734 4526 4791 XXVIII.

3703 4839 3768 4878 ne
3809 4840 3855 4878 s.
3898 4840 4094 4880 Αιικιο
4127 4842 4483 4885 εοκηδεοιι.
4533 4835 4664 4900 (xvn
4696 4837 4843 4904 Jun.)

3553 4933 3823 4990 Hodierna
3875 4934 4172 5000 festivitas,
4222 4936 4582 5005 dilectissimi,
4633 4957 4741 4998 non
4797 4946 4970 5002 modo
5017 4949 5073 5005 Β.

3479 5027 3652 5082 Alexii
3683 5029 3750 5083 de
3805 5044 3913 5097 quo
3960 5028 4271 5100 specialiter
4299 5031 4498 5100 agitur,
4538 5047 4642 5088 nos
4667 5048 4944 5104 provocas
4969 5043 5076 5098 ala.

3480 5121 3647 5175 criter
3689 5121 3972 5176 celebrare
3999 5121 4367 5192 triumphum;
4401 5125 4494 5180 sed
4525 5125 4673 5196 ipsos
4716 5129 4882 5185 etiam
4924 5138 5074 5204 geni.

3481 5223 3627 5268 tores
3655 5212 3775 5281 ejus
3805 5214 3872 5266 ad
3905 5212 4202 5270 salutifera
4250 5214 4408 5270 nobis
4455 5219 4711 5286 proponit
4751 5221 5076 5280 :edillcatio-

3482 5302 3565 5356 nis
3612 5303 3938 5371 exemplum.
3983 5302 4118 5358 Nam
4188 5317 4312 5358 cum
4368 5313 4448 5359 tot
4499 5306 4688 5376 opibus
4739 5319 4794 5362 et
4849 5322 4962 5367 tam
5009 5316 5076 5368 in-

3479 5394 3938 5461 eumparabilibus
3992 5391 4261 5447 referatur
4320 5394 4650 5452 exuberasse
4709 5399 4917 5456 divitiis
4951 5443 4967 5467 ,
5026 5417 5072 5456 ut

3480 5502 3670 5542 eorum
3698 5487 4010 5556 conspectui
4046 5487 4147 5541 tria
4197 5487 4364 5542 millia
4409 5503 4702 5558 puerorum
4756 5507 5078 5550 reverenter

3482 5580 3824 5641 assisterent,
3851 5578 3945 5647 qui
3975 5586 4032 5634 et
4070 5577 4389 5635 bolosericis
4412 5591 4770 5638 -ornarentur
4816 5585 5072 5650 induviis

3555 5739 3703 5808 (lli)
3744 5738 4005 5794 Videntur
4035 5740 4224 5794 deesse
4252 5741 4506 5795 nonnulla
