5232 6484
269 323 376 387 653
1704 313 1944 372 SEltMO
1983 312 2219 372 xxvut.
3485 317 3592 376 est

267 451 324 498 et
386 435 566 495 aureis
633 452 693 494 se
757 434 1154 507 prmcingerent
1208 432 1399 497 zonis,
1466 430 1710 502 quotidie
1762 447 1871 486 non
1901 435 1948 494 Α
1979 431 2101 500 igne
2137 435 2416 502 percepto,
2443 442 2541 498 per
2575 425 2800 481 cu-leste
2845 426 3178 481 desiderium
3227 427 3280 482 in
3327 427 3439 483 alta
3467 445 3592 487 sus-

271 532 562 591 cessahant
592 530 788 596 viduis,
820 543 885 584 ac
906 526 1149 599 pupillis,
1177 535 1233 582 et
1256 525 1592 598 quibuslibet
1623 523 1878 595 indigen-

273 625 420 682 tibus
463 630 811 694 sumptuosas
848 634 1047 690 parare
1093 632 1313 674 mensas
1358 615 1545 682 edulii,
1593 629 1716 672 cum
1771 614 1876 684 ipsi

272 714 444 773 semel
474 714 529 769 in
559 713 648 768 die
691 709 811 766 solo
858 723 999 780 pane
1050 718 1106 764 et
1153 723 1295 778 aqua
1325 716 1515 763 essent
1551 704 1877 778 plerumque

273 807 537 864 contenti.
579 802 704 858 lstis
730 801 916 873 igitur,
947 800 1182 871 aliisque
1205 797 1576 870 spiritualium
1603 797 1870 852 virtutum

274 897 496 954 floribus
533 893 807 960 adornati,
855 907 921 948 ac
967 892 1071 964 piae
1105 889 1538 947 conversationis
1587 889 1878 944 honestate

275 987 576 1059 conspicui,
625 986 764 1042 tales
795 992 978 1050 erant,
1007 991 1067 1038 ut
1093 983 1177 1040 eis
1206 997 1426 1053 quoque
1461 996 1572 1037 non
1599 980 1876 1035 immerito

273 1087 564 1150 congruat;
595 1075 741 1146 quod
771 1076 840 1132 de
879 1073 1024 1131 beati
1070 1071 1298 1130 Joannis
1338 1071 1598 1145 Baptista:
1626 1070 1875 1143 parenti-

276 1171 378 1225 bus
424 1166 738 1239 evangelica
791 1173 985 1221 narrat
1028 1163 1258 1220 historia
1315 1182 1329 1218 :
1382 1163 1680 1228 nimirum,
1746 1159 1875 1232 quia

283 1280 301 1313 ι
332 1269 487 1317 erant
510 1255 818 1326 anthojusti
841 1264 970 1312 ante
1013 1255 1208 1320 Deum,
1261 1253 1575 1310 incedentes
1611 1253 1664 1307 in
1699 1251 1879 1307 omni-

279 1353 380 1409 bus
409 1352 682 1406 mandatis
732 1358 787 1405 et
827 1347 1314 1417 iustificationibus
1338 1345 1552 1402 Domini
1583 1345 1700 1399 sine
1747 1357 1878 1414 que-

281 1441 394 1498 rela
425 1440 579 1515 (Luc.
617 1444 712 1510 ι).›
745 1438 976 1510 Dignum
1003 1439 1190 1510 itaque
1214 1437 1335 1504 fuit,
1370 1446 1429 1492 ut
1465 1436 1534 1491 de
1561 1445 1668 1492 tam
1699 1445 1876 1501 casto,

282 1543 392 1590 tam
440 1543 672 1596 sancto,
723 1539 836 1586 tam
893 1529 1130 1601 denique
1185 1527 1536 1584 immaculato
1608 1524 1878 1598 coniugali

282 1625 558 1698 pudicitia:
581 1624 846 1690 thalamo,
876 1632 986 1678 tam
1011 1622 1271 1695 prmi-lata
1301 1621 1516 1678 soboles
1537 1629 1876 1676 nasceretur.

282 1718 437 1776 Sicut
469 1731 570 1787 per
613 1716 954 1786 Prophetam;
985 1716 1186 1772 dicitur
1237 1732 1251 1768 :
1307 1733 1326 1768 ι
1363 1712 1660 1771 Generatio
1704 1719 1882 1768 recto-

1985 522 2212 590 tollitur,
2235 519 2301 594 ad
2326 518 2685 592 perfectionis
2707 519 2936 574 internae
2963 518 3267 590 fastigium,
3293 520 3450 590 quasi
3474 521 3597 591 qui-

1981 616 2210 671 busdam
2247 612 2586 671 ascensionis
2610 611 2872 683 gradibus
2895 623 3271 684 promovetur.
3322 612 3483 669 Unde
3511 613 3595 670 vir

1982 705 2074 760 ille
2102 713 2326 760 sanctus
2354 703 2538 758 aiebat
2589 719 2604 758 :
2661 700 2836 757 r'Per
2891 701 3136 772 singulos
3187 702 3390 774 gradus
3445 717 3599 759 meos

1979 794 2346 866 pronuntiabo
2376 793 2528 848 illum
2569 792 2694 862 (Job
2735 793 2912 866 xxxi).
2954 813 2971 846 ι
3009 793 3083 849 De
3115 795 3199 848 his
3240 794 3444 865 quippe
3484 810 3598 851 me-

1979 888 2213 945 ritorum
2240 888 2502 958 gradibus
2527 886 2751 942 dicitur.
2785 905 2806 940 ι
2826 887 3199 942 Ambulabunt
3221 888 3290 942 de
3314 888 3520 945 virtute
3544 890 3599 944 in

1979 980 2238 1036 virtutem
2267 979 2713 1051 (Psal.t.xxxm).
2730 999 2748 1032 ι
2777 979 2849 1036 De
2871 980 2957 1035 his
2983 981 3128 1036 idem
3151 980 3453 1052 Propheta,
3470 983 3600 1038 dum

1979 1081 2231 1129 sanctam
2270 1071 2677 1143 contemplatur
2720 1071 3052 1139 Ecclesiam,
3082 1072 3213 1128 dicit
3245 1089 3260 1129 :
3295 1093 3314 1124 ‹
3357 1073 3504 1130 Deus
3542 1074 3600 1128 in

1980 1163 2240 1235 gradibus
2265 1163 2384 1233 ejus
2405 1163 2775 1235 dignoscetur,
2801 1162 2932 1219 dum
2955 1164 3221 1234 suscipiet
3255 1179 3378 1220 eam
3416 1163 3598 1238 (Ρωι.

1981 1264 2172 1324 XLVII).
2205 1276 2224 1310 ι
2267 1255 2378 1312 Nec
2427 1256 2574 1312 enim
2625 1266 2876 1328 repente,
2930 1258 3076 1313 sicut
3120 1250 3330 1315 dictum
3377 1261 3596 1328 est,ad

1981 1363 2192 1405 summa
2222 1347 2572 1419 pertingitur,
2597 1350 2694 1404 sed
2735 1341 2998 1418 paulatim
3030 1365 3131 1421 per
3157 1351 3260 1422 pia:
3291 1352 3602 1409 devotionis

1981 1449 2167 1496 votum
2191 1450 2248 1495 et
2297 1439 2474 1494 sancti
2503 1437 2707 1495 laboris
2731 1441 3054 1496 exercitium
3083 1441 3318 1496 humana
3350 1458 3506 1499 mens
3527 1444 3601 1498 ad

1982 1531 2249 1587 virtutum
2277 1529 2647 1602 spiritualium
2678 1532 3064 1588 celsitudinem
3099 1532 3439 1590 sublevatur.
3459 1534 3600 1590 Hinc

1983 1631 2088 1687 est,
2121 1623 2264 1691 quod
2297 1636 2398 1692 per
2425 1622 2678 1678 eumdem
2708 1621 3040 1694 Pmphetam
3071 1623 3272 1680 dicitur
3301 1643 3314 1680 :
3369 1643 3388 1677 ι
3419 1625 3598 1681 Exer-

1985 1711 2188 1768 citatus
2243 1728 2404 1779 sum,
2455 1720 2512 1769 et
2571 1711 2773 1768 defecit
2833 1713 3116 1785 paulisper
3161 1715 3388 1786 spiritus
3446 1731 3603 1772 meus

279 1824 401 1868 rum
455 1806 810 1865 benedicetnr
848 1804 1043 1878 (Psal.
1095 1805 1268 1878 cm).
1327 1826 1346 1860 ο
1415 1804 1544 1861 Haec
1589 1813 1687 1880 est
1725 1802 1875 1858 enim
1906 1820 1956 1881 Β
1985 1803 2358 1878 (Psal.t.xvt).
2399 1823 2420 1856 ι
2453 1803 2593 1872 Quid
2621 1813 2706 1860 est
2727 1805 2872 1861 enim
2927 1806 3072 1876 quod
3113 1805 3248 1864 ait':
3306 1827 3326 1860 ι
3373 1809 3602 1882 spiritus

278 1900 554 1975 generatio
593 1899 954 1970 querentium
986 1898 1277 1954 Dominum
1311 1894 1486 1970 (Ρωι.
1520 1897 1705 1969 nm).

350 1994 500 2050 Unde
537 2008 658 2057 vos,
706 1991 907 2048 fratres
951 1993 1080 2059 mei,
1120 2007 1242 2060 vos,
1285 1992 1531 2062 inquam,
1574 2007 1721 2047 nunc
1755 2006 1883 2062 spe-

279 2087 490 2144 cialiter
517 2085 784 2155 alloquor,
815 2085 907 2155 qui
951 2085 1185 2140 necdum
1235 2084 1539 2155 spiritualis
1587 2083 1718 2140 vita:
1767 2085 1885 2140 cul-

279 2191 403 2232 men
457 2175 722 2247 aggressi,
757 2174 1115 2231 szecularibus
1155 2175 1334 2230 adhuc
1371 2175 1504 2231 estis
1553 2174 1768 2230 actibus
1794 2176 1886 2230 de-

278 2265 375 2320 diti
393 2306 408 2330 ,
431 2274 486 2320 et
515 2264 817 2336 conjugalis
845 2265 1053 2335 copula:
1100 2265 1332 2322 vinculis
1360 2265 1607 2337 obligati,
1659 2266 1884 2338 pictatis

277 2371 341 2411 ac
367 2355 752 2411 misericordia:
797 2355 991 2411 studiis
1028 2356 1316 2426 vigilanter
1361 2358 1621 2426 insistite,
1679 2374 1876 2415 neces-

279 2439 421 2505 saria
466 2447 728 2503 fratﬂhus
758 2450 988 2519 penuria
1039 2447 1416 2507 laborantibus
1445 2451 1688 2507 subsidia
1718 2454 1882 2508 mini-

278 2547 476 2604 strare,
505 2548 731 2606 castam,
755 2539 994 2595 sobriam
1018 2550 1073 2595 et
1096 2541 1387 2597 honestam
1415 2543 1608 2609 vitam,
1632 2544 1685 2598 in
1710 2559 1883 2615 quau.

279 2637 392 2686 tum
438 2622 616 2685 vester
633 2630 766 2687 ordo
807 2632 999 2698 dictat,
1047 2634 1310 2689 exhibere
1339 2635 1678 2701 contendite,
1723 2647 1781 2690 ut
1814 2637 1881 2692 ad

279 2721 709 2795 conservandum
731 2723 1068 2793 posteritatis
1091 2733 1286 2780 vestra:
1307 2741 1498 2796 genus,
1523 2728 1742 2798 dignam
1773 2728 1882 2782 Deo

280 2814 507 2870 valeatis
533 2809 772 2870 sobolem
790 2830 1096 2887 procreare.
1115 2817 1374 2884 Quamvis
1389 2819 1534 2874 enim
1557 2836 1685 2875 vera
1703 2821 1772 2875 sit
1792 2821 1880 2876 illa

279 2909 557 2979 propheta:
607 2909 897 2974 sententia,
949 2925 1057 2979 qua
1106 2910 1308 2965 dicitur
1357 2930 1368 2965 :
1416 2931 1434 2963 ‹
1476 2911 1696 2977 Anima,
1759 2929 1880 2982 qua:

280 2999 607 3069 peccaverit,
638 2999 752 3067 ipsa
783 3000 1067 3054 morietur.
1113 2999 1282 3056 Filius
1321 3017 1429 3056 non
1476 3003 1712 3072 portabit
1769 3003 1876 3058 ini-

279 3088 546 3159 quitatem
574 3087 724 3160 14],
757 3090 946 3156 patris,
980 3099 1035 3143 et
1061 3099 1218 3160 pater
1241 3105 1346 3145 non
1385 3093 1629 3161 portabit
1677 3093 1876 3163 iniqui-

1988 1912 2166 1964 meus,
2213 1917 2233 1951 ι
2267 1897 2370 1952 nisi
2402 1897 2634 1968 spiritus
2673 1898 2968 1955 elationis?
3018 1901 3244 1972 spiritus
3267 1903 3495 1959 carnis?
3533 1903 3606 1960 Et

1987 1989 2113 2061 quia
2142 2004 2242 2061 per
2264 1990 2537 2046 occultam
2556 1990 2790 2063 gratiam
2805 1991 2873 2046 ad
2894 2006 3140 2048 amorem
3164 1992 3258 2050 Dei
3291 2003 3600 2066 temperata

1987 2083 2222 2154 desuper
2268 2096 2524 2138 mensura
2576 2082 2917 2155 proficimus,
2970 2099 3079 2154 quo
3137 2085 3316 2157 magis
3348 2085 3606 2157 quotidie

1987 2173 2206 2229 divinus
2233 2173 2286 2228 in
2313 2174 2468 2228 nobis
2492 2174 2719 2244 spiritus
2739 2175 2962 2242 crescit,
2981 2190 3046 2232 eo
3066 2177 3244 2248 magis
3273 2186 3482 2244 noster,
3497 2179 3606 2235 hoc

1987 2274 2092 2331 est,
2124 2265 2362 2321 carnalis
2393 2267 2647 2323 desiderii
2690 2268 2916 2339 spiritus
2946 2269 3147 2326 deficit.
3189 2269 3292 2337 Qui
3338 2269 3607 2326 nimirum

1989 2359 2207 2424 noxius,
2237 2369 2291 2414 et
2321 2359 2708 2418 abominabilis
2737 2361 2988 2432 Spiritus,
3017 2362 3146 2433 quia
3195 2377 3305 2418 non
3362 2378 3395 2417 a
3440 2361 3605 2418 nobis

1986 2451 2171 2508 subito
2193 2451 2412 2524 penitus
2441 2461 2780 2523 amputatur,
2806 2467 2909 2509 nec
2931 2454 3204 2523 protinus,
3223 2463 3283 2509 ut
3308 2467 3601 2518 conamur,

1985 2540 2350 2605 abscinditur,
2382 2551 2528 2596 recte
2555 2541 2856 2612 paulisper,
2879 2542 2986 2598 hoc
3014 2551 3100 2598 est
3142 2541 3430 2613 paulatim,
3453 2539 3607 2597 defe-

1986 2634 2128 2688 cisse
2149 2633 2496 2704 perhibetur.
2525 2631 2680 2688 Tunc
2703 2618 2886 2688 autem
2917 2635 2971 2690 in
3003 2635 3174 2690 Deum
3225 2636 3384 2706 plene
3433 2635 3606 2706 profl-

1984 2725 2182 2792 cimus,
2213 2741 2336 2780 cum
2367 2726 2708 2782 veraciter/a
2749 2727 2908 2783 nobis
2937 2729 3304 2799 nosmetipsos
3333 2726 3606 2787 defecisse

1984 2819 2274 2874 sentimus.
2305 2818 2431 2874 Haec
2462 2829 2642 2874 autem
2673 2821 3038 2876 crcscentium
3081 2821 3303 2894 insuper
3336 2822 3606 2878 virtutum

1985 2911 2216 2978 sensim,
2242 2919 2409 2982 atque
2438 2926 2656 2967 morose
2694 2927 2791 2983 per
2817 2913 3124 2983 quotidiani
3173 2912 3456 2982 profectus
3502 2929 3604 2969 cu-

1994 3004 2224 3072 mulum,
2253 3005 2322 3060 ad
2351 3014 2744 3060 consummatae
2770 3007 3081 3062 sanctitatis
3115 3007 3388 3076 pervenit
3435 3007 3611 3062 incrco

1986 3107 2248 3154 mentum.
2274 3097 2494 3154 Electus
2517 3097 2664 3153 enim
2694 3100 2925 3170 quisque
2951 3116 2978 3153 a
3014 3100 3308 3157 rndimenti
3334 3100 3421 3156 sui
3453 3108 3604 3157 tene-

283 3187 448 3236 tatem
473 3179 590 3234 lilii.
621 3180 843 3235 Justitia
869 3180 1003 3249 justi
1039 3197 1204 3252 super
1230 3165 1354 3238 eu’m
1387 3185 1514 3249 erit,
1538 3194 1594 3240 et
1622 3188 1878 3257 impietas
1908 3180 1953 3241 C
1986 3189 2226 3244 ritudine
2251 3190 2402 3260 prius
2431 3190 2642 3260 incipit,
2670 3165 2727 3245 et
2756 3165 2930 3248 sic-ad
2975 3193 3199 3248 robusta
3243 3193 3599 3264 postmodum

280 3269 566 3342 impiierit
590 3284 754 3341 super
777 3286 900 3325 eum
925 3269 1143 3340 (Ezeclt.
1175 3274 1364 3342 xvm);
1409 3293 1426 3324 ι
1463 3272 1620 3342 juxta
1650 3290 1879 3330 convcr-

280 3361 550 3417 sationem
588 3370 766 3415 tamen
805 3369 1116 3430 parentum,
1147 3377 1292 3434 saepe
1324 3365 1653 3433 proveniunt
1684 3367 1878 3421 merita

281 3451 553 3514 filiorum;
586 3462 641 3504 nt
674 3463 726 3506 et
757 3453 997 3507 honestis
1018 3455 1461 3524 progenitoribus
1489 3457 1673 3527 proles
1703 3458 1876 3513 hone-

280 3551 366 3598 sta
393 3542 743 3611 respondeat,
765 3550 820 3597 et
852 3544 1082 3613 reproba
1111 3545 1357 3613 reprobis
1389 3545 1440 3598 in
1465 3547 1735 3615 pravitate
1749 3552 1879 3603 eou-

279 3638 490 3685 currat.
527 3629 680 3685 Unde
709 3640 766 3685 et
796 3631 886 3685 isti
913 3631 1140 3687 dicunt:
1182 3651 1199 3684 ι
1235 3633 1356 3688 Filii
1421 3644 1738 3691 sanctorum
1789 3655 1880 3694 su-

277 3737 422 3788 mus,
445 3729 500 3777 et
523 3723 689 3776 vitam
722 3722 870 3777 illam
891 3733 1296 3794 exspectamus,
1328 3742 1492 3796 quam
1536 3727 1680 3784 Deus
1723 3729 1880 3786 datu-

279 3831 374 3871 rus
400 3823 484 3870 est
507 3815 592 3879 iis,
623 3814 714 3884 qui
747 3814 905 3870 fidem
947 3830 1102 3870 suam
1137 3832 1414 3885 nunquam
1465 3827 1680 3875 mutant
1715 3823 1784 3875 ab
1815 3838 1880 3876 eo

279 3906 436 3978 (Tob.
463 3905 549 3976 ιι).
583 3926 600 3958 ι
656 3906 717 3962 Et
751 3906 859 3961 illis
884 3910 1196 3963 econtrario
1232 3909 1468 3964 dicitur:
1531 3930 1548 3961 ι
1589 3911 1878 3969 Geuintina

276 4002 607 4072 viperarum,
632 4002 754 4071 quis
781 4017 878 4067 vos
908 4002 1093 4058 docuit
1115 4001 1306 4075 fugere
1352 4021 1383 4060 a
1420 4016 1651 4062 ventura
1702 4009 1825 4064 ira?
1857 4031 1872 4062 ι

279 4091 497 4162 (Matth.
543 4095 650 4163 ιιι.)
709 4092 1002 4148 Enimvero
1028 4094 1075 4149 si
1105 4095 1360 4167 religiose
1413 4098 1618 4166 vivitis,
1642 4101 1688 4155 si
1717 4101 1881 4156 disci-

277 4182 558 4252 plinaliter
605 4193 1017 4250 conversantes,
1054 4183 1148 4240 Dei
1205 4187 1461 4242 mandata
1515 4191 1768 4258 servatis,
1825 4202 1880 4248 et

280 4269 407 4326 ﬁliis
436 4272 635 4327 vestris
661 4276 964 4343 praestatis,
990 4284 1046 4331 et
1076 4278 1263 4345 vobis;
1323 4280 1406 4335 sin
1453 4292 1634 4338 autem
1663 4294 1872 4348 contra,

277 4371 334 4416 et
356 4362 478 4431 .illis
506 4366 735 4430 nocetis,
774 4375 829 4421 et
874 4367 1047 4423 vobis.
1094 4368 1325 4440 Propter
1375 4383 1624 4428 sanctum
1678 4378 1880 4446 quippe

279 4453 452 4509 David
479 4455 755 4522 meritum,
786 4472 909 4513 cum
941 4469 1162 4530 propter
1192 4461 1558 4520 idololatriam
1583 4469 1877 4536 posteritas

1984 3292 2039 3338 et
2065 3281 2230 3338 fortia
2274 3278 2630 3337 convalescit.
2688 3282 2841 3350 Quod
2892 3292 3082 3354 aperte
3131 3285 3350 3341 Veritas
3400 3287 3602 3354 innuit,

1985 3376 2111 3430 dum
2139 3374 2194 3429 iu
2223 3374 2520 3446 Evangelio
2541 3375 2707 3432 dicit:
2746 3395 2764 3431 ι
2804 3375 2896 3432 Sic
2917 3387 3002 3432 est
3035 3376 3194 3451 142
3222 3394 3450 3450 regnum
3478 3378 3604 3448 Dei,

1984 3465 2443 3537 quemadmodum
2472 3467 2516 3521 si
2551 3465 2722 3535 jactct
2750 3468 2917 3524 homo
2945 3483 3131 3524 semen
3179 3469 3236 3525 in
3281 3479 3482 3526 terram
3505 3513 3520 3540 ,
3549 3486 3607 3529 et

1984 3560 2243 3625 dormiat,
2273 3567 2330 3614 et
2353 3569 2616 3631 exsurgat
2654 3569 2846 3628 nocte,
2878 3575 2942 3616 ac
2973 3561 3090 3627 die;
3144 3571 3200 3616 et
3250 3576 3440 3618 semen
3487 3577 3608 3635 ger-

1984 3655 2178 3721 minet,
2207 3665 2264 3709 et
2312 3665 2546 3718 crescat,
2581 3655 2711 3710 dum
2763 3656 2938 3711 nescit
2998 3656 3089 3711 ille
3135 3655 3354 3727 (Matth.
3405 3657 3504 3730 tv).
3581 3678 3600 3711 ι

1982 3744 2151 3816 Cujus
2175 3745 2436 3800 nimirum
2466 3746 2695 3802 seminis
2726 3746 3070 3803 incrementa
3098 3736 3464 3828 .den'untians,
3496 3751 3600 3806 ad-

1986 3836 2126 3891 didit
2149 3837 2340 3892 dicens
2367 3853 2380 3891 :
2413 3857 2430 3890 ι
2473 3837 2630 3894 Ultro
2657 3839 2804 3894 enim
2837 3847 2984 3894 terra
3013 3839 3334 3908 fructificat,
3361 3843 3604 3913 primum

1983 3929 2245 3995 herbam,
2276 3929 2476 3985 deinde
2502 3930 2736 4000 spicam,
2760 3932 2956 3988 deinde
3006 3933 3228 4004 plenum
3267 3935 3609 3992 frumentum

1985 4018 2037 4073 in
2065 4021 2251 4089 spica;
2291 4042 2308 4073 ι
2355 4035 2594 4092 moxque
2621 4020 2944 4092 snhjnngit:
2982 4043 3000 4076 ι
3044 4024 3256 4081 Etcum
3288 4042 3349 4084 se
3387 4027 3592 4098 produ-

1983 4112 2126 4166 xerit
2154 4110 2384 4176 fructus,
2404 4113 2587 4168 statim
2619 4113 2790 4168 mittit
2812 4113 3180 4187 falcem,quia
3213 4119 3361 4175 venit
3383 4127 3603 4192 tempus

1985 4203 2200 4257 messis.
2250 4222 2269 4254 ›
2321 4203 2461 4258 Ecce
2491 4203 2748 4261 Veritatis
2794 4221 2928 4262 voce
2958 4222 3056 4278 per
3087 4209 3435 4268 diversitates
3478 4211 3600 4268 fru-

1984 4309 2108 4364 gum
2135 4293 2392 4350 distincta
2425 4305 2552 4350 sunt
2583 4306 2876 4366 augmenta
2915 4300 3258 4356 meritorum.
3297 4303 3388 4356 Ait
3425 4304 3598 4370 enim,

1983 4383 2218 4455 primum
2249 4384 2499 4451 herbam,
2529 4387 2724 4442 deinde
2751 4388 2979 4458 spicam,
3011 4390 3209 4446 deinde
3232 4391 3454 4462 plenum
3483 4393 3601 4450 fru-

1986 4485 2228 4532 mentum
2257 4478 2309 4532 in
2334 4477 2504 4549 spica.
2525 4477 2822 4537 Videamus
2846 4481 3031 4554 itaque
3054 4483 3351 4543 Dominicae
3381 4497 3603 4544 senten-

277 4543 396 4647 ejus
421 4545 708 4648 dejectioni
741 4559 893 4648 esset
925 4552 1190 4648 obnoxia,
1221 4555 1426 4612 diutius
1474 4559 1684 4628 regium
1730 4563 1872 4618 obti-
1903 4553 1954 4615 Ι)
1985 4567 2073 4623 tia:
2101 4567 2264 4639 hujus
2287 4543 2620 4640 exemplum,
2643 4572 2914 4642 quomodo
2939 4543 3038 4644 per
3056 4575 3455 4648 singulaverba
3479 4543 3600 4636 luce

277 4636 398 4690 nuit
431 4637 815 4708 principatum.
852 4639 1087 4696 Ecoutra
1111 4642 1375 4701 Jonathas
1397 4661 1522 4702 cum
1547 4657 1601 4703 et
1625 4649 1678 4704 in
1704 4650 1875 4707 Deum

276 4727 423 4796 pius,
451 4736 507 4782 et
537 4739 728 4785 sancto
755 4729 1042 4801 Propheta:
1082 4745 1227 4790 esset
1273 4738 1502 4804 amicus,
1529 4751 1754 4812 propter
1783 4759 1877 4813 pa-

282 4829 448 4874 ternae
492 4829 676 4877 tamen
725 4825 994 4893 superbiae
1033 4825 1234 4882 fastum
1266 4816 1445 4901 gladio
1472 4833 1742 4903 subjacuit
1775 4837 1874 4890 im-

275 4911 488 4981 piorum
516 4913 636 4985 (111
669 4913 794 4985 Reg.
831 4932 989 4984 xvm,
1017 4934 1131 4985 xu,
1160 4937 1251 4988 xx,
1281 4922 1456 4994 uxr).

351 5000 423 5059 Ut
444 5019 576 5076 ergo
600 5007 665 5061 ad
695 5008 912 5063 beatum
941 5011 1229 5070 redeamus
1255 5015 1527 5084 Alexium,
1556 5023 1753 5078 merito
1797 5033 1876 5078 ta-

274 5094 383 5150 lem
420 5098 626 5167 prolem
654 5115 890 5170 genuere
919 5113 1200 5173 parentes,
1231 5117 1289 5163 ut
1333 5110 1400 5164 de
1451 5121 1638 5166 sancta
1693 5115 1878 5170 radice

276 5199 526 5244 sanctum
560 5204 782 5260 germen
806 5206 1139 5263 erumperet,
1164 5208 1218 5254 et
1248 5200 1405 5256 bona:
1439 5203 1654 5260 arboris
1693 5222 1878 5261 ranms

275 5294 374 5348 per
403 5292 636 5352 acceptm
660 5285 849 5354 gratia:
866 5288 1104 5343 caelestis
1136 5290 1472 5348 incrementa
1498 5311 1874 5364 succresceus,

275 5373 469 5442 dignos
495 5377 677 5445 generi
711 5392 810 5432 suo
833 5379 1104 5435 bonorum
1129 5398 1356 5452 operum
1381 5387 1596 5444 fructus
1630 5389 1872 5447 oﬂ‘erret.

277 5462 482 5518 Sancto
508 5465 764 5520 nimirum
789 5469 1012 5526 cuilibet
1033 5473 1152 5528 viro
1185 5491 1290 5530 non
1329 5492 1725 5536 consummata:
1756 5498 1876 5552 per-

275 5552 528 5611 fectionis
589 5568 812 5628 repente
870 5562 1128 5618 tribuitur
1186 5568 1462 5634 meritum,
1511 5571 1604 5626 sed
1655 5573 1722 5626 ad
1775 5574 1877 5628 hoc

275 5645 540 5716 paulatim
597 5663 693 5718 per
729 5651 829 5721 piae
882 5653 1185 5711 devotionis
1221 5667 1273 5710 et
1318 5661 1569 5728 specialis
1628 5665 1878 5720 exercitii

275 5740 523 5809 pervenit
555 5741 981 5814 incrementum;
1015 5759 1066 5804 et
1095 5748 1222 5806 dum
1261 5767 1436 5824 mens,
1474 5755 1640 5812 divini
1673 5761 1877 5821 amoris

1985 4661 2188 4716 clarius
2217 4661 2270 4715 in
2297 4661 2516 4717 beatum
2549 4673 2845 4720 concurrat
2873 4651 3145 4725 Alexium.

2050 4752 2278 4807 Constat
2312 4752 2481 4819 enim,
2519 4755 2663 4824 quod
2695 4755 2779 4811 vir
2818 4757 2922 4813 iste
2964 4761 3256 4829 mirabilis,
3281 4763 3427 4821 sicut
3456 4782 3599 4836 prae—

1983 4841 2132 4898 clara
2160 4843 2277 4912 ejus
2315 4854 2549 4901 testatur
2596 4848 2861 4914 historia,
2908 4851 3054 4909 inter
3108 4856 3222 4925 ipsa
3273 4859 3600 4929 nuptialiqu

1985 4934 2308 5015 gaudiorum
2336 4934 2527 4991 festiva
2553 4939 2844 5008 solemnia,
2865 4959 3113 5012 uxorem,
3140 4944 3287 5002 salva
3313 4951 3602 5020 utriusque

1986 5026 2324 5097 virginitate,
2377 5029 2605 5097 dimisit,
2659 5043 2917 5104 parentes
2965 5037 3188 5106 abjecit,
3235 5047 3292 5094 et
3335 5040 3600 5096 Romana:

1979 5120 2129 5174 urbis
2164 5121 2582 5190 habitationem,
2618 5125 2836 5182 Edessa:
2876 5129 3131 5186 videlicet
3155 5133 3416 5202 perexilis
3443 5135 3599 5206 oppi-

1977 5210 2088 5264 duli
2117 5213 2558 5284 peregrinatione
2583 5219 2831 5273 mutavit.
2853 5218 3166 5291 Postposuit
3189 5225 3365 5281 amori
3391 5223 3599 5283 Christi

1981 5305 2110 5372 regii
2143 5306 2359 5370 generis
2408 5309 2721 5379 conjugem,
2774 5299 3004 5383 ejusque
3050 5325 3271 5372 secutus
3324 5318 3590 5391 inopiam,

1981 5400 2306 5465 contempsit
2339 5401 2709 5468 amplissimas
2741 5404 3059 5475 principalis
3091 5409 3385 5477 opulentia:
3421 5409 3596 5465 facul-

1984 5497 2140 5542 tates.
2175 5487 2326 5545 Sicut
2358 5506 2488 5563 ergo
2520 5493 2573 5548 in
2606 5496 2921 5567 evangelica
2943 5498 3030 5553 illa
3060 5503 3332 5557 sententia
3355 5514 3597 5572 quatuor

1982 5589 2131 5647 sunt,
2155 5597 2276 5652 qua:
2319 5583 2634 5641 referuntur
2669 5603 2699 5642 a
2728 5588 2988 5657 Domino;
3055 5593 3126 5647 ita
3159 5595 3516 5651 nihilominus
3541 5610 3593 5652 et

1981 5681 2216 5741 quatuor
2245 5674 2569 5732 admiranda
2596 5689 2740 5746 sunt,
2764 5696 2886 5752 qua:
2916 5685 3270 5754 reperiuntur
3302 5687 3354 5741 in
3408 5701 3591 5743 scrvu.

1979 5762 2092 5824 illic
2116 5765 2261 5825 enim
2285 5767 2486 5825 dicitur
2510 5771 2747 5842 primum
2780 5774 2980 5845 herba,
3015 5777 3209 5834 deinde
3251 5779 3423 5850 spica,
3448 5790 3593 5853 post-
