5232 6500
1765 412 1869 472 655

2331 409 2387 464 s.
2423 406 2624 464 rem
2661 400 2942 461 nautam
2977 399 3130 465 orr.
3170 400 3350 459 usus
3389 399 3519 457 seu
3578 395 3815 455 Iustus
3844 382 3915 452 ιι.
3942 425 4014 437 -
4038 388 4426 451 scamonea.

413 0 4401 102 ’μ

1758 529 1983 588 modum
2011 526 2226 599 plenum
2274 522 2600 583 frumentum
2654 519 2708 574 in
2764 516 2942 588 spica;
2990 524 3186 586 quarto
3222 514 3335 583 jam
3366 516 3410 574 Α
3442 509 3810 581 promptuario
3855 506 3996 562 felici
4042 503 4511 560 consummatione
4557 498 4879 555 recondidit.
4926 499 5021 555 Sic

1762 620 1883 677 loco
1909 616 2020 673 falx
2057 612 2306 675 mittitur,
2335 620 2391 665 et
2418 610 2563 679 quod
2604 617 2874 662 maturum
2904 616 2991 661 est
3025 606 3330 660 desecatur.

1761 709 2005 777 Quatuor
2058 706 2237 772 itaque
2278 709 2426 762 sunt,
2477 700 2616 755 sicut
2654 698 2858 754 dictum
2899 706 3003 763 est,
3052 698 3135 751 bis
3174 696 3339 766 aptis-

1764 801 1897 857 sime
1925 795 2299 869 congruentia,
2330 808 2453 864 qua:
2476 792 2529 847 in
2555 790 2716 848 beato
2746 791 3091 862 reperiuntur
3121 790 3333 845 Alexio.

1760 889 1999 946 Primum
2042 897 2171 951 est,‘
2200 888 2344 957 quod
2383 884 2642 939 mundum
2700 892 2756 937 et
2802 884 3073 938 mundana
3115 895 3340 951 quaque

1758 980 2118 1049 contempsit;
2148 976 2466 1040 secundum,
2488 974 2633 1045 quod
2664 971 2999 1043 peregrinus,
3029 980 3084 1027 et
3110 973 3162 1025 in
3191 970 3337 1025 οιιιιιί

1756 1069 2016 1127 facultate
2049 1069 2301 1131 nudatus,
2334 1080 2431 1138 per
2476 1067 2663 1121 decem
2712 1071 2767 1119 et
2813 1070 3021 1133 septem
3072 1078 3243 1117 annos
3287 1064 3338 1116 in

1757 1158 1980 1217 Edessa
2004 1146 2404 1227 Mesopotamia
2432 1154 2652 1209 civitate
2681 1150 2921 1207 omnium
2962 1164 3144 1205 rerum
3168 1154 3341 1219 penn-

1760 1250 1902 1307 riam
1922 1248 2147 1320 pertulit
2177 1266 2190 1302 :
2222 1246 2339 1319 jam
2378 1244 2755 1301 vero'tertium
2796 1250 2899 1309 est,
2926 1242 3071 1313 quod
3122 1242 3340 1297 domum

1759 1342 2038 1415 propriam
2077 1337 2219 1394 felici
2240 1337 2513 1409 postlimio
2537 1335 2776 1399 rediens,
2815 1330 3117 1401 durumque
3164 1340 3342 1385 certa-

1760 1447 1888 1491 men
1912 1442 2220 1504 aggressus,
2243 1429 2381 1485 inter
2403 1441 2628 1483 uxorem
2648 1434 2704 1481 et
2728 1434 3016 1494 utrumque
3036 1433 3338 1492 parentem,

1757 1524 1905 1579 inter
1938 1520 2256 1579 vernaculos
2291 1520 2673 1587 diversamque
2700 1515 2983 1579 familiam,
3011 1524 3069 1568 ιιι
3095 1515 3194 1568 aoli
3232 1513 3341 1567 Deo

1760 1614 1919 1670 ﬁeret
1942 1613 2207 1668 veraciter
2229 1618 2408 1675 notus,
2437 1609 2679 1663 omnium
2723 1605 2911 1661 fefellit
2941 1614 3212 1675 aspectus.
3248 1604 3327 1659 Po

1762 1710 1965 1761 stremo
1990 1713 2244 1775 quartum
2274 1710 2381 1767 est,
2420 1700 2563 1771 quod
2610 1699 2720 1754 illic
2764 1706 2887 1768 post
2915 1696 3097 1767 alapas
3128 1712 3189 1750 ac
3214 1711 3337 1751 ver-

1761 1797 1891 1853 hera
1921 1795 2284 1862 servulorum,
2312 1801 2437 1865 post
2474 1789 2923 1848 subsanuationes
2962 1797 3017 1844 et
3063 1798 3340 1844 contume-

1762 1890 1861 1943 tias
1891 1885 2254 1951 irridentium,
2278 1892 2402 1955 post
2423 1881 2865 1938 cachinnantium
2901 1895 2966 1934 ac
3003 1879 3335 1934 saevientium

1759 1979 1966 2050 plagas,
1993 1986 2115 2048 post
2148 1974 2514 2032 intolerabiles
2555 1971 2788 2042 denique
2825 1970 3220 2037 patientissime
3254 1980 3335 2022 ιιι⁹

1761 2074 1942 2127 tet-atas
1955 2068 2281 2126 calamitatis
2301 2064 2777 2135 injurias,sandem
2802 2062 3029 2119 feliciter
3047 2063 3200 2125 obiit,
3222 2072 3339 2112 tat:-

1761 2162 1906 2233 tique
1926 2160 2126 2216 laboris
2139 2160 2398 2215 immensa
2412 2154 2707 2211 certamina
2721 2153 2879 2208 beato
2896 2150 3002 2206 Ine
3026 2151 3335 2219 complevit.

1831 2248 1967 2306 Cum
2004 2262 2137 2320 ergo
2176 2246 2447 2303 mundum
2504 2243 2734 2313 insignis
2788 2242 2873 2296 vir
2926 2241 3030 2296 iste
3078 2240 3333 2300 deseruit,

1760 2354 1943 2397 nonne
1960 2331 2359 2409 quodammodo
2386 2344 2515 2391 tunc
2536 2334 2702 2389 herba
2727 2332 2860 2388 fuit?
2892 2331 3095 2403 Debilis
3120 2331 3334 2399 quidem

1762 2430 1941 2485 adhuc
1982 2443 2080 2499 per
2133 2424 2500 2482 conversionis
2544 2422 2761 2479 uovitia:
2804 2422 3188 2486 rudimentum,
3243 2420 3337 2475 sed

1758 2518 1868 2592 iam
1898 2534 2060 2573 urens
2078 2531 2179 2588 per
2200 2517 2314 2587 spei
2336 2514 2748 2585 caelestis,un
2774 2522 2955 2569 mente
2988 2522 3335 2581 conceperat,

1760 2610 2106 2667 desiderium.
2139 2606 2254 2662 Nisi
2276 2608 2423 2662 enim
2463 2606 2516 2661 in
2546 2620 2677 2676 agro
2705 2605 2913 2660 meritis
2955 2603 3073 2671 ejus
3102 2604 3336 2660 mundus

1759 2707 2053 2762 aresceret,
2080 2712 2183 2753 non
2214 2697 2536 2766 sprevisset;
2580 2704 2634 2749 et
2672 2695 2774 2749 nisi
2812 2710 3061 2764 superna:
3091 2696 3201 2761 spei
3231 2695 3335 2751 sibi

1761 2790 1911 2844 viror
1934 2789 2151 2851 inesset,
2182 2800 2289 2841 non
2321 2786 2386 2839 ad
2414 2784 2579 2864 Deum
2628 2793 2927 2854 tantopere,
2951 2784 3192 2838 dimissis
3218 2799 3335 2839 om-

1759 2878 1941 2942 nibus,
1966 2878 2266 2933 festinaret.
2318 2877 2373 2930 In
2419 2875 2506 2929 illa
2554 2874 2759 2930 scilicet
2804 2875 3141 2937 hereditate,
3173 2889 3333 2943 quam

1756 2979 1949 3026 oeatus
1981 2968 2195 3024 Petrus,
2222 2986 2240 3017 ι
2280 2965 2781 3029 incontaminatam,
2804 2965 3330 3027 immarcescibilem,

1755 3068 2129 3119 conservatam
2154 3058 2208 3113 in
2234 3056 2388 3112 caelis
2417 3054 2467 3124 (1
2502 3052 2643 3109 Pctr.
2681 3055 2742 3125 ι),
2779 3074 2797 3107 ι
2833 3054 3098 3123 appellat;
3149 3064 3203 3108 et
3234 3053 3334 3107 Do-

1760 3154 1942 3209 minus
1982 3164 2179 3220 pascua
2202 3149 2447 3203 nominat
2481 3145 2661 3217 (Joan.
2692 3147 2750 3216 x)
2782 3165 2792 3199 :
2834 3145 3000 3199 herba
3029 3144 3135 3199 ista
3185 3144 3329 3199 radi-

1759 3260 1877 3301 cem
1923 3242 2137 3305 iixerat,
2165 3248 2327 3308 atque
2363 3237 2485 3293 ideo
2510 3251 2760 3305 supernae
2784 3237 2975 3308 gratia:
3004 3237 3185 3291 virore
3211 3251 3333 3290 vero
3365 3231 3408 3291 C

1754 3338 1947 3393 nabat.
1972 3334 2106 3390 Cum
2130 3348 2260 3388 vero
2291 3332 2407 3401 jam
2460 3331 2666 3401 prolixo
2729 3340 2971 3400 tempore
3030 3329 3085 3384 in
3119 3330 3336 3400 .iguota

1756 3426 1997 3501 regionis
2047 3424 2237 3480 exsilio
2282 3422 2539 3493 perstitit,
2586 3436 2812 3497 seseque
2866 3421 2934 3475 ad
2989 3420 3340 3490 perferendas

1760 3529 1872 3575 tam
1906 3516 2051 3587 jugis
2088 3516 2300 3586 inopiae,
2333 3524 2389 3568 et
2435 3511 2761 3568 calamitatis
2801 3526 3119 3567 :emmnosa:
3168 3510 3339 3566 mole-

1759 3609 1895 3666 alias
1922 3606 2077 3679 1‘3
2108 3605 2413 3668 roboravit;
2462 3604 2589 3673 quid
2619 3602 2790 3666 aliud,
2814 3617 2999 3671 quam,
3029 3611 3086 3656 ut
3133 3603 3207 3655 ita
3254 3601 3337 3657 ιο.

1756 3716 1919 3773 quar,
1942 3699 2109 3753 herba
2150 3706 2334 3751 tenera
2365 3694 2607 3749 surrexit
2632 3694 2685 3747 in
2727 3694 2953 3762 spicam.
2994 3691 3340 3747 Postmodum

1761 3808 1896 3849 vero
1933 3807 2054 3845 cum
2105 3804 2201 3860 per
2246 3787 2569 3842 infusionem
2631 3784 2802 3839 sancti
2854 3784 3111 3852 Spiritus,
3165 3780 3338 3837 intimi

1763 3883 1977 3941 roboris
2002 3883 2186 3950 vigore
2211 3882 2783 3946 concepto,patcrnam
2818 3875 3036 3927 domum
3073 3873 3337 3927 acerrima

1764 3984 1821 4033 et
1848 3974 1988 4030 ultra
2020 3973 2279 4026 humanas
2306 3968 2449 4022 vires
2475 3967 2657 4037 gravia
2690 3964 2987 4019 certamina
3013 3963 3341 4018 toleraturus

1766 4061 2020 4126 intravit;
2066 4059 2192 4130 quid
2220 4058 2568 4127 aliud,quam
2620 4057 2686 4109 ad
2742 4054 2959 4124 plenum
3008 4053 3341 4109 frumentum

1766 4153 1919 4208 dives
1943 4152 2060 4205 lucc
2084 4150 2230 4218 spica
2274 4146 2556 4217 pervenit?
2605 4142 2729 4199 Htec
2776 4143 3031 4198 nimirum
3082 4144 3231 4213 spica
3286 4144 3341 4198 in

1764 4250 1966 4299 statum
1989 4238 2099 4309 jam
2131 4238 2263 4292 tanti
2292 4225 2501 4290 roboris
2526 4232 2895 4298 convaluerat,
2912 4241 2973 4288 ut
3003 4245 3069 4289 ex
3099 4247 3196 4288 ore
3221 4248 3337 4287 ser-

1762 4332 2014 4388 vulorum
2072 4327 2347 4397 probrosae
2395 4322 2739 4380 contumelia:
2797 4321 2966 4377 ﬂabra
3014 4322 3343 4392 profluereut

1765 4440 1865 4481 nec
1890 4424 2219 4483 obruerent;
2250 4420 2314 4473 de
2340 4414 2650 4487 quotidiano
2671 4412 2937 4482 conjugis,
2955 4424 3346 4483 parentumque

1763 4525 2055 4580 eonSpcctn
2089 4511 2442 4565 tentationum
2464 4505 2656 4561 ﬂuctus
2684 4506 3066 4574 impingerent,
3085 4520 3181 4559 nec
3208 4514 3346 4557 ster-

3444 603 3605 670 igitur
3639 599 3877 653 caelestis
3904 596 4154 669 agricola:
4181 595 4504 664 disponente
4539 604 5019 654 mensura,semen

3441 688 3678 744 surrexit
3706 688 3758 739 in
3791 687 4036 749 herbam,
4067 684 4233 739 herba
4261 683 4435 737 crevit
4480 682 4534 736 in
4589 680 4813 749 spicam,
4871 696 5020 749 spica

3441 779 3635 849 prodiit
3665 778 3716 830 in
3747 775 4099 837 frumentum,
4129 774 4455 827 frumentum
4489 771 4732 841 pervenit
4777 770 4847 825 ad
4894 770 5022 826 hor.

3443 884 3611 923 reum.
3644 866 3924 921 Plenitudo
3949 866 4147 934 quippe
4183 865 4467 927 virtutum,
4500 862 4641 915 sicut
4666 861 4869 916 dictum
4912 873 5018 925 est,

3441 973 3547 1012 non
3580 965 3688 1011 tota
3721 954 3915 1019 simul,
3946 955 4039 1009 sed
4087 967 4183 1023 per
4238 952 4568 1007 incrementa
4618 951 4905 1015 tribuitur;
4962 960 5021 1001 ut

3441 1050 3506 1103 ad
3536 1064 3656 1102 eam
3689 1063 3784 1116 per
3814 1047 4080 1101 diuturna
4116 1043 4478 1114 provectimtis
4527 1056 4829 1104 accessum,
4864 1042 5017 1112 quasi

3442 1138 3762 1210 quibusdam
3780 1136 3959 1208 magni
3980 1133 4366 1189 moderaminis
4392 1130 4649 1203 gradibus
4672 1130 5017 1186 ascendatur.

3509 1246 3635 1303 Hac
3662 1246 3821 1315 plane
3847 1255 4133 1317 provectus
4154 1242 4328 1299 nostri
4355 1241 4689 1313 quadrifaria
4718 1242 5021 1312 dispositio,

3440 1355 3557 1408 qua:
3584 1339 3652 1393 ab
3684 1339 3800 1407 ipso
3832 1336 4058 1391 Domino
4078 1335 4178 1389 sub
4222 1332 4445 1389 seminis
4469 1332 4640 1401 ﬁgura
4673 1330 5021 1395 describitur,

3439 1427 3578 1498 apud
3616 1424 3955 1481 Ezechielem
3994 1420 4315 1495 prophetam
4352 1426 4452 1491 per
4493 1434 4648 1501 aqua
4696 1419 5022 1476 vocabulum

3440 1518 3767 1587 designatur.
3795 1514 3868 1569 De
3894 1515 4013 1569 viro
4046 1513 4263 1584 quippe,
4291 1527 4453 1583 quem
4486 1512 4542 1567 in
4577 1510 4795 1567 excelso
4840 1519 5028 1566 monte

3445 1615 3822 1677 conspexerat,
3855 1606 4092 1676 hacper
4137 1603 4385 1659 ordinem
4432 1610 4619 1658 narrat
4661 1618 4677 1658 :
4731 1620 4751 1653 ι
4807 1600 5029 1656 lessus

3439 1708 3541 1761 est,
3568 1695 3765 1766 inquit,
3802 1696 4016 1752 cubitus
4047 1693 4210 1758 mille,
4235 1704 4290 1748 ct
4318 1692 4560 1746 traduxit
4582 1705 4668 1746 me
4688 1705 4789 1761 per
4828 1704 5026 1760 aquam

3442 1804 3610 1859 usque
3638 1792 3704 1844 ad
3735 1787 3903 1854 talos;
3939 1800 4263 1855 rursumque
4290 1800 4509 1839 mensus
4531 1791 4617 1840 est
4646 1783 4811 1847 mille,
4835 1792 4893 1838 et
4917 1793 5031 1837 tra-

3374 1866 3595 1935 “duxit
3622 1896 3707 1936 me
3734 1896 3832 1949 per
3858 1894 4057 1950 aquam
4107 1893 4278 1949 usque
4330 1878 4398 1933 ad
4444 1892 4650 1947 genus;
4700 1887 4757 1932 et
4806 1892 5031 1932 mensus

3440 1984 3522 2031 est
3546 1975 3715 2039 mille,
3738 1984 3794 2030 et
3823 1973 4060 2029 traduxit
4081 1987 4167 2027 me
4188 1987 4291 2042 per
4312 1985 4509 2041 aquam
4533 1984 4703 2041 usque
4729 1970 4799 2024 ad
4828 1984 5027 2035 renes;

3446 2093 3487 2123 ,ι
3523 2076 3741 2122 mensus
3763 2076 3847 2121 est
3873 2065 4042 2131 mille,
4072 2073 4565 2134 torrentem,quem
4591 2074 4700 2117 non
4724 2061 4872 2132 potui
4903 2076 5029 2131 per-

3444 2160 3698 2223 transire,
3729 2159 3986 2228 quoniam
4015 2157 4389 2211 intumuerant
4409 2168 4565 2225 aqua
4588 2150 4870 2224 profunda
4911 2163 5029 2207 tor-

3442 2250 3627 2311 remis,
3657 2248 3749 2317 qui
3776 2262 3879 2301 non
3911 2254 4123 2316 poterat
4145 2244 4483 2299 transvadari
4525 2239 4742 2315 (Each.
4774 2242 4964 2311 vatt).
5004 2260 5023 2290 ι

3439 2339 3576 2405 Quid
3602 2338 3761 2407 plane
3784 2336 4099 2406 designatur
4122 2335 4176 2388 in
4201 2332 4502 2388 millenario
4524 2344 4775 2395 numero,
4792 2330 4897 2385 nisi
4917 2327 5033 2385 col-

3448 2428 3539 2481 lati
3569 2426 3811 2480 muncris
3841 2424 4154 2493 plenitudo?
4184 2424 4325 2490 Quid
4348 2424 4437 2479 hic
4463 2436 4621 2493 aqua,
4651 2420 4756 2477 nisi
4784 2420 5031 2477 celestis

3436 2526 3521 2570 est
3542 2515 3840 2584 sapientia?
3862 2511 4015 2569 Unde
4028 2529 4124 2583 per
4139 2512 4488 2567 Salomouem
4502 2512 4701 2566 dicitur
4718 2529 4732 2563 :
4756 2524 4777 2561 ι
4796 2508 5029 2580 Sapien-

3439 2605 3510 2661 tia
3537 2604 3628 2658 Dei
3660 2614 3991 2674 erupuerunt
4014 2604 4217 2674 abyssi,
4247 2612 4301 2656 et
4324 2602 4497 2656 nubes
4519 2615 4641 2657 rore
4663 2610 5030 2658 concrescunt

3438 2694 3617 2763 (Prov.
3640 2700 3743 2759 ιιι).
3771 2714 3788 2747 ι
3811 2696 3902 2749 Vir
3919 2697 4120 2766 itaque,
4136 2696 4227 2765 qui
4244 2694 4514 2765 apparuit,
4532 2694 4678 2748 mille
4691 2693 5029 2749 onbitosme—

3512 2804 3589 2850 π,
3609 2797 3662 2841 et
3690 2789 3947 2858 propheta
3974 2803 4069 2859 per
4092 2803 4288 2859 aquam
4313 2802 4484 2856 usque
4508 2786 4575 2843 ad
4607 2786 4746 2844 talos
4774 2787 5024 2848 ducitur;

3437 2879 3561 2948 quia
3582 2877 3909 2947 Redemptor
3934 2889 4117 2933 noster
4139 2895 4259 2933 cum
4282 2879 4438 2934 nobis
4453 2880 4518 2934 ad
4534 2894 4591 2933 se
4617 2876 4899 2934 conversis
4916 2878 5029 2948 spi-

3439 2969 3612 3023 ritalis
3630 2968 3837 3023 exordii
3865 2968 4249 3038 plenitudinem
4285 2969 4651 3035 tribuit,dono
4666 2984 4914 3040 superna
4937 2985 5035 3025 sa-v

3436 3061 3667 3127 pientim.
3687 3060 3840 3129 quasi
3858 3062 4028 3129 prima
4047 3060 4268 3129 vestigia
4287 3070 4484 3116 nostra
4495 3063 4826 3131 operationis
4846 3062 5031 3116 infun-

3440 3148 3696 3228 dit.INam
3726 3154 3882 3222 quasi
3912 3166 4081 3221 usque
4111 3155 4179 3207 ad
4231 3153 4369 3208 talos
4418 3155 4661 3223 pervenit
4711 3169 4874 3223 aqua,
4902 3168 5028 3209 eum

3440 3260 3541 3302 nos
3569 3260 3668 3317 per
3690 3256 3968 3316 acceptam
3991 3247 4312 3317 sapientiam
4336 3246 4657 3302 desiderata:
4688 3247 5033 3301 rectitudinis

3440 3338 3656 3409 ﬁgimus
3694 3338 3943 3392 inchoata
3978 3339 4223 3409 vestigia.
4259 3337 4361 3405 Qui
4394 3353 4583 3393 rursus
4617 3340 4832 3393 cubitus
4858 3341 5025 3394 meti-

3442 3440 3531 3483 tur
3562 3428 3727 3491 mille,
3758 3437 3812 3483 et
3837 3428 4095 3498 propheta
4140 3443 4309 3499 usque
4346 3429 4414 3483 ad
4467 3444 4639 3499 genua
4690 3442 4785 3498 per
4830 3434 5029 3497 siluam

3441 3522 3685 3581 ducitur;
3713 3521 3968 3589 quoniam
3995 3519 4062 3574 ad
4093 3521 4193 3574 hoc
4209 3520 4320 3588 jam
4347 3520 4627 3588 sapientia:
4656 3528 4852 3573 nostra:
4878 3520 5033 3589 rigor

3442 3622 3691 3682 angi-tur,
3740 3620 3797 3663 nt
3844 3610 3910 3663 ad
3961 3610 4320 3679 perpetranda
4377 3611 4661 3680 praiitatis
4688 3625 4853 3678 opera
4925 3625 5030 3662 non

3441 3704 3712 3758 flectatur.
3745 3703 3890 3758 Unde
3922 3716 4014 3772 per
4031 3696 4253 3757 Paulum
4278 3703 4476 3758 dicitur
4505 3722 4517 3756 :
4556 3722 4574 3755 ι
4608 3702 4884 3757 Remissas
4916 3717 5032 3755 ma-

3443 3810 3565 3853 nus,
3598 3804 3652 3847 et
3692 3795 3951 3848 dissoluta
4003 3809 4172 3863 genua
4224 3795 4438 3865 erigite,
4483 3800 4537 3847 et
4586 3804 4809 3862 gressus
4852 3803 5035 3847 rectos

3447 3882 3607 3954 ια
3638 3884 3802 3938 facite
3822 3883 4046 3952 pedibus
4070 3883 4367 3948 vestrisme
4390 3881 4699 3938 claudicans
4720 3881 4846 3953 quis
4863 3892 5031 3943 erret.

3440 3972 3615 4041 magis
3644 3985 3823 4025 autem
3856 3984 4078 4026 sanetur
4102 3971 4291 4041 (Hebr.
4320 3972 4440 4043 xli).
4470 3990 4496 4027 ι
4527 3972 4681 4043 Aqua
4708 3986 4839 4029 vero
4862 3987 5035 4041 usque

3444 4062 3511 4115 ad
3548 4078 3722 4132 genua
3748 4064 4015 4132 pervenit,
4048 4080 4174 4117 cum
4210 4079 4313 4119 nos
4338 4072 4591 4134 percepta
4619 4064 4884 4133 sapientia
4918 4079 5018 4133 per

3444 4154 3583 4210 fecte
3613 4155 3679 4210 ad
3714 4157 3837 4210 boni
3864 4156 4046 4225 operis
4081 4157 4462 4211 rectitudinem
4507 4155 4757 4220 stringit;
4815 4165 4876 4210 ut
4922 4154 5033 4223 jam

3449 4253 3633 4299 noster
3656 4245 3870 4299 animus
3901 4260 4008 4299 non
4048 4244 4262 4300 vacillet
4291 4259 4356 4300 ae
4387 4243 4601 4307 titubet,
4635 4245 4731 4300 sed
4776 4246 4832 4299 in
4866 4247 5032 4307 bono.

3445 4330 3586 4401 quod
3626 4340 3907 4399 crepent,
3964 4332 4191 4402 vestigia
4243 4331 4349 4386 lixa
4405 4334 4711 4386 confirmet.
4764 4330 5036 4387 Prtefatus

3446 4422 3610 4476 etiam
3642 4423 3720 4475 vir
3752 4423 3942 4476 iterum
3967 4433 4189 4478 mensus
4215 4431 4299 4478 est
4324 4422 4470 4478 mille
4491 4464 4507 4485 ,
4532 4435 4587 4477 et
4634 4423 4901 4494 propheta
4938 4439 5039 4493 per

3449 4526 3645 4581 aquam
3674 4526 3844 4580 usque
3868 4513 3935 4567 ad
3964 4527 4119 4567 renes
4150 4512 4405 4575 ducitur;
4462 4513 4589 4583 quia
4621 4522 4751 4567 tunc
4778 4513 5037 4569 videlicet

1767 4578 1914 4662 uere
1929 4604 2251 4683 potuissent.
2297 4599 2539 4653 Fundata
2587 4597 2782 4667 quippe
2816 4595 3006 4649 domus
3039 4608 3153 4650 erat
3182 4612 3344 4665 supra
3377 4578 3425 4639 θ
3452 4578 3515 4658 ιη’
3536 4602 3689 4656 nobis
3716 4578 3989 4672 plenitudo
4016 4603 4191 4657 sancti
4219 4603 4399 4673 operis
4426 4578 4660 4665 crescit,
4700 4604 4926 4674 quando
4982 4605 5033 4659 in

1769 4697 1983 4753 firmam
2033 4703 2242 4765 petram
2291 4688 2506 4760 (Matth.
2537 4689 2651 4759 vlt).
2701 4687 2768 4740 Et
2800 4688 3019 4757 quidem
3048 4686 3179 4741 dum
3215 4700 3345 4781 pau-
3450 4694 3604 4748 nobis
3627 4700 3835 4764 percepi

2973 4703 3019 4739 m
3048 4686 3179 4741 dum
3215 4700 3345 4781 ρειπ-
3450 4694 3604 4748 nobis
3627 4700 3879 4764 percepta
3907 4694 4189 4764 sapientia,
4222 4709 4456 4758 omnem,
4490 4702 4751 4765 quantum
4773 4697 5039 4765 possibile

1767 4803 1953 4861 pertus
1979 4787 2216 4842 exterior
2245 4784 2481 4852 ilmpem.
2507 4796 2779 4849 PanIIOStIS
2809 4779 3027 4866 habitus
3080 4788 3134 4833 el
3176 4779 3343 4833 GI.“st-
3448 4794 3552 4848 cst,
3586 4784 4003 4839 delectationem
4047 4784 4229 4839 carnis
4254 4784 4601 4839 exstinxerit.
4628 4783 4738 4839 Nisi
4765 4786 4913 4841 enim
4949 4800 5037 4842 re-

1768 4883 1879 4935 ries
1906 4879 2159 4933 redderet
2191 4873 2385 4926 inculta
2424 4870 2741 4935 deformem,
2791 4870 2946 4940 quasi
2997 4870 3126 4924 viles
3178 4870 3341 4925 culmi
3448 4876 3607 4929 nibus
3628 4874 3917 4929 delectatio
3946 4876 4127 4930 carnis
4172 4875 4397 4940 inesset,
4440 4874 4725 4931 Psalmista
4762 4875 4877 4932 Deo
4921 4894 5037 4934 non

1770 4982 1826 5027 et
1852 4972 2033 5025 arista:
2062 4966 2270 5021 steriles
2302 4963 2620 5017 videbantur
2660 4961 2711 5014 in
2750 4961 2932 5029 palea,
2975 4961 3069 5017 sed
3127 4972 3340 5029 plenum
3445 4967 3678 5020 diceret:
3709 4983 3727 5017 ι
3758 4965 3861 5020 Ure
3880 4952 4288 5032 renesiiieos,et
4309 4982 4405 5020 cor
4426 4982 4603 5021 meum
4629 4965 4801 5033 (Paul.
4822 4970 4978 5039 xxv).
5014 4992 5031 5023 ι

1771 5079 2001 5133 granum
2040 5060 2237 5115 latebat
2270 5057 2407 5110 intra
2438 5052 2786 5107 conscientiae
2824 5052 3057 5106 thecam.
3101 5052 3229 5106 Illud
3263 5054 3344 5106 ni-
3449 5062 3600 5129 ,ιςμιςι
3631 5082 3645 5111 ι
3668 5074 3759 5127 rgo
3780 5059 3845 5113 ad
3873 5075 4029 5113 τρηος
4054 5060 4213 5119 mn“.
4233 5074 4356 5113 cum
4386 5059 4559 5114 infusa
4585 5060 4740 5114 "om,
4759 5061 5031 5129 “pium

1775 5158 1971 5209 mirum
2008 5165 2254 5222 granum,
2288 5145 2430 5215 quod
2458 5146 2526 5198 de
2556 5143 2849 5211 semetipso
2874 5139 3091 5196 dicebat
3123 5160 3135 5194 :
3175 5162 3193 5193 t
3232 5141 3345 5197 Nisi
3451 5150 3756 5216 petulantes
3790 5146 4088 5213 illecebras,
4118 5158 4173 5203 et
4202 5149 4473 5204 incentiva
4501 5149 4682 5203 carnis
4708 5150 5032 5223 exstinguit.

1771 5259 1998 5317 granum
2024 5238 2275 5295 frumenti
2306 5236 2504 5290 cadens
2549 5233 2603 5287 in
2643 5242 2866 5298 terram,
2914 5242 3184 5286 mortuum
3235 5231 3346 5287 fne-
3451 5239 3553 5305 Qui
3585 5240 3663 5292 \ir
3695 5240 3867 5292 adhuc
3900 5256 4117 5295 mosus
4146 5251 4231 5295 est
4270 5240 4447 5305 mille,
4479 5251 4798 5307 ιοπεηιεω,
4841 5260 5033 5313 quem.

1769 5336 1862 5401 rit,
1888 5334 2061 5403 ipsum
2086 5330 2255 5385 solum
2281 5334 2461 5381 manet
2487 5324 2668 5395 (Jaan.
2695 5326 2816 5393 xu).
2847 5344 2866 5375 ι
2901 5322 3106 5391 Quarto
3132 5323 3346 5378 demum
3454 5332 3595 5385 sicut
3622 5330 3835 5389 ιιῑςίιιιτ,

2968 5331 3106 5377 tarto
3132 5323 3346 5378 demum
3454 5332 3595 5407 sicut
3622 5330 3839 5389 dicitur,
3876 5332 4139 5401 propheta
4195 5333 4431 5388 transire
4470 5348 4577 5388 non
4633 5334 4839 5401 potuit;
4903 5352 5034 5407 quo-

1770 5425 1890 5481 loco
1921 5422 2028 5477 falx
2058 5420 2216 5475 missa
2246 5426 2346 5477 est,
2398 5426 2457 5470 nt
2501 5415 2670 5483 spica,
2724 5428 2845 5483 qua
2904 5413 2972 5467 ad
3016 5413 3350 5469 maturitatis
3457 5404 3598 5471 niam
3624 5418 3836 5471 ῐιιιιιιιιιιι

2966 5413 2972 5467 Ι
3016 5413 3350 5469 maturitatis
3457 5404 3598 5471 niam
3624 5418 3986 5473 intumuerunt
4016 5420 4461 5491 aquaprofundm
4488 5424 4767 5487 ton'ntttis,
4796 5424 4892 5494 qui
4926 5404 5032 5478 nun

1768 5505 2152 5586 pleniludinem
2184 5517 2432 5570 νειιυνιιιν
2461 5514 2777 5569 metemur.
2810 5519 2933 5558 cum
2977 5503 3346 5573 άὶεΡωὶιὶοηῑε
3452 5512 3624 5580 potuit
3649 5515 4005 5567 transvadaii.
4038 5514 4091 5568 In
4126 5531 4233 5583 quo
4260 5516 4535 5579 nimirum,
4560 5517 4687 5586 quid
4711 5515 4859 5572 aliud
4879 5518 5037 5573 nobis

1771 5604 1965 5657 divinae
1986 5601 2251 5655 sententia
2278 5600 2509 5652 electum
2540 5609 2698 5649 suum
2729 5594 2797 5649 ab
2839 5593 2942 5647 hac
2991 5592 3103 5647 vita
3149 5594 3343 5662 βπερὶ-
3451 5599 3713 5663 inanitur,
3743 5601 3846 5656 nisi
3874 5604 4000 5672 quia
4029 5615 4148 5674 post
4176 5603 4339 5672 pedes
4378 5614 4591 5659 nostros
4632 5605 4746 5673 iam
4798 5606 4854 5661 in
4904 5606 5033 5664 boui

1772 5696 1872 5757 dit,
1908 5693 2237 5763 abiectisque
2267 5690 2636 5743 calamitatum
2666 5686 2906 5740 omnium
2955 5683 3145 5753 paleis,
3190 5701 3347 5738 mun-
3447 5691 3626 5760 operis
3670 5692 3859 5745 itinere
3905 5694 4248 5755 constitutos,
4296 5706 4411 5764 post
4463 5711 4635 5765 genua
4687 5694 4875 5751 cordis
4925 5712 5033 5753 ια

1776 5789 1927 5845 dum.
1955 5795 2008 5840 et
2038 5785 2256 5839 omnino
2296 5791 2586 5852 purgatum
2636 5780 2691 5837 in
2736 5778 2827 5841 illo
2873 5779 3111 5837 calcatis
3165 5780 3343 5836 horrei
3446 5782 3557 5849 jam
3586 5781 3750 5837 dubie
3780 5798 3841 5837 va

2966 5779 3111 5837 lestis
3165 5780 3343 5836 horrei
3446 5782 3557 5849 jam
3586 5781 3750 5837 dubie
3780 5784 4112 5843 vacillantia.
4135 5788 4229 5841 sed
4255 5787 4323 5841 ad
4361 5786 4714 5842 iur-edendum
4750 5800 4849 5853 per
4870 5790 5032 5852 mssi-
