5232 6534
247 468 326 525 631
1599 453 1834 512 SERMO
1867 452 1958 507 XX
1973 449 2107 506 Vill.
3406 442 3514 499 658

245 585 315 638 tite
338 580 594 637 tramitem
615 568 860 635 “ﬁrmiter
916 578 1190 640 roborata,
1231 582 1352 645 post
1398 572 1798 627 oblectamenta
1832 572 1878 630 Α
1907 568 1999 623 bili
2029 581 2196 622 carne
2239 565 2557 636 perfruitur,
2593 579 2715 617 mox
2749 570 2806 615 ut
2844 559 3066 625 obierit,
3112 558 3178 612 ad
3221 558 3518 628 plenitudi-

245 677 443 740 renium,
473 683 530 729 et
555 675 844 730 aestuantis
874 671 1146 727 incentiva
1179 669 1362 724 carnis
1391 665 1664 720 exstincta
1683 703 1697 726 ,
1720 663 1804 716 vir

243 765 440 836 quisque
470 762 749 834 perfectus
775 763 841 817 ad
875 771 1079 815 tantam
1127 757 1516 830 plenitudinem
1559 761 1806 809 contem-

242 857 464 929 plationis
492 855 761 910 attollitur
782 895 797 919 ,
830 863 890 908 ut
910 853 1037 908 dum
1071 866 1176 906 non
1203 857 1383 920 potest
1410 857 1519 900 tam
1543 845 1805 901 eximiam

239 947 632 1019 profunditatem
693 946 761 1000 ad
811 944 1077 1014 liquidum
1125 937 1613 1010 comprehendere,
1659 933 1808 989 velut

239 1039 580 1096 excrescentis
617 1039 775 1093 unda:
804 1037 1004 1090 vadum
1036 1048 1192 1089 mens
1213 1047 1318 1086 non
1355 1029 1534 1084 valeat
1567 1029 1808 1082 humana

241 1130 462 1186 transire.

298 1221 685 1289 Qure‘videlicet
713 1220 895 1276 omnia
914 1218 1092 1287 gestis
1118 1217 1180 1271 Β.
1209 1215 1384 1272 Alexii
1427 1212 1809 1284 congruentis-

239 1318 351 1372 sime
377 1314 629 1369 videntur
674 1313 872 1384 aptari.
915 1312 1051 1366 Nam
1082 1324 1205 1365 cum
1247 1323 1278 1363 a
1321 1307 1569 1378 paternis
1603 1305 1813 1360 laribus

237 1416 374 1475 atque
410 1405 478 1459 ab
515 1404 678 1476 hujus
714 1404 900 1460 mundi
940 1403 1185 1458 vanitate
1235 1400 1527 1464 recedens,
1557 1397 1811 1454 exsilium

232 1503 400 1576 petiit;
438 1507 568 1554 tunc
596 1499 698 1553 sibi
725 1495 1125 1567 quodammodo
1149 1508 1290 1565 aqua
1341 1491 1623 1555 torrentis
1653 1489 1812 1558 hujus

233 1595 294 1649 ad
321 1595 447 1649 talos
483 1604 656 1660 usque
678 1586 942 1659 pervenit.
978 1584 1109 1642 Haec
1147 1598 1286 1653 aqua
1333 1596 1508 1653 usque
1558 1581 1646 1664 ad.
1670 1579 1811 1634 talos

235 1685 382 1757 Moysi
412 1691 467 1740 et
515 1681 679 1736 Josue
705 1687 833 1734 tunc
855 1674 1205 1741 ascendebat,
1233 1688 1359 1729 cum
1385 1673 1465 1728 eis
1495 1687 1597 1727 vox
1630 1671 1812 1725 divina

229 1776 449 1847 iuberet,
497 1782 559 1827 ut
604 1769 974 1826 calceamenta
1026 1767 1092 1821 de
1134 1766 1248 1821 suis
1273 1763 1503 1835 pedibus
1539 1761 1816 1818 solverent

233 1867 412 1936 (Exod.
446 1878 540 1929 III;
571 1861 686 1916 Joa.
732 1858 810 1929 v).
837 1857 965 1914 Haec
1009 1855 1325 1927 apostolicis
1355 1853 1700 1924 postmodum
1723 1864 1816 1920 pe.

1909 677 2030 716 nem
2078 660 2359 731 profundae
2431 676 2495 714 ac
2545 656 2956 728 perfectissimae
3037 652 3517 720 contemplationis

1908 752 2191 817 attollitur,
2221 752 2357 807 adeo
2386 759 2444 804 ut
2471 749 2535 804 ad
2570 747 2935 805 contuendam
2966 746 3136 824 ipsam
3165 759 3396 801 summae
3418 760 3517 800 ve-

1908 843 2086 898 ritatis
2113 844 2350 913 speciem
2386 842 2719 910 provehatur
2742 839 2796 904 (Ι
2817 836 2940 894 Cor.
2967 837 3113 909 XIII).
3147 836 3300 892 Tunc
3332 837 3522 907 itaque

1910 942 2126 989 torrens
2168 949 2274 989 non
2314 942 2496 1003 potest
2527 930 2840 1002 pervadari,
2893 932 3020 1001 quia
3074 929 3347 986 mellifluae
3388 945 3526 986 con-

1910 1026 2285 1096 templatiouis
2307 1036 2513 1096 aeterna
2544 1024 2773 1080 dulcedo
2801 1022 2949 1077 nullo
2969 1022 3083 1092 jam
3117 1021 3224 1078 ﬁne
3245 1021 3521 1087 concludi,

1911 1119 2056 1173 nulla
2110 1093 2418 1187 temporum
2463 1117 2611 1171 valet
2672 1116 2987 1187 prolixitate
3039 1115 3204 1168 ﬁniri.
3281 1114 3525 1170 Torrens

1911 1225 2040 1282 ergo
2073 1209 2162 1266 ille
2187 1208 2665 1279 contemplationis
2704 1220 2945 1272 aeternae,
2977 1223 3099 1276 qua:
3129 1221 3236 1261 non
3270 1215 3402 1262 tunc
3429 1222 3528 1278 per

1913 1303 2073 1357 ﬁdem
2111 1304 2396 1373 quaeritur,
2441 1303 2535 1358 sed
2575 1318 2671 1372 per
2708 1302 2944 1372 speciem
2970 1302 3084 1372 jam
3119 1311 3362 1365 tenetur,
3393 1302 3525 1370 quia

1914 1395 2090 1450 nescit
2119 1396 2375 1462 transire,
2408 1395 2598 1464 nequit
2623 1395 2846 1451 omnino
2880 1395 3133 1459 transiri;
3169 1405 3222 1449 et
3252 1395 3381 1463 quia
3417 1409 3526 1448 non

1913 1487 2058 1542 valet
2081 1487 2335 1543 humanis
2362 1487 2710 1542 sermonibus
2737 1487 2991 1557 exprimi,
3021 1503 3126 1542 non
3153 1496 3355 1556 potest,
3384 1487 3529 1543 sicut

1914 1577 2138 1645 dicitur,
2189 1579 2258 1634 ab
2307 1579 2529 1636 homine
2571 1578 2883 1648 pervadari.
2954 1576 3111 1632 Hunc
3160 1577 3385 1633 sitiebat
3432 1576 3524 1652 ille

1920 1678 2258 1739 torrentem,
2303 1671 2394 1742 qui
2446 1671 2547 1726 sub
2592 1686 2687 1742 spe
2734 1678 2884 1725 certa
2926 1669 3039 1739 jam
3086 1667 3519 1740 gratulabundus

1919 1763 2140 1818 aiebat:
2173 1779 2192 1814 ι
2226 1762 2341 1833 Ego
2371 1771 2554 1816 autem
2601 1776 2724 1816 cum
2753 1759 2968 1829 iustitia
2998 1758 3271 1829 apparebo
3302 1759 3354 1814 in
3388 1774 3522 1815 con-

1920 1865 2106 1924 spectu
2141 1862 2263 1919 tuo;
2309 1855 2555 1910 satiabor
2594 1852 2720 1907 dum
2755 1851 3195 1925 manifestabitur
3221 1852 3392 1921 gloria
3426 1861 3522 1904 tua

238 1921 381 2012 dibus
407 1921 690 2016 influebat,
715 1921 835 2031 cum
862 1949 944 2004 eis
970 1921 1285 2004 diceretur:
1326 1921 1553 1998 t—Nolite
1594 1950 1816 2031 portare
1846 1921 1892 1982 Β
1921 1921 2096 2015 (Ρδαι.
2127 1945 2263 2015 va).
2297 1967 2314 1998 ι
2371 1945 2448 2000 De
2476 1946 2579 2000 hoc
2615 1945 2812 1999 iterum
2845 1945 3017 1999 dicit:
3051 1921 3070 1996 έ
3099 1944 3524 2000 lnebriabuntur

232 2043 516 2107 sacculum,
542 2055 722 2109 neque
740 2030 970 2110 peram,
1005 2050 1184 2107 neque
1218 2033 1590 2090 caleeamenta
1642 2030 1812 2103 (Luc.

230 2135 320 2203 x).
365 2152 382 2185 ι
434 2131 739 2202 Oportebat
783 2128 966 2194 enim,
1012 2136 1074 2181 ut
1123 2124 1542 2181 annuntiatores
1598 2120 1814 2176 Veteris

228 2223 570 2288 Tcstamenti,
602 2230 657 2277 et
697 2221 1087 2292 praedicatores
1140 2215 1477 2285 evangelica:
1534 2214 1680 2276 ﬁdei,
1721 2227 1818 2282 per

227 2318 364 2372 viam
409 2331 554 2372 verte
599 2312 930 2371 humilitatis
979 2311 1337 2375 incederent,
1383 2316 1440 2364 et
1498 2303 1817 2362 morticinio
1853 2351 1856 2354 .

224 2408 455 2479 tegmine
501 2406 733 2476 vestigia
781 2419 890 2460 non
945 2402 1247 2468 munirent,
1269 2399 1360 2470 qui
1403 2400 1571 2453 vitam
1621 2395 1818 2468 populo

225 2499 553 2563 nuntiarent,
591 2497 688 2553 sed
718 2495 848 2550 illud
878 2495 931 2549 in
961 2508 1021 2549 se
1060 2492 1346 2563 spirituale
1389 2499 1605 2562 tegmen
1635 2497 1821 2543 osten-

214 2591 429 2657 derent,
461 2589 528 2646 de
552 2603 661 2659 quo
701 2585 996 2657 Apostolus
1036 2585 1152 2640 ait:
1193 2603 1212 2636 ι
1246 2582 1488 2639 Calceati
1545 2581 1709 2652 pedes
1766 2580 1818 2633 in

224 2680 616 2754 praeparatione
636 2675 917 2748 Evangelii
942 2676 1097 2747 pacis
1121 2674 1340 2747 (Ephes.
1365 2674 1464 2745 vt).
1499 2692 1516 2724 ι
1551 2672 1706 2728 Unde
1727 2685 1821 2740 per

223 2774 414 2829 Isaiam
442 2771 684 2826 dicitur:
729 2786 750 2820 ι
779 2767 934 2823 Beati
986 2766 1151 2838 pedes
1189 2764 1681 2836 evangelizantium
1727 2777 1824 2832 pa-

223 2881 360 2929 cem,
386 2860 876 2934 evangelizantium
908 2860 1048 2913 bona
1087 2857 1224 2928 (Ira.
1287 2857 1406 2929 ut).
1450 2876 1468 2908 ι
1512 2856 1647 2909 Cum
1693 2868 1820 2908 vero

226 2955 284 3011 S.
321 2954 542 3014 Alexius
565 2967 665 3023 per
698 2949 1017 3021 longissima
1060 2956 1370 3018 temporum
1423 2947 1598 3017 spatia
1657 2951 1821 2999 tanta:

222 3045 559 3119 paupertatis
584 3044 825 3114 inopiam
855 3041 908 3096 in
933 3041 1136 3112 ignotis
1173 3039 1373 3095 ﬁnibus
1399 3045 1717 3093 constanter
1757 3049 1822 3090 ac

225 3135 628 3208 patientissime
653 3131 899 3203 pertulit,
932 3139 1066 3188 tunc
1099 3131 1168 3186 ad
1191 3130 1312 3200 ejus
1351 3144 1527 3200 genua
1562 3125 1822 3182 torrentis

221 3244 360 3298 aqua
381 3227 650 3290 surrexit,
668 3227 792 3297 quia
817 3239 913 3296 spe
931 3223 1128 3280 mundi
1152 3237 1380 3294 prorsus
1399 3221 1695 3286 exstincta,
1711 3219 1818 3288 iam

218 3320 275 3376 in
305 3321 388 3375 via
423 3319 636 3374 Domini
671 3317 870 3372 mentis
897 3330 1010 3371 sum
1037 3315 1265 3385 vestigia
1296 3313 1530 3369 ﬁrmiter
1583 3321 1638 3367 et
1681 3311 1819 3364 invi.

215 3410 460 3466 ctissime
501 3407 781 3464 roboravit
833 3425 844 3459 :
902 3405 1250 3476 postmodum
1314 3417 1450 3460 vero
1499 3418 1620 3457 cum
1673 3402 1819 3456 intra

213 3511 462 3573 paternae
487 3499 682 3557 domus
713 3499 854 3553 atria
882 3497 1121 3569 degeret,
1155 3511 1277 3551 cum
1315 3493 1564 3549 carnales
1593 3489 1821 3547 affectus

213 3593 460 3662 undique
486 3597 752 3654 cerneret,
815 3603 942 3642 cum
999 3595 1288 3657 parentum
1338 3585 1818 3649 necessitudinem,

213 3697 343 3736 cum
369 3687 540 3744 certe,
567 3679 712 3749 quod
741 3675 1012 3733 difﬁcilius
1037 3687 1093 3729 et
1130 3673 1527 3729 intolerabilius
1560 3681 1698 3737 erat,
1726 3687 1820 3726 ve-

212 3777 438 3824 nustam
495 3779 708 3838 sponsae
750 3765 991 3835 speciem
1042 3779 1072 3818 a
1129 3762 1824 3834 quotidianis-mutuisque

210 3859 607 3930 conspectibus
631 3843 810 3914 vitare
831 3871 939 3916 non
963 3865 1167 3927 posset,
1184 3865 1332 3928 tunc
1357 3857 1508 3918 velut
1545 3857 1614 3911 ad
1663 3869 1825 3911 renes

206 3949 336 4017 ejus
395 3965 536 4020 aqua
601 3948 862 4009 torrentis
925 3947 1206 4012 excrevit;
1275 3947 1406 4017 quia
1458 3947 1538 4002 sic
1588 3945 1825 4002 cmlestis

207 4038 490 4109 sapientia
565 4038 751 4094 carnis
825 4037 943 4107 ejus
1019 4036 1294 4091 incentiva
1358 4037 1706 4105 perdomuit,
1769 4044 1826 4090 ct

211 4129 527 4195 exstinxit;
589 4130 668 4184 sic
707 4129 879 4183 sancti
921 4127 1158 4198 Spiritus
1209 4127 1374 4182 ardor
1439 4127 1652 4183 lumbos
1702 4126 1819 4196 ejus

205 4237 281 4276 ac
342 4233 506 4276 renes
560 4220 800 4286 excoxit,
842 4226 902 4274 ut
947 4220 1075 4275 dum
1134 4219 1415 4276 vasculum
1467 4235 1626 4274 suum
1681 4234 1820 4289 quo-

206 4313 442 4368 tidianis
485 4309 642 4384 145
688 4325 936 4381 superna:
976 4312 1168 4384 gratia:
1214 4310 1433 4367 fluentis
1477 4313 1821 4379 infunderet,

207 4402 412 4457 carnis
446 4404 730 4458 exstinctae
757 4402 1015 4458 materies
1049 4401 1253 4457 nullutn
1303 4403 1543 4459 titillanti
1593 4406 1824 4461 luxurize

204 4493 472 4551 fomitem
504 4496 862 4551 ministraret.
919 4496 1002 4551 Ad
1037 4508 1196 4552 renes
1227 4510 1359 4566 ergo
1387 4497 1530 4552 beati
1561 4499 1666 4553 viri
1699 4508 1827 4554 tunc

201 4597 361 4651 aqua
382 4583 650 4655 pervenit,
674 4585 800 4654 quia
822 4582 1062 4655 Spiritus
1084 4594 1306 4640 sanctus
1333 4586 1384 4638 in
1407 4601 1471 4640 eo
1496 4597 1823 4654 exarstuans,

194 4676 478 4747 juvenilis
519 4679 697 4732 aetatis
746 4677 1058 4733 incendium
1087 4687 1142 4734 et
1198 4677 1371 4734 illices
1413 4681 1726 4748 passionum
1761 4682 1826 4737 ti-
1859 4658 1906 4717 θ

204 4767 519 4821 tillantium
551 4777 729 4822 motus
752 4767 966 4823 occulto
996 4768 1077 4823 sui
1111 4768 1254 4823 roris
1300 4770 1527 4824 madore
1553 4769 1824 4839 perfudit;

196 4864 263 4911 et
289 4856 381 4913 sic
401 4871 620 4913 omnem
649 4857 877 4913 luxuriae
905 4857 1173 4924 fomitem,
1203 4859 1293 4928 qui
1327 4859 1378 4912 in
1406 4858 1523 4925 ejus
1576 4859 1827 4917 medullis

192 4955 390 5018 atque
437 4949 738 5007 visceribus
791 4949 1116 5013 naturaliter
1162 4960 1379 5021 poterat
1426 4952 1643 5018 ardere,
1697 4968 1830 5008 con-

192 5039 480 5110 sumpsit.
511 5039 580 5096 Ut
606 5049 788 5095 autem
821 5049 992 5096 totum
1019 5043 1320 5112 prophetim
1352 5043 1514 5108 hujus
1542 5043 1823 5100 oraculum

189 5131 382 5187 beato
409 5131 536 5187 huic
566 5133 682 5188 viro
709 5136 1100 5197 convenienter
1134 5145 1370 5206 aptetur,
1401 5138 1528 5192 illud
1568 5139 1733 5194 etiam
1759 5139 1829 5195 ab

181 5235 268 5275 eo
325 5236 444 5278 non
491 5225 757 5290 dissonat,
803 5228 951 5296 quod
1000 5237 1276 5298 postremo
1304 5229 1419 5298 jam
1469 5229 1647 5285 dictus
1697 5246 1828 5300 pro-

186 5313 390 5384 pheta
445 5324 744 5372 torrentem
787 5320 1026 5374 transire
1066 5335 1174 5376 non
1202 5321 1501 5390 potuit,pde
1530 5336 1640 5391 quo
1670 5321 1830 5376 nimi-

182 5423 339 5463 rum
371 5407 577 5465 dicitur
603 5429 616 5465 :
649 5431 667 5463 ι
696 5409 964 5478 Quoniam
1017 5413 1394 5468 intumuerant
1433 5429 1590 5483 aqua:
1620 5423 1828 5470 torren-

189 5502 304 5562 tis.
340 5505 440 5574 qui
474 5521 582 5562 non
618 5508 794 5577 potuit
837 5508 1179 5563 transvadari
1212 5509 1430 5580 (Eucti.
1457 5511 1646 5578 XLVII).
1683 5529 1698 5560 ι
1750 5510 1826 5564 De

183 5593 416 5660 parvis
435 5602 493 5651 et
516 5594 693 5666 planis
719 5597 878 5667 aquis
916 5598 984 5652 ad
1014 5597 1523 5654 intransmeabilem
1573 5598 1825 5669 profundi

183 5683 487 5740 torrentis
529 5685 920 5757 plenitudinem
966 5688 1316 5759 pervenitur;
1367 5691 1492 5759 quia
1541 5690 1610 5746 de
1659 5705 1824 5760 parva

181 5775 716 5845 contemplatione,
765 5777 943 5849 fugaci
973 5780 1204 5846 scilicet,
1236 5781 1544 5852 raptimque
1589 5796 1821 5852 conspe-

180 5875 332 5936 cta,
360 5881 476 5939 qua
501 5867 586 5924 vir
613 5868 840 5938 quilibet
868 5879 1087 5928 sanctus
1125 5871 1178 5928 in
1209 5872 1311 5942 hac
1345 5872 1520 5928 adhuc
1548 5873 1824 5943 corrupti-

1919 2035 1988 2090 ab
2029 2035 2279 2092 ubertate
2317 2035 2512 2092 domus
2555 2043 2681 2102 tuae,
2722 2043 2778 2089 et
2806 2044 3050 2090 torrente
3083 2034 3376 2106 voluptatis
3414 2043 3522 2092 tuae

1919 2123 2138 2194 potabis
2180 2139 2298 2191 eos,
2345 2125 2602 2195 quoniam
2635 2126 2776 2196 apud
2820 2134 2872 2180 te
2898 2133 2984 2181 est
3020 2124 3141 2180 fons
3182 2125 3305 2180 vita:
3348 2124 3525 2192 (Ρεαι.

1923 2216 2115 2286 xxxv).
2166 2234 2189 2270 ι
2243 2217 2325 2271 Ad
2366 2217 2528 2286 hujus
2574 2217 2828 2274 immensi
2887 2218 3149 2273 torrentis
3197 2217 3258 2271 Β.
3302 2216 3530 2273 Alexius

1921 2305 2192 2379 profunda
2243 2307 2445 2364 fluenta
2500 2310 2775 2380 pervenit,
2826 2324 2950 2364 cum
2995 2309 3049 2364 in
3098 2317 3327 2378 paterna
3366 2308 3532 2364 domo

1925 2408 2048 2469 post
2093 2397 2340 2453 victorire
2390 2397 2642 2468 gloriosa:
2685 2398 3024 2468 triumphum
3075 2397 3309 2453 feliciter
3355 2397 3528 2453 obiit:

1925 2488 2296 2560 triumphum,
2349 2490 2606 2560 inquam,
2658 2490 2784 2561 quia
2837 2489 3157 2546 admiranda
3204 2488 3382 2545 sancti
3425 2485 3534 2544 viri

1923 2583 2085 2651 hujus
2111 2583 2222 2638 vita
2253 2598 2382 2638 vere
2424 2584 2734 2654 triumphus
2773 2593 2859 2639 est
2899 2593 2956 2638 et
2992 2598 3132 2640 nova
3174 2592 3340 2653 atque
3369 2582 3532 2638 inau-

1924 2674 2036 2730 dita
2071 2675 2184 2729 fere
2225 2675 2486 2740 victoria;
2523 2689 2782 2744 cumque,
2822 2673 2980 2743 juxta
3011 2673 3395 2744 Propheticam
3437 2686 3535 2727 vo-

1925 2782 2068 2830 cem,
2118 2767 2388 2822 mirabilis
2436 2768 2580 2823 Deus
2617 2767 2696 2849 sit
2729 2767 2783 2822 in
2833 2769 3040 2824 sanctis
3099 2766 3274 2851 (Psal.
3334 2768 3532 2836 vaII),

1926 2859 1978 2911 in
2009 2858 2171 2928 hujus
2203 2857 2389 2913 invicti
2420 2858 2610 2913 militis
2635 2858 2719 2913 sui
2760 2859 3056 2928 spectaculi
3095 2858 3348 2914 tirocinio
3379 2865 3534 2914 tanto

1924 2949 2227 3004 mirabilior
2271 2951 2502 3016 exstitit,
2550 2961 2757 3020 quanto
2795 2966 2891 3022 per
2927 2951 3072 3005 hunc
3115 2960 3307 3016 contra
3346 2951 3532 3005 carnis

1926 3040 2250 3106 illecebras,
2316 3050 2508 3096 contra
2575 3041 2786 3096 fraudis
2853 3041 3134 3097 diabolicae
3187 3049 3533 3095 tentamenta

1928 3147 2072 3187 novo
2125 3141 2290 3202 atque
2315 3133 2539 3189 insolito
2572 3134 2824 3204 martyrii
2853 3148 3056 3206 genere
3085 3133 3366 3188 dimicavit

1999 3223 2168 3280 Vetus
2219 3240 2353 3280 sane
2404 3226 2566 3281 tradit
2591 3226 2820 3281 historia
2874 3227 3174 3296 (Ευτιιοιιη
3206 3226 3346 3280 HisI.
3373 3225 3532 3280 Rom.

1927 3315 2018 3371 lib.
2048 3331 2084 3369 ιι
2112 3315 2165 3370 in
2196 3316 2338 3384 ﬁn.),
2390 3316 2520 3385 quia
2551 3316 2785 3372 Romani
2842 3332 2966 3371 cum
3007 3317 3538 3389 Carthaginensibus

1924 3404 2102 3460 navali
2134 3407 2436 3462 certamine
2465 3405 2842 3477 confligentes,
2881 3408 3171 3463 obtinuere
3208 3408 3534 3473 victoriam;

1926 3512 2028 3552 nec
2054 3497 2195 3553 ullus
2220 3513 2485 3568 unquam,
2520 3499 2665 3554 sicut
2716 3499 2824 3555 illic
2855 3500 3073 3572 legitur,
3100 3500 3366 3556 Romanis
3412 3516 3542 3572 gra-

1927 3589 2033 3643 tior
2059 3590 2233 3659 potuit
2274 3605 2396 3644 esse
2427 3591 2759 3660 triumphus,
2793 3602 2852 3645 ut
2889 3592 2982 3662 qui
3021 3592 3274 3648 hostibus
3304 3593 3422 3647 suis
3446 3606 3541 3649 ea-

1929 3687 2085 3734 tenus
2134 3678 2357 3734 fuerant
2403 3681 2456 3735 in
2509 3689 2726 3742 terrena
2775 3681 3190 3737 concertatione
3235 3683 3541 3749 terribiles,

1929 3786 2074 3826 nunc
2099 3779 2306 3837 essent,
2338 3781 2392 3825 et
2422 3771 2564 3827 inter
2592 3773 2801 3826 marina
2829 3770 3032 3828 fluenta
3057 3772 3315 3827 victores.
3354 3772 3543 3828 Victo-

1927 3865 2008 3919 ria
2046 3865 2212 3935 igitur
2249 3865 2339 3918 illa
2381 3865 2591 3920 idcirco
2643 3865 2817 3935 magis
2845 3880 2997 3929 cara,
3044 3866 3174 3935 quia
3229 3882 3382 3930 rara;
3418 3866 3542 3922 ideo

1928 3955 2048 4024 plus
2098 3955 2362 4025 gloriosa,
2416 3957 2542 4024 quia
2591 3970 2768 4017 nova.
2809 3954 2967 4011 Sicut
3015 3970 3145 4028 ergo
3194 3957 3403 4011 navalis
3454 3956 3544 4012 ille

1930 4047 2262 4118 triumphus,
2290 4049 2417 4118 quia
2450 4064 2643 4114 novus,
2678 4049 2888 4120 gratior
2914 4047 3015 4104 fuit
3044 4048 3260 4115 Romm;
3312 4051 3385 4103 ita
3412 4064 3544 4119 pro-

1928 4137 2072 4194 fecto
2094 4138 2239 4194 beati
2267 4141 2440 4194 virtus
2464 4139 2638 4194 Alexii
2677 4149 2900 4210 propter
2939 4139 3212 4196 insolitam
3243 4140 3543 4196 novitatem

1929 4231 2104 4301 magis
2127 4229 2303 4300 placet
2326 4231 2606 4288 Ecclesia}.

2003 4325 2171 4380 David
2205 4341 2337 4382 sane
2367 4327 2496 4382 dum
2525 4343 2584 4382 se
2613 4343 2797 4383 coram
2826 4329 2994 4383 Acbis
3026 4344 3206 4400 regem
3237 4329 3401 4392 Geth,
3449 4327 3536 4384 fu-

1931 4419 2137 4500 riosum
2175 4433 2239 4473 ac
2268 4421 2577 4475 dementem
2612 4421 2791 4486 ﬁnxit,
2825 4420 3062 4491 gladium
3113 4422 3230 4490 ejus
3261 4421 3544 4489 sapienter

1931 4511 2104 4565 evasit
2127 4509 2178 4580 (Ι
2203 4509 2328 4580 Reg.
2363 4511 2483 4582 xu).
2517 4510 2771 4567 Salvator
2802 4524 2991 4567 noster
3019 4513 3301 4566 descendit
3341 4515 3392 4566 in
3428 4523 3544 4568 tar-

1934 4610 2135 4666 tarum,
2170 4616 2277 4656 non
2309 4610 2369 4655 ut
2399 4601 2530 4656 illud
2559 4602 2706 4658 velut
2731 4602 3010 4658 habitator
3041 4604 3202 4676 146
3248 4605 3539 4676 incoleret,

1933 4693 2026 4750 sed
2078 4701 2138 4747 ut
2177 4691 2489 4748 destructor
2523 4694 2704 4763 potius
2751 4703 2806 4751 et
2845 4709 3073 4752 eversor
3113 4697 3400 4752 diabolicae
3445 4715 3544 4753 ne-

1932 4784 2118 4854 quitiaa
2168 4783 2409 4839 latebras
2455 4784 2768 4856 dissiparet.
2822 4786 2917 4841 Sic
2944 4787 3085 4842 etB.
3130 4787 3377 4853 Alexius,
3407 4789 3542 4844 dum

1930 4891 2217 4952 paternam
2250 4881 2471 4935 domum
2497 4888 2758 4951 tanquam
2801 4880 3156 4947 retrogradus
3183 4880 3543 4936 abrenuntia-

1932 4983 2019 5028 tor
2051 4971 2375 5042 ingreditur,
2410 4973 2624 5042 decepit
2659 4972 2846 5026 mundi
2879 4972 3204 5042 principem,
3251 4973 3546 5046 omnisque

1930 5068 2138 5126 fraudis
2169 5077 2333 5140 atque
2357 5069 2578 5124 maliti-.e
2606 5067 2800 5123 fefellit
2829 5077 3131 5123 auctorem.

2010 5159 2163 5217 Unde
2210 5177 2409 5216 novum
2451 5161 2699 5231 martyrii
2748 5176 2942 5232 genus,
2990 5176 3189 5216 novum
3227 5160 3439 5231 prmbet
3490 5161 3546 5217 in

1934 5251 2298 5307 admiratione
2330 5253 2728 5322 spectaculum.
2785 5252 3120 5324 Martyribus
3155 5252 3305 5308 enim
3350 5267 3544 5309 carcer

1933 5349 2053 5396 erat
2088 5354 2273 5409 pmna,
2324 5349 2518 5397 catena
2547 5358 2838 5412 pressura;
2879 5343 2964 5397 isti
2996 5357 3123 5398 vero
3167 5344 3390 5413 propria
3443 5343 3542 5398 do-

1933 5448 2055 5489 mus
2093 5433 2303 5489 auratis
2326 5433 2583 5490 decorata
2631 5434 2884 5490 tricliniis
2926 5443 3046 5489 erat
3085 5436 3316 5491 materia
3365 5444 3539 5489 tenta-

1937 5523 2123 5579 tionis.
2173 5523 2299 5579 Illos
2341 5527 2633 5596 torquebat
2674 5543 2868 5582 manus
2915 5536 3126 5581 armata
3179 5526 3536 5594 carniﬁcum;

1937 5615 2100 5671 istum
2145 5616 2366 5686 gravius
2411 5618 2675 5687 puniebat
2725 5628 3017 5688 conspecta
3070 5618 3313 5688 quotidie
3365 5616 3542 5687 pietas

1936 5708 2266 5778 genitorum.
2316 5707 2373 5761 In
2416 5718 2712 5779 martyrem
2753 5709 3054 5777 quemlibet
3111 5707 3380 5764 fremebat
3411 5708 3542 5763 hor-

1932 5800 2098 5855 renda
2134 5798 2549 5868 rabiesjudicis,
2604 5801 2747 5855 hunc
2774 5801 2992 5863 blanda,
3043 5800 3190 5854 initis
3249 5810 3415 5868 atque
3451 5815 3542 5854 ve-

1935 5899 2096 5947 nusta
2130 5890 2297 5949 facies
2325 5893 2682 5965 impugnabat
2712 5895 2916 5950 uxoris.
2970 5893 3302 5964 Martyribus
3336 5893 3388 5947 iu
3420 5891 3548 5950 aula

4813 6405 5059 6429 Α..-

4812 6506 5211 6534 Ἦ
