5232 6512
398 0 4383 160 κᾺ--ζ

1830 527 1937 590 669
2430 529 2486 584 S.
2527 528 2728 586 PETRI
2768 529 3049 585 DAMIANI
3088 527 3235 584 OPP.
3271 529 3445 584 PARS
3486 529 3613 585 SEU
3647 527 3878 585 TOMUS
3907 527 3967 583 ll.
3992 557 4060 568 —-
4085 525 4473 583 SERMONES.
4964 529 5049 584 σω

1822 645 2123 718 principum
2176 643 2517 714 ingerebatur
2562 660 2715 715 poena
2764 653 3062 710 tortorum;
3099 645 3184 699 hic
3216 655 3394 699 autem
3427 652 3472 710 Α
3502 647 3679 700 cendit
3710 687 3722 708 ,
3784 643 4192 714 sUpereminens
4249 647 4526 712 pra-nilum
4600 643 4664 696 de
4735 659 4892 698 manu
4941 634 5048 712 justi

1826 738 1882 791 in
1913 738 2069 790 domo
2093 735 2290 804 proprii
2316 735 2454 804 juris
2483 735 2827 789 invisibiliter
2854 736 3226 806 torquebatur,
3258 737 3400 790 velut

1826 831 1880 884 in
1927 842 2048 882 area
2106 827 2406 881 tribunalis.
2466 827 2572 880 Illis
2617 827 2793 880 fuerat
2839 842 2994 897 poena
3045 827 3395 895 supplicium;

1820 919 1947 973 huic
1990 917 2298 972 econtrario
2349 917 2714 971 blandimenta
2767 928 3113 972 tormentum.
3167 917 3400 972 Lazarus

1819 1005 2002 1078 plane,
2028 1008 2118 1077 qui
2157 1005 2374 1074 jacebat
2405 1007 2470 1060 ad
2515 1007 2736 1076 januatn
2775 1007 2977 1072 divitis,
3033 1008 3230 1060 invitus
3279 1023 3399 1060 csu-

1817 1096 2014 1159 riebat,
2050 1105 2102 1152 et
2128 1097 2386 1151 cadentes
2413 1096 2479 1150 de
2506 1111 2687 1150 mensa
2722 1097 2907 1159 micas,
2939 1111 3057 1165 qua
3086 1105 3263 1148 tamen
3295 1097 3394 1150 sibi

1816 1187 2042 1241 minime
2081 1187 2366 1251 dabantur,
2395 1187 2616 1256 optabat
2648 1185 2796 1255 (Luc.
2831 1187 2971 1254 xvi);
3005 1186 3142 1239 unde
3172 1189 3397 1256 potioris

1813 1276 2004 1345 procul
2030 1275 2192 1332 dubio
2222 1278 2400 1332 meriti
2430 1277 2532 1331 fuit
2563 1292 2764 1347 pauper
2795 1279 2918 1339 iste,
2947 1293 3108 1346 quam
3137 1276 3392 1332 Lazarus.

1813 1369 1907 1424 llle
1962 1370 2216 1425 nimirum
2250 1386 2354 1426 non
2389 1372 2546 1426 modo
2592 1386 2779 1440 parum
2824 1371 2952 1440 quid
3002 1371 3266 1439 accipere,
3301 1372 3393 1426 sed

1812 1469 1869 1514 ct
1922 1462 2182 1526 salutari,
2235 1463 2376 1516 sicut
2405 1461 2616 1517 Veritas
2662 1462 2928 1531 perhibet,
2979 1461 3247 1530 cupiebat,
3307 1464 3391 1515 cui

1812 1559 2001 1608 tamen
2049 1552 2304 1608 alimenta
2356 1569 2515 1608 nemo
2569 1554 2994 1607 misericorditer
3051 1553 3387 1620 indulgebat;

1812 1641 1916 1697 iste
1958 1657 2090 1698 vero
2124 1659 2244 1698 cum
2278 1644 2379 1698 sibi
2431 1653 2740 1714 sumptuosa
2793 1643 3104 1696 divitiarum
3149 1643 3387 1696 omnium

1809 1732 1964 1802 copia
2021 1731 2162 1786 ultro
2218 1741 2547 1802 suppeteret,
2600 1747 2722 1786 cum
2775 1731 2951 1786 omnis
2994 1731 3154 1800 hujus
3206 1731 3388 1783 mundi

1809 1821 1980 1890 gloria
2009 1837 2068 1877 se
2093 1823 2196 1878 sibi
2223 1823 2554 1893 dignaretur,
2591 1823 2758 1893 gratis
2802 1820 3054 1884 offerret,
3091 1822 3199 1876 imo
3226 1822 3389 1876 etiam

1809 1914 2014 1969 nolenti
2045 1929 2104 1970 se
2130 1915 2389 1971 violenter
2435 1917 2726 1985 ingereret,
2775 1915 2953 1969 omnia
3004 1914 3220 1984 repulit,
3257 1929 3387 1967 cun-

3503 735 3924 790 remuneratoris
3959 736 4181 803 accepit.
4221 733 4334 795 Ipse
4359 733 4556 802 quippe
4598 733 4770 788 factus
4814 745 4892 787 est
4940 751 5050 804 βπε-

3501 826 3664 878 mium
3720 824 4112 886 retributionis,
4159 823 4249 891 qui
4298 823 4398 876 sibi
4457 823 4632 876 fuerat
4682 837 4846 876 causa
4905 835 5049 877 ceru-

3502 916 3681 976 minis,
3718 922 3772 968 et
3797 915 3886 982 qui
3919 914 4094 967 fuerat
4116 921 4303 965 auctor
4325 927 4535 981 pugnm,
4564 913 4737 966 factus
4771 922 4854 965 est
4879 926 5048 965 corona

3501 1008 3756 1069 victorias,
3789 1004 3944 1060 Jesus
3984 1006 4235 1060 Christus
4277 1005 4532 1058 Dominus
4574 1015 4777 1068 noster,
4838 1007 5050 1074 quicum

3499 1100 3606 1153 Deo
3638 1099 3798 1152 Patre
3820 1107 3872 1154 et
3897 1098 4099 1167 Spiritu
4133 1107 4323 1153 sancto
4349 1099 4479 1153 vivit
4505 1109 4561 1152 et
4588 1107 4778 1169 regnat
4813 1099 4861 1152 in
4884 1099 5052 1154 stcula

3497 1192 3836 1245 articulorum.
3872 1191 4062 1243 Amen.

4052 1279 4284 1337 SERth
4325 1281 4512 1337 XXIX.

3637 1388 3700 1425 ns
3740 1388 3939 1427 smn
3984 1388 4146 1426 sum
4191 1386 4526 1426 ιιλευιιῑιιλ.
4573 1374 4720 1440 (xxn
4761 1375 4907 1438 ιιτι..)

3564 1461 3733 1517 Hodie
3761 1463 4134 1517 misericordia
4157 1473 4210 1516 et
4241 1463 4439 1516 veritas
4463 1462 4821 1515 obviavernnt
4867 1464 4985 1526 sibi,
5010 1473 5058 1516 ct

3496 1553 3783 1608 multitudo
3818 1554 4226 1608 miserationum
4263 1554 4473 1608 Domini
4509 1555 4560 1607 in
4603 1554 4956 1622 peccatricem
4990 1555 5058 1608 fe-

3494 1644 3691 1698 minam
3732 1643 3892 1712 (Luc.
3939 1645 4046 1710 vn)
4085 1643 4259 1696 refusa
4292 1653 4394 1697 est.
4451 1643 4619 1697 Filius
4647 1645 4790 1698 enim
4820 1643 5058 1713 Virginis,

3493 1733 3829 1794 peccatricis,
3849 1740 4193 1785 menstruam
4225 1732 4475 1786 manibus
4501 1741 4851 1795 attrectatur;
4885 1732 5060 1786 Deum-

3491 1838 3613 1890 que,
3632 1833 3684 1877 et
3708 1821 3796 1878 Dei
3829 1822 4020 1876 Filium
4058 1823 4253 1876 mulier
4277 1822 4546 1877 infirmata
4571 1825 4853 1894 contingit.
4881 1822 5062 1891 Tangit

3489 1913 3652 1979 pedes
3686 1913 3887 1974 mundi,
3922 1921 4082 1981 atque
4110 1912 4420 1966 mundantis
4450 1914 4747 1976 immunda,
4779 1923 4835 1968 et
4852 1918 4924 1967 ad
4954 1929 5061 1968 ves-

1807 2013 1896 2058 eta
1940 2005 2305 2075 contempsit,
2354 2006 2779 2060 irrevocabiliter
2831 2015 3114 2060 aversatus
3167 2004 3378 2073 abjecit.
3416 2005 3458 2063 Β
3490 2005 3616 2069 tigia
3651 2002 3926 2056 Creatoris
3954 2003 4145 2057 mulier
4174 2003 4466 2057 criminosa
4495 2007 4823 2075 procumbit.
4849 2005 5063 2060 Transit

1805 2096 1852 2150 Ο
1896 2106 2174 2156 strenuum
2206 2097 2401 2153 Christi
2451 2097 2709 2152 militem!
2751 2114 2784 2153 o
2829 2113 3052 2167 prorsus
3102 2097 3377 2158 invictum,

1805 2193 1860 2240 et
1885 2188 2048 2242 nimis
2076 2187 2335 2258 insignem
2369 2187 2604 2243 caelestis
2636 2188 2837 2242 militia:
2867 2187 3181 2242 bellatorem
3216 2187 3227 2237 !

1873 2276 1931 2332 In
1960 2278 2260 2334 Annalibus
2300 2289 2446 2334 certe
2464 2279 2658 2349 legitur
2691 2278 3055 2334 Romanorum
3086 2277 3377 2348 (Eunoen

1808 2367 1954 2424 Hist.
1981 2368 2130 2426 Rom.
2157 2369 2250 2425 lib.
2279 2387 2338 2424 ιιι
2371 2370 2422 2424 in
2451 2371 2673 2441 priuc.),
2705 2372 2827 2440 quia
2857 2370 3140 2426 Marcellus
3170 2368 3377 2432 consul,

1805 2461 1935 2515 dum
1979 2461 2289 2531 imprudens
2334 2463 2384 2515 in
2437 2478 2626 2517 manus
2673 2464 2903 2518 hostium
2956 2465 3230 2519 incidisset
3264 2505 3276 2526 ,
3327 2471 3379 2516 et

1801 2567 2002 2609 corona
2047 2553 2414 2609 circnmdante
2455 2554 2762 2618 Gallorum,
2811 2553 3034 2618 nullum,
3077 2569 3175 2623 per
3218 2567 3378 2622 quem

1797 2652 1985 2713 posset
2032 2644 2283 2709 evadere,
2337 2645 2543 2698 aditum
2593 2645 2874 2714 reperiret,
2920 2652 3142 2714 repente
3179 2642 3231 2696 in
3266 2656 3380 2696 me-

1799 2734 1948 2787 dium
1982 2734 2218 2788 hostium
2254 2732 2684 2790 ferventissimus
2710 2732 2940 2788 bellator
2968 2731 3254 2795 immersit,
3288 2745 3378 2784 eo-

1795 2841 2024 2895 rumque
2049 2840 2252 2897 regem,
2289 2825 2668 2882 Virdumaruln
2697 2823 3106 2897 [Vitromarum]
3139 2823 3376 2888 nomine,

1798 2915 2011 2968 cunctis
2062 2915 2334 2985 inepinata
2383 2915 2605 2969 audacia
2636 2915 2911 2985 perculsis.
2941 2913 3171 2978 occidit;
3206 2922 3261 2967 et
3288 2912 3378 2966 ubi

1794 3017 1990 3073 magna
2039 3003 2316 3057 videretur
2352 3004 2668 3072 provenisse
2712 3003 2971 3066 victoria,
3027 3003 3072 3056 si
3119 3002 3380 3057 duntaxat

1795 3092 2056 3147 immunis
2103 3091 2406 3162 aufugeret,
2454 3093 2578 3148 inde
2608 3092 2744 3147 ultra
2774 3107 2989 3147 omnem
3032 3107 3180 3162 spem
3211 3092 3374 3162 opimi

1790 3183 1946 3253 spolii
1998 3183 2285 3239 manubias
2331 3185 2648 3254 reportavit.
2703 3183 2793 3239 Sic
2822 3185 3080 3238 nimirum
3110 3192 3164 3239 et
3194 3194 3378 3239 noster

1791 3273 1896 3328 iste
1939 3273 2245 3338 Marcellus,
2297 3288 2403 3328 non
2448 3273 2558 3342 jam
2609 3284 2974 3344 propugnator
3022 3273 3222 3339 Romae,
3279 3272 3373 3328 sed

3484 2094 3534 2146 in
3567 2095 3812 2147 affectum
3827 2096 4001 2147 cordis
4024 2094 4444 2163 przevaricatrix,
4469 2106 4523 2150 et
4540 2096 4676 2151 redit
4695 2098 4884 2172 adcor,
4911 2107 5065 2167 atque.

3485 2184 3912 2252 magnitudinem
3941 2185 4206 2239 scelerum
4237 2185 4599 2256 lacrymarum
4625 2188 4911 2242 multitudo
4934 2203 5059 2242 eon-

3481 2277 3719 2330 dcmuat.
3754 2277 4064 2330 Dissimulat
4090 2279 4263 2345 pietas
4293 2279 4564 2347 tangentis
4593 2278 4849 2342 oﬂicium,
4877 2289 4932 2333 et
4967 2281 5061 2333 ob-

3481 2370 3791 2437 sequiorum
3826 2369 4136 2422 instantiam
4159 2370 4620 2424 remuneratorius
4656 2369 4745 2425 ille
4762 2368 5062 2437 majestatis

3481 2460 3669 2513 oculus
3695 2459 3832 2513 felici
3887 2459 4264 2526 dedignatione
4323 2475 4428 2512 non
4486 2460 4724 2529 inspicit.
4777 2459 5056 2515 Osculatui

3481 2549 3645 2603 Haria
3699 2550 3859 2617 pedes
3883 2549 4083 2602 Clu-isti
4118 2548 4491 2618 frequentibus
4533 2551 4751 2614 osculis,
4799 2561 4853 2604 et
4895 2551 5066 2605 oculis

3481 2641 3864 2711 inundantibus
3890 2641 4113 2709 vestigia
4173 2639 4552 2709 Redemptoris
4596 2641 4848 2702 infundit,
4907 2642 5066 2710 tergit

3481 2735 3746 2793 crinibus,
3779 2730 4066 2785 odoriferis
4100 2730 4277 2794 illiuit,
4309 2741 4362 2784 et
4394 2731 4587 2785 irrorat
4627 2732 4934 2801 unguentis.
4978 2730 5066 2782 Vi-

3481 2822 3591 2882 det,
3629 2831 3683 2875 et
3739 2822 3940 2875 invidet
3994 2821 4385 2892 siugularitatis
4431 2833 4659 2884 amator,
4686 2831 4740 2876 et
4775 2833 5065 2890 utrumque

3483 2915 3756 2983 redarguit
3788 2914 4045 2968 Pharisa-i
4074 2914 4354 2982 jactantia,
4386 2914 4530 2969 illum
4562 2915 4900 2984 ignorantia,
4930 2930 5066 2983 pne-

3482 3005 3802 3073 snmptionis
3831 3005 3996 3058 illam.
4017 3005 4120 3058 Sed
4147 3005 4450 3064 deliberans
4477 3006 4811 3076 providentia
4839 3020 5066 3074 suspen-

3480 3095 3863 3163 ditjuelicium,
3891 3097 4015 3147 dum
4039 3093 4254 3150 allectat
4290 3095 4626 3166 olnequium,
4661 3105 4715 3150 et
4738 3097 5066 3150 invectivam

3481 3186 3674 3239 retinet
3700 3194 4078 3254 praeparatam,
4111 3185 4283 3241 donec
4308 3183 4488 3240 Maria:
4514 3185 4848 3242 sacrificium
4886 3187 4941 3240 in
4970 3187 5060 3239 bo-

3481 3273 3779 3328 locaustum
3821 3285 4179 3344 pertranseat.
4228 3274 4478 3330 Gaudent
4524 3275 4700 3345 angeli
4750 3290 4918 3344 super
4942 3290 5070 3344 pec-

1789 3377 1990 3423 sanctm
2016 3367 2168 3422 miles
2197 3366 2474 3431 Ecclesiae,-
2502 3383 2624 3423 cum
2667 3383 2857 3438 magna
2894 3383 3001 3422 non
3036 3367 3372 3421 dubitaretur
3399 3348 3446 3412 C
3476 3365 3677 3419 catrice
3699 3365 4072 3435 paenitentiam
4101 3373 4293 3435 agente
4320 3363 4482 3435 (Luc.
4513 3366 4632 3434 xv),
4665 3374 4718 3419 et
4747 3366 4935 3420 odoris
4959 3364 5070 3418 frao

1792 3472 1914 3513 esse
1939 3458 2186 3521 victoria,
2218 3458 2262 3512 si
2293 3458 2358 3512 de
2386 3466 2491 3511 tam
2523 3458 2716 3527 amplis
2761 3467 2813 3513 et
2851 3458 3152 3527 magniﬁcis
3181 3458 3374 3526 opibus

1789 3551 1968 3605 nudus
2015 3549 2315 3620 aufugeret,
2364 3564 2468 3604 non
2513 3549 2761 3605 sufﬁcere
2799 3551 2900 3605 sibi
2925 3551 3098 3605 visum
3140 3559 3244 3612 est,
3271 3548 3371 3602 nisi

1787 3649 1846 3696 et
1871 3641 2089 3694 domum
2121 3640 2354 3704 rediens,
2383 3639 2741 3694 intolerabilia
2769 3649 2958 3694 contra
2991 3653 3050 3693 se
3075 3637 3370 3693 certamina

1788 3730 2073 3786 ultroneus
2101 3737 2438 3798 provocaret.
2467 3727 2571 3784 Sed
2601 3729 2670 3784 ab
2693 3730 2807 3798 ipso
2832 3728 3076 3783 Domino.
3103 3727 3194 3796 qui
3221 3726 3370 3781 vide-

1795 3821 1926 3877 licet
1951 3830 2139 3876 auctor
2162 3821 2436 3875 virtutum.
2474 3830 2528 3876 et
2553 3822 2658 3875 dux
2681 3830 2767 3874 est
2795 3819 3117 3890 spiritalium
3149 3817 3371 3873 bellato-

1793 3927 1941 3977 rum,
1976 3911 2226 3980 iubemur
2253 3911 2467 3980 quidem
2497 3921 2692 3967 cuneta
2724 3911 3017 3974 dimittere,
3051 3924 3155 3964 non
3187 3918 3368 3963 autem

1790 4003 2054 4058 adversus
2089 4016 2151 4056 ea
2181 4001 2600 4072 quotidie,velnt
2619 4016 2811 4056 manus
2831 4001 3060 4056 invicem
3082 3999 3358 4055 conferen-

1783 4105 1893 4159 tes,
1918 4095 2166 4152 cominus
2207 4093 2504 4148 dimicare:
2538 4091 2837 4148 Israelitico
2873 4091 3126 4146 nimirum
3171 4089 3370 4159 populo

1782 4187 1962 4242 exitus
1987 4200 2054 4240 ex
2082 4183 2317 4255 Egypto
2344 4182 2650 4254 praecipitur
2671 4182 2869 4250 (Exod.
2897 4182 3001 4248 ιιι),
3034 4194 3139 4234 non
3162 4179 3370 4234 reditus

1784 4277 2106 4345 imperatur.
2152 4275 2424 4329 Abraham
2451 4288 2702 4345 egressus
2751 4280 2837 4328 est
2885 4272 2951 4326 de
2994 4280 3140 4325 terra
3176 4283 3270 4324 sua
3300 4266 3366 4324 ad

1783 4366 1998 4422 Domini
2035 4365 2276 4436 jubentis
2321 4364 2602 4433 imperium
2647 4360 2800 4433 (Gen.
2832 4361 2960 4432 xtl);
2995 4360 3089 4416 sed
3127 4368 3367 4432 postmo-

1780 4459 1907 4514 dum
1938 4468 2284 4526 nequaquam
2313 4453 2473 4508 rediit
2500 4455 2564 4507 ad
2591 4451 2828 4506 rediviva
2879 4449 3176 4506 certamina
3208 4446 3366 4502 Chal-

1781 4548 2045 4602 daeorum.
2076 4545 2269 4600 Petrus
2306 4558 2404 4613 per
2429 4542 2678 4613 angelum
2709 4541 2977 4596 excitatus
3001 4540 3364 4595 Herodianuia

1777 4637 2023 4692 deseruit
2063 4647 2336 4690 carcerem
2360 4632 2496 4704 (Act.
2526 4633 2647 4703 xu),
2689 4633 2782 4686 sed
2824 4645 2928 4685 non
2963 4630 3137 4682 denuo
3183 4641 3365 4681 rever-

1777 4743 1872 4783 sus
1892 4737 1975 4782 est
2001 4729 2067 4780 ad
2090 4725 2373 4782 Herodem.
2405 4724 2612 4780 Sufﬁcit
2637 4739 2784 4794 ergo,
2808 4724 2850 4777 si
2881 4732 3086 4777 tantum
3116 4735 3362 4792 possessa

1781 4817 2154 4887 relinquimus,
2196 4828 2294 4870 nec
2325 4824 2600 4884 superest,
2647 4823 2707 4866 ut
2741 4826 2926 4867 rursus
2956 4811 3024 4866 ad
3050 4825 3235 4866 eorum
3274 4820 3357 4865 to-

1789 4908 2007 4962 leranda
2036 4906 2330 4962 certamina
2361 4907 2666 4960 redeamus.

1857 4997 2014 5070 147
2045 4997 2206 5068 Igitur
2219 4996 2278 5050 Β.
2303 4996 2522 5052 Alexius
2532 5011 2655 5052 cum
2673 5003 2884 5051 terrena
2898 5007 3122 5066 quaque
3133 4994 3360 5058 dimisit,

1780 5104 1902 5143 cum
1919 5103 2050 5158 opes
2081 5100 2267 5142 omnes
2297 5094 2456 5155 atque
2490 5087 2704 5142 divitias
2740 5086 2948 5154 paterni
2973 5085 3108 5151 iuris
3137 5083 3355 5154 abjecit,

1783 5193 2030 5248 superna:
2068 5177 2325 5246 jussionis
2378 5181 2629 5232 mandata
2664 5176 2815 5247 (Luc.
2848 5177 3002 5245 aviti)
3042 5176 3350 5244 complevit;

1778 5287 1906 5327 cum
1937 5286 2069 5326 vero
2095 5270 2160 5326 ad
2193 5271 2406 5342 propria
2443 5270 2619 5333 rediit,
2663 5266 3070 5324 abrenuntiator
3106 5269 3354 5338 egregius

1778 5372 1978 5420 metam
2002 5363 2185 5434 procul
2217 5364 2379 5419 dubio
2402 5363 2594 5417 divina
2623 5362 2756 5432 legis
2800 5363 3052 5418 excessit.
3114 5362 3180 5416 Et
3228 5362 3352 5430 quia

1779 5468 2090 5509 mensuram
2137 5454 2352 5520 bonam,
2384 5464 2438 5510 et
2472 5453 2771 5510 confertam
2841 5463 2896 5509 et
2925 5455 3246 5524 eoagitatam
3298 5455 3349 5507 in

1776 5546 1954 5600 sinum
2002 5560 2156 5601 suum
2198 5543 2354 5601 electi
2402 5546 2605 5616 quique
2644 5547 2936 5615 recipiunt;
2979 5556 3034 5601 et
3063 5547 3350 5615 unusquis-

1776 5652 1881 5705 que
1903 5636 2177 5706 propriam
2201 5638 2503 5692 mercedem
2539 5636 2730 5705 recipit
2764 5639 3057 5692 secundum
3086 5653 3242 5692 suum
3273 5638 3350 5690 la-

1776 5723 1962 5780 borem
1987 5724 2038 5794 (I
2070 5723 2190 5779 Cor.
2221 5727 2325 5797 ιιι);
2347 5726 2836 5781 immensurabilem
2864 5727 2951 5780 hic
2970 5727 3208 5796 possidet
3238 5728 3346 5798 glo-

1778 5814 1937 5879 riam,
1990 5816 2081 5884 qui
2112 5831 2216 5872 non
2251 5817 2426 5872 tenuit
2461 5818 2513 5871 in
2569 5816 2754 5872 labore
2783 5833 3110 5872 mensuram.
3150 5818 3212 5871 Et
3253 5821 3343 5888 qui

1779 5906 2142 5976 evangelicam
2170 5909 2409 5979 regulam
2439 5910 2490 5962 in
2516 5908 2596 5963 sui
2633 5909 2948 5964 certaminis
2981 5923 3145 5980 agone
3175 5920 3342 5966 trans-

3475 3460 3686 3527 grantia
3714 3458 3951 3515 caelestis
3986 3458 4072 3513 ille
4121 3467 4423 3514 conventus
4472 3459 4801 3529 aspergitur,
4843 3458 5068 3512 salvan-

3479 3559 3696 3618 tcmque
3745 3561 3799 3606 et
3830 3549 4152 3604 salvandam
4210 3558 4378 3603 totam
4419 3549 4803 3604 misericordia:
4831 3548 5070 3603 dulcedo

3472 3641 3759 3711 prociugit.
3823 3640 3921 3696 Ubi
3973 3640 4265 3694 abundavit
4311 3637 5065 3710 peccatum,superabundat

3473 3733 3648 3800 gratia
3680 3729 3872 3800 (Rom.
3899 3731 3995 3799 v);
4047 3739 4102 3784 et
4128 3731 4575 3787 numerositatem
4601 3729 4898 3785 criminum
4919 3742 5069 3800 pre-

3471 3825 3779 3894 ponderaus
3806 3825 3978 3894 pietas
4008 3824 4338 3878 intercludit.

3541 3916 3714 3983 Quam
3768 3931 3959 3985 magna
3994 3915 4279 3969 multitudo
4307 3914 4606 3980 dulcedinis
4649 3922 4775 3984 tua,
4831 3913 5074 3970 Domine

3469 4008 3486 4072 (
3511 4004 3652 4059 Psal.
3679 4008 3839 4070 xxx),
3870 4007 3921 4058 in
3951 4005 4271 4075 peccatricis
4301 4002 4675 4060 confessione!
4718 4003 4897 4071 Qua
4915 4005 5069 4074 just:

3469 4101 3817 4169 reprehensio
3841 4101 3892 4153 in
3915 4098 4172 4154 Pharisaei
4207 4097 4461 4168 superbia
4499 4107 4554 4153 et
4578 4098 4862 4155 abusione.
4913 4095 5070 4154 Enu-

3469 4200 3712 4246 meratur
3740 4191 4092 4259 obsequentis
4141 4189 4488 4259 obsequium,
4529 4199 4586 4243 et
4631 4203 4729 4260 per
4773 4187 5071 4259 obliquam

3471 4283 3708 4352 tangitur
3735 4281 4065 4350 indignantis
4090 4280 4368 4350 iniquitas,
4401 4289 4512 4335 tota
4535 4279 4753 4334 litterali
4777 4281 5076 4344 cohcren-

3467 4374 3539 4426 tia
3596 4371 3836 4426 Simonis
3875 4372 4128 4424 invidiam
4160 4372 4529 4441 impugnante.
4560 4369 4625 4424 Et
4651 4368 4778 4439 quia
4806 4370 4914 4428 ubi
4944 4367 5077 4439 Spi-

3465 4464 3602 4518 ritus
3630 4461 3864 4526 Domini,
3895 4462 3963 4516 ibi
3991 4461 4208 4516 libertas
4242 4459 4338 4530 (11
4369 4459 4493 4515 Car.
4525 4461 4645 4528 tu):
4704 4459 5080 4515 dimittuntur

3466 4553 3539 4606 illi
3594 4562 3836 4621 peccata,
3891 4567 4011 4620 qua:
4036 4551 4262 4606 multum
4285 4550 4492 4622 diligit;
4543 4552 4652 4607 imo
4683 4552 5080 4607 immittuntur

3468 4643 3562 4706 illi,
3595 4644 3685 4713 qui
3718 4642 3942 4696 multum
3973 4643 4212 4713 negliglt.
4247 4641 4361 4698 Non
4387 4653 4505 4699 erat
4527 4645 4760 4700 satiatus
4805 4644 4886 4699 ab
4935 4647 5080 4701 ube-

3469 4734 3618 4787 ribus
3644 4748 3872 4802 sponsm,
3918 4746 4015 4786 nec
4053 4734 4298 4786 induerat
4348 4734 4741 4801 compassionis
4796 4732 5078 4790 ,πωπω

3466 4823 3637 4894 legem
3695 4823 3961 4892 relegens,
3992 4838 4111 4892 qua:
4167 4823 4596 4879 misericordiam
4651 4825 4857 4886 nescit,
4913 4829 5086 4879 novit

3457 4913 3742 4981 justitiam.
3774 4913 3882 4968 Lex
3904 4913 4037 4967 dura
4066 4913 4235 4979 duris,
4263 4922 4315 4968 et
4339 4913 4562 4982 lapideis
4589 4913 4950 4983 promulgata
4977 4932 5082 4986 pa-

3464 5015 3578 5058 rata
3605 5014 3905 5075 percutere,
3933 5006 4114 5060 nescia
4140 5005 4408 5060 misereri.
4438 5003 4597 5076 ιω
4617 5003 4724 5058 Lex
4753 5007 5082 5062 excludens

3461 5095 3792 5164 paenitentia:
3837 5094 4037 5158 locum,
4092 5093 4303 5148 veniam
4354 5108 4575 5164 negans,
4639 5096 5078 5150 emendationis

3462 5187 3665 5256 ignara.
3702 5184 3808 5239 Lex
3858 5185 4039 5238 vinum
4101 5184 4316 5247 durum,
4361 5192 4417 5238 et
4463 5184 4697 5242 acidum.
4751 5185 4822 5239 de
4883 5186 5082 5242 bouis

3460 5277 3817 5330 amarissimis
3847 5275 4166 5345 eliquatum,
4192 5283 4566 5330 consecratum
4614 5275 4847 5341 feritati,
4915 5279 5080 5333 deri-

3457 5376 3639 5420 vatum
3662 5365 3867 5426 lsraeli,
3900 5364 4169 5417 Salvatnri
4198 5365 4562 5434 propinatum.
4591 5362 4806 5422 Vinum.
4849 5368 4930 5422 de
4963 5384 5082 5434 quo

3455 5458 3641 5512 dentes
3695 5458 3989 5512 bibentium
4031 5457 4440 5525 obstupescunt,
4499 5471 4604 5511 non
4650 5457 4716 5510 de
4769 5459 5080 5527 genimine

3459 5547 3762 5612 vitisillius,
3813 5549 3955 5616 quod
3983 5546 4230 5601 Salvator
4260 5544 4395 5601 bibit
4419 5560 4615 5602 novum
4647 5547 4698 5600 in
4732 5561 4916 5618 regno
4965 5549 5076 5602 Pa-

3460 5638 3557 5691 tris
3580 5639 3658 5691 sui
3690 5635 3852 5706 (Luc.
3877 5652 3986 5690 xxii
4006 5641 4042 5704 ).
4081 5634 4218 5690 Vere
4241 5634 4464 5690 meliora
4492 5646 4614 5690 sunt
4641 5634 4807 5690 ubera
4834 5651 5074 5705 speras:

3457 5728 3580 5780 vino
3605 5730 3710 5782 isto
3739 5725 3925 5796 (Cant.
3961 5729 4031 5796 ι).
4059 5724 4320 5793 Quanam
4372 5735 4552 5780 autem
4597 5735 4724 5780 sunt
4751 5725 4896 5779 illa?
4929 5725 5076 5781 Pro-

3455 5821 3609 5874 eedat
3649 5821 3700 5873 in
3730 5819 3961 5872 medium
4011 5817 4207 5872 Paulus
4229 5817 4522 5887 apostolus,
4575 5826 4632 5871 et
4674 5818 4854 5871 ubera
4915 5816 5072 5872 felici

3453 5912 3593 5967 lacte
3648 5910 3918 5965 manantia
3967 5909 4122 5967 nobis
4170 5911 4427 5980 assignet.
4458 5927 4476 5959 ι
4527 5905 4796 5972 Gaudere,
4847 5909 5068 5976 inqnil.
