5232 6450
877 371 962 430 Wl
2333 361 2572 419 SER-MO
2622 358 2816 417 XXIX.

4075 343 4186 406 662

876 499 982 542 cum
995 478 1444 556 gaudentibus,et
1457 479 1718 538 flerecum
1748 472 2345 548 ﬂentibus(Rom.xu).
2378 493 2396 528 ι
2430 475 2475 529 0
2504 480 2550 536 Α
2581 472 2815 544 grantia,
2841 469 3037 542 inquit,
3063 469 3356 542 unguentis
3385 464 3607 538 optimis
3634 465 3824 540 (Cant.
3865 466 3937 540 l).
3961 486 3981 520 ›
4011 469 4182 542 Digna

876 591 1020 648 quam
1051 575 1207 636 brevi
1236 573 1584 641 sermunculo
1606 572 1774 629 totius
1794 568 2072 641 religionis
2088 565 2472 637 depinxitinsi-

874 685 988 747 gne,
1013 677 1123 728 tam
1135 654 1366 742 eleganti
1378 666 1618 723 clausula
1633 663 1910 738 proposuit
1924 662 2180 732 pietatem
2191 699 2204 722 ,
2246 657 2471 726 aequita-

873 751 970 821 tem
1011 763 1219 827 statuit,
1250 759 1524 816 submovit
1554 757 1834 813 invidiam.
1886 753 1984 808 His
2018 749 2275 807 uberibus
2298 757 2473 804 mater

866 853 1102 920 Ecclesia
1128 853 1294 907 lactat
1323 850 1693 923 proficientes,
1723 846 1990 919 perfectos
2019 843 2212 900 nutrit.
2265 860 2285 894 ‹
2329 839 2475 896 Gau-

865 949 1010 1012 dere,
1031 943 1225 1015 inquit,
1254 958 1376 998 cum
1400 940 1779 1013 gaudentibus.
1812 956 1834 992 ι

936 1039 1185 1096 Facessat
1223 1036 1347 1092 binr
1379 1034 1657 1091 saecularis
1684 1032 1910 1103 plausus
1955 1029 2192 1094 insania,
2223 1034 2279 1083 et
2331 1022 2470 1080 laeti-

869 1133 940 1189 tia
969 1129 1257 1186 mundialis
1282 1127 1539 1183 abscedat
1563 1142 1579 1192 ;
1606 1123 1733 1196 quia
1757 1139 1868 1200 non
1890 1131 1975 1179 est
2001 1115 2238 1193 gaudere
2269 1115 2471 1187 impiis,

862 1225 996 1282 dicit
1024 1219 1502 1294 Dominus(Psaf.
1556 1215 1789 1287 x'Lvtu).
1839 1213 2097 1286 Nunquid
2155 1209 2370 1266 illorqu
2404 1221 2472 1263 os

873 1316 1062 1388 gaudio
1093 1315 1290 1387 repleri
1313 1313 1572 1380 aestimas,
1591 1310 1686 1382 qui
1713 1308 1969 1370 laetantur
2010 1320 2136 1362 cum
2176 1301 2474 1360 malefece-

875 1410 994 1477 rint,
1019 1417 1074 1466 et
1101 1407 1378 1465 exsultant
1398 1406 1451 1460 in
1483 1405 1646 1460 rebus
1669 1402 1957 1473 pessimis?
1980 1400 1998 1470 ζ
2017 1398 2179 1453 Prov.
2210 1397 2310 1467 ιι.)
2372 1393 2473 1450 Vel

872 1500 965 1568 illi,
988 1500 1078 1572 qui
1107 1500 1358 1556 laudibus
1383 1496 1684 1553 adulatoris
1711 1494 2018 1564 rapiuntur,
2046 1490 2242 1548 divinae
2260 1486 2467 1558 iubila-

872 1594 1028 1651 tionis
1065 1606 1338 1665 agnovere
1365 1589 1646 1647 laetitiam?
1728 1585 1981 1656 Nunquid
2026 1583 2121 1654 qui
2164 1581 2474 1637 vestiuntur

871 1701 1101 1760 purpura
1152 1693 1208 1740 et
1234 1684 1416 1755 bysso,
1449 1690 1504 1737 et
1564 1679 1856 1750 epulantur
1900 1674 2144 1747 quotidie
2187 1668 2471 1744 splendide

873 1775 1030 1849 (.Luc.
1059 1776 1199 1844 xvi),
1233 1773 1489 1844 gaudium
1541 1779 1596 1826 et
1627 1769 1870 1834 laetitiam
1895 1763 2257 1823 obtinebunt?
2293 1761 2472 1827 Absit,

2575 577 2801 632 prorsus
2861 563 3050 627 ubera,
3101 562 3168 617 de
3219 561 3418 632 quibus
3470 559 3748 629 eliquatur
3774 569 4182 631 unguentorum

2577 654 2834 720 infinitas,
2867 655 3094 711 odorata
3123 651 3475 721 diﬂluxione,
3506 652 3789 708 civitatem
3822 653 3920 709 Dei
3951 655 4189 712 viventis

2576 744 3012 815 circumquaque
3036 758 3382 814 respergens.
3412 741 3539 804 Hac
3561 749 3691 797 sunt
3721 753 4024 814 unguenta,
4065 762 4189 818 qua

2578 837 2767 906 regina
2824 835 2968 892 Saba
3001 836 3184 891 attulit
3233 835 3288 889 in
3316 833 3684 900 Hierusalem,
3728 836 3795 892 de
3819 837 4019 908 quibus
4053 839 4190 896 dicit

2578 923 2899 996 Scriptura:
2931 944 2950 978 ‹
2989 924 3105 980 Non
3134 934 3262 981 sunt
3288 924 3451 980 allata
3482 925 3624 980 ultra
3646 935 3918 994 aromata,
3947 936 4058 983 tam
4085 944 4186 1001 0p-

2578 1021 2732 1087 tima,
2756 1035 2922 1092 quam
2944 1035 3008 1078 ea
3044 1035 3165 1092 quae
3186 1020 3334 1076 dedit
3350 1019 3536 1092 regina
3561 1019 3705 1077 Saba
3751 1020 4034 1078 Salomoni
4058 1019 4192 1093 (111

2576 1110 2706 1183 Reg.
2735 1113 2822 1184 ι).
2863 1134 2882 1166 ι

2648 1205 2825 1273 Quam
2877 1205 3212 1283 excellenter
3260 1207 3517 1278 apposuit
3559 1205 3764 1277 optima
3811 1207 4042 1278 spiritus
4096 1212 4191 1266 ille

2577 1298 2816 1365 subtilis,
2849 1300 2944 1370 qui
2975 1307 3142 1354 tutam
3175 1298 3279 1355 sibi
3321 1298 3445 1355 libri
3484 1298 3645 1366 hujus
3685 1300 3830 1371 rapit
3877 1304 4189 1371 possessio-

2580 1407 2728 1448 nem.
2762 1391 2862 1447 Est
2889 1392 3036 1449 enim
3069 1401 3409 1464 unguentum
3435 1392 3667 1461 bonum,
3705 1395 3854 1464 quod
3893 1393 4065 1452 Maria
4092 1410 4190 1467 peo

2577 1485 2738 1541 dibus
2768 1482 3072 1540 Salvatoris
3116 1483 3318 1540 infudit
3355 1483 3519 1555 (Luc.
3561 1487 3685 1556 vu).
3729 1485 3828 1542 Est
3865 1495 3923 1542 et
3959 1472 4188 1556 melius,

2576 1573 2721 1644 quod
2748 1574 2964 1640 eadem,
2987 1574 3033 1630 si
3057 1574 3476 1642 tameneadem,
3499 1591 3666 1647 super
3681 1583 3845 1648 caput
3866 1579 4192 1636 recumben-

2581 1667 2649 1730 tis
2676 1664 2872 1727 efl'udit,
2895 1667 3082 1740 (Joan.
3112 1666 3235 1740 xu).
3262 1667 3359 1723 Est
3393 1677 3448 1722 et
3484 1670 3775 1740 optimum,
3803 1672 3948 1741 quod
3979 1679 4035 1729 et
4069 1673 4191 1744 ipsa

2584 1761 2916 1832 praeparavit
2966 1760 3066 1814 toti
3107 1760 3326 1831 corpori
3368 1759 3576 1816 Christi
3630 1761 3833 1834 (Marc.
3883 1765 4024 1836 xvr).
4069 1765 4191 1822 Pri-

873 1877 925 1924 υ·
950 1869 999 1923 in
1031 1876 1178 1923 terra
1208 1865 1454 1922 suaviter
1490 1863 1815 1927 viventium,
1845 1859 2171 1931 gaudiorum
2222 1853 2469 1913 iavenia-
2505 1852 2547 1912 Β
2579 1869 2726 1908 mmn
2776 1862 3117 1925 unguentum
3155 1854 3513 1910 contritio‘nis
3542 1862 3648 1921 est,
3695 1855 3764 1910 de
3803 1855 4191 1916 recordatione

869 1966 956 2011 ιιη·
981 1957 1229 2023 materia,
1256 1971 1380 2017 cum
1405 1955 1571 2011 tantis
1594 1952 2054 2013 alternationibus
2093 1956 2248 2005 tanta
2275 1945 2468 2002 mundi
2569 1949 2957 2014 peccatorum,
3015 1943 3082 1999 de
3133 1943 3333 2014 spiritu
3386 1943 3629 2000 contrito
3689 1951 3744 2000 et
3813 1946 4192 2006 coim-ibulato

869 2047 1032 2116 facies
1056 2049 1486 2113 immutetur;ut
1536 2045 1757 2102 elevans
1801 2043 2076 2107 allidatur,
2134 2049 2192 2096 et.
2235 2039 2472 2109 respiret

867 2139 1071 2210 altisus.
1118 2137 1226 2194 Sed
1263 2146 1347 2205 est
1374 2136 1634 2210 gaudium
1686 2134 1946 2191 continua
1997 2133 2081 2187 sui
2127 2129 2473 2201 jucunditate

868 2209 1258 2298 firmissimum,
1291 2230 1437 2300 quod
1461 2228 1745 2300 perfectus
1793 2226 2011 2282 animus
2033 2225 2101 2280 de
2129 2238 2324 2280 secura
2358 2222 2465 2277 sibi

865 2322 1198 2380 conscientia
1239 2321 1563 2393 pollicetur.
1616 2319 1767 2375 Meus
1813 2319 1958 2373 enim
1989 2333 2020 2372 a
2077 2317 2266 2372 mundi
2308 2315 2473 2386 hujus

865 2413 1151 2484 aspergine
1171 2426 1308 2483 pure
1334 2424 1633 2482 prcsseque
1658 2411 1896 2474 detersa,
1920 2417 1977 2465 et
2006 2410 2060 2462 in
2093 2407 2292 2462 divinae
2339 2421 2472 2462 con-

867 2503 1233 2574 templationis
1261 2517 1488 2559 acumen
1518 2511 1692 2558 totum
1717 2500 1977 2556 desiderii
2008 2500 2092 2555 sui
2134 2499 2306 2570 figens
2335 2495 2468 2552 affe-

867 2606 1034 2663 ctum,
1060 2595 1327 2668 gaudens,
1355 2595 1553 2667 gaudet
1580 2595 1634 2649 in
1669 2593 1922 2657 Domino,
1950 2602 2005 2648 et
2027 2594 2267 2649 exsultat
2289 2591 2473 2645 anima

869 2704 965 2754 sua
990 2688 1046 2745 in
1081 2689 1194 2746 Deo
1221 2703 1322 2745 suo
1352 2687 1504 2760 (18a.
1528 2687 1668 2760 ιιι).
1701 2687 1848 2742 Talis
1872 2688 2052 2742 anima
2073 2687 2258 2742 minas
2284 2700 2474 2755 asper—

866 2791 1051 2850 natur,
1077 2781 1551 2847 nescittimorem,
1576 2795 1728 2850 spem
1757 2778 1950 2835 falsam
1992 2778 2185 2845 eludit,
2243 2786 2299 2833 et
2350 2793 2470 2832 om-

863 2874 1015 2932 nium
1043 2872 1428 2932 scandalorum
1453 2871 1741 2936 immunis,
1767 2871 1820 2924 in
1851 2885 1986 2940 pace
2012 2870 2066 2924 in
2091 2869 2324 2939 idipsum
2347 2868 2475 2924 dor-

873 2965 1070 3031 miens,
1100 2960 1574 3037 requiescit-(Paul.
1609 2963 1708 3038 iv).
1748 2980 1767 3012 ι
1789 2961 1904 3019 Pax
1926 2962 2094 3016 multa
2124 2961 2476 3032 diligentibus

867 3057 1039 3127 legem
1067 3065 1235 3120 tuam.
1262 3075 1283 3109 ι
1310 3056 1387 3112 ait
1400 3055 1606 3126 justus,
1635 3073 1653 3108 ι
1673 3061 1728 3110 et
1751 3067 1858 3110 non
1893 3061 1980 3110 est
2024 3053 2132 3108 illis
2155 3051 2473 3108 scandalum

868 3149 1052 3221 (Pcaf.
1079 3149 1301 3221 cxvru).
1341 3166 1361 3202 ο
1412 3147 1649 3203 Noverat
1695 3146 1864 3213 enim,
1919 3147 2046 3216 quia
2092 3147 2312 3202 lictores
2365 3159 2473 3200 non

2573 2033 2936 2090 descendens.
2972 2033 3089 2091 Hoc
3122 2035 3488 2091 infunduntur
3523 2036 3691 2107 pedes
3737 2036 3883 2092 illius
3928 2039 4021 2109 qui
4065 2055 4190 2095 am-

2573 2127 2728 2184 bulat
2780 2141 2947 2197 super
3001 2142 3212 2198 pennas
3272 2139 3564 2186 ventorum
3621 2127 3806 2200 (Psal.
3854 2132 4023 2203 xvu).
4090 2130 4193 2188 Hic

2575 2219 2768 2274 adorat
2826 2218 2996 2275 Maria
3048 2221 3102 2276 in
3162 2221 3302 2290 loco,
3356 2223 3447 2277 ubi
3499 2231 3774 2279 steterunt
3823 2227 3992 2295 pedes
4045 2227 4185 2298 ejus.

2577 2307 2886 2376 Steterunt,
2926 2311 3175 2381 inquam,
3226 2311 3355 2383 quia
3388 2312 3726 2370 validissima
3776 2317 3985 2372 amoris
4021 2332 4190 2374 manu

2574 2401 2768 2469 pedem
2795 2410 3094 2470 utrumque
3140 2402 3391 2469 retinuit,
3428 2404 3607 2460 donec
3650 2414 3949 2478 utrumque
3984 2423 4192 2480 perun-

2575 2497 2728 2560 geret
2772 2499 2829 2546 et
2879 2492 3098 2548 audiret
3134 2494 3427 2549 criminum
3459 2497 3867 2566 remissionem,
3909 2499 4192 2557 dimissio-

2576 2597 2700 2636 nem
2733 2582 2785 2636 in
2808 2598 2977 2653 pace:
3011 2602 3028 2634 ι
3061 2583 3464 2654 Remittuntur,
3498 2588 3696 2659 inquit,
3732 2589 3828 2645 tibi
3852 2599 4102 2662 peccata,
4132 2601 4191 2650 et

2575 2677 2724 2733 vade,
2743 2676 2796 2730 in
2829 2691 2965 2747 pace
2993 2675 3149 2749 (Luc.
3183 2681 3304 2750 vu).
3336 2699 3355 2731 ι
3382 2678 3632 2752 Magnam
3657 2696 3886 2752 prorsus
3909 2683 4193 2740 miseriam

2552 2785 2777 2841 magna
2807 2770 3186 2828 misericordia
3214 2771 3376 2828 diluit
3430 2782 3484 2828 et
3522 2774 3824 2846 abstergit;
3856 2782 3915 2831 et
3943 2774 4046 2832 hoc
4068 2776 4194 2846 qui-

2577 2861 2698 2915 dem
2742 2859 3094 2928 festinanter,
3144 2863 3273 2933 quia
3323 2863 3443 2918 sine
3475 2862 3586 2920 ullo
3623 2863 3916 2920 intervallo
3955 2867 4187 2938 conjun-

2577 2959 2781 3022 gnutur
2805 2961 2860 3006 et
2893 2951 3149 3023 lacrymae
3171 2954 3523 3023 peccatricis,
3543 2963 3600 3010 et
3627 2954 3961 3026 indulgentia
3990 2954 4185 3012 Salva-

2582 3047 2740 3099 toris.
2791 3043 3173 3102 Remittuntur
3206 3057 3460 3119 peccata,
3498 3057 3556 3105 et
3587 3049 3643 3103 in
3673 3064 3810 3120 pace
3862 3050 4184 3118 dimittitur,

2577 3147 2639 3193 ut
2668 3140 2735 3194 de
2761 3140 3043 3210 praeterito
3075 3156 3185 3197 non
3217 3142 3290 3196 sit
3320 3141 3576 3208 sollicita,
3612 3157 3809 3198 secura
3840 3143 3910 3200 de
3944 3144 4151 3202 futuro.

865 3208 1574 3314 persequunturmartyres,
1595 3208 1988 3294 sedcoronan-t.
2007 3236 2144 3293 Cum
2161 3237 2474 3308 hnjusmodi
2503 3208 2548 3272 ε
2653 3208 2828 3288 Pedes
2869 3233 2958 3286 isti
2996 3242 3123 3286 sunt
3156 3233 3558 3299 misericordia,
3609 3242 3665 3288 et
3709 3233 4002 3304 judicium,
4051 3251 4175 3306 quo

866 3330 1230 3402 gaudentibus
1268 3330 1469 3404 gaudet
1509 3327 1808 3399 Apostolus
1861 3329 1879 3399 (
1897 3327 2047 3381 Rom.
2099 3332 2240 3398 xu),
2294 3336 2370 3392 et,
2419 3340 2479 3386 ut

863 3419 1235 3479 almndantius
1254 3419 1552 3492 gaudeant,
1583 3427 1696 3473 tota
1719 3419 2016 3478 securitate
2039 3419 2332 3489 promittit.
2355 3419 2472 3473 Hoc

863 3511 1396 3583 gaudiumplenum,
1454 3517 1512 3566 et
1552 3517 1765 3566 certum
1813 3517 1918 3576 est,
1968 3518 2230 3580 tantoque
2259 3510 2470 3565 certius

867 3601 1036 3668 idem,
1061 3612 1266 3674 quanto
1293 3601 1531 3658 vicinius
1553 3601 1701 3656 circa
1729 3600 2075 3658 identitatem
2116 3602 2467 3672 imprimitur.

862 3689 996 3750 Haec
1030 3701 1116 3749 est
1143 3691 1384 3748 mamilla
1413 3691 1926 3761 congratulationis,
1945 3691 2012 3746 de
2035 3706 2140 3762 qua
2166 3691 2250 3746 lac
2276 3692 2475 3747 exhor-

864 3787 1092 3844 tationis
1145 3785 1476 3851 effunditur,
1519 3802 1628 3857 quo
1671 3785 1991 3841 nutriuntur
2035 3785 2262 3855 perfecti
2317 3785 2467 3857 (lsa.

858 3879 1056 3947 vat),
1083 3888 1143 3933 ut
1171 3893 1296 3934 cum
1359 3877 1533 3933 avulsi
1577 3877 1836 3933 fuerinta
1863 3877 2006 3933 lacte
2031 3878 2158 3944 isto,
2183 3877 2475 3949 epulentur

860 3969 934 4026 ab
959 3969 1187 4027 introitu
1215 3968 1402 4039 gloria:
1425 3968 1544 4024 Dei.

939 4062 1194 4118 Secunda
1218 4069 1322 4128 est,
1350 4060 1480 4117 flere
1503 4076 1628 4117 cum
1660 4059 1937 4119 ﬂentibus.
1965 4061 2218 4132 Nunquid
2236 4062 2473 4132 Aposto—

856 4153 948 4208 lus
976 4151 1368 4224 praecipitfiene
1394 4167 1577 4209 rerum
1592 4154 1968 4219 amissionem,
1999 4154 2472 4209 intermissionem

858 4243 1230 4313 voluptatum,
1260 4242 1496 4297 filiorum
1522 4253 1747 4310 mortes,
1777 4245 2096 4300 morborum
2127 4245 2466 4308 instantiam,

853 4335 1192 4407 gravitatem
1217 4335 1432 4404 inopiae,
1463 4336 1762 4406 potentiam
1795 4336 2080 4392 fortioris?
2106 4339 2286 4394 Absit.
2343 4337 2470 4394 Plo-

853 4426 1024 4483 randi
1055 4426 1202 4483 enim
1224 4434 1374 4493 sunt,
1400 4428 1492 4498 qui
1525 4427 1707 4484 taliter
1729 4427 1967 4500 plorant.
1997 4429 2273 4500 Religiosa
2320 4430 2469 4486 enim

852 4516 1116 4582 tristitia,
1143 4526 1237 4572 aut
1266 4516 1505 4575 alienum
1530 4527 1816 4588 peccatum
1847 4519 2017 4590 luget,
2047 4529 2142 4574 aut
2163 4520 2465 4590 proprium.

850 4604 1018 4664 Beati
1071 4622 1306 4678 quorum
1361 4607 1541 4663 luctus
1589 4609 1644 4663 in
1681 4609 1785 4664 hac
1839 4609 2141 4666 intentione
2193 4619 2463 4675 versatur,

845 4699 989 4770 quia
1015 4699 1436 4756 consolatoriam
1469 4709 1699 4770 possunt
1741 4707 2064 4772 exspectare
2095 4703 2464 4760 dulcedinem.

842 4787 1043 4857 Quam.
1076 4789 1183 4846 leni
1231 4799 1288 4846 et
1323 4791 1640 4848 dulcissimo
1668 4793 1861 4864 spiritu
1892 4793 2174 4851 imbibitus
2199 4805 2284 4850 est
2303 4797 2465 4867 spiri-

838 4888 943 4938 tus
978 4879 1150 4948 illius,
1176 4883 1269 4954 qui
1295 4884 1442 4939 novit
1469 4884 1536 4938 in.
1553 4884 1747 4954 spiritu
1779 4886 2017 4942 leuitatis
2047 4898 2341 4958 peccantes
2393 4888 2470 4942 iu-

832 4979 1099 5039 struere,
1125 4975 1460 5044 suspendere
1482 4976 1802 5042 vindictam,
1844 4986 1898 5031 et
1923 4975 2238 5054 affectuosis
2276 4977 2468 5034 officiis

830 5066 1202 5123 inviscerare
1244 5068 1347 5124 sibi
1391 5082 1760 5140 peccatorem,
1789 5071 1964 5128 donec
2012 5073 2135 5129 vita:
2185 5075 2462 5130 reddatur.

830 5156 920 5212 De
964 5157 1483 5230 haccompassionis
1511 5161 1751 5218 mamilla
1775 5162 1858 5219 lac
1880 5165 2271 5221 consolationis
2293 5163 2466 5221 effun-

827 5247 1032 5317 ditur,
1061 5250 1222 5326 ιω
1257 5262 1313 5309 et
1335 5254 1441 5310 hoc
1475 5254 1616 5310 lacte
1641 5256 1821 5327 pascit
1867 5257 2160 5328 Apostolus
2218 5258 2338 5315 illos
2370 5260 2462 5329 qui

830 5339 1041 5398 solido
1060 5343 1182 5398 cibo
1225 5345 1372 5400 vesci
1417 5360 1524 5401 non
1574 5354 1804 5417 possunt
1850 5346 1912 5419 (1
1938 5345 2062 5402 Cor.
2091 5348 2208 5421 Ill).
2236 5348 2464 5404 Amator

835 5432 1212 5504 innocentiae,
1261 5439 1413 5508 pacis
1441 5439 1673 5506 amicus,
1724 5440 2058 5512 patientibus
2098 5444 2459 5515 compatieus,

833 5532 902 5578 et
966 5530 1320 5597 congaudens
1388 5530 1774 5602 gaudentibus,
1832 5532 2184 5603 perfectionis
2236 5544 2459 5600 metam,

833 5629 1027 5670 cursu
1059 5630 1459 5685 consummato,
1480 5622 1765 5694 contingit.
1789 5621 1916 5680 Haec
1938 5625 2243 5680 suntverba
2272 5625 2462 5680 lacteis

831 5708 1096 5765 inorata
1145 5711 1466 5782 liquoribus,
1517 5716 1742 5773 meliora
1785 5717 1933 5785 vino,
1992 5719 2151 5776 melle
2197 5719 2458 5782 dulciora.

828 5793 1300 5863 misericordiam
1331 5809 1600 5878 sonantia,
1633 5811 1938 5868 redolentia
1963 5810 2244 5883 pietatem.
2275 5829 2294 5868 ι
2335 5810 2465 5868 Fra-

2580 3337 2703 3376 rum
2757 3322 2991 3378 alterum
3041 3327 3160 3380 sine
3212 3325 3389 3381 altero
3439 3324 3701 3392 osculari,
3747 3327 3836 3382 vel
3887 3328 4182 3384 temeraria

2579 3417 2852 3474 securitas
2899 3428 3005 3486 est,
3051 3418 3136 3474 vel
3180 3420 3493 3490 desperatio
3529 3419 3811 3491 fugienda.
3849 3420 3984 3488 Quis
4029 3421 4179 3478 enim

2580 3511 2674 3566 Dei
2709 3511 3148 3567 misericordiam
3181 3513 3557 3568 indesinenter
3582 3513 3896 3583 attendens,
3938 3529 4046 3584 non
4074 3523 4192 3583 stay

2580 3603 2677 3656 tim
2719 3602 3005 3673 tepidiuris
3037 3604 3163 3658 vita:
3194 3603 3436 3674 quietem
3469 3603 3724 3672 exoptat?
3749 3602 3888 3659 Cum
3918 3604 4066 3663 enim
4097 3619 4190 3660 re-

2580 3692 2786 3763 cogitat
2833 3694 3210 3749 universitatis
3260 3693 3576 3760 Dominum,
3624 3693 3862 3750 formam
3902 3697 4047 3750 servi
4089 3712 4192 3767 pro

2578 3785 2754 3840 servis
2783 3785 3088 3856 suscipere,
3125 3786 3352 3858 triginta
3379 3794 3433 3840 et
3466 3785 3642 3841 tribus
3670 3787 3831 3844 annis
3852 3790 4069 3858 operari
4097 3805 4190 3845 sa-

2577 3873 2748 3929 lutem
2799 3883 3044 3929 nostram
3079 3875 3133 3928 in
3165 3875 3346 3930 medio
3387 3886 3550 3931 terra:
3591 3875 3777 3946 hujus,
3818 3879 3961 3948 capi,
4007 3879 4189 3948 ligari,

2582 3963 2848 4032 laueeari,
2880 3965 3128 4040 crucifigi
3173 3978 3229 4022 ct
3277 3968 3383 4024 hoc
3432 3976 3603 4024 totum
3637 3970 3751 4039 pati
3789 3986 3890 4040 pro
3923 3971 4049 4028 filiis
4097 3973 4192 4030 Ito-

2578 4059 2812 4126 minum,
2866 4061 3057 4116 statim
3114 4061 3432 4133 deceptoria
3481 4075 3579 4132 spe
3641 4061 3748 4118 sibi
3798 4063 4079 4120 blanditur
4130 4075 4187 4121 et

2579 4151 2794 4217 alludit,
2828 4151 3032 4223 gaudet
3062 4153 3350 4209 obversari
3381 4153 3759 4209 misericordia
3787 4164 3842 4209 et
3875 4156 4186 4212 miseratio-

2576 4245 2757 4308 nibus,
2794 4243 3067 4314 judicium
3109 4247 3318 4312 nescit,
3370 4247 3589 4318 ignorat
3640 4248 3938 4320 justitiam,
3993 4259 4050 4304 et
4089 4266 4191 4319 pu-

2575 4324 2773 4391 nienda
2803 4335 3042 4392 aestimat
3067 4351 3176 4393 non
3212 4337 3419 4409 puniri.
3451 4339 3709 4407 Fallitur,
3742 4343 3834 4412 qui
3862 4342 3942 4398 sic
3967 4343 4156 4398 oscula

2584 4439 2673 4483 tur
2723 4429 3122 4488 misericordia:
3181 4434 3406 4502 pedem,
3459 4443 3526 4500 ut
3577 4436 3771 4506 pedem
3824 4435 4021 4505 judicii
4079 4453 4188 4492 non

2575 4522 2844 4587 attendat,
2875 4521 2970 4592 qui
3009 4531 3184 4579 totum
3227 4525 3295 4581 de
3332 4525 3713 4583 misericordis
3745 4529 3951 4599 pietate
3982 4545 4190 4603 praesu-

2575 4615 2702 4680 mit;
2744 4614 2851 4670 hoc
2878 4614 3058 4671 solum
3088 4616 3156 4672 ad
3187 4617 3421 4674 salutem
3453 4618 3703 4676 sufficere
3739 4622 3994 4687 credens,
4028 4625 4178 4692 quod

2571 4703 2771 4758 credit.
2817 4703 3031 4760 Rursus
3071 4721 3197 4761 cum
3245 4706 3468 4764 abducit
3513 4725 3606 4777 os,
3654 4719 3712 4766 et
3752 4708 3945 4779 judicii
3983 4712 4182 4783 pedem

2572 4797 2945 4854 crebrioribus
2990 4799 3195 4856 osculis
3245 4801 3600 4875 intertangit,
3652 4804 3965 4859 subcutitur
4000 4808 4190 4863 carnis

2573 4890 2879 4960 artiumque
2907 4891 3242 4961 substantia,
3269 4905 3325 4952 et
3352 4896 3644 4967 utriusque
3688 4898 3930 4954 hominis
3977 4909 4187 4956 statum

2573 4981 2952 5039 vehementior
2999 4999 3134 5041 aura
3189 4986 3454 5058 percellit.
3514 4989 3866 5056 Horrendum,
3912 5001 3998 5048 est
4033 4991 4188 5049 enim

2573 5076 2626 5130 in
2661 5091 2856 5132 manus
2885 5076 2982 5133 Dei
3012 5079 3247 5136 viventis
3277 5079 3522 5138 incidere
3549 5080 3743 5153 (Hebr.
3785 5082 3870 5153 x),
3897 5080 4182 5140 offendere

2571 5167 2908 5236 Creatorem,
2925 5174 3144 5228 nescire
3169 5175 3480 5240 Dominum,
3499 5176 3856 5232 recalcitrare
3879 5177 4180 5234 Dominan-

2573 5259 2643 5315 tis
2665 5261 2915 5331 imperio,
2943 5264 3036 5333 qui
3062 5264 3230 5321 habet
3254 5274 3585 5338 potestatem
3615 5283 3817 5340 corpus
3849 5278 3906 5324 et
3933 5270 4178 5326 animam

2568 5351 2787 5407 mittere
2842 5353 2896 5408 in
2926 5354 3234 5425 gehennam
3268 5355 3488 5429 (Matth.
3521 5357 3597 5429 x).
3659 5357 3945 5418 Terribilis
4004 5373 4179 5431 certe,

2568 5442 2710 5499 sicut
2766 5445 2845 5498 ait
2890 5445 3210 5514 Apostolus,
3269 5449 3518 5518 quaadam
3583 5453 3926 5522 exspectatio
3985 5455 4178 5527 judicii

2568 5533 2757 5605 (Hebr.
2792 5537 2874 5605 x),
2935 5538 3154 5607 quando
3200 5539 3340 5611 ignis
3388 5541 3787 5613 inconspectu
3843 5544 3965 5615 ejus
4016 5561 4180 5604 exar-

2569 5625 2754 5681 descet
2793 5625 2966 5696 (Psal.
3010 5631 3185 5700 χιιι),
3239 5640 3296 5686 et
3319 5633 3550 5689 virtutes
3581 5625 3849 5692 caelorum
3877 5640 4177 5696 movebun-

2571 5729 2661 5772 tur
2706 5717 2857 5789 (Luc.
2904 5723 3042 5792 xxi),
3111 5734 3168 5778 et
3231 5724 3620 5784 vacillantibus
3681 5732 4031 5790 conscientiis
4095 5733 4176 5788 la-

2572 5810 2861 5869 titudinem
2913 5813 3102 5872 mundi
3141 5805 3516 5876 validissimus
3566 5821 3709 5892 ignis
3756 5823 3970 5882 aduret.
4021 5826 4183 5899 150
