5232 6518
96 1863 142 1962 ﬁ;

1761 375 1767 382 ἱ
1828 423 1928 480 663
2389 425 2445 479 S.
2484 423 2685 479 PETRI
2723 421 3004 476 DAMIANI
3039 419 3191 477 OPP.
3225 414 3403 472 PARS
3442 414 3570 475 SEL'
3613 410 3827 467 TOBL'E

2999 421 3004 475 [
3039 419 3191 477 OPP.
3225 414 3403 472 PARS
3442 414 3570 475 SEL'
3613 410 3844 467 TOBL'S
3885 412 3943 465 ll.
3981 440 4049 451 -—
4089 405 4470 464 διηυολες.
4964 397 5065 454 δςι

1827 533 1971 588 Nihil
2003 548 2224 604 prorsus
2253 531 2562 596 terribilius,
2602 547 2763 601 quam
2795 533 2974 585 videre
3013 529 3239 583 latronis
3277 527 3390 609 oli-
3418 527 3464 592 ᾼ
3494 525 3621 576 stiti:
3673 532 3848 574 tamen
3888 523 4172 574 morositas
4216 521 4355 572 inter
4406 519 4568 586 pedes
4613 532 4735 569 esse
4789 515 4976 578 debet,
5014 524 5074 568 et

1830 624 2004 678 cinam
2052 629 2262 692 plenam
2324 625 2611 690 sanguine.
2675 624 2999 677 cumulatam
3054 619 3386 690 opprobriis,

3493 623 3679 681 caput;
3736 614 3859 682 quia
3919 611 4159 680 profecto
4235 608 4582 663 dilllcillimus
4654 619 4708 662 et
4769 623 5074 679 ιιι-τεθωρ-

1833 713 2114 768 tormentis
2139 713 2450 766 undantem.
2475 714 2608 780 Quis
2640 715 2751 767 haec
2786 714 2985 767 diutius
3015 713 3256 777 cogitans
3284 725 3388 763 non
3493 713 3678 754 tunsus
3731 701 3899 754 salius
3949 712 4053 754 est.
4090 715 4117 751 a
4153 698 4396 764 vestigiis
4443 698 4508 751 ad
4551 699 4810 752 verticem
4855 697 5068 750 Domini

1834 803 2014 858 statim
2059 804 2480 867 contremiscat,
2536 813 2590 858 et
2643 805 2694 857 iu
2742 803 3136 871 desperationis
3186 811 3392 853 rotetur
3493 792 3840 850 transvolare.
3888 793 4068 861 Neque
4099 791 4241 844 enim
4272 790 4482 852 eadem,
4515 805 4633 856 qua:
4677 790 4834 842 unxit
4875 790 5065 858 pedes,

1831 891 2120 961 abyssum?
2150 893 2262 947 Non
2291 904 2371 947 est
2411 895 2571 962 igitur
2601 895 2722 948 huic
2756 896 2874 963 pedi
2905 908 3146 947 morosus
3188 893 3392 946 incum-

1831 977 2092 1044 bendum,
2121 996 2189 1035 ne
2219 983 2431 1050 pietatis
2470 984 2723 1036 intuitum
2758 983 2952 1036 ferocia
2983 982 3276 1050 judicanlis
3302 996 3394 1034 oc-

1833 1068 2033 1124 cludat.
2068 1069 2366 1140 Utrumque
2397 1074 2558 1140 igitur
2587 1074 2802 1142 inungat
2834 1073 3019 1140 pedem
3053 1072 3246 1125 anima
3277 1087 3389 1140 pa:-

1833 1160 2056 1214 nitcntis
2085 1160 2330 1225 al‘ectus,
2353 1172 2405 1216 et
2427 1177 2566 1216 nunc
2593 1163 3016 1217 misericordiam
3047 1161 3388 1230 amplectens,

3492 887 3644 938 unxit
3666 895 3822 954 caput
3841 903 3853 948 ;
3875 901 3994 938 cum
4013 883 4163 953 [51
4186 883 4272 936 illa
4292 882 4569 944 meretrix,
4586 881 4695 934 hac
4710 881 4844 934 nihil
4871 881 5068 934 horum

3492 976 3678 1029 fecisse
3736 975 3974 1043 legatur,
4027 975 4319 1028 secundum
4372 972 4499 1024 illud
4545 990 4556 1022 :
4597 990 4615 1021 ι
4657 971 4818 1027 Verte
4874 971 5074 1040 impios

3491 1075 3544 1118 et
3582 1079 3685 1118 non
3715 1075 3874 1117 erunt
3904 1061 4084 1126 (Ρνον.
4123 1063 4245 1126 xu).
4281 1081 4299 1113 ο
4339 1059 4504 1120 Unxlt
4540 1076 4668 1130 ergo
4717 1060 4885 1113 lari:
4939 1076 5066 1114 san-

3498 1162 3642 1208 ctum
3669 1152 3762 1207 Dei
3791 1154 4073 1212 verticem,
4106 1151 4349 1222 profecto
4367 1152 4476 1219 jam
4518 1150 4735 1212 dilecta,
4761 1148 4878 1217 jam
4909 1149 5064 1204 fami-

1833 1267 1975 1309 unc
1992 1252 2254 1322 judicium
2285 1257 2553 1322 osculans,
2581 1257 2928 1310 contribulati
2961 1256 3183 1325 spiritus
3205 1252 3393 1306 oderat
3495 1245 3640 1298 "aris
3689 1244 3909 1308 εσθαι.
3964 1244 4224 1312 Ιοηεθηηε
4280 1244 4599 1311 DCCC-“fids
4657 1242 4798 1295 “"05
4844 1241 5067 1295 ⁶τ⁰¹¹¹ι³

1838 1341 2226 1399 holocaustum.

1907 1436 2039 1492 Vide
2069 1439 2292 1492 Hariam
2318 1435 2503 1503 judicii
2543 1436 2730 1505 pedem
2767 1436 2978 1488 fortiter
3005 1433 3391 1494 attendentem,

1831 1527 1960 1582 dum
1994 1527 2190 1581 nobilis
2219 1537 2273 1581 et
2299 1527 2501 1581 lasciva
2541 1525 2732 1579 mulier
2765 1525 3170 1579 convivantium
3205 1524 3394 1577 faciem

1837 1635 1942 1674 non
1980 1621 2228 1683 attendit,
2268 1619 2360 1674 sed
2398 1628 2619 1672 extenso
2655 1632 2877 1686 corpore
2923 1616 3259 1686 provolvitur
3305 1630 3394 1686 pe-

1836 1709 1992 1763 dibus
2023 1708 2340 1775 majestatis,
2379 1707 2576 1761 doloris
2614 1706 2795 1775 plena,
2840 1707 3047 1759 timoris
3087 1705 3412 1775 impatiens,-

1834 1802 2261 1870 compunctionis
2292 1799 2473 1866 jaculo
2518 1797 2829 1860 vulnerata;
2869 1798 2962 1851 sed
2997 1808 3049 1850 et
3095 1796 3397 1850 misericor-

3494 1334 3790 1402 contagiis,
3849 1350 4008 1404 quam
4063 1332 4244 1388 infelix
4303 1333 4390 1385 ille
4441 1332 4783 1402 septenarius
4833 1331 5043 1386 confun

3497 1424 3677 1476 debat.

3567 1513 3734 1568 Porro
3763 1514 3808 1569 si
3842 1514 3946 1568 duo
3975 1513 4249 1583 prrmissa
4291 1523 4559 1582 unguenta
4595 1521 4755 1573 tanta:
4793 1511 5082 1581 dignitatis

3498 1617 3642 1670 sunt,
3696 1615 3751 1660 ut
3792 1606 4020 1660 alterum
4063 1605 4305 1674 pedibus,
4334 1604 4584 1658 'alterum
4631 1605 4792 1674 capiti
4826 1604 5076 1674 compla-

3497 1707 3614 1748 cerit
3641 1696 4006 1758 dominantis;
4051 1695 4177 1748 illud
4221 1695 4456 1756 tertium.
4489 1694 4632 1764 quod
4676 1695 4941 1764 optimum
4993 1705 5082 1762 est

3499 1799 3552 1840 et
3591 1788 4045 1854 superexcellens,
4081 1788 4300 1840 ubinam
4333 1785 4574 1840 invenire
4599 1787 4938 1856 poterimus?
4968 1785 5081 1842 Sed

1837 1855 1938 1948 disc
1959 1855 2155 1960 'pedem
2183 1855 2340 1946 labiis
2377 1855 3132 1960 impressiorihus'osculatur,
3165 1889 3219 1942 in
3247 1889 3398 1954 cujus
3428 1855 3472 1913 Β
3502 1879 3661 1938 absil.
3695 1887 3752 1931 ut
3797 1894 3903 1946 spOI

3015 1897 3132 1952 ιιιη-ι
3165 1889 3219 1942 in
3247 1889 3398 1954 cuius
3428 1855 3472 1913 Β
3502 1879 3661 1938 absit,
3695 1887 3752 1931 ut
3797 1894 3993 1946 sponsa
4029 1878 4286 1932 Veritatis
4319 1892 4347 1929 a
4385 1855 4611 1930 veritate
4654 1877 4981 1942 dissentiat;
5027 1889 5081 1931 et

1835 1999 1930 2054 spe
1972 1985 2198 2038 ﬁrmiter
2239 1981 2463 2036 inhaeret
2510 1981 2752 2052 vestigiis
2787 1979 3178 2043 accumbentis,
3226 1978 3396 2031 donec

1840 2073 2023 2126 audiat
2050 2092 2064 2124 :
2095 2092 2112 2124 ι
2142 2071 2505 2126 Remittuntur
2535 2072 2627 2125 tibi
2661 2081 2883 2140 peccata
2919 2081 3006 2122 tua
3036 2069 3184 2128 (Lac.
3223 2071 3340 2132 vn).
3376 2089 3392 2119 ι

3502 1967 3605 2019 tale
3656 1967 3854 2036 aliquid
3905 1967 4104 2021 habere
4151 1982 4207 2021 se
4251 1966 4486 2032 jactitet,
4530 1965 4673 2035 quod
4712 1967 4919 2022 habere
4969 1982 5082 2022 non

3503 2059 3691 2123 prmit.
3723 2055 3818 2110 Est
3853 2072 3981 2123 ergo
4012 2055 4227 2110 tertium
4275 2056 4494 2125 pietatis
4529 2065 4885 2127 unguentum,
4936 2054 5083 2124 quod

1839 2162 1986 2217 Sane
2011 2164 2303 2232 pretiosum
2333 2173 2682 2232 unguentum,
2707 2177 2817 2231 quo
2845 2177 2950 2215 non
2982 2161 3152 2215 solum
3186 2171 3397 2213 terrena
3502 2157 3584 2197 θδλ
3639 2162 3798 2214 δωρον
3826 2161 3905 2199 οπῖ

3017 2161 3152 2215 Mum
3186 2171 3397 2213 ιεηρη,
3502 2157 3584 2197 est
3639 2162 3798 2214 super
3826 2148 4003 2199 omnia
4036 2155 4298 2208 aromata,
4330 2145 4532 2198 morbis
4559 2145 4814 2199 omnibus
4847 2156 4905 2199 et
4940 2148 5083 2214 peri-

1841 2254 2053 2318 domus,
2104 2253 2196 2307 sed
2248 2255 2408 2306 etiarn
2456 2252 2689 2306 ccclesiis
2732 2254 3054 2321 aspergitur.
3116 2252 3400 2305 Vilissimae

1843 2354 2019 2397 autetr
2048 2353 2171 2398 sunt
2200 2344 2428 2412 species,
2463 2341 2528 2396 de
2556 2342 2749 2411 quibus
2775 2341 3079 2400 conﬁcitur.
3112 2351 3165 2395 et
3209 2357 3401 2408 magna

1841 2447 2028 2488 eorum
2056 2433 2203 2502 copia
2237 2433 2373 2487 intra
2409 2442 2622 2496 nostros
2653 2432 2896 2486 hortulos
2930 2432 3124 2501 poterit
3152 2431 3398 2484 inveniri.

1843 2524 2070 2580 Peccata
2119 2525 2279 2596 igitur
2319 2533 2499 2579 nostra
2539 2525 2775 2594 plantata
2827 2526 2877 2576 in
2917 2523 3264 2578 conscientiis
3310 2536 3402 2575 no-

1847 2614 1997 2676 stris,
2026 2628 2254 2684 quorum
2298 2614 2656 2668 numerositas
2692 2626 2802 2680 pra:
2839 2611 3179 2665 multitudine
3217 2624 3402 2664 nume-

1840 2703 1949 2757 rari
1998 2716 2102 2756 non
2146 2711 2343 2772 potest,
2382 2703 2591 2772 species
2630 2700 2746 2774 ejus
2788 2712 2932 2756 sunt.
2980 2699 3096 2770 Ipsa
3144 2701 3307 2769 igitur
3351 2701 3402 2752 in

1841 2793 2154 2848 mortariola
2204 2793 2536 2862 pmoiteutize
2582 2791 2968 2848 macerationis
3025 2790 3226 2860 pistillo
3278 2805 3405 2845 con-

1841 2894 1986 2947 tusa,
2039 2891 2096 2936 et
2149 2894 2395 2951 respersa
2447 2881 2791 2935 discretionis
2840 2879 2982 2946 oleo,
3029 2878 3231 2936 doloris
3284 2879 3406 2949 igne

1843 2972 2145 3042 supposito,
2174 2980 2230 3026 et
2254 2971 2306 3037 ip
2339 2971 2514 3025 aheno
2545 2970 2840 3040 discipline
2864 2979 3145 3033 concocta,
3172 2985 3409 3040 unguen-

1844 3072 1956 3116 tum
1998 3061 2215 3116 exhibet
2249 3060 2558 3129 pretiosum,
2599 3069 2656 3114 et
2688 3068 2967 3129 acceptum
3017 3059 3244 3127 pedibus
3293 3059 3408 3113 Sal-

3504 2237 3636 2287 eii'is
3672 2235 3924 2294 salutare.
3958 2235 4207 2305 quodque
4234 2234 4362 2288 nulli
4396 2250 4630 2304 unquam
4655 2237 4795 2306 pesti
4835 2237 5086 2290 invenia-

3507 2337 3578 2378 ιιι·
3622 2326 3883 2381 inefﬁcax.
3931 2328 4001 2380 De
4041 2329 4156 2395 ipso
4203 2343 4434 2396 namque
4482 2330 4558 2383 sic
4595 2328 4826 2399 legitur:
4860 2350 4879 2380 ι
4913 2329 5084 2384 laris

3505 2415 3834 2484 Magdalene,
3882 2427 3934 2470 et
3989 2417 4150 2470 Maria
4199 2417 4404 2480 Jacobi,
4457 2430 4513 2473 et
4567 2419 4780 2474 Salome
4829 2431 5086 2475 emerunt

3505 2521 3765 2573 aromata,
3791 2521 3850 2564 ut
3881 2513 4157 2563 venientes
4176 2523 4435 2580 ungerent
4458 2511 4640 2567 Iesum
4665 2511 4861 2579 (lare.
4891 2515 5030 2577 xvi).
5063 2538 5078 2560 ι

3506 2600 3732 2655 Videsne
3770 2603 3821 2656 in
3853 2605 4023 2671 prima
4059 2602 4276 2669 capituli
4309 2601 4486 2654 fronte
4521 2603 4886 2670 propositum,
4937 2605 5084 2672 quod

3505 2709 3610 2747 non
3640 2708 3762 2756 una,
3800 2693 3883 2746 vel
3917 2695 4051 2756 dum,
4089 2693 4179 2746 sed
4210 2702 4318 2748 tres
4357 2693 4442 2745 vix
4485 2692 4757 2760 sufllciunt
4790 2689 4857 2746 ad
4891 2709 5084 2747 emen-

3508 2787 3633 2838 dum
3692 2793 3851 2839 tanta:
3904 2785 4311 2853 compositionis
4370 2785 4738 2855 unguentum?
4797 2783 5082 2853 lntelligis.

3507 2877 3632 2943 quia
3687 2891 3790 2928 non
3851 2878 4038 2942 pedes,
4087 2884 4178 2926 aut
4226 2884 4413 2943 caput,
4473 2875 4564 2929 sed
4614 2883 4785 2928 totum
4833 2875 5084 2929 cruciﬁxi

3510 2982 3707 3034 corpus
3744 2968 3842 3020 sibi
3893 2951 4129 3018 vindicat
4160 2967 4259 3019 ista
4286 2965 4588 3020 confectio!
4628 2963 4917 3020 Confoctio
4967 2967 5088 3020 sine

3510 3059 3673 3111 dubio
3705 3060 3960 3126 pretiosa,
3989 3073 4107 3126 quae
4139 3059 4231 3111 toti
4265 3056 4495 3111 sufﬁciat
4531 3058 4741 3125 corpori
4766 3055 5086 3112 Creatoris!

1837 3150 2058 3205 vatoris.
2096 3148 2482 3218 Compendiose
2529 3156 2707 3202 autem
2750 3147 2878 3222 illud
2917 3146 3266 3210 confecimus,
3315 3162 3407 3201 sa-
3434 3196 3476 3222 η
3513 3148 3578 3201 Et
3606 3149 3843 3212 attende,
3884 3149 4008 3215 quia
4055 3156 4384 3216 unguentum
4416 3147 4643 3216 pedibus
4675 3146 4914 3204 infusum
4950 3147 5088 3201 adeo

1838 3241 2007 3312 pienti
2054 3255 2233 3296 rerum
2277 3240 2612 3294 occasionem
2663 3240 2872 3308 penitus
2919 3239 3307 3308 relinquentes.
3343 3238 3408 3292 Et
3434 3237 3478 3284 ν
3512 3239 3825 3305 dignissima
3854 3238 4074 3292 leuitate
4103 3239 4358 3306 suscepit,
4389 3247 4442 3291 ut
4470 3237 4803 3293 Pharisaeum
4843 3255 5088 3293 mumn-

1840 3332 1966 3388 licet
2025 3330 2253 3385 materia
2309 3330 2553 3383 videatur
2615 3329 2902 3398 indignior,
2967 3329 3184 3382 interim
3228 3340 3404 3382 tamen

1839 3421 2043 3477 bonum
2085 3428 2168 3473 est
2214 3426 2537 3486 unguentum
2586 3417 2726 3471 istud
2775 3417 2915 3487 quod
2959 3416 3173 3470 domum
3216 3416 3406 3484 replet,

1844 3519 2094 3581 penetrat
2137 3509 2322 3570 αξιοι,
2355 3508 2571 3578 angelos
2611 3507 2867 3572 latiticat,
2897 3517 2954 3562 et
2993 3507 3164 3562 beata
3203 3507 3409 3561 civitati

1844 3603 2089 3658 laetitiam
2132 3601 2365 3657 refundit
2408 3610 2463 3655 et
2496 3600 2768 3670 gaudium.
2812 3598 2923 3654 Hoc
2963 3607 3047 3655 est
3081 3599 3436 3654 sacriﬁcium'

1849 3692 2091 3762 justitic,
2119 3692 2241 3761 quia
2273 3689 2592 3745 sacriﬁcium
2616 3688 2725 3744 Deo
2767 3691 2989 3758 spiritus
3019 3688 3412 3758 contribulatus

1851 3780 2024 3853 (Paul.
2063 3783 2135 3852 ι).

1924 3872 2229 3927 Secundum
2269 3881 2593 3938 unguentum
2623 3882 2708 3925 est
2736 3872 3034 3927 devotionis
3060 3871 3125 3926 de
3156 3872 3407 3927 recorda-

1853 3961 1999 4014 tione
2044 3959 2422 4014 beneficiorum
2476 3959 2587 4014 Dei.
2634 3959 2865 4014 Prorsus
2903 3961 3214 4029 dignissima
3256 3961 3415 4027 huius

1855 4050 2113 4121 unguenti
2168 4051 2514 4120 compositio,
2576 4060 2631 4104 et
2687 4051 2740 4103 in
2799 4050 2954 4104 istius
3012 4052 3414 4119 comparatione

1853 4141 2048 4211 prioris
2079 4151 2160 4197 est
2201 4144 2510 4211 conspersio
2546 4142 2937 4211 vilipendeuda.
2970 4141 3098 4210 Ejus
3125 4144 3267 4197 enim
3298 4157 3418 4211 spe-

1853 4233 1966 4288 cies
2009 4234 2077 4287 de
2118 4233 2321 4287 cccles'd
2373 4234 2621 4304 paradiso
2652 4232 2827 4287 allata
2870 4242 3014 4297 sunt,
3067 4243 3122 4288 et
3168 4233 3220 4288 in
3273 4242 3415 4286 terra

1856 4322 2089 4378 filiorum
2112 4323 2388 4377 hominum
2421 4336 2692 4394 nequeunt
2719 4324 2966 4378 inveniri.
3005 4322 3243 4379 Virtutes
3272 4324 3415 4379 enim

1853 4411 2110 4468 divinitus
2159 4411 2394 4476 collatas,
2453 4421 2508 4468 et
2572 4413 2626 4466 in
2685 4413 2999 4468 mortariola
3055 4413 3415 4482 cogitationis,

1849 4501 2057 4572 pistillo
2084 4503 2501 4570 diligentissime
2525 4503 2895 4558 meditationis
2914 4503 3130 4567 intriue,
3157 4512 3211 4558 et
3238 4504 3417 4559 exsul-

3509 3339 3716 3381 rantem
3739 3327 4044 3396 parabolica
4075 3328 4383 3397 prolixitate
4403 3329 4768 3392 convinceret,
4798 3337 4851 3383 et
4881 3339 5088 3384 retorto

3510 3419 3784 3488 sugillaret
3809 3418 4053 3487 exemplo
4081 3417 4228 3478 (Luc.
4251 3419 4368 3486 vn).
4423 3417 4529 3471 Sed
4551 3419 4689 3473 etde
4715 3418 4903 3474 refuso
4927 3434 5088 3491 super

3512 3521 3674 3584 caput
3713 3510 3829 3582 ejus
3871 3522 4141 3580 unguento
4189 3510 4481 3577 discipulos
4538 3510 4882 3579 indignantes
4935 3526 5089 3566 ων»

3514 3603 3647 3670 guit,
3681 3601 3880 3656 bonum
3911 3601 4147 3654 mulieris
4174 3615 4309 3667 opus
4335 3615 4452 3653 esse
4481 3609 4814 3670 protestatus,
4838 3611 4898 3655 et
4915 3601 5089 3655 tani-

3515 3696 3638 3746 dam
3665 3706 3849 3747 eorum
3879 3692 4276 3744 animositatem
4322 3690 4502 3742 verbis
4531 3689 4869 3758 compescuit
4907 3691 5088 3744 mode-

3518 3787 3665 3838 ratis.
3702 3784 3814 3838 Hoc
3851 3799 3975 3837 vero
4019 3793 4126 3835 tam
4175 3781 4410 3844 salubre,
4454 3791 4667 3851 tamque
4709 3774 5004 3836 miriﬁcis.
5037 3783 5087 3834 in

3515 3885 3730 3932 mortuo
3760 3883 3988 3942 corpore
4018 3888 4115 3925 suo
4157 3870 4322 3924 voluit
4357 3871 4608 3939 expendi,
4648 3871 4792 3940 quod
4827 3854 4956 3927 vivo
4986 3873 5092 3926 trti-

3516 3980 3619 4033 que
3648 3962 3975 4018 reservabat.
4027 3962 4139 4016 Duo
4175 3962 4317 4016 enim
4356 3976 4583 4030 corpora
4614 3962 4774 4016 habet
4815 3961 5090 4024 Christus.

3519 4069 3707 4116 unum,
3738 4053 3882 4122 quod
3911 4053 4148 4118 suscepit
4176 4052 4226 4104 in
4261 4050 4507 4122 Virgine;
4547 4051 4774 4106 alterum
4812 4051 5093 4114 Ecclesia,

3519 4143 3661 4213 quod
3695 4143 3876 4197 carius
3942 4143 4102 4197 habet
4137 4141 4438 4211 benignitas
4464 4143 4820 4198 Redimentis.
4850 4142 5096 4214 Denique

3521 4234 3646 4287 illud
3693 4248 3789 4304 pro
3845 4233 3948 4288 isto
4004 4235 4162 4287 morti
4212 4233 4486 4303 exposuit,
4541 4243 4594 4288 et
4641 4236 4960 4298 tormentis,
5009 4238 5098 4289 ad-

3520 4327 3697 4381 dictus
3723 4325 3895 4389 cruci,
3933 4325 4145 4378 vinctus
4174 4340 4296 4379 cum
4337 4323 4634 4386 sceleratis,
4681 4334 4858 4379 morte
4900 4327 5098 4394 turpis-

3522 4419 3655 4471 sima
3696 4417 4102 4472 condemnatus.
4130 4415 4502 4470 Poterimusne
4535 4423 4642 4468 tam
4671 4414 4951 4469 salubrem
4976 4431 5100 4471 con-

3527 4508 3814 4564 iectionem
3840 4508 4151 4562 coniicere?
4189 4507 4464 4562 Universc
4495 4506 4818 4562 miserorum
4867 4507 5101 4562 miseria

1858 4592 2076 4647 tatiunis
2121 4593 2236 4648 oleo
2281 4594 2596 4664 superfusae,
2643 4593 2845 4650 sulfuso
2897 4596 3018 4666 igne
3061 4594 3306 4664 justitiz,
3363 4592 3497 4652 et"
3527 4609 3634 4652 tam
3683 4600 4014 4656 animarum.
4072 4614 4232 4668 quam
4289 4613 4605 4668 corporum,
4659 4598 4821 4652 ocqu
4873 4600 5100 4669 pietatis

1852 4679 2176 4738 humilitatis
2219 4683 2393 4738 aheno
2441 4683 2699 4748 decoctae,
2746 4694 3074 4756 unguentum
3125 4683 3328 4740 faciunt
3366 4696 3419 4741 et

1858 4771 2046 4837 odore,
2082 4779 2136 4828 et
2165 4773 2359 4828 virtute
2388 4773 2650 4840 mirabile,
2683 4777 2826 4843 quod
2854 4775 3028 4831 solum
3058 4791 3220 4846 super
3260 4786 3420 4847 caput

1861 4860 2070 4915 Domini
2128 4865 2488 4920 recumbentis
2542 4867 2712 4935 possit
2788 4866 2986 4921 effundi
3061 4876 3118 4922 et
3170 4867 3416 4924 exhiberi

1864 4953 2181 5009 reverentia:
2235 4956 2548 5025 majestatis.
2613 4956 2718 5013 Sed
2776 4967 2833 5013 et
2889 4959 2992 5014 hoc
3040 4958 3418 5028 recollegimus

1860 5042 2118 5110 breviter,
2146 5044 2269 5108 illis,
2297 5048 2387 5116 qui
2415 5047 2580 5102 multa
2607 5050 2672 5103 de
2697 5049 2884 5118 paucis
2910 5050 3195 5121 exculpere
3220 5067 3418 5121 cogno-

1859 5141 2072 5198 verunt,
2124 5134 2408 5190 verborum
2456 5135 2852 5194 multitudinem
2908 5151 3268 5195 reservantes.
3317 5140 3422 5195 No-

1863 5222 2021 5276 tanda
2047 5231 2226 5279 tamen
2254 5225 2533 5295 utriusque
2557 5225 2880 5293 dilerentia,
2923 5239 2979 5283 et
3009 5231 3229 5286 secundi
3261 5230 3425 5284 subli—

1861 5315 2018 5370 mitas
2067 5319 2420 5383 attendenda;
2464 5320 2589 5389 quia
2639 5320 2770 5376 illud
2815 5332 2898 5378 est
2945 5322 3053 5378 Deo
3095 5323 3423 5377 sacrificium

1866 5407 2087 5476 spiritus
2139 5409 2530 5465 contribulatus
2581 5408 2765 5481 (Psal.
2822 5413 2910 5483 ι),
2971 5423 3025 5468 et
3051 5413 3192 5468 istud
3221 5411 3425 5466 sacrifi-

1862 5498 2002 5554 cium
2031 5499 2203 5556 laudis
2226 5498 2395 5568 (Psal.
2414 5502 2743 5573 xux),quod
2774 5505 3006 5561 honorat
3036 5505 3225 5561 Deum.
3255 5502 3425 5559 Pedes

1863 5587 2024 5656 igitur
2047 5589 2299 5661 ungimus
2327 5589 2722 5663 Redemptoris,
2753 5608 2875 5649 cum
2908 5595 2974 5650 de
3001 5594 3242 5665 peccatis
3273 5607 3422 5648 com-

1862 5678 2183 5747 pungimur;
2217 5681 2466 5750 ungimus
2495 5691 2676 5751 caput,
2703 5698 2825 5739 cum
2863 5685 2931 5740 de
2955 5685 3165 5741 collatis
3202 5685 3424 5740 virtuti-

1864 5767 1965 5838 bus
2006 5780 2260 5826 virtutum
2315 5771 2553 5840 largitori
2609 5774 2822 5843 gratias
2846 5776 3204 5840 cumulamus.
3249 5775 3424 5832 luter-

3528 4690 3805 4760 inspectt.
3844 4689 4054 4758 species
4096 4690 4212 4758 ejus
4260 4695 4406 4742 sunt.
4445 4686 4564 4742 Ista:
4609 4688 4770 4758 igitur
4805 4689 4860 4741 in
4895 4704 5096 4744 morta-

3527 4781 3660 4836 riolo
3704 4782 3997 4852 largitatis.
4051 4780 4348 4835 dulcedinis
4403 4779 4603 4849 pistillo
4660 4779 4991 4842 confracta.
5053 4795 5098 4837 ei

3525 4871 3759 4926 delinitz
3815 4871 4103 4926 charitatis
4158 4870 4312 4931 oleo,
4371 4883 4633 4923 succenso
4706 4873 5100 4938 compasaioms

3528 4962 3669 5030 igne,
3721 4970 3774 5013 et
3821 4961 3873 5014 in
3922 4961 4096 5022 aheno
4136 4959 4554 5028 perseverantia
4596 4961 4954 5028 despumat;
5006 4978 5096 5013 uu-

3526 5061 3780 5119 gnentum
3807 5050 4008 5106 faciunt
4033 5052 4161 5119 ipsis
4185 5051 4348 5105 etiam
4381 5049 4584 5121 angelis
4611 5050 5022 5105 admirandum.

3597 5142 3734 5196 Sunt
3772 5143 3873 5200 viri
3924 5142 4234 5197 divitiarum
4267 5142 4317 5194 in
4348 5141 4509 5195 domo
4545 5140 4754 5195 Domini
4802 5142 5099 5198 virtutum;

3527 5236 3877 5307 vestigemus,
3908 5249 3974 5288 an
4010 5235 4149 5304 apud
4177 5248 4271 5288 eos
4305 5232 4607 5298 hujusmodi
4653 5232 4972 5285 habeantur
5015 5250 5094 5284 uu-

3527 5333 3745 5393 guenta.
3784 5321 3999 5379 Primus
4023 5323 4260 5377 occurrit
4293 5321 4423 5375 mihi
4459 5319 4678 5382 Paulus,
4717 5320 4862 5373 sicut
4907 5321 5099 5387 ubique

3531 5414 3696 5478 solet,
3729 5395 3875 5468 totus
3901 5413 4154 5482 presenti
4180 5411 4446 5467 delibutus
4478 5421 4774 5479 uguento.
4809 5428 4829 5458 s
4865 5408 5002 5475 Quis
5033 5412 5078 5460 in

3533 5508 3800 5569 firmatur,
3832 5504 4026 5573 inquit,
4049 5511 4100 5558 et
4124 5518 4224 5573 ego
4247 5516 4350 5556 non
4378 5500 4654 5558 inﬁrmor?
4688 5520 4706 5551 ›
4740 5497 4825 5568 (II
4867 5499 5096 5554 (Ζωπυ-

3532 5593 3680 5650 Felix
3726 5596 3928 5658 anima,
3966 5594 4108 5649 facta
4151 5593 4252 5647 sibi
4293 5601 4547 5660 tanquam
4579 5605 4671 5645 vas
4710 5591 5013 5658 perditum,
5054 5600 5097 5642 ut

3531 5686 3773 5738 ninnium
3829 5684 4077 5739 miserias
4135 5685 4187 5738 in
4245 5698 4338 5736 sua
4403 5681 4738 5737 conscientia
4801 5681 5096 5750 colligaret.

3535 5776 3728 5832 Totum
3755 5790 3813 5831 se
3845 5776 3941 5830 toti
3983 5775 4195 5844 corpori
4243 5774 4445 5828 Christi
4492 5772 4811 5834 donaverat,
4860 5771 5099 5825 omnibus
