5232 6454
826 379 916 438 665

2203 347 2439 410 SERMO
2479 345 2651 401 XXX.

3993 342 4108 421 δας

823 494 984 556 omnia
1035 490 1232 553 factus,
1278 497 1340 547 ut
1369 499 1559 544 omnes
1599 480 1952 543 iucrifaceret
1993 475 2074 547 (ll
2121 474 2248 529 Cor.
2289 474 2389 545 lx).
2422 490 2468 549 Α
2501 470 2720 527 difficile
2752 438 2875 524 esse
2903 467 3140 524 videtur.
3191 465 3326 534 Quis
3358 463 3660 536 desperare
3688 463 3919 528 debeat,
3955 473 4108 521 tanta

821 587 919 646 Sed
941 594 994 640 et
1017 582 1106 641 ille
1135 581 1222 635 vir
1249 579 1502 651 simplex,
1541 585 1597 630 et
1630 583 1830 636 rectus,
1869 579 1924 625 et
1951 570 2152 648 timens
2195 566 2392 631 Deum,

2503 561 2817 632 peccatricc
2856 575 2968 615 non
3005 558 3180 614 solum
3216 556 3455 621 veniam,
3512 554 3608 610 sed
3650 552 3883 624 gloriam
3913 568 4106 608 conse-

820 678 932 735 vide
972 675 1246 748 quomodo
1284 638 1394 728 non
1439 668 1737 727 secundum
1782 663 2080 728 |‘ominem,
2117 642 2225 716 imo
2267 673 2398 714 vero
2500 655 2740 728 quenle?
2785 654 2905 724 Ipsa
2939 638 3104 709 hodie
3135 651 3446 706 intercedat
3472 664 3570 720 pro
3598 647 3842 731 peccatis
3875 647 4108 712 nostris,

821 741 1101 829 secundum
1152 766 1460 830 hominem;
1536 769 1592 816 et
1646 757 1793 833 quod
1850 752 2036 810 verius
2075 762 2180 816 cst,
2230 765 2398 822 supra
2501 756 2557 827 et
2590 747 2872 818 placatum
2920 746 3081 800 nobis
3118 743 3313 799 reddat
3344 741 3586 811 judicem
3624 746 3900 803 nostrum,
3942 752 4110 809 spon-

822 846 1079 920 hominem
1130 844 1484 915 ambulabat:
1533 871 1552 904 ι
1589 849 1813 915 Oculus,
1851 846 2062 917 inquit,
2113 842 2188 900 fui
2228 856 2397 919 caeco,

817 964 871 1012 et
909 970 999 1028 pes
1058 933 1303 1015 claudo;
1365 956 1522 1018 pater
1570 956 1720 1000 cram
1800 953 2100 1024 pauperum
2157 933 2282 1006 (Job
2355 949 2396 999 ι,

818 1031 961 1115 ista)
1003 1065 1022 1098 ι
1062 1033 1131 1101 et
1176 1052 1410 1105 caztera,
1463 1053 1585 1108 quae
1635 1035 1716 1091 sic
1789 1047 1916 1087 eum
1976 1030 2081 1086 hoc
2118 1034 2400 1102 unguento

818 1146 1206 1212 perunxerunt,
1249 1144 1307 1190 ut
1352 1133 1418 1188 de
1457 1128 1851 1212 misericordia:
1905 1122 2148 1203 thalamo
2193 1119 2401 1192 largius

818 1222 1075 1284 irroratus
1112 1227 1309 1286 exiret.
1345 1222 1653 1280 Samuelem
1702 1218 1906 1282 recolo,
1937 1217 2030 1288 qui
2063 1231 2172 1270 non
2205 1212 2397 1279 semel,

817 1305 906 1398 sed
939 1321 1191 1377 omnibus
1229 1301 1422 1373 diebus
1457 1317 1583 1371 vine
1631 1313 1790 1388 152
1831 1325 1942 1366 sua:
1979 1309 2201 1380 lugebat
2234 1321 2400 1376 super

817 1412 971 1480 Saul;
1003 1419 1065 1468 ct'
1092 1427 1215 1466 cum
1253 1411 1422 1486 sciret
1449 1408 1600 1463 illum
1633 1408 1702 1463 ab
1737 1404 1913 1464 oculis
1940 1402 2245 1486 divinitatis
2284 1401 2397 1473 lon-

815 1504 930 1578 gius
955 1482 1409 1578 elongatummon
1432 1500 1685 1557 cessabat
1708 1507 1890 1553 tamen
1919 1482 2249 1567 compassio,
2277 1507 2399 1574 quae

815 1569 868 1650 in
894 1569 1224 1650 condolentis
1245 1592 1487 1646 animum
1503 1589 1819 1660 irrepserat,
1859 1569 2394 1670 fundeuslacrymas,

813 1677 867 1742 et
895 1687 937 1742 si
976 1701 1081 1742 non
1112 1683 1446 1761 profuturas,
1479 1682 1598 1754 pias
1629 1689 1808 1737 tamen
1840 1677 1894 1754 (ι
1918 1676 2048 1748 Reg.
2081 1676 2195 1748 xv).
2225 1671 2400 1756 David

813 1776 1132 1847 parricidam
1179 1774 1354 1830 lilium
1400 1774 1659 1830 continua
1716 1769 2094 1842 deploratione
2144 1767 2398 1844 plorabat

813 1846 900 1935 ill
947 1865 1076 1940 Reg.
1115 1867 1297 1940 xvttt).
1336 1865 1562 1937 plorans
1601 1863 1656 1918 in
1696 1877 1764 1918 eo
1801 1876 1907 1917 non
1945 1859 2128 1916 carnis
2164 1856 2399 1914 necessi-
2429 1846 2476 1906 Β

813 1961 1070 2026 tudinem,
1108 1959 1204 2015 sed
1245 1958 1370 2014 fidei
1416 1955 1869 2014 destructionem.
1914 1952 2090 2008 Cerne
2125 1948 2400 2020 quomodo

809 2053 1002 2124 Ioseph
1053 2062 1202 2110 totus
1252 2053 1356 2115 hoc
1395 2049 1559 2107 melle
1608 2048 1781 2104 illitus
1828 2055 1951 2102 erat
1999 2043 2155 2116 (Gen.
2215 2040 2396 2115 ιμιι).

810 2128 1042 2222 Veniunt
1081 2143 1309 2206 fratres,
1349 2143 1465 2214 jam
1513 2155 1621 2196 non
1670 2147 1798 2194 ante
1838 2137 2098 2203 fratrem,
2141 2135 2236 2191 sed
2273 2143 2400 2188 ante

807 2241 1082 2297 dominum
1112 2238 1439 2294 assistentes
1459 2275 1476 2302 ,
1503 2233 1715 2290 conscii
1737 2230 2085 2303 proditionis,
2115 2226 2399 2284 homicidii

806 2317 908 2402 rei,
936 2329 1222 2384 fratricidii
1269 2341 1648 2384 succensores.
1691 2323 1898 2379 Vidcns
1933 2337 2030 2378 eos
2067 2321 2296 2392 Joseph,
2341 2329 2399 2376 et

804 2407 1046 2482 omnium
1091 2424 1414 2494 injuriarum
1463 2423 1774 2490 immemor,
1808 2419 2141 2476 dulcissimis
2181 2416 2402 2472 ﬂetibus

807 2506 1122 2590 inundatur,
1147 2525 1202 2572 et
1231 2514 1455 2588 pietatis
1477 2513 1667 2588 adeps,
1694 2513 1787 2583 qui
1821 2512 1968 2567 intus
1997 2510 2200 2576 latitat,
2246 2507 2400 2564 foras

805 2601 903 2680 per
930 2606 1121 2663 oculos
1150 2594 1389 2662 em‘anat.
1423 2603 1584 2675 Fugit
1612 2603 1822 2668 odium,
1856 2601 2030 2656 nescit
2059 2603 2223 2664 iram,
2258 2607 2400 2654 tem—

801 2697 906 2772 pus
954 2689 1251 2754 iracundia:
1294 2712 1404 2752 non
1452 2694 1722 2761 reservat,
1767 2691 2004 2752 reddens
2051 2690 2252 2746 bonum
2299 2701 2400 2760 pro

806 2780 971 2855 inalo,
1027 2804 1129 2860 pro
1186 2786 1512 2843 credulitate
1561 2783 1930 2840 dulcedinem.
1988 2780 2135 2837 Pene
2191 2779 2398 2836 oblitus

800 2895 921 2941 sum
958 2883 1178 2954 Moysen
1219 2881 1357 2937 adeo
1407 2879 1549 2962 sacri
1588 2877 1753 2962 hujus
1782 2875 2010 2946 liquoris
2041 2888 2165 2929 rore
2207 2871 2398 2942 perfu-

801 2990 952 3057 sum,
1005 2965 1064 3029 ut
1113 2982 1258 3028 totus
1306 2987 1375 3054 ex
1421 2986 1488 3027 eo
1540 2967 1970 3052 superfundatur
2020 2974 2077 3021 et
2139 2964 2435 3037 profluata

798 3051 999 3122 Doceat
1051 3056 1242 3131 Israel,
1301 3051 1361 3119 et
1403 3063 1621 3136 Moyses
1667 3051 1985 3131 peceantem
2038 3055 2398 3112 reconciliare

799 3147 994 3215 nititur
1042 3156 1317 3222 Creatori;
1357 3156 1454 3212 sed
1485 3145 1791 3209 dissimulat
1829 3151 2091 3206 Dominus
2133 3148 2396 3204 exaudire

797 3241 1104 3337 rogantem.
1131 3245 1409 3300 Promittit
1430 3243 1660 3314 plurima
1681 3239 1851 3329 bloysi
1872 3238 2102 3323 Creator
2126 3237 2394 3303 omnium,

798 3320 859 3416 et
903 3329 1143 3394 feriendi
1167 3336 1444 3392 licentiam
1486 3334 1684 3405 quaerit
1713 3320 2132 3404 'a"Moysc,'qui
2174 3327 2397 3400 Moysen

797 3417 951 3487 fecit.
983 3447 1004 3482 ι
1045 3418 1266 3484 Dimitte
1295 3443 1405 3494 me,
1437 3426 1640 3497 inquit,
1671 3434 1730 3478 ut
1756 3424 2027 3478 irascatur
2061 3420 2214 3475 furor
2244 3433 2399 3474 meus

796 3505 990 3578 contra
1017 3536 1134 3586 eos,
1171 3530 1226 3577 et
1255 3519 1452 3575 faciam
1487 3519 1622 3573 tein
1651 3524 1869 3589 gentem
1897 3529 2173 3584 magnam.
2206 3531 2226 3579 ρ
2289 3510 2398 3565 Re-

794 3613 1023 3688 spondit
1069 3610 1284 3683 Moyscs
1321 3628 1332 3664 :
1372 3629 1390 3662 ι
1433 3609 1489 3664 Si
1540 3607 1800 3688 dimittis,
1856 3605 2119 3668 Domine,
2149 3602 2393 3669 dimitte;

793 3686 1042 3776 alioquin
1075 3704 1194 3759 dele
1231 3719 1319 3760 me
1362 3703 1429 3759 de
1473 3686 1636 3767 libro,
1681 3715 1842 3773 quem
1889 3699 2155 3768 scripsisti
2193 3696 2393 3766 (Exod.

789 3790 998 3866 iam).
1030 3814 1050 3847 ι
1081 3792 1431 3863 Obstupenda
1471 3791 1717 3867 profecto
1746 3788 2006 3854 dulcedo;
2041 3797 2095 3843 et
2122 3786 2396 3858 principae

791 3893 914 3938 tum
967 3884 1148 3954 gentis
1190 3883 1397 3952 respuit
1444 3882 1657 3947 alienae,
1697 3889 1752 3936 et
1801 3879 1868 3935 de
1915 3879 2054 3933 libro
2097 3877 2393 3932 viventium

787 3973 972 4032 deleri
998 3973 1295 4039 desiderat,
1319 3972 1422 4028 nisi
1451 3959 1808 4044 peccantibus
1833 3970 2139 4026 dimittatur
2163 3968 2390 4024 oll‘ensa.

788 4066 926 4122 Haec
984 4071 1111 4119 sunt
1163 4073 1440 4135 unguenta
1491 4063 1890 4134 propinationis
1973 4071 2028 4117 et
2080 4061 2389 4116 misericor-

784 4141 921 4221 δὴ),
947 4168 1071 4224 quae
1099 4168 1131 4209 a
1171 4169 1384 4224 sponsa:
1414 4154 1674 4210 uberibus
1703 4152 2018 4218 eliciuntur,
2047 4151 2394 4206 infirmitates

787 4238 996 4306 omnes
1037 4247 1315 4325 fugantia,
1352 4247 1701 4320 profugantia
1745 4246 1811 4320 [f.
1855 4245 2226 4330 prolhgantia]
2267 4262 2392 4317 pas-

783 4355 1004 4396 ειοιιθδ.
1106 4354 1110 4357 ’

861 4433 1020 4490 Felix
1077 4429 1244 4490 Maria
1297 4436 1457 4505 unxit
1500 4436 1668 4508 pedes
1714 4435 1877 4501 Jesu,
1934 4434 2146 4490 felicior
2197 4435 2389 4489 eadem

774 4535 956 4598 caput
999 4528 1156 4582 unxit
1201 4529 1463 4596 auctoris,
1516 4529 1852 4594 felicissima,
1894 4545 2016 4598 qua:
2063 4542 2244 4582 rorem
2287 4543 2391 4581 un-

774 4617 1139 4687 guentarium
1170 4617 1264 4672 toti
1302 4616 1510 4674 Christi
1553 4619 1767 4689 corpori
1798 4617 2147 4691 praeparavit.
2190 4615 2386 4673 Consi-

772 4706 961 4773 dera,
1032 4723 1196 4779 quam
1252 4697 1753 4766 vehementissimo
1823 4695 2133 4766 dilectionis
2189 4708 2385 4764 all'ectu

771 4793 952 4855 beata
986 4800 1102 4856 haec
1135 4799 1332 4856 mulier
1374 4801 1634 4872 diligebat
1662 4801 1942 4856 Christum
1978 4817 2183 4874 regem.
2219 4820 2237 4874 ᾳ
2279 4801 2386 4872 ι)οέ

772 4889 963 4953 tuine,
999 4889 1200 4961 inquit,
1247 4890 1293 4946 si
1344 4899 1400 4946 tu
1439 4886 1707 4946 sustulisti
1756 4907 1904 4955 eum,
1937 4872 2106 4946 dicito
2147 4872 2299 4954 mihi,
2334 4901 2391 4948 et

771 4994 887 5052 ego
912 4995 1043 5036 eum
1071 4981 1256 5038 tollam
1287 4981 1470 5054 (Joan.
1501 4971 1616 5054 xx).
1644 5002 1663 5036 ι
1688 4972 1860 5052 Quem
1884 5000 2008 5040 eum
2033 4968 2168 5062 dicis
2196 4971 2386 5053 Maria,

770 5087 914 5128 cum
944 5072 1015 5130 de
1045 5069 1192 5153 nullo
1232 5075 1430 5144 feceris
1476 5079 1808 5135 mentionem
1838 5080 1907 5134 ad
1956 5068 2131 5151 quem
2169 5070 2390 5137 relatio-

771 5159 914 5218 nem
970 5163 1182 5254 facias?
1232 5166 1496 5253 Putasne,
1532 5157 1677 5242 quod
1734 5172 1786 5228 iu
1834 5172 2080 5228 omnium
2131 5175 2391 5231 cordibus

772 5259 859 5315 ita
895 5255 1156 5344 versetur
1191 5266 1454 5340 memoria
1505 5265 1690 5323 dilecti
1724 5268 1824 5334 tui,
1856 5268 2001 5323 sicut
2027 5277 2083 5323 et
2113 5269 2168 5324 in
2199 5253 2380 5326 oonsi-

772 5353 969 5441 storio
1017 5355 1198 5441 cordis
1230 5357 1348 5424 tui!
1380 5377 1398 5410 ‹
1427 5358 1493 5414 Et
1539 5351 1660 5430 ego,
1695 5358 1893 5429 inquit,
1958 5359 2148 5416 tollam
2185 5374 2332 5441 cum.
2365 5380 2385 5414 ι

771 5439 929 5494 Mira
984 5435 1094 5531 res.
1142 5435 1428 5503 Hominem
1470 5448 1732 5518 perfecta:
1772 5451 1955 5507 anatis
1987 5433 2193 5518 virum,
2235 5453 2391 5526 cujus

770 5534 1016 5605 corpori
1050 5531 1151 5594 vix'
1180 5549 1402 5596 centum
1451 5542 1603 5599 librae
1641 5543 1920 5602 sufﬁciunt
1959 5558 2385 5619 unguentorum,

771 5627 1100 5684 tenerrima
1129 5631 1328 5690 mulier
1355 5635 1622 5706 portabis,
1655 5646 1711 5692 et
1743 5639 1933 5694 tolles?
1958 5640 2172 5699 Ardeas
2221 5653 2278 5700 et
2303 5644 2387 5700 af-

769 5717 938 5775 fecta
981 5721 1211 5790 locutio,
1242 5740 1365 5797 quae
1392 5729 1461 5786 de
1489 5731 1745 5802 puritatis
1779 5748 1967 5790 amore
2009 5736 2212 5804 refusa,
2254 5754 2374 5810 pro-

767 5811 965 5868 mittit
993 5817 1139 5885 quod
1182 5817 1410 5888 implere
1441 5837 1547 5879 non
1586 5833 1784 5895 potest.
1820 5827 1968 5886 Nihil
1997 5832 2144 5889 enim
2176 5836 2384 5891 amanti

2501 854 2621 894 sum
2652 853 2834 904 suum,
2864 837 2957 906 qui
2989 845 3074 892 est
3123 837 3266 892 Deus
3312 833 3639 890 benedictus
3680 832 3736 888 in
3775 831 3975 888 saecula
4014 847 4114 888 sae-

2501 930 2776 998 culorum.
2802 929 2998 985 Amen.
3176 912 3178 915 ’
3390 912 3395 916 ’

3083 1081 3322 1144 SERMO
3361 1080 3537 1156 xxx.

2595 1242 2635 1283 1.
2675 1239 2744 1281 ηε
2780 1236 2986 1285 SANCTO
3026 1233 3361 1276 APOLLINARB
3401 1230 3659 1271 EPISCOPO
3699 1227 4024 1281 BAYENNATE

2912 1309 2982 1350 ετ
3023 1305 3300 1369 murras.
3343 1290 3506 1362 (xxm
3553 1287 3696 1371 wn.)

2573 1432 2849 1500 Hodierna
2872 1429 2982 1494 die,
3015 1427 3217 1482 fratres
3237 1423 3576 1501 charissimi,
3603 1421 3670 1497 ad
3700 1419 4007 1500 jucundum
4033 1419 4117 1474 ni-

2501 1523 2630 1590 mis,
2643 1521 2888 1591 satisque
2901 1506 3230 1574 delectabile
3248 1513 3626 1595 spectaculum
3649 1510 4108 1591 venimus,etglo-

2500 1601 2662 1688 riosie
2685 1617 2952 1690 palaéstrze
2973 1625 3255 1672 certamen
3280 1612 3458 1669 oculis
3487 1612 3611 1678 fidei
3641 1607 3999 1690 contemplati
4025 1622 4131 1662 sum

2502 1685 2644 1766 mus;
2665 1685 3076 1780 i’idimus153
3094 1705 3240 1761 enim
3257 1719 3423 1759 unum
3436 1704 3611 1783 civem
3631 1685 3882 1771 superna:
3894 1697 4110 1774 Jerusa-

2501 1803 2608 1884 lem
2622 1818 2722 1874 pro
2740 1817 2865 1882 rege
2883 1794 2982 1857 suo
2994 1802 3215 1855 strenue
3229 1799 3294 1854 ad
3307 1798 3445 1855 bella
3460 1787 3782 1874 procedere,
3797 1803 3850 1850 et
3869 1795 4120 1875 innume-

2504 1879 2624 1950 rum
2657 1879 2968 1974 Babylonia:
3017 1891 3211 1962 vulgus
3231 1889 3478 1957 unanimi
3501 1886 3908 1968 conspiratione
3925 1893 4120 1942 contra

2503 2001 2675 2043 unum
2709 1993 2872 2056 caput
2894 1980 3154 2064 ferociter
3197 1983 3479 2039 dimicare.
3512 1980 3762 2036 Vidimus
3793 1978 3940 2034 hunc
3974 1978 4121 2034 mili-

2503 2092 2614 2140 tem
2661 2081 2871 2161 Christi
2918 2091 3113 2139 contra
3163 2079 3426 2150 mundum
3471 2074 3806 2147 triumphale
3852 2073 4115 2156 vexillum

2503 2175 2684 2232 crucis
2716 2157 2940 2246 inferre,
2975 2173 3210 2230 vidimus
3260 2181 3486 2247 econtra
3507 2178 3784 2246 amatores
3807 2163 3993 2224 mundi
4017 2153 4121 2241 pro

2502 2254 2702 2322 dilecto
2747 2247 2848 2321 suo
2887 2257 3214 2334 censtipatis
3257 2250 3448 2319 cuneis
3481 2260 3727 2316 obviare.
3772 2259 3848 2314 Illi
3879 2260 4118 2330 denique

2501 2359 2743 2435 undique
2768 2357 3088 2432 circumfusi
3118 2358 3334 2413 diversa
3383 2355 3489 2412 tela
3531 2353 3855 2434 conjiciunt,
3887 2355 4120 2426 sagittas

2501 2431 2782 2517 emittunt,
2824 2450 3113 2505 machinas
3155 2449 3408 2523 erigunt;
3449 2455 3506 2526 ct
3556 2457 3615 2502 ut
3657 2431 3862 2502 vallum
3912 2446 4119 2504 Christi

2500 2541 2808 2613 irrumpere
2829 2541 3072 2606 valeant,
3099 2541 3285 2615 omnia
3315 2539 3600 2619 prmliandi
3626 2547 3948 2610 argumenta
3965 2555 4113 2594 como

2500 2643 2740 2705 ponunt;
2777 2634 2866 2690 hic
2899 2644 3084 2692 autem
3115 2648 3249 2689 ense
3289 2625 3442 2689 verbi
3471 2632 3774 2704 spiritualis
3812 2631 4119 2697 accinctus,

2503 2726 2673 2782 lorica
2710 2726 2831 2782 ﬁdei
2873 2720 3117 2790 indutus,
3171 2725 3286 2796 spei
3319 2725 3472 2796 galea
3506 2723 3866 2795 prtemunitus
3897 2718 4122 2793 (Eplies.

2502 2819 2602 2885 vr),
2657 2817 2758 2872 sub
2803 2817 3083 2887 patientia:
3137 2831 3250 2872 sua:
3299 2831 3358 2871 se
3403 2803 3598 2887 clypeo
3629 2798 3868 2886 colligit,
3927 2816 4117 2870 ethoc

2499 2920 2694 2968 contra
2745 2925 2939 2967 omnes
2987 2909 3198 2967 bellica:
3267 2908 3612 2979 tempestatis
3669 2909 3814 2981 ictus
3864 2892 4124 2981 vigilanti

2499 3001 2660 3058 oculo
2702 3003 3085 3057 circumducit.
3149 3002 3223 3056 Illi
3272 2978 3450 3073 ignem
3501 2979 3794 3066 adhibent;
3855 2999 3950 3055 sed
4013 2978 4125 3062 iste

2502 3093 2783 3148 immensa:
2811 3093 3100 3148 charitatis
3138 3092 3338 3148 ardore
3382 3107 3701 3158 succensus,
3737 3091 3990 3147 incendia
4020 3105 4117 3146 ex-

2423 3214 2471 3278 c
2504 3185 2720 3240 terioris
2766 3183 3002 3239 ﬂamma:
3049 3200 3157 3239 non
3197 3184 3383 3239 sentit.
3423 3183 3501 3238 llli
3554 3183 3910 3238 bullientibus
3958 3184 4117 3254 aquis

2501 3274 2798 3330 dilacerata
2842 3273 3088 3329 membra
3145 3273 3515 3345 perfundunt;
3567 3275 3672 3330 iste
3725 3274 3879 3346 largo
3936 3277 4113 3336 sancti

2501 3364 2738 3436 Spiritus
2777 3365 2954 3420 imbre
2993 3364 3258 3420 divinitus
3309 3364 3692 3436 refrigeratur,
3723 3373 3956 3422 cantans
3983 3382 4111 3423 cum

2499 3455 2771 3526 Propheta
2806 3474 2820 3510 :
2860 3455 3279 3512 «Transivimus
3304 3471 3403 3525 per
3449 3459 3654 3527 ignem,
3702 3466 3760 3514 et
3803 3473 4026 3529 aquam,
4057 3469 4114 3526 et

2498 3547 2736 3603 cduxisti
2778 3561 2880 3602 nos
2910 3547 2964 3601 in
2995 3547 3346 3616 refrigerium
3384 3546 3560 3618 (Psal.
3592 3548 3742 3620 ur).
3768 3570 3786 3601 ι
3825 3550 3906 3604 11ιὶ
3940 3551 4112 3623 virgis

2499 3637 2735 3704 caedunt,
2788 3636 3016 3693 sudibus
3056 3636 3339 3710 frangunt,
3387 3639 3622 3708 equuleo
3663 3641 4028 3710 suspendunt,
4058 3642 4112 3697 in

2498 3746 2779 3785 carcerem
2812 3731 3064 3800 mittunt,
3094 3742 3377 3803 postremo
3405 3741 3724 3788 catenatum
3770 3735 3823 3788 in
3856 3736 4110 3792 exsilium

2497 3825 2767 3894 dirigunt;
2805 3822 2907 3877 iste
2932 3836 3065 3877 vero
3088 3822 3141 3876 in
3170 3837 3299 3878 arce
3330 3825 3532 3879 mentis
3569 3826 3922 3890 constitutus,
3955 3829 4115 3899 quid-

2495 3918 2624 3987 quid
2650 3931 2779 3986 crga
2810 3929 2870 3970 se
2893 3915 3094 3986 agitur,
3125 3917 3229 3971 sub
3276 3933 3336 3972 se
3381 3917 3498 3973 fieri
3530 3921 3687 3989 quasi
3716 3920 3854 3976 alius
3887 3914 4110 3992 quidam

2494 4007 2710 4062 eminus
2767 4005 3044 4082 intuetur,
3103 4005 3297 4063 dicens
3351 4025 3474 4064 cum
3533 4008 3752 4067 Paulo:
3793 4011 4113 4071 rllahcmus

2498 4100 2812 4154 thesaurum
2843 4099 3008 4154 istum
3063 4099 3119 4155 in
3169 4101 3320 4157 vasis
3369 4102 3628 4160 fictilibus
3663 4104 3748 4176 (ΙΙ
3801 4105 4104 4179 ϐον.1ν).›

2495 4190 2560 4244 Ει
2589 4191 2785 4246 iterum
2812 4209 2825 4245 :
2856 4210 2874 4243 ι
2899 4190 3053 4247 Licet
3076 4193 3319 4247 exterior
3353 4193 3518 4248 homo
3545 4205 3736 4251 noster
3777 4211 4104 4271 corrumpa-

2497 4293 2602 4349 tur,
2634 4283 2682 4337 is
2711 4292 2916 4348 tamen,
2965 4282 3058 4352 qui
3112 4282 3261 4338 intus
3307 4294 3412 4350 est,
3464 4297 3759 4342 renovatur
3802 4291 3869 4345 de
3917 4292 4107 4348 dieein

2494 4373 2659 4428 diem.
2691 4372 2749 4428 ld
2777 4373 2950 4439 enim,
2971 4372 3119 4444 quod
3143 4372 3198 4428 in
3222 4375 3478 4444 praesenti
3503 4386 3590 4431 est
3638 4389 4105 4448 momentaneum,

2493 4474 2548 4519 et
2589 4463 2710 4520 leve
2755 4461 3133 4520 tribulationis
3163 4473 3388 4537 nostrm,
3420 4466 3605 4538 [supra
3653 4470 3872 4525 modum
3923 4473 3976 4526 in
4016 4488 4107 4529 su-

2417 4569 2465 4628 o
2493 4554 2760 4610 blimitate
2807 4561 3028 4610 aeternae
3065 4553 3257 4627 gloria:
3285 4557 3500 4627 pondus
3551 4569 3815 4630 operatur
3846 4561 3900 4616 in
3945 4564 4106 4621 nobis

2491 4643 2705 4718 (Ibid.).
2742 4662 2760 4698 ι
3553 4682 3557 4687 ,

2562 4733 2772 4790 Cuncta
2797 4749 2930 4807 ergo
2958 4735 3197 4804 hostium
3238 4735 3422 4808 jacula
3472 4738 3614 4796 facta
3641 4739 3782 4810 fsunt
3836 4742 3898 4797 Β.
3933 4744 4104 4816 Apol-

2491 4827 2649 4884 linari
2700 4826 2938 4899 gloriose
2971 4828 3224 4885 vincendi
3282 4832 3533 4886 materia.
3586 4832 3653 4887 Et
3687 4835 3833 4890 unde
3881 4835 4104 4893 illorum

2491 4919 2787 5000 crudelitas
2830 4919 3070 4989 dejicere
3115 4923 3330 4990 nititur,
3372 4924 3499 4980 inde
3543 4925 3703 4982 istius
3739 4929 4001 4999 patientia
4035 4933 4104 4987 ad

2497 5013 2755 5070 standum
2783 5012 2997 5069 ﬁrmius
3028 5014 3340 5071 roboratur.
3378 5017 3618 5076 Sanctus
3647 5023 3792 5076 enim
3825 5026 3909 5077 vir
3957 5025 4103 5082 inter

2496 5105 2939 5179 persecutionum
2985 5107 3125 5164 bella
3177 5108 3573 5180 deprehensus,
3606 5129 3715 5184 quo
3745 5116 3936 5173 durius
3971 5119 4106 5174 telo-

2498 5212 2620 5252 rum
2673 5197 2994 5268 grandinem
3029 5199 3412 5258 inhorrescere
3455 5207 3748 5276 conspicit,
3793 5223 3859 5265 eo
3889 5213 4104 5268 cautius

2497 5287 2738 5358 undique
2764 5295 2981 5344 scutum
3013 5305 3126 5346 suae
3155 5294 3443 5363 gravitatis
3470 5299 3713 5367 opponit.
3753 5299 3824 5354 Et
3850 5317 3960 5372 quo
3988 5305 4104 5358 vio-

2498 5380 2697 5435 lentius
2738 5395 2932 5452 pugna:
2967 5381 3204 5456 impetus
3251 5386 3399 5443 videt
3443 5389 3719 5461 ingruere,
3749 5406 3815 5448 eo
3843 5396 4018 5465 magis
4042 5410 4103 5451 se

2496 5472 2678 5528 studet
2719 5480 2778 5527 et
2823 5474 2878 5528 in
2907 5473 3056 5531 vires
3087 5476 3368 5549 colligere,
3400 5489 3457 5536 et
3487 5482 3556 5537 ad
3587 5484 3858 5555 agendum
3887 5484 4103 5543 fortiter

2497 5565 2759 5622 excitare.
2795 5565 3012 5639 Ubique
3053 5580 3281 5640 paratus
3309 5574 3538 5642 assistit,
3571 5576 3778 5649 ubique
3810 5579 4104 5650 vigilanter

2497 5655 2751 5720 intendit,
2782 5667 2839 5714 et
2862 5659 3211 5718 venientibus
3243 5664 3485 5736 undique
3512 5666 3710 5739 gladiis
3739 5669 4072 5739 imperturba

2497 5759 2586 5806 tus
2614 5752 2874 5808 occurrit.
3077 5764 3086 5770 '

2571 5843 2708 5911 Quia
2758 5858 2910 5912 vero,
2948 5843 3148 5904 fratres
3191 5848 3320 5918 mei,
3371 5847 3433 5904 Β.
3468 5849 3801 5924 Apollinaris
3845 5867 4077 5927 agonem
