5232 6510
1849 389 1949 446 667

408 0 4415 82 μ-

2486 383 2544 439 8.
2585 378 2785 436 PETRI
2829 373 3108 434 DAIIANI
3146 372 3297 429 OPP.
3341 371 3520 427 PAllS
3557 371 3684 427 SEU
3729 367 3963 426 TOMUS
3996 367 4058 422 ll.
4085 397 4152 409 —
4177 364 4566 426 SERHONES.
5027 358 5117 412 €63

1841 503 2150 578 μήκεα-ξω
2198 497 2443 566 superius
2480 494 2894 554 nominavimus,
2927 501 3234 543 utrumnam
3287 501 3419 539 con-
3455 493 3498 547 Α
3528 500 3654 552 ergo
3687 483 3925 549 magistri
3974 483 4044 535 sit
4079 480 4341 550 discipulo
4371 479 4598 534 audacia
4643 473 5042 548 pmumndi,
5070 484 5119 528 et

1850 577 1982 666 grue
2013 591 2243 661 positum
2270 587 2359 649 sil,
2394 585 2436 639 si
2481 585 2675 653 placet,
2707 582 2865 653 paulo
2899 579 3150 634 subtilius
3177 577 3419 644 inquira-

1851 700 1989 740 tnus.
2012 679 2305 736 Palastrita
2338 677 2534 746 quippe
2561 676 2736 729 nudus
2763 674 3021 736 luctatur,
3047 683 3099 725 et
3123 669 3183 722 Β.
3214 668 3418 737 Apolli-

1849 772 1995 828 naris
2023 770 2307 823 mundana:
2334 766 2692 836 possessionis
2717 764 3031 818 indumento
3058 763 3228 812 nudus
3258 757 3421 810 fuisse

1849 861 2209 934 cognoscitur.
2249 860 2303 912 In
2330 856 2638 926 spectaculo
2672 865 2850 908 autem
2887 854 3082 907 civium
3117 848 3421 915 huiusmodi

1845 954 1988 1008 lucta
2010 950 2351 1022 proponitur,
2385 957 2443 1000 ut
2465 947 2521 1000 Β.
2547 946 2747 1000 Paulus
2773 945 2838 999 de
2884 959 2940 997 se
2967 942 3193 1010 aliisque
3222 939 3423 992 Christi

1845 1043 2199 1099 bellatoribus
2223 1053 2458 1108 congrue
2484 1047 2739 1102 testatur,
2761 1036 2974 1090 dicens:
2999 1054 3014 1083 ι
3043 1030 3422 1099 Spectaculum

1845 1131 1972 1185 facti
2025 1143 2213 1184 sumus
2260 1127 2464 1197 angelis
2516 1134 2571 1181 et
2606 1125 2914 1180 horninibus
2972 1121 3054 1190 (Il
3101 1121 3217 1174 Cor.
3277 1125 3368 1184 tv).
3404 1139 3419 1167 ο

1851 1221 1998 1275 Solet
2024 1232 2206 1274 autem
2244 1218 2425 1288 pueris
2453 1218 2648 1276 oleum,
2674 1215 2816 1283 quod
2843 1215 3090 1267 videlicet
3119 1226 3330 1265 ceroma
3359 1209 3427 1261 ab

1849 1312 1928 1365 eis
1971 1310 2188 1372 dicitur,
2233 1324 2261 1362 a
2305 1305 2804 1375 campiductoribus
2850 1303 3033 1366 tribui,
3073 1303 3215 1356 unde
3240 1315 3425 1354 eorum

1851 1399 2085 1461 debeant
2123 1397 2299 1456 omnia
2342 1398 2589 1467 corporis
2635 1389 2876 1450 membra
2909 1394 3155 1464 perungi.
3193 1392 3428 1446 Sanctus

1852 1504 1979 1544 vero
2032 1487 2226 1543 Petrus
2281 1488 2553 1555 apostolus
2596 1488 2657 1540 Β.
2700 1486 3048 1555 Apollinaris,
3099 1500 3204 1536 non
3251 1483 3428 1535 dicam

1853 1580 2245 1649 campiductor,
2295 1578 2388 1632 sed
2434 1579 2645 1641 ductor,
2681 1576 2853 1631 sancti
2897 1574 3133 1644 Spiritus
3179 1588 3300 1623 eum
3334 1587 3429 1623 un-

1851 1671 2029 1744 ctione
2065 1669 2320 1740 perfudit,
2369 1684 2491 1723 eum
2540 1670 2606 1722 ad
2654 1667 2950 1722 certamina
2985 1666 3423 1735 persecutionum

1853 1760 2019 1815 misit.
2052 1758 2122 1813 Ut
2169 1759 2312 1814 enim
2372 1759 2424 1811 in
2476 1766 2660 1812 sancta
2691 1766 2963 1826 gestorum
2998 1753 3139 1808 illius
3175 1763 3430 1808 narratur

3532 576 3792 629 mittentis
3823 574 4117 627 auctoritas
4146 566 4436 626 sit‘liducia
4465 571 4638 624 missi.

3597 666 3640 720 Ο
3681 666 3832 718 beate
3872 663 4135 732 apostole,
4167 678 4329 732 quam
4379 662 4629 722 libenter,
4659 671 4831 726 quam
4874 653 5120 706 alacriter

3527 769 3728 811 motum
3762 766 3862 809 tum
3890 756 4220 808 diversitatis
4251 754 4492 807 intueor:
4514 761 4568 805 et
4599 768 4748 805 nunc
4777 761 4831 800 te
4859 745 5115 806 debilem,

3527 863 3668 899 nunc
3694 845 4041 898 fortissimum
4073 846 4292 915 pulchra
4319 846 4577 897 varietate
4608 838 4993 904 contemplor!
5025 835 5118 887 De-

3529 939 3711 1002 bilem,
3766 939 4004 1005 inquam,
4067 935 4312 1006 negando
4364 935 4704 1003 magistrum,
4760 929 5116 983 fortissimum

3531 1041 3658 1078 vero
3679 1041 3776 1095 pro
3802 1025 4039 1093 ejusdem
4073 1025 4313 1093 magistri
4348 1023 4684 1076 confessione
4710 1018 4985 1071 mittendo
5015 1016 5118 1068 dis-

3529 1117 3787 1184 cipulum.
3819 1114 3934 1169 Non
3988 1131 4144 1168 times
4189 1113 4450 1182 discipqu
4480 1111 4799 1165 Ravennam
4830 1107 5120 1160 multarum

3531 1208 3742 1260 urbium
3773 1206 4046 1260 dominam
4077 1205 4374 1274 assignare,
4405 1205 4495 1275 qui
4533 1203 4850 1272 tibimetipsi
4885 1217 5121 1270 expave-

3531 1314 3620 1354 ras
3642 1300 3798 1353 unius
3835 1299 4131 1354 sacerdotis
4157 1298 4427 1353 ancillam.
4466 1298 4579 1352 Non
4632 1297 4836 1352 metuis
4886 1295 5038 1349 illum
5073 1297 5122 1348 in

3531 1391 3854 1462 procellosos
3886 1391 4081 1447 fluctus
4134 1391 4612 1446 turbulentissimas
4667 1391 4918 1445 civitatis
4955 1388 5124 1443 solum

3533 1483 3770 1546 mittere,
3800 1482 3891 1551 qui
3936 1497 4058 1536 cum
4092 1481 4207 1550 ipso
4236 1481 4495 1536 Creatore
4526 1481 4760 1535 marium
4804 1494 4976 1547 super
5012 1495 5121 1533 ma-

3532 1575 3680 1628 rinas
3704 1574 3873 1628 undas
3904 1588 4200 1642 expaveras
4221 1574 4515 1628 ambulare.
4543 1574 4618 1628 llli
4648 1587 4888 1642 namque
4922 1574 5127 1626 dictum

3531 1676 3641 1718 est:
3673 1685 3688 1715 ι
3711 1665 4028 1734 Aquilonem
4050 1673 4104 1718 et
4127 1681 4274 1719 mare
4300 1677 4352 1717 tu
4375 1666 4570 1718 creasti
4590 1663 4763 1732 (Psal.
4785 1665 5084 1728 Lxxxvut).
5107 1681 5122 1713 ι

3533 1755 3684 1809 Licet
3733 1757 3876 1810 enim
3928 1756 4168 1810 dixeris:
4201 1776 4217 1806 ι
4251 1756 4496 1820 Domine,
4528 1755 4654 1823 jnbe
4703 1772 4788 1808 ine
4830 1770 5026 1809 venire
5061 1755 5122 1805 ad

1853 1851 2075 1905 historia
2098 1891 2112 1914 ,
2169 1850 2246 1903 ait
2294 1849 2353 1902 Β.
2387 1848 2575 1903 Petrus
2633 1849 2906 1920 apostolus
2941 1846 3237 1916 Apollinari
3271 1845 3428 1897 disci-
3461 1836 3505 1896 Β
3536 1855 3585 1898 te.
3611 1846 3822 1914 (Metili.
3857 1847 4002 1904 xivl:
4036 1867 4053 1897 ι
4093 1847 4191 1900 nisi
4224 1858 4402 1902 tamen
4446 1851 4779 1918 expavisscs,
4820 1849 5002 1917 mergi
5033 1847 5130 1898 nti-

1853 1939 1979 2008 pnlo
2005 1953 2104 1994 suo
2136 1957 2148 1992 :
2185 1957 2202 1990 ι
2229 1938 2365 2006 Quid
2414 1939 2566 1991 sedes
2597 1939 2908 1993 nobiscum:
2941 1952 3068 1991 ecce
3098 1935 3341 1991 eruditus
3372 1950 3432 1987 es

1855 2030 1922 2086 de
1956 2032 2206 2086 omnibus
2228 2048 2347 2102 quae
2375 2030 2502 2087 fecit
2528 2032 2699 2086 Jesns.
2736 2032 2927 2101 Surge,
2960 2034 3140 2098 aecipe
3171 2030 3431 2100 Spiritum

1857 2131 2127 2184 sanctum,
2154 2122 2423 2190 simulque
2458 2122 2616 2194 15‘
2640 2123 3034 2192 pontiﬁcatum,
3085 2134 3136 2176 et
3166 2137 3329 2192 perge
3367 2121 3432 2173 ad

1859 2213 2068 2275 urbem,
2099 2227 2218 2281 qua:
2251 2221 2475 2266 vocatur
2518 2213 2793 2266 Ravenna.
2822 2232 2839 2266 ι
2890 2211 3042 2280 Quod
3084 2214 3228 2264 enim
3279 2211 3433 2272 dicit,

1860 2301 2042 2373 accipe
2084 2300 2343 2370 Spiritum
2392 2313 2659 2366 sanctum,
2694 2312 2749 2357 et
2787 2317 2974 2373 perge,
3004 2303 3110 2356 tale
3145 2312 3246 2365 est,
3299 2316 3360 2353 ac
3392 2303 3434 2354 si

1867 2393 2070 2448 diceret
2094 2411 2106 2445 :
2134 2392 2263 2448 Oleo
2286 2407 2528 2448 membra
2556 2392 2837 2463 perfunde,
2884 2404 2937 2448 et
2985 2394 3181 2449 bellum
3211 2393 3439 2445 viriliter

1859 2495 2104 2536 consere.
2152 2480 2226 2534 De
2255 2481 2358 2536 hoc
2392 2484 2532 2536 enim
2575 2483 2747 2537 sancti
2776 2482 3011 2554 Spiritus
3037 2483 3159 2538 oleo
3186 2498 3282 2551 per
3305 2496 3436 2551 pro-

1858 2557 2074 2637 phetam
2123 2569 2323 2624 dicitur
2351 2586 2364 2623 :
2403 2588 2420 2620 ι
2445 2569 2852 2640 Computrescet
2892 2569 3076 2642 jttgum
3108 2587 3136 2622 a
3169 2569 3304 2624 facie
3335 2569 3436 2623 olei

1863 2659 2000 2729 (Ira.
2049 2661 2127 2732 x).
2152 2682 2170 2713 ι
2211 2661 2287 2716 De
2313 2663 2415 2718 hoc
2440 2673 2495 2717 et
2527 2679 2624 2733 per
2661 2662 2999 2718 Psalmistam
3025 2665 3241 2717 canitur
3268 2681 3280 2714 :
3316 2685 3332 2710 ι
3361 2660 3441 2714 ιη-

1861 2751 1983 2804 veni
2014 2750 2178 2805 David
2225 2765 2440 2805 servum
2490 2768 2691 2808 meum.
2739 2754 2862 2808 oleo
2907 2763 3096 2808 sancto
3142 2769 3264 2807 meo
3314 2753 3439 2806 unxi

1860 2856 1986 2895 eum
2014 2839 2187 2911 (Paul.
2219 2845 2504 2913 Lxxxvm).
2538 2864 2556 2898 ι

1934 2931 2047 2986 Mos
2075 2947 2202 2987 vero
2232 2948 2350 2988 esse
2374 2933 2840 3003 campiductorum
2871 2932 3027 2996 solet,
3061 2944 3116 2986 ut
3146 2934 3297 3001 prius
3327 2950 3442 2988 cer-

1860 3026 2025 3079 taturi
2056 3023 2304 3093 discipuli
2334 3025 2575 3078 membra
2613 3025 2958 3094 provideant,
2988 3024 3236 3077 videlicet
3263 3040 3425 3092 quam

1857 3114 2025 3168 latum
2073 3113 2417 3184 validumque
2465 3116 2538 3169 sit
2575 3124 2782 3185 pectus,
2828 3129 2989 3183 quam
3029 3114 3144 3167 sani
3183 3115 3435 3182 plenique

3537 1956 3639 2009 que
3670 1957 3772 1993 non
3804 1945 4083 2010 cmpisses,
4139 1941 4241 1995 nisi
4290 1943 4340 1994 in
4383 1945 4503 1995 navi
4559 1941 4678 1994 fidei
4713 1940 4964 2008 aliquam
5007 1954 5132 1991 nan-

3537 2031 3690 2101 fragii
3723 2032 3919 2085 undam
3945 2032 4284 2099 pertulisScs,
4317 2032 4623 2086 nullatenus
4646 2048 4708 2085 ex
4741 2046 4840 2084 ore
4873 2029 5132 2084 Veritatis

3538 2123 3784 2176 audisses
3818 2142 3828 2175 :
3869 2121 4129 2175 «Modica:
4174 2123 4293 2174 fidei
4337 2137 4506 2190 quare
4549 2121 4851 2173 dubitasti?
4883 2140 4901 2172 ι
4943 2120 5132 2190 (letali

3539 2215 3644 2268 Nec
3671 2216 3863 2268 mirum
3893 2213 4204 2281 tibimetipsi
4235 2213 4400 2265 maris
4437 2221 4562 2266 tunc
4587 2210 4944 2265 formidasse
4993 2213 5132 2277 peri-

3540 2307 3739 2366 culum,
3766 2306 3852 2373 qui
3881 2321 3976 2374 pro
3996 2305 4180 2358 eadem
4208 2303 4404 2357 mentis
4428 2301 4765 2362 inﬁrmitate,
4802 2301 5132 2368 magistrum

3541 2411 3591 2455 et
3628 2401 3907 2453 Dominum
3957 2407 4105 2450 tuum
4156 2396 4376 2450 nolebas
4421 2394 4601 2449 crucis
4628 2393 4812 2448 subire
4844 2390 5012 2461 155
5047 2406 5134 2458 pa-

3545 2489 3788 2541 tibulum.
3824 2487 3956 2541 Cum
4008 2486 4152 2539 enim
4195 2485 4290 2538 tibi
4336 2484 4559 2544 diceret,
4596 2483 4739 2552 quod
4781 2496 4885 2550 pro
4917 2483 5132 2534 redem-

3543 2583 3724 2649 ptione
3758 2580 3979 2632 humani
4011 2576 4224 2646 generis
4255 2573 4650 2643 crucifigendus
4679 2581 4853 2632 esset,
4887 2571 5134 2634 protinus

3545 2672 3865 2740 respondisti
3896 2688 3905 2720 :
3939 2687 3955 2718 ι
3981 2668 4134 2721 Absit
4160 2682 4188 2719 a
4221 2675 4292 2728 te,
4323 2664 4565 2725 Domine,
4582 2662 4854 2729 propitius
4878 2660 4978 2714 tibi
4996 2671 5132 2718 esto,

3547 2759 3791 2822 Domine,
3825 2773 3889 2811 ne
3919 2757 4009 2811 ﬂat
4037 2757 4137 2810 hoc
4167 2754 4380 2822 (lauit.
4415 2754 4546 2822 xvi).
4575 2772 4591 2803 ι
4623 2752 4762 2819 Quid
4799 2761 4887 2805 est
4911 2751 5044 2812 hoc,
5075 2750 5129 2803 Β.

3547 2849 3821 2919 apostole‘.’
3853 2846 4102 2917 Nunquid
4133 2846 4214 2899 vis
4245 2845 4497 2899 claudere
4527 2844 4725 2904 locum,
4757 2843 4904 2896 unde
4931 2852 5132 2894 nostra:

3552 2938 3935 3007 redemptionis
3982 2947 4065 2990 est
4105 2936 4337 3005 pretium
4385 2932 4690 2988 exiturum?
4744 2931 5006 3001 Nunquid
5059 2932 5132 2983 vis

3549 3026 3747 3081 fontem
3781 3027 4128 3096 restringere,
4159 3024 4250 3092 qui
4298 3024 4580 3093 pravitatis
4625 3032 4826 3075 nostra:
4856 3022 5134 3076 descendit

3550 3119 3792 3173 maculas
3824 3117 4156 3172 emundare?
4213 3115 4350 3170 Ecce
4384 3114 4495 3179 jam
4551 3115 4689 3168 nosti
4742 3113 4896 3167 illum
4951 3115 5132 3182 procul

1859 3213 2104 3261 tumeant
2127 3206 2512 3270 lacerti,quam
2537 3206 2933 3286 subterpositus
2953 3214 3160 3268 venter,
3183 3221 3278 3259 nec
3305 3205 3442 3258 mole
3472 3185 3517 3247 (ἶ
3549 3211 3709 3265 dubio
3743 3210 3910 3264 Deum
3942 3223 4084 3272 esse,
4132 3217 4309 3261 tamen
4356 3207 4635 3261 dissuadcs
4665 3215 4899 3258 mortem
4934 3204 5134 3258 subire.

1860 3305 2073 3366 gravet,
2103 3311 2204 3351 nec
2231 3297 2914 3366 extenuatione‘dehilitet;
2948 3296 3069 3366 etsi
3101 3305 3295 3360 cuncta
3332 3297 3442 3351 bel—

1862 3387 1969 3442 lico
2015 3387 2135 3441 usui
2183 3395 2308 3456 apta
2353 3400 2476 3441 esse
2509 3387 2910 3456 perspexeriut,
2940 3400 3064 3438 mox
3095 3385 3212 3454 ejus
3266 3388 3445 3455 segni-

1865 3478 1995 3534 tiem
2039 3475 2174 3530 dura
2201 3477 2496 3532 severitate
2540 3475 2861 3545 corripiunt,
2916 3483 2970 3527 et
3016 3474 3231 3528 desides
3272 3476 3446 3529 adhuc

1868 3567 2083 3622 animos
2111 3566 2167 3620 in
2203 3581 2442 3620 amorem
2476 3566 2650 3620 laudis
2697 3564 3018 3628 accendunt,
3076 3565 3364 3618 hortantur
3394 3575 3448 3620 et

1869 3656 2156 3731 instigant;
2189 3665 2243 3710 et
2267 3671 2334 3710 ne
2362 3653 2658 3710 formidare
2683 3655 2935 3720 debeant,
2968 3670 3117 3710 suam
3158 3655 3325 3725 ipsius
3355 3669 3446 3710 co-

1866 3763 1987 3803 ram
2011 3761 2076 3802 eo
2110 3745 2480 3802 fortitudinem
2507 3745 2746 3803 laudant.

1942 3837 2035 3891 Sic
2058 3837 2335 3903 nimirum,
2365 3837 2446 3892 sic
2494 3835 2555 3888 Β.
2589 3835 2864 3906 apostolus
2908 3835 3064 3906 quasi
3113 3844 3239 3889 ante
3270 3836 3444 3904 ipsum

1874 3942 2051 3982 arena:
2085 3926 2410 3984 vestibulum
2455 3927 2659 3981 alumni
2707 3928 2788 3982 sui
2835 3927 3076 3982 membra
3106 3929 3444 3989 considerat;

1871 4028 1925 4072 et
1944 4027 2001 4072 ut
2024 4032 2085 4073 se
2105 4017 2173 4072 ad
2197 4018 2648 4089 congrediendum
2682 4027 2970 4088 praparet,
2995 4019 3172 4072 verbis
3191 4018 3449 4072 suasoria:

1872 4110 2266 4165 adhortationis
2287 4109 2600 4164 inﬂammat.
2619 4108 2758 4177 Quid
2780 4119 2860 4164 est
2877 4111 3021 4170 enim
3045 4111 3247 4173 dicere,
3277 4129 3294 4161 ι
3319 4112 3447 4179 quid

1871 4200 2027 4261 sedes
2055 4200 2356 4263 nobiseum,
2379 4219 2397 4252 ›
2433 4200 2532 4254 nisi
2554 4202 2666 4270 jam
2702 4201 2908 4271 depone
2934 4201 3219 4264 desidiam,
3250 4211 3307 4253 ut
3329 4213 3446 4271 post

3547 3300 3656 3354 Nisi
3708 3301 3853 3355 enim
3891 3299 4058 3352 Deum
4108 3297 4379 3361 crederes,
4413 3297 4682 3368 propitius
4719 3297 4814 3350 tibi
4861 3305 5010 3360 esto,
5045 3294 5136 3348 Do-

3545 3392 3712 3454 mine,
3739 3407 3843 3444 non
3882 3390 4131 3443 dixisses.

3615 3480 3918 3535 Concordat
3958 3480 4191 3552 denique
4222 3478 4353 3532 fides
4384 3476 4630 3548 discipuli
4665 3492 4788 3530 cum
4822 3476 5134 3529 assertione

3548 3568 3812 3638 Magistri.
3863 3566 4253 3626 «Potestatcm,
4307 3568 4505 3635 inquit,
4540 3568 4711 3620 habeo
4762 3565 5004 3634 ponendi
5031 3563 5141 3616 ani—

3547 3675 3690 3713 mam
3738 3673 3931 3718 meam,
3974 3666 4024 3709 et
4075 3665 4393 3725 potestatem
4445 3656 4617 3709 habeo
4657 3655 4857 3708 iterum
4897 3655 5140 3708 stimendi

3547 3749 3692 3802 illam
3727 3748 3909 3816 (Joan.
3937 3749 4011 3814 x).
4042 3765 4058 3796 ι
4083 3746 4188 3801 Sed
4208 3748 4299 3816 qui
4330 3746 4432 3800 fide
4457 3760 4592 3809 stas,
4619 3745 4946 3799 infirmitate
4974 3745 5142 3812 iaces.

3546 3858 3708 3912 quem
3738 3839 3868 3893 ﬁdes
3895 3839 4075 3907 erigit,
4126 3839 4287 3892 timor
4311 3838 4526 3892 sternit.
4557 3835 4659 3904 Qui
4700 3850 4834 3905 ergo
4885 3834 5140 3907 lagistro

3549 3934 3730 3984 erm-is
3780 3931 4038 3982 timueras
4070 3937 4321 3990 mortem,
4361 3938 4416 3982 et
4466 3927 4783 3996 tibimetipsi
4813 3927 4995 3995 pelagi
5025 3941 5144 3995 pro-

3550 4019 3892 4081 funditatem,
3921 4028 4046 4070 tunc
4101 4017 4353 4072 dilectum
4404 4015 4724 4085 discipulum
4783 4031 4895 4069 non
4930 4016 5145 4069 dubitas

3553 4110 3769 4161 mittere
3819 4107 3959 4160 inter
3994 4114 4398 4174 persecutorum
4449 4102 4738 4157 furentium
4775 4105 5012 4156 rabiem.
5047 4103 5146 4155 Cur

3549 4201 3670 4262 hoc,
3705 4199 3806 4252 nisi
3849 4199 3973 4268 quia
4006 4198 4332 4268 completum
4379 4207 4461 4250 est
4509 4197 4559 4250 in
4602 4207 4683 4260 te,
4712 4197 4860 4265 quod
4907 4212 5008 4264 per
5063 4213 5145 4249 co-

1870 4298 2145 4361 peractam
2182 4289 2461 4344 victoriam
2492 4290 2776 4353 pervenias
2817 4291 2882 4344 ad
2907 4290 3199 4346 coronam?
3230 4291 3293 4343 Et
3320 4292 3446 4359 quid
3548 4290 3849 4358 apostolum
3881 4299 4029 4343 tuum
4061 4289 4278 4352 dicitur,
4320 4290 4444 4358 quia
4468 4307 4485 4338 ι
4511 4288 4672 4341 timor
4702 4303 4809 4340 non
4836 4289 4996 4340 estin
5024 4287 5139 4338 cha-

1871 4389 1953 4435 est
1984 4379 2182 4444 dicere,
2219 4397 2236 4430 ι
2259 4393 2386 4434 ecce
2410 4379 2657 4434 eruditus
2704 4393 2762 4433 es
2791 4379 2854 4434 de
2884 4380 3135 4432 omnibus
3173 4394 3290 4446 qua:
3324 4380 3450 4432 fetit
3551 4389 3730 4445 ritate,
3763 4384 3853 4437 sed
3883 4381 4117 4452 perfecta
4143 4382 4381 4436 charitas
4402 4380 4549 4434 foras
4571 4379 4735 4434 mittit
4789 4379 5086 4432 timorem?
5125 4395 5138 4426 ι

1869 4467 2058 4531 Iesus,
2093 4487 2111 4519 ι
2149 4467 2252 4521 nisi
2286 4482 2476 4522 omnes
2505 4467 2580 4520 tui
2624 4468 2867 4536 corporis
2896 4475 3047 4521 artus
3069 4467 3180 4536 jam
3211 4467 3450 4537 perfecto
3480 4526 3522 4539 ἢ
3556 4473 3602 4534 (1
3628 4473 3787 4526 Joan.
3819 4474 3914 4539 iv.)
3956 4471 4074 4525 .lain
4128 4473 4272 4525 enirn
4323 4472 4516 4526 iterum
4546 4471 4799 4524 audieras
4851 4486 4884 4522 a
4927 4470 5144 4523 Domino

1869 4559 2054 4628 vigent
2103 4559 2320 4622 robore,
2373 4557 2613 4626 nihilque
2663 4559 2756 4613 tibi
2781 4559 2894 4628 jam
2952 4569 3199 4628 superest
3250 4560 3351 4613 nisi
3394 4572 3451 4612 ut
3478 4557 3528 4585 υ
3555 4565 3571 4630 (
3595 4562 3752 4615 Joan.
3787 4563 3922 4629 xxi.)
3953 4574 3968 4614 :
4002 4582 4015 4612 ι
4048 4562 4254 4623 Simon,
4279 4575 4428 4615 amas
4457 4562 4577 4616 mel
4608 4580 4646 4609 ι·
4679 4561 4745 4613 ΕΙ.
4777 4562 5140 4628 respondens.

1874 4651 2065 4704 timore
2095 4649 2411 4719 postposito,
2440 4650 2667 4720 incipias
2691 4650 2984 4704 dimicare?
3009 4649 3159 4706 Unde
3185 4662 3308 4718 apte
3336 4652 3459 4704 sub-

1871 4729 2142 4809 iungitur:
2163 4757 2182 4790 ‹
2203 4740 2440 4796 Pmdiea
2471 4741 2552 4795 eis
2577 4740 2644 4796 de
2681 4743 2897 4797 nomine
2917 4741 3071 4804 Jesu,
3095 4751 3149 4796 et
3176 4758 3242 4796 ne
3275 4742 3459 4796 formi-

1877 4832 2123 4897 daveris;
2149 4851 2167 4884 ›
2217 4841 2472 4903 tanquam
2515 4835 2723 4890 diceret
2757 4853 2768 4888 :
2801 4835 2875 4889 Ex
2902 4835 3164 4903 jussionis
3195 4852 3325 4890 mea:
3359 4851 3457 4888 au-

1877 4923 2127 4977 ctoritate
2149 4926 2498 4994 congredere,
2525 4927 2744 4980 brachia
2769 4943 3014 4991 consere,
3033 4937 3089 4981 ut
3112 4943 3454 4982 communem

1876 5014 2156 5085 utriusque
2211 5017 2351 5087 regis
2413 5019 2589 5087 possis
2643 5019 2924 5074 victoriam
2979 5024 3046 5075 de
3103 5024 3451 5091 triumphatis

1879 5108 2120 5162 hostibus
2148 5119 2440 5178 reportare.
2461 5111 2725 5167 Percurre
2757 5113 2984 5185 impiger
3012 5116 3265 5180 stadium,
3301 5127 3357 5169 ut
3384 5118 3449 5170 ad

1880 5200 2209 5268 propositum
2241 5201 2535 5256 victoribus
2559 5203 2820 5258 merearis
2844 5205 3148 5274 pertingere
3173 5205 3439 5260 bravium.

1882 5288 1996 5344 Non
2027 5291 2238 5345 dubites
2271 5293 2512 5362 arripere
2550 5310 2810 5364 pugnam,
2851 5295 2917 5350 de
2965 5310 3069 5366 qua
3102 5296 3331 5350 nobilem
3362 5312 3448 5351 re-

1879 5379 2040 5444 feres,
2071 5391 2290 5436 auctore
2328 5382 2458 5447 Deo,
2490 5383 2728 5437 victoria:
2760 5383 3013 5452 palmam.
3071 5385 3200 5453 Ego,
3231 5401 3330 5452 ego
3360 5386 3452 5440 tibi

1882 5470 2154 5540 przecipio,
2189 5471 2314 5538 quia
2343 5480 2666 5541 potestatein
2695 5473 2893 5544 ligandi
2925 5490 3028 5529 non
3062 5474 3234 5527 solum
3269 5477 3319 5526 in
3352 5483 3456 5529 ter-

1883 5576 1962 5624 ra,
1987 5561 2078 5616 sed
2110 5569 2164 5616 et
2190 5561 2241 5615 iu
2271 5563 2581 5617 cmlestibus
2609 5563 2813 5630 habeo;
2851 5579 2951 5636 ego
2984 5575 3033 5619 te
3062 5565 3126 5618 ad
3156 5567 3457 5634 pascendas

1883 5665 2012 5703 oves
2037 5649 2345 5707 Dominicas
2396 5653 2574 5716 mitto,
2608 5653 2702 5722 qui
2753 5654 2891 5708 ovile
2937 5655 3101 5708 totius
3128 5662 3330 5708 sancte
3358 5653 3458 5708 Ec-

1891 5738 2076 5792 clesiae
2127 5738 2366 5807 iniuncta
2422 5742 2551 5795 mihi
2608 5756 2736 5795 cura
2787 5743 3052 5797 custodio.
3100 5743 3457 5814 Prmrogativa

3561 4673 3576 4702 ε
3606 4653 3848 4716 Domine,
3868 4664 3921 4705 tu
3937 4654 4048 4708 scis
4070 4654 4194 4722 quia
4223 4668 4344 4706 amo
4361 4662 4442 4715 te;
4465 4670 4482 4701 ι
4512 4651 4654 4705 illico
4678 4651 4914 4704 audisti:
4944 4670 4963 4699 ι
4989 4651 5144 4702 Pasce

3558 4759 3687 4797 oves
3713 4758 3914 4798 meas.»
3945 4742 4164 4796 Dixerat
4192 4744 4385 4796 iterum
4409 4740 4667 4796 Dominus
4693 4756 4705 4792 :
4731 4759 4750 4790 ι
4775 4741 4940 4794 Sicut
4966 4739 5146 4793 dilexit

3559 4852 3642 4887 me
3674 4833 3850 4895 Pater,
3890 4845 3942 4886 et
3975 4847 4073 4901 ego
4100 4833 4262 4902 diligo
4289 4847 4382 4886 vos
4421 4832 4602 4900 (Joan.
4633 4831 4742 4898 xv).
4779 4849 4798 4880 ι
4835 4830 4994 4884 Sicut
5029 4844 5145 4896 ergo

3561 4938 3609 4981 te
3644 4928 3897 4981 Dominus
3930 4927 4136 4984 dilexit,
4172 4941 4292 4978 cum
4344 4941 4442 4994 pro
4493 4926 4781 4993 pascendis
4812 4926 5013 4977 ovibus
5047 4939 5146 4978 suis

3559 5023 3700 5075 inter
3727 5021 3979 5074 scandala
4011 5026 4417 5087 perseeutorum
4463 5017 4642 5077 misit;
4678 5016 4757 5069 sic
4796 5025 4851 5070 et
4892 5025 4954 5069 t
4985 5015 5140 5070 disci.

3559 5111 3738 5181 pulum
3767 5111 3962 5181 diligis,
3989 5124 4112 5163 cum
4144 5123 4240 5174 pro
4272 5108 4477 5163 eisdem
4506 5107 4697 5161 ovibus
4727 5105 4798 5160 ad
4827 5107 5142 5177 martyrium

3557 5203 3766 5272 dirigis.

3629 5291 3732 5344 Sed
3762 5291 3908 5352 libet,
3943 5289 4140 5345 fratres
4189 5289 4316 5352 mei,
4346 5289 4460 5344 hinc
4491 5288 4790 5357 apostolica
4819 5291 4996 5344 verba
5033 5289 5142 5339 sul-

3563 5381 3642 5435 tili
3677 5382 4016 5449 indagatione
4052 5381 4340 5441 discutere,
4385 5391 4438 5432 et
4465 5379 4733 5448 quomodo
4762 5381 5031 5431 canonica
5072 5394 5140 5428 ec-

3562 5473 3877 5528 clesiastica:
3906 5487 4150 5526 censurae
4199 5472 4496 5525 auctoritas
4547 5471 4599 5523 in
4636 5471 4914 5537 eligendis
4947 5485 5114 5540 pra-pe

3561 5564 3682 5618 sitis
3709 5578 3868 5616 unam
3897 5561 4093 5630 ubique
4124 5569 4304 5615 teneat
4331 5560 4597 5629 regulam,
4641 5561 4975 5626 prendere.
5021 5560 5138 5612 [ιτς.-

3566 5666 3653 5708 tur
3679 5655 3820 5708 enim
3845 5654 3905 5708 Β.
3926 5653 4220 5723 Apollinari
4250 5671 4262 5706 :
4293 5653 4459 5719 «Quid
4487 5655 4640 5708 sedes
4671 5654 5134 5708 nobiscumYDrr‘

3567 5746 3816 5800 eruditus
3855 5759 3912 5800 es
3962 5745 4026 5799 de
4073 5745 4328 5800 omnibus
4359 5759 4475 5813 qua:
4528 5743 4650 5799 fecit
4683 5742 4864 5799 Jcsus.
4895 5765 4916 5798 ι
4958 5743 5136 5797 Βρεμι
