5232 6548
139 335 228 395 069
1492 332 1728 390 SERMO
1764 328 1955 394 XXXI.
3300 306 3406 362 670

139 457 263 522 idem
291 455 650 528 apostolorum
676 458 933 534 princeps
961 471 1084 537 cum
1115 454 1167 510 in
1204 454 1325 510 loco
1350 452 1502 509 Iuda:
1533 452 1696 508 alium
1727 455 1777 512 Α
1806 453 1900 509 Sic
1928 461 1984 506 et
2009 449 2124 521 ipse
2147 448 2316 504 Iacob
2359 443 2620 518 Ephraim
2641 449 2706 537 et
2744 437 2996 537 ﬂaua-sse
3047 429 3173 537 filiis

137 550 407 622 subrogare
433 551 695 608 voluisset
739 550 1066 624 apostolum,
1101 557 1159 603 ut
1188 548 1581 619 neophytorum
1615 561 1702 602 re-

138 644 378 715 primeret
406 643 750 716 pravitatem,
806 644 980 714 inquit
1011 663 1022 701 :
1055 662 1073 694 ι
1098 642 1322 712 Oportet
1353 654 1483 712 ergo
1511 655 1579 694 ex
1617 639 1700 693 his

135 734 272 800 viris,
301 737 386 806 qui
416 736 701 792 nobiscum
732 737 1047 808 congregati
1103 743 1227 790 sunt
1279 734 1332 787 in
1385 732 1532 787 omni
1564 740 1701 785 tem-

131 841 267 897 pore,
297 842 399 897 quo
431 828 672 894 intravit,
706 837 762 884 et
809 828 978 882 exivit
1021 827 1162 880 inter
1202 841 1300 880 nos
1333 824 1593 880 Dominus
1614 819 1702 876 Je-

130 932 233 994 sus,
263 925 446 972 testem
475 918 890 973 resurrectionis
917 915 1037 985 ejus
1067 915 1348 971 nobiscum
1381 914 1497 968 fieri
1530 927 1698 968 unum

127 1021 187 1064 ex
221 1007 330 1062 istis
359 1007 495 1078 (Act.
522 1008 584 1079 ι).
609 1028 625 1060 ι
659 1008 794 1063 Hinc
825 1008 967 1063 idem
997 1007 1113 1078 ipse
1141 1007 1394 1076 gentibus
1419 1004 1697 1061 Christum

125 1089 527 1167 evangelizans,‘
557 1098 776 1152 aiebat:
807 1096 1012 1152 «Hunc
1064 1097 1206 1151 Deus
1251 1093 1536 1151 suscitavit
1593 1102 1702 1149 ter-

125 1184 191 1241 tia
239 1185 340 1252 die,
387 1195 443 1243 et
493 1187 640 1242 dedit
696 1191 820 1244 eum
861 1187 1208 1243 manifestum
1243 1187 1360 1243 fieri
1393 1203 1499 1241 non
1548 1185 1697 1240 omni

122 1278 324 1350 populo,
352 1279 444 1335 sed
475 1280 704 1336 testibus
745 1281 1125 1351 praeordinatis
1173 1296 1202 1334 a
1240 1280 1370 1345 Deo,
1411 1279 1569 1334 nobis
1603 1276 1701 1346 qui

121 1368 551 1447 manducavimus
575 1380 631 1426 et
658 1371 896 1435 bibimus
946 1387 1070 1427 cum
1116 1371 1229 1436 illo,
1258 1367 1544 1440 postquam
1573 1384 1698 1424 sur-

120 1459 253 1516 rexit
299 1474 328 1514 a
372 1460 602 1518 mortuis
651 1460 786 1532 (Act.
821 1459 898 1532 χ).
925 1479 943 1511 ι
997 1459 1136 1514 llinc
1187 1459 1301 1530 ipse
1349 1458 1613 1514 Dom‘inus
1642 1457 1696 1512 in

119 1551 396 1623 Evangelia
423 1568 546 1610 cum
573 1553 640 1609 de
669 1553 936 1609 mittendo
962 1560 1152 1608 sancto
1184 1550 1392 1623 Spiritu
1436 1550 1700 1621 apostolis

115 1643 432 1715 loqueretur.
466 1662 486 1697 ο
505 1645 620 1711 Ille,
651 1645 849 1718 inquit,
885 1644 1259 1701 testimonium
1286 1639 1599 1715 perhibebit
1629 1642 1697 1697 de

114 1751 213 1800 me,
243 1746 294 1792 et
333 1753 428 1793 vos
457 1738 826 1794 testimonium
856 1732 1229 1808 perhibebitis,
1268 1737 1396 1806 quia
1427 1735 1496 1792 ab
1541 1729 1697 1790 initio

1805 519 2050 603 osculum
2076 540 2325 612 przcbuit,
2359 552 2482 594 cum
2515 551 2609 591 eos
2639 535 2783 588 inter
2813 527 3054 596 reliquos
3074 519 3415 612 patriarchas

1804 609 2165 697 constituens,
2194 629 2474 688 benedixit
2493 626 2647 700 (Cen.
2665 621 2880 690 vam).
2898 617 3036 672 Hinc
3058 615 3224 679 etiam
3237 609 3416 668 eccle-

1804 727 2060 783 siasticus
2111 738 2229 780 mos
2283 720 2524 783 inolevit,
2559 728 2620 773 ut
2649 713 2940 787 pontifices
2974 709 3080 776 his,
3111 721 3248 777 quos
3282 719 3432 760 cono.

1804 826 2044 882 secrant,
2075 813 2322 872 osculum
2354 812 2616 866 tribuant.
2652 805 2812 871 Hinc,
2847 803 3070 864 fratres,
3100 797 3230 852 hinc
3255 808 3413 867 rogo,

1803 909 2065 982 colligite,
2091 908 2154 972 B.
2183 903 2520 979 Apollinaris
2563 908 2772 972 quanta
2810 897 2884 953 sit
2903 892 3209 974 celsitudo,
3239 889 3331 959 qui
3357 894 3418 943 ut

1804 1001 2082 1074 apostolus
2108 1000 2176 1055 ad
2204 1013 2387 1055 arcem
2434 992 2787 1068 pontificatus
2830 988 3072 1059 eligitur,
3121 992 3178 1039 et
3224 989 3286 1036 ut
3319 993 3417 1050 pa-

1803 1092 2049 1151 triarcha
2071 1090 2394 1149 solemniter
2423 1086 2730 1144 ordinatur.
2761 1080 2866 1150 Qui
2895 1087 2952 1135 et
2978 1078 3046 1132 ab
3079 1075 3191 1140 illo,
3219 1080 3272 1128 et
3303 1087 3414 1127 non

1804 1191 2023 1246 diverso
2052 1184 2216 1248 modo
2244 1179 2588 1256 provehitur,
2617 1193 2648 1233 a
2679 1191 2788 1248 quo
2833 1184 2891 1230 et
2919 1169 3156 1246 apostoli
3188 1180 3412 1240 promo-

1801 1288 2017 1337 ventur.

1875 1369 2108 1425 Videtur.
2137 1381 2270 1438 ergo
2296 1365 2350 1422 in
2381 1365 2471 1420 illo
2498 1372 2555 1420 et
2605 1359 2903 1434 apostolica
2934 1354 3197 1427 dignitas,
3224 1361 3281 1409 et
3316 1365 3413 1422 pa-

1800 1461 2114 1518 triarchalis
2147 1458 2483 1523 sublimitas;
2518 1455 2646 1527 quia
2676 1462 2733 1509 et
2760 1448 3062 1523 apostolico
3088 1461 3187 1502 ore
3217 1459 3415 1516 prove-

1801 1555 1972 1620 hitur,
2004 1561 2060 1608 et
2085 1549 2442 1625 patriarchali
2468 1547 2818 1610 solemnitate
2840 1547 3217 1599 consecratur.
3251 1533 3413 1628 Unode

1801 1646 1883 1706 fit,
1918 1655 1976 1699 ut
2005 1651 2131 1702 cum
2163 1643 2380 1706 caeteri,
2406 1640 2497 1712 qui
2525 1653 2625 1710 pro
2657 1634 2971 1694 testimonio
3008 1629 3256 1687 veritatis
3280 1642 3412 1698 sup-

1797 1737 1960 1807 plicia
1993 1734 2136 1806 passi
2165 1741 2315 1796 sunt,
2364 1739 2640 1801 martyres
2695 1731 3114 1794 nuncupentur;
3159 1719 3269 1782 hic,
3310 1715 3409 1786 qui

113 1843 312 1884 mecum
347 1829 481 1887 estis
505 1829 688 1901 (Joan.
722 1830 910 1902 XV1);)
945 1839 1202 1900 tanquam
1233 1827 1694 1884 diceret:ldcirco
1726 1822 1770 1880 Β
1798 1842 1907 1882 non
1937 1825 2112 1880 solum
2145 1837 2363 1893 passus,
2386 1821 2488 1876 sed
2517 1820 2684 1875 etiam
2712 1814 2780 1872 ad
2813 1812 3137 1884 marty’rium
3167 1808 3236 1864 ab
3263 1821 3398 1877 apo-

110 1919 351 1977 idoneum
380 1922 447 1978 de
473 1937 560 1978 me
589 1916 959 1978 testimonium
979 1921 1354 1992 perhibcbitis,
1378 1922 1505 1991 quia
1533 1920 1694 1991 quid-

107 2010 234 2080 quid
264 2011 395 2068 alios
426 2007 741 2078 docueritis,
776 2013 950 2084 longae
985 2013 1420 2071 conversationis
1450 2013 1688 2070 assidui-

106 2113 215 2159 tate
239 2105 336 2175 ipsi
362 2115 518 2160 antea
548 2107 834 2162 didicistis.

173 2196 407 2251 Audiant
455 2198 729 2270 ncophyti.
784 2197 1012 2254 audiant
1061 2198 1210 2263 elati,
1240 2207 1295 2254 et
1338 2199 1492 2268 quasi
1536 2197 1691 2255 folles

109 2294 260 2340 vento
285 2289 628 2359 arrogantiae,
651 2297 706 2343 ct
739 2289 862 2360 igne
889 2289 1202 2359 cupiditatis
1228 2289 1420 2356 inflati,
1446 2290 1537 2360 qui
1562 2299 1690 2344 ante

98 2377 281 2431 volunt
308 2377 522 2443 docere,
572 2395 734 2449 quam
788 2381 999 2441 sciant;
1051 2390 1106 2436 et
1155 2382 1208 2435 in
1249 2382 1435 2438 schola
1485 2381 1689 2438 Christi

96 2478 222 2524 ante
272 2469 483 2524 inhiant
532 2471 582 2524 in
617 2472 874 2526 cathedra
903 2471 1216 2542 praesidere,
1265 2489 1426 2543 quam
1459 2471 1688 2528 ferulam

95 2560 350 2633 sentiant.
377 2560 623 2632 Dumque
648 2562 959 2618 inordinata
985 2562 1177 2618 ordine
1204 2579 1310 2618 non
1339 2579 1437 2633 per
1462 2565 1688 2631 ostium,

93 2651 186 2706 sed
228 2651 446 2708 aliunde
487 2653 554 2708 ad
604 2653 885 2724 regimiuis
917 2652 1040 2720 jura
1078 2661 1458 2724 prorumpunt,
1493 2669 1598 2708 non
1629 2668 1689 2709 se

90 2755 337 2815 pastores
366 2761 506 2810 esse,
561 2747 655 2802 sed
693 2746 861 2811 fures,
910 2755 964 2801 et
1020 2747 1391 2803 mercenarios
1435 2756 1688 2818 patenter

89 2839 404 2902 ostendunt,
424 2837 584 2909 156
597 2838 686 2907 qui
718 2838 976 2908 prodesse
997 2837 1075 2893 nil
1103 2847 1320 2902 curant,
1339 2841 1434 2894 sed
1453 2854 1688 2907 prmesse

86 2927 302 2991 flamma
334 2929 807 3000 perniciOSissima:
832 2931 1142 3000 cupiditatis
1167 2931 1447 2986 anhelant.
1471 2931 1534 2986 Ili
1561 2949 1687 3002 pro-

87 3019 230 3076 fecto
251 3037 366 3076 non
397 3021 780 3092 praeferuntur,
815 3033 873 3077 ut
902 3023 1105 3079 Christi
1160 3025 1301 3080 ovile
1347 3026 1681 3091 custodiant,

83 3127 192 3165 non
224 3120 280 3167 ut
309 3122 529 3184 gregem
569 3113 906 3169 Dominicum
933 3123 1178 3185 pascant,
1210 3116 1304 3170 sed
1333 3124 1394 3170 ut
1421 3116 1678 3171 miseram

1795 1915 1936 1973 stolo
1967 1925 2076 1970 tam
2109 1914 2367 1970 nobiliter
2402 1920 2488 1968 est
2527 1910 2760 1977 electus,
2811 1904 3148 1978 apostolicus
3196 1909 3410 1973 martyr

1789 2010 1913 2080 jure
1943 2009 2178 2064 dicatur.

1866 2101 2013 2156 Inter
2043 2101 2160 2156 haec
2189 2087 2307 2163 ves,
2338 2096 2539 2152 fratres
2569 2092 2911 2162 charissitni,
2942 2091 3011 2146 ad
3039 2087 3409 2156 vosmetipsos

1794 2193 1988 2256 redite,
2015 2203 2170 2247 actus
2193 2198 2412 2245 vestros
2429 2187 2665 2244 sollicita
2689 2178 3408 2244 cxaminationediscutite;

1793 2293 1849 2341 et
1878 2285 1970 2354 qui
2003 2282 2196 2338 laudes
2226 2280 2487 2352 martyris
2530 2277 2772 2333 libenter.
2812 2275 3037 2337 auditis,
3079 2269 3410 2354 laudabilem

1791 2353 1961 2433 vitam
1989 2375 2191 2430 habere
2220 2379 2430 2428 curate.
2463 2367 2582 2425 Non
2610 2376 2696 2424 est
2737 2366 2885 2422 enim
2916 2364 3165 2434 speciosa
3201 2353 3321 2415 laus
3350 2358 3406 2414 in

1792 2483 1889 2524 ore
1942 2464 2246 2536 peccatoris
2287 2459 2476 2530 (Eccli.
2517 2459 2633 2531 xv);
2680 2458 2761 2513 llli
2809 2457 2956 2513 enim
2986 2454 3151 2523 digne
3191 2449 3404 2506 sanctis

1795 2559 2045 2612 laudibus
2068 2554 2314 2614 efferunt.
2348 2554 2440 2624 qui
2467 2550 2817 2608 laudabiliter
2850 2549 3063 2604 vivunt.
3098 2545 3166 2602 Et
3195 2545 3251 2600 hi
3278 2541 3397 2598 for-

1795 2650 1927 2703 tium
1959 2648 2192 2701 virtutes
2217 2644 2425 2708 utiliter
2451 2643 2708 2706 audiunt,
2735 2655 2874 2712 quos
2907 2637 3095 2694 audita
3124 2633 3404 2707 pmonia

1793 2739 1860 2794 ad
1909 2752 2150 2793 amorem
2199 2735 2526 2796 imitationis
2557 2733 2889 2790 accendunt.
2938 2731 3212 2786 Caeterum
3263 2727 3394 2796 quid

1791 2831 2016 2902 prodest
2064 2829 2111 2887 si
2166 2829 2304 2885 alios
2352 2828 2686 2885 constitutos
2735 2827 2789 2881 in
2827 2824 3152 2881 sublimibus
3184 2821 3398 2890 videas,

1792 2924 1907 2992 ipse
1969 2935 2100 2977 vero
2152 2920 2206 2975 in
2260 2935 2505 2990 praeceps
2558 2918 2626 2975 ad
2673 2918 2782 2972 ima
2841 2912 3187 2972 descendas?
3253 2909 3396 2977 Quid

1795 3014 1952 3086 157
1989 3005 2211 3085 prodest
2238 3012 2463 3068 fortium
2513 3011 2842 3067 bellatorum
2880 3005 3192 3075 triumphos
3228 2999 3407 3065 extols

1791 3109 1923 3170 lere,
1960 3106 2004 3159 si
2039 3105 2157 3174 ipse
2194 3119 2301 3158 non
2332 3103 2633 3158 erubescas
2665 3099 2911 3172 quotidie
2946 3106 3100 3168 terga
3149 3095 3406 3152 hostibus

81 3212 321 3257 carucm'
359 3219 510 3260 suam
544 3205 596 3260 in
642 3204 881 3262 lasciviis
938 3216 993 3262 et
1032 3207 1402 3278 voluptatibus
1447 3208 1686 3264 molliter
1714 3188 1761 3252 (ἶ
1795 3199 1956 3252 dare?
1982 3197 2147 3278 Quls‘l

1338 3223 1402 3264 us
1447 3208 1686 3264 molliter
1714 3188 1761 3252 C
1795 3199 1956 3252 dare?
1982 3197 2242 3278 Quisquis
2269 3211 2401 3266 ergo
2427 3193 2633 3266 gaudes
2664 3193 2880 3249 fortiter
2908 3190 3088 3262 egisse
3125 3197 3404 3260 martyres

79 3293 361 3362 nutriant;
394 3295 633 3365 dumque
663 3311 724 3352 se
763 3298 1030 3368 proximis
1059 3298 1320 3368 praelatos
1339 3313 1465 3356 esse
1505 3298 1685 3356 consi-

75 3382 300 3450 derant,
329 3400 532 3442 caecam
573 3396 810 3445 mentem
855 3389 908 3444 in
951 3390 1220 3460 superbia:
1251 3393 1509 3448 cornibus
1537 3391 1687 3448 exal-

77 3481 220 3530 tant.
252 3466 494 3532 Audiant
519 3491 672 3551 ergo,
697 3480 789 3548 qui
820 3478 1087 3550 ejusmodi
1116 3491 1266 3548 sunt,
1293 3492 1349 3539 et
1373 3484 1456 3539 vel
1488 3491 1690 3541 curent

72 3579 137 3620 se
181 3566 250 3620 ab
295 3566 400 3622 hac
428 3570 853 3639 praesumptione
892 3586 1263 3642 compescere,
1301 3574 1386 3631 vel
1431 3576 1687 3632 noverint

72 3668 134 3710 se
163 3669 195 3710 a
227 3664 460 3742 corpore
484 3667 690 3716 sanctae
715 3659 974 3717 Ecclesiae
995 3662 1133 3733 jam,
1165 3665 1269 3720 etsi
1318 3682 1428 3722 non
1468 3676 1682 3738 apcrte,

74 3758 204 3799 vere
255 3752 439 3801 tamen
495 3745 759 3820 radicitus
797 3748 1059 3818 pmcisbs
1099 3747 1306 3817 jacere.
1355 3752 1497 3809 Ecce
1531 3754 1678 3810 beati

74 3835 330 3906 apostoli,
362 3853 527 3908 super
554 3855 693 3910 quos
716 3840 871 3912 quasi
903 3839 1268 3920 solidissimas
1295 3845 1463 3902 bases
1486 3854 1682 3904 sancta

72 3925 336 3984 fundatur
386 3929 653 3997 Ecclesia,
703 3948 811 3988 non
860 3934 1148 4002 novitium,
1208 3952 1319 3993 non
1373 3939 1681 4009 indoctum,

72 4018 161 4074 sed
210 4017 367 4076 illum
417 4021 690 4091 ordinant,
746 4039 909 4096 quem
966 4025 1022 4082 in
1075 4028 1347 4095 doctrina,
1379 4038 1435 4086 et
1477 4041 1682 4090 sanctae

72 4111 508 4166 :onversationis
553 4114 735 4170 studio
779 4102 1168 4188 perspexerint
1211 4136 1335 4178 esse
1379 4131 1678 4180 maturum.

72 4199 181 4257 iloc
212 4203 417 4272 quaerit
443 4203 642 4262 Petrus
670 4207 722 4262 in
750 4207 979 4276 Mathia,
1014 4225 1139 4266 cum
1185 4211 1354 4284 elegit
1379 4213 1434 4270 in
1463 4225 1682 4286 aposto-

74 4298 264 4359 atum,
305 4293 414 4350 hoc
459 4295 512 4352 in
542 4297 858 4368 Apollinare
887 4316 1010 4377 cum
1042 4314 1329 4374 promovet
1374 4307 1427 4363 in
1459 4299 1678 4380 episco-

72 4391 279 4438 iatum.
316 4382 472 4452 Quod
507 4403 637 4460 ergo
663 4387 929 4448 Dominus
951 4394 1270 4463 providerat
1305 4396 1359 4451 in
1388 4399 1676 4470 apostolis,

72 4488 165 4529 IOC
197 4475 438 4544 apostoli
471 4480 824 4538 considerant
867 4484 920 4539 in
954 4485 1270 4555 apostolicis
1299 4489 1456 4561 viris.

125 4563 479 4624 lllud~etiam
516 4573 957 4642 praetereundum
989 4551 1114 4634 inon
1145 4588 1252 4645 est,
1297 4559 1443 4650 quod
1481 4581 1677 4640 beatus
1705 4551 1754 4611 θ

74 4657 354 4726 ιροειοΙιιε
380 4663 636 4719 osculans
660 4665 1006 4737 discipulum,
1038 4671 1224 4726 emisit
1248 4688 1373 4744 eum
1406 4689 1436 4728 a
1473 4690 1554 4731 se.
1579 4674 1680 4732 llic

72 4748 421 4819 antiquorum
447 4752 668 4813 Patrum
696 4761 1034 4818 consuetudo
1057 4764 1349 4831 recolitur,
1371 4775 1424 4822 et
1452 4769 1505 4824 in
1537 4785 1679 4825 novo

72 4856 162 4894 am
200 4845 415 4901 saeculo
445 4857 692 4905 veterum
725 4853 1158 4923 patriarcharum
1189 4858 1489 4930 antiquitas
1525 4878 1682 4931 repa-

75 4941 233 4986 atur.
266 4933 412 4998 Ecce
433 4937 584 4995 Isaac
612 4941 809 4998 iterum
836 4943 1001 5000 filium
1029 4947 1332 5004 osculatur.
1355 4951 1675 5010 Eccelacob

74 5033 261 5081 ternm
319 5027 682 5101 henedicitur,
731 5046 786 5090 et
841 5036 1148 5108 patriarcha
1180 5057 1212 5096 a
1253 5032 1563 5113 patriarcha
1604 5061 1670 5101 ex

77 5115 395 5176 uthentica:
413 5124 718 5183 traditionis
744 5129 936 5186 ordine
951 5143 1324 5190 consecratur.
1349 5135 1429 5191 liii
1457 5137 1670 5195 dictum

74 5214 162 5260 st:
188 5208 445 5269 «Accede
467 5216 534 5272 ad
563 5233 670 5285 me,
689 5220 782 5286 illi,
811 5231 871 5277 ut
895 5222 1182 5282 benedicat
1208 5226 1303 5284 tibi
1325 5231 1508 5286 anima
1550 5248 1670 5288 mea

74 5299 210 5404 Cen.
245 5308 452 5380 xxvii).
474 5329 492 5361 ι
528 5310 632 5384 Ipsi
670 5315 874 5371 dictum
904 5328 985 5374 est
1017 5337 1032 5375 :
1072 5341 1090 5372 ε
1111 5319 1307 5394 Surge,
1339 5324 1525 5395 accipe
1554 5324 1673 5397 Spi-

76 5404 218 5451 Itum
249 5407 531 5458 sanctum.
565 5424 583 5458 ι
620 5406 696 5462 Illi
727 5409 932 5466 dictum
966 5423 1052 5468 est
1083 5433 1094 5466 :
1134 5433 1156 5467 ι
1181 5414 1284 5472 Det
1314 5417 1409 5472 tibi
1434 5418 1579 5474 Deus
1602 5418 1669 5475 de

78 5501 171 5542 are
203 5492 364 5556 caeli,
397 5501 453 5550 et
494 5496 561 5554 de
600 5499 928 5572 pinguedine
976 5513 1137 5562 terras
1186 5509 1516 5565 abundantia
1553 5509 1667 5567 fru~

74 5582 248 5648 renti,
274 5585 395 5642 vini
416 5596 472 5643 et
497 5587 600 5646 olei
618 5591 842 5666 (11:51.);
873 5616 891 5648 ι
923 5597 1009 5652 isti
1037 5600 1413 5656 verodicitur:
1447 5621 1465 5654 ι
1490 5601 1669 5658 Mittat

76 5672 326 5732 ominus
361 5687 548 5738 noster
597 5680 757 5742 Jesus
780 5686 1030 5745 Christus
1076 5691 1323 5763 angelum
1351 5709 1541 5758 suum,
1575 5697 1668 5765 qui

76 5781 230 5834 rapa
241 5776 334 5825 ret
363 5778 468 5827 iter
486 5781 658 5844 tuum,
674 5785 727 5833 et
745 5794 867 5849 qua
884 5783 1266 5854 postulaveris,
1282 5797 1489 5844 annuat
1514 5787 1629 5845 tibi.
1645 5813 1660 5841 υ

1667 5883 1678 5922 t'

1789 3289 2013 3352 Christi,
2045 3288 2263 3356 corripe
2289 3296 2344 3340 et
2378 3285 2493 3356 ipse
2521 3300 2673 3339 arma
2727 3284 2870 3339 inter
2921 3281 3127 3338 milites
3158 3279 3392 3336 Christi.

1791 3381 1993 3436 Desunt
2021 3380 2265 3447 exterius
2296 3378 2512 3434 hostes?
2539 3376 2704 3432 Verte
2731 3391 2928 3432 manus
2955 3374 3009 3431 in
3041 3385 3114 3442 te,
3146 3382 3205 3431 et
3246 3373 3395 3430 mul-

1789 3482 1876 3530 tos
1903 3472 2193 3528 seditiosos
2221 3470 2466 3526 invenies
2495 3471 2671 3526 cives.
2705 3468 2875 3523 Do'ma
2911 3466 3251 3538 superbiam,
3307 3463 3403 3529 iu-

1788 3565 1915 3638 gula
1949 3563 2321 3628 iracundiam,
2351 3561 2641 3633 exstingue
2666 3559 2974 3624 libidinem,
3007 3556 3246 3630 reprime
3275 3571 3410 3614 ava-

1791 3658 1992 3719 ritiam,
2021 3654 2210 3709 occide
2239 3652 2532 3717 invidiam;
2565 3659 2643 3717 et,
2681 3659 2741 3705 ut
2786 3649 3030 3705 breviter
3070 3663 3199 3704 cum
3242 3646 3393 3719 Aps.

1788 3748 2158 3806 stolocuncta
2192 3745 2565 3816 complectar:
2603 3762 2623 3795 ‹
2657 3741 2928 3814 Crucifige
2967 3755 3194 3798 carnem
3245 3747 3400 3797 tuam

1786 3856 1908 3896 cum
1940 3837 2088 3893 vitiis
2115 3833 2259 3910 (Gal.
2289 3835 2365 3906 v).
2402 3855 2420 3887 ι
2456 3834 2571 3892 Hoc
2596 3845 2680 3890 est
2709 3833 2928 3894 fortiter
2957 3847 3144 3904 agere,
3170 3831 3276 3888 hoc
3300 3838 3389 3888 est

1784 3925 2019 3987 viriliter
2048 3928 2335 3984 dimicare.
2359 3925 2502 3983 Nam
2536 3927 2666 3999 quid
2699 3925 2877 3995 juvat,
2909 3925 2955 3982 si
2995 3926 3143 3982 circa
3183 3923 3389 3980 vallum

1787 4032 1840 4080 te
1870 4039 1979 4078 non
2006 4020 2298 4079 obsideant
2325 4019 2476 4076 acies
2509 4018 2987 4090 persequentium,
3020 4024 3079 4072 et
3134 4015 3281 4071 intra
3310 4031 3410 4072 ur-

1787 4116 1870 4172 bis
1900 4114 2103 4171 mtenia
2136 4121 2425 4185 grassetur
2449 4111 2738 4168 barbaries
2767 4109 3064 4165 vitiorum?
3091 4106 3188 4162 Vis
3217 4115 3405 4164 autem

1783 4207 1963 4262 adhuc
1993 4206 2237 4277 apertius
2265 4204 2505 4270 discere,
2539 4204 2781 4276 qualiter
2808 4203 2860 4257 in
2896 4216 3031 4272 pace
3058 4211 3265 4257 sancta;
3298 4201 3404 4259 Ec-

1783 4301 1965 4358 clesiae
1995 4298 2181 4354 valeas
2208 4297 2533 4370 martyrium
2568 4296 2849 4352 invenire?
2876 4295 3014 4350 Audi
3044 4303 3278 4360 attente,
3309 4293 3398 4349 in-

1785 4393 1972 4464 tellige
2006 4391 2330 4462 diligenter.
2361 4389 2472 4446 Cor
2495 4389 2707 4459 vigilet,
2739 4389 2931 4445 oculus
2959 4403 3067 4442 non
3115 4387 3398 4442 dormitet.

1782 4486 1935 4556 Quod
1970 4486 2117 4542 enim
2143 4484 2291 4551 dico,
2345 4484 2732 4540 brevissimum
2761 4492 2867 4539 est.
2926 4482 3176 4538 Ascende
3237 4481 3404 4552 igitur

1783 4581 2022 4639 tribunal
2047 4581 2270 4644 mentis.
2325 4589 2381 4637 et
2433 4580 2782 4650 temetipsum
2838 4577 3098 4650 pertrahe
3145 4577 3212 4630 ad
3258 4574 3405 4642 judi-

1782 4676 1926 4732 cium
1954 4672 2296 4745 quaastionis.
2329 4672 2605 4743 Cogitatio
2634 4679 2876 4736 accuset,
2908 4670 3126 4725 animus
3164 4667 3397 4737 judicet,

1781 4770 2056 4842 paenitens
2082 4766 2419 4823 conscientia
2446 4766 2596 4822 velut
2624 4765 2869 4822 carnifex
2909 4765 3095 4828 feriat,
3125 4763 3402 4834 lacryma-

1786 4877 1905 4916 rum
1941 4861 2090 4915 rivus
2117 4858 2264 4914 velut
2292 4858 2490 4914 vulnus
2518 4867 2792 4928 erumpat.
2826 4856 2919 4913 Sic
2955 4857 3036 4912 sic
3065 4871 3163 4927 per
3195 4863 3401 4928 marty-

1783 4955 1848 5010 rii
1904 4952 2343 5014 similitudinem.
2397 4952 2465 5007 ad
2517 4967 2702 5007 veram
2749 4951 3040 5023 pervenies
3088 4959 3398 5022 martyrum

1782 5045 2126 5114 dignitatem,
2158 5043 2461 5100 auxiliante
2488 5043 2722 5098 Domino
2754 5053 2943 5099 nostro
2968 5041 3098 5098 Jesu
3145 5042 3394 5108 Christo,

1781 5137 2024 5208 quicum
2058 5135 2222 5190 Patre
2250 5144 2306 5190 et
2337 5134 2542 5205 Spiritu
2594 5145 2791 5191 sancto
2839 5135 2974 5190 vivit
3023 5142 3079 5190 et
3129 5133 3398 5206 gloriatur

1779 5245 1878 5300 per
1909 5229 2121 5285 infinita
2155 5229 2352 5284 saecula
2381 5230 2727 5284 sreculorum.
2758 5231 2952 5286 Amen.

2351 5325 2587 5382 SERMO
2626 5325 2822 5381 XXXI.

2012 5435 2074 5476 11.
2100 5433 2168 5475 DE
2207 5433 2413 5475 SANCTO
2432 5433 2767 5474 APOLLINARI}
2801 5431 3055 5472 EPISCOPO
3093 5428 3166 5472 Ετ

2263 5527 2542 5568 uanae.
2577 5511 2737 5582 (nm
2765 5509 2908 5581 IUL.)

1850 5602 2448 5676 Apostolicimartyris
2501 5603 2741 5677 gloriosa
2793 5601 3138 5665 solemnitas,
3189 5598 3390 5656 fratres

1777 5696 2110 5763 charissimi,
2142 5696 2380 5752 alacrem
2430 5696 2561 5752 fecit
2606 5704 2806 5752 vestra:
2837 5693 3146 5752 devotionis
3192 5691 3390 5748 adesse

1777 5776 2124 5846 conveniunt.
2165 5788 2322 5846 Unde
2363 5789 2586 5862 dignum
2614 5798 2720 5858 est,
2773 5798 2834 5847 ut
2877 5787 3155 5846 communi
3199 5784 3388 5845 vobis-

4167 33 4238 50 ί...
