5232 6508
1771 379 1829 431 ‘il
2335 379 2391 434 S.
2435 379 2636 434 PETRI
2665 377 2945 433 DAMlANl
2986 380 3133 434 OPP.
3167 381 3344 436 PARS
3386 382 3512 436 SEU
3554 381 3890 448 TOMUSJI.
3923 413 3986 422 —
4026 381 4409 440 SERHONES.
4885 384 4989 439 6Ἱί

1734 502 1858 544 cum
1889 486 2070 540 laetitia
2101 487 2303 556 pariter
2330 487 2683 551 exsultemus,
2715 497 2770 541 et
2809 498 2974 542 totam
3004 490 3143 542 hanc
3169 489 3308 542 diem
3343 496 3386 551 Α
3420 490 3490 542 illi
3516 490 3698 544 oculos
3726 490 3958 545 reddidit
3985 489 4200 555 frontis,
4234 492 4350 545 istis
4379 490 4544 546 multo
4569 489 4778 546 felicius
4810 495 4987 549 lumen

1739 583 1791 637 in
1815 581 2052 652 psalmis,
2087 580 2300 650 hymnis
2326 590 2382 635 et
2410 581 2637 636 canticis
2687 583 3058 650 spiritualihus
3109 597 3310 651 expen-

1738 672 1944 724 damus.
1980 668 2170 723 Merito
2216 669 2375 724 hodie
2425 669 2662 738 profusis
2692 671 2901 739 gaudiis
2934 681 3077 725 totus
3117 672 3313 740 ubique

1739 768 2004 811 terrarum
2053 758 2201 812 orbis
2250 758 2502 813 exsultat.
2556 759 2747 815 Merito
2813 773 3001 815 saneta
3048 762 3310 829 Ecclesia,

1731 850 2011 919 dispositis
2063 849 2298 904 ﬁdelium
2349 852 2562 915 choris,
2608 851 2913 908 dulcisonas
2955 854 3310 909 melodiarum

1733 955 1896 995 voces
1921 940 2171 994 alternat.
2218 939 2462 996 Gaudeat
2491 943 2802 1006 Antiochia,
2830 958 2950 1010 qua:
3001 944 3159 1000 talem
3201 962 3314 1001 me-

1731 1031 1838 1084 ruit
1871 1031 2093 1099 gignere
2119 1030 2285 1084 ﬁlium
2312 1048 2325 1096 ;
2358 1033 2589 1087 exsultet
2618 1032 2812 1098 Roma,
2860 1049 2979 1102 qua:
3021 1034 3181 1089 talem
3217 1052 3313 1106 po-

1733 1131 1832 1176 tuit
1867 1121 2067 1177 habere
2098 1123 2444 1192 discipulum;
2479 1123 2746 1192 pmeiptte
2792 1139 2918 1178 vero
2958 1124 3152 1192 jubilet
3185 1129 3313 1181 urbs

1733 1211 2019 1275 Ravenna,
2066 1227 2186 1280 qua:
2246 1220 2450 1278 tantum
2504 1213 2704 1267 meruit
2753 1212 2960 1268 referre
3004 1222 3311 1284 patronum.

1735 1299 1865 1366 Quae
1895 1303 2037 1357 enim
2063 1302 2501 1357 eratdzemonum
2531 1312 2691 1360 antea
2718 1305 3023 1369 delubrum,
3055 1322 3150 1375 per
3173 1308 3313 1360 hunc

1738 1389 2041 1445 cmlestium
2071 1399 2384 1445 senatorum
2415 1392 2558 1448 facta
2589 1404 2674 1448 est
2701 1395 3036 1464 capitolium.
3073 1396 3144 1449 lbi
3169 1398 3311 1450 enim

1731 1479 1838 1549 jam
1891 1492 2186 1552 martyrum
2228 1497 2453 1553 corpora
2502 1486 2867 1554 requiescunt,
2903 1487 2973 1541 ibi
3022 1488 3311 1542 multorum

1734 1581 2043 1648 sanctorum
2078 1576 2376 1642 patrocinia
2413 1577 2799 1636 reconduntur.
2832 1578 2960 1644 Qua.-
2988 1596 3116 1648 ergo
3165 1581 3313 1648 prius

1736 1642 1873 1716 male
1899 1661 2127 1718 fecunda
2173 1666 2222 1718 in
2255 1665 2380 1721 ﬁliis
2408 1669 2522 1722 suis
2555 1669 2751 1725 multas
2782 1642 3008 1739 stipulas
3049 1642 3316 1740 germina-

1733 1753 1829 1808 bat
1853 1755 2086 1819 inferno,
2115 1755 2224 1822 jam
2255 1773 2351 1826 per
2389 1759 2481 1813 Dei
2512 1761 2738 1828 gratiam
2773 1761 2969 1816 multos
2999 1763 3145 1819 cives
3183 1777 3309 1832 par-

3415 581 3624 648 aperuit
3655 581 3854 634 cordis.

3485 667 3647 721 Recte
3676 683 3804 738 ergo
3835 669 4051 734 dicitur,
4082 670 4210 738 quia
4237 671 4376 724 sicut
4418 669 4630 725 Lucifer
4676 672 4726 724 in
4771 673 4982 736 orbem,

3414 758 3483 814 ita
3517 760 3855 814 beatissimus
3885 762 3965 812 vir
3992 775 4142 812 suam
4175 771 4256 813 est
4293 760 4500 814 delatus
4530 761 4580 813 in
4610 762 4814 816 urbem.
4849 760 4992 828 Quot

3413 859 3590 902 autem
3619 851 3689 903 ibi
3720 850 3977 918 supplicia
4006 851 4347 913 sustinuerit,
4399 859 4531 919 quot
4579 851 4828 904 mortium
4880 862 4989 905 tor-

3412 951 3590 996 menta
3619 942 3966 1010 percurrerit,
4004 942 4089 995 ille
4117 940 4332 1010 quidem
4384 942 4624 1012 perferre
4668 941 4992 998 mirabiliter

3412 1032 3600 1102 potuit,
3637 1046 3735 1085 nos
3767 1030 3969 1085 referre
3996 1030 4324 1099 quantalibet
4356 1031 4551 1102 linguas
4573 1042 4771 1087 nostra:
4801 1030 4990 1086 facun-

3413 1121 3498 1175 dia
3528 1135 3633 1175 non
3667 1119 3927 1174 valemus.
3953 1118 4206 1182 Cteditur,
4241 1121 4437 1184 uritur,
4464 1121 4801 1187 vulneratur,
4825 1137 4992 1191 equu-

3413 1209 3495 1264 leo
3528 1220 3699 1264 tortus
3734 1226 3829 1280 per
3855 1210 4093 1263 membra
4120 1220 4312 1264 cuncta
4360 1212 4716 1280 discerpitur;
4752 1215 4847 1267 sed
4883 1229 4992 1282 quo

3412 1301 3584 1369 magis
3611 1316 3740 1355 caro
3781 1316 3875 1370 per
3926 1310 4196 1354 tormenta
4242 1302 4573 1366 concutitur,
4618 1316 4683 1355 eo
4733 1317 4888 1356 mens
4936 1303 4989 1357 in

3413 1391 3580 1446 Deum
3619 1391 3724 1446 ﬁxa
3755 1392 3962 1447 ﬁrmius
3995 1392 4310 1454 roboratur;
4341 1403 4396 1446 et
4421 1394 4574 1463 quasi
4612 1393 4733 1464 igne
4761 1408 4992 1447 succen-

3411 1499 3469 1538 sa
3503 1484 3781 1547 materies,
3812 1498 3920 1552 quo
3951 1482 4068 1554 plus
4120 1483 4508 1538 adversitatum
4562 1484 4736 1540 ventis
4767 1484 4993 1553 impelli-

3414 1583 3522 1637 tur,
3554 1590 3619 1629 eo
3651 1575 3702 1629 in
3729 1589 3966 1628 amorem
3993 1574 4084 1627 Dei
4109 1572 4387 1628 ardentius
4418 1575 4803 1628 inﬂammatur.
4856 1576 4995 1629 Sun-

3411 1673 3529 1717 etus
3559 1666 3754 1733 quippe
3785 1666 3865 1716 vir
3891 1665 4014 1717 dum
4047 1663 4178 1718 foris
4207 1663 4397 1718 tolerat
4427 1665 4694 1718 turbinem
4733 1679 4992 1734 persecu-

3413 1754 3593 1816 tionis,
3622 1755 3765 1808 iutns
3790 1754 4019 1808 recurrit
4039 1753 4105 1806 ad
4129 1765 4307 1806 arcem
4332 1753 4632 1817 mentis;et
4654 1753 4777 1808 inde
4797 1762 4994 1807 cuncta

1734 1847 1870 1900 turit
1891 1847 2058 1911 ctelo;
2095 1857 2152 1900 ut
2173 1847 2282 1915 jam
2317 1851 2514 1918 popqu
2542 1851 2684 1906 illius
2711 1867 2816 1908 non
2867 1854 3138 1909 immerito
3168 1855 3312 1911 dica-
3342 1837 3514 1904 3.801)
3541 1859 3598 1898 δε
3630 1846 3708 1898 ire
3736 1845 3800 1898 de

2929 1854 3138 1909 "nemo
3168 1855 3312 1911 diu-
3342 1837 3395 1904 Β,
3415 1844 3514 1898 sub
3541 1859 3598 1898 se
3630 1846 3708 1898 ire
3736 1845 3983 1912 despicit,
4015 1844 4156 1898 inter
4184 1859 4304 1913 qua:
4354 1845 4586 1899 transire
4636 1844 4995 1913 corporaliter

1737 1946 1824 1991 tur
1853 1956 1864 1991 :
1900 1955 1919 1988 ι
1953 1937 2073 1994 Jatu
2107 1956 2210 1992 non
2235 1942 2364 1993 estis
2395 1943 2635 2010 hospites
2665 1951 2720 1996 et
2761 1944 3020 2007 advenae;
3056 1945 3147 2001 sed
3179 1947 3311 2001 estis

1736 2027 1881 2080 cives
1907 2037 2236 2092 sanctorum,
2266 2039 2321 2082 et
2351 2031 2637 2085 domestici
2670 2030 2791 2085 Dei!
2833 2051 2849 2082 ι
2885 2033 3100 2102 (Ephes.
3128 2037 3214 2104 ιι.)
3248 2036 3314 2090 Et

1736 2131 1834 2185 per
1862 2116 2076 2171 Petrum
2109 2136 2122 2171 :
2164 2139 2180 2169 ι
2222 2118 2328 2174 Vos
2360 2122 2491 2175 estis
2523 2135 2691 2192 genus
2721 2121 2979 2186 electum,
3006 2124 3185 2193 regale
3223 2139 3312 2179 sa-

1734 2206 2056 2273 cerdotium,
2083 2223 2212 2278 gens
2233 2221 2441 2272 sancta,
2467 2211 2692 2280 populus
2706 2213 3142 2283 acquisitionis(l
3165 2212 3312 2269 Petr.

1738 2297 1823 2366 tt).
1859 2317 1877 2347 ι
1913 2298 2088 2368 Reges
2116 2301 2260 2354 enim
2309 2317 2514 2363 sumus,
2566 2304 2693 2371 quia
2744 2304 2923 2359 crucis
2969 2305 3224 2359 vexillum
3261 2308 3315 2361 in

1741 2387 1918 2443 fronte
1948 2398 2249 2458 portamus.
2303 2391 2624 2449 Sacerdotes
2678 2403 2853 2451 autem
2897 2395 3018 2465 jure
3062 2396 3311 2462 dicimur,

1733 2476 1858 2552 quia
1886 2477 2194 2532 chrismatis
2229 2481 2483 2535 unctione
2515 2482 2752 2538 linimur.

1803 2566 1955 2620 Juste
1983 2581 2112 2638 ergo
2141 2571 2354 2638 egregia
2382 2570 2471 2623 illa
2505 2573 2817 2642 metropolis
2846 2573 2912 2627 de
2942 2573 3001 2625 Β.
3041 2574 3312 2644 Apollina-

1735 2655 1811 2735 ris
1839 2655 2131 2712 festivitate
2177 2660 2487 2728 specialiter
2533 2664 2753 2730 gaudet,
2802 2677 2898 2731 per
2953 2679 3135 2732 quem,
3186 2665 3312 2719 olim

1740 2745 1964 2817 profana
1997 2756 2054 2802 et
2087 2748 2310 2825 rustica,
2343 2749 2482 2804 facta
2515 2761 2597 2804 est
2653 2766 2796 2804 nunc
2845 2753 3196 2806 sacerdotalis
3261 2764 3315 2805 et

1734 2837 1905 2908 regia.
1941 2835 2040 2892 Cui
2067 2853 2190 2892 cum
2221 2825 2481 2894 Romanis
2509 2841 2724 2895 arcibus
2747 2841 2881 2895 adeo
2909 2843 3211 2895 communis
3233 2853 3315 2896 est

1735 2926 1990 2997 dignitas,
2024 2936 2082 2980 ut
2113 2927 2201 2982 illa
2248 2939 2444 2994 mater,
2479 2930 2640 3000 158
2682 2932 2782 2984 ista
2814 2932 3028 2986 dicatur
3077 2949 3312 3002 congrue

1735 3015 1863 3071 ﬁlia.
1893 3016 2047 3083 Quod
2076 3018 2217 3071 enim
2248 3017 2335 3072 illa
2368 3020 2420 3072 in
2446 3020 2656 3074 cmlesti
2691 3020 2980 3091 clavigero.
3014 3024 3114 3076 hoc
3145 3033 3312 3077 totum

1739 3108 1840 3163 ista
1865 3109 2105 3178 possidet
2136 3110 2186 3164 in
2217 3111 2512 3180 discipulo;
2544 3119 2597 3166 et
2621 3111 2764 3181 quod
2794 3111 2864 3164 illi
2893 3123 3160 3180 pr:erogat
3184 3128 3312 3180 apo-

1733 3198 1920 3260 5tolus,
1952 3199 2056 3252 hoc
2103 3199 2248 3253 addit
2293 3200 2379 3254 isti
2413 3209 2618 3272 martyr
2654 3201 2999 3270 apostolicus.
3053 3201 3108 3256 Si
3162 3203 3306 3255 enim
3340 3187 3380 3243 (ἶ

1733 3286 2329 3356 Constantinopolitana
2395 3289 2606 3354 civitas,
2658 3290 2783 3359 quia
2838 3290 3109 3344 Romanos
3161 3292 3211 3342 in
3254 3306 3310 3345 se

1733 3377 2014 3431 transtulit
2072 3377 2238 3443 cives,
2295 3379 2528 3433 secunda
2599 3378 2769 3433 Roma
2831 3387 2915 3433 est
2971 3390 3308 3448 nuncupata;

1732 3474 1940 3536 quanto
1964 3468 2139 3537 magis
2166 3469 2300 3530 haac,
2329 3484 2447 3537 qua:
2480 3478 2686 3523 tantum
2718 3470 3015 3539 principem
3046 3471 3112 3525 de
3143 3471 3311 3525 Roma

1729 3558 1987 3627 szscepit,
2018 3559 2250 3613 secunda
2281 3559 2449 3629 Roma
2493 3569 2578 3615 est
2629 3560 2980 3631 appellanda!
3038 3562 3312 3632 Nunquid-

1738 3660 1864 3717 nam
1889 3645 2178 3714 gloriosius
2203 3659 2286 3702 est
2307 3649 2581 3720 suscipere
2611 3649 2847 3717 Quirites
2867 3650 2933 3704 de
2955 3649 3200 3705 Romana
3223 3667 3313 3706 cu-

1733 3734 1834 3799 ria,
1869 3749 2032 3805 quam
2065 3735 2266 3791 habere
2301 3747 2592 3808 martyrem
2634 3737 2700 3794 de
2745 3737 2986 3794 Romana
3037 3739 3310 3796 Ecclesia?

1735 3825 1815 3880 Ex
1848 3840 1911 3880 ea
1944 3827 2109 3896 igitur
2137 3836 2310 3896 parte,
2342 3815 2445 3898 qua
2479 3829 2648 3884 Roma
2675 3831 2909 3886 carnalis
2937 3839 3040 3896 est,
3064 3833 3310 3888 carnales

1733 3919 1946 3988 genuit;
1974 3933 2042 3974 ex
2071 3935 2132 3973 ea
2164 3935 2313 3985 vero,
2351 3937 2457 3990 qua
2488 3923 2782 3990 spiritualis
2829 3933 2932 3989 est,
2979 3925 3309 3993 spiritualem

1733 4027 1800 4064 ex
1831 4025 1888 4065 se
1915 4009 2080 4065 lilium
2111 4014 2430 4080 procreavit.
2471 4032 2490 4064 ι
2527 4013 2679 4081 Quod
2711 4016 2855 4069 enim
2902 4027 3084 4068 natum
3133 4027 3215 4070 est
3246 4018 3312 4072 de

1739 4115 1904 4154 carne
1935 4115 2062 4156 caro
2086 4111 2188 4166 est,
2218 4111 2273 4156 et
2295 4105 2437 4172 quod
2471 4114 2654 4159 natum
2682 4115 2765 4160 est
2793 4121 2859 4161 ex
2887 4107 3101 4175 spiritu,
3147 4109 3309 4176 spiri-

1739 4201 1824 4244 tus
1851 4190 2144 4260 est(Joan.
2199 4193 2305 4263 tn).
2347 4213 2365 4246 ι
2415 4195 2567 4263 Quod
2619 4206 2799 4252 autem
2851 4207 3056 4252 tantum
3104 4200 3307 4253 civitati

1734 4281 1810 4357 illi
1844 4283 2154 4346 tribuimus,
2185 4293 2241 4338 ut
2272 4283 2455 4340 Roma:
2484 4288 2711 4341 similem
2759 4303 2878 4343 esse
2923 4289 3185 4353 dicamus,
3240 4296 3305 4343 atl

1735 4377 1947 4430 laudem
1973 4377 2067 4431 Dei
2106 4378 2408 4441 referimus,
2443 4395 2548 4432 non
2599 4379 2810 4436 favores
2861 4382 3136 4436 hominum
3184 4382 3308 4437 aﬁ‘e-

1735 4476 1966 4522 ctamus.
2002 4467 2136 4520 Nam
2162 4480 2384 4525 ornatus
2415 4471 2785 4536 habitationis,
2817 4474 2979 4530 decus
3023 4483 3107 4530 est
3155 4476 3300 4530 habi-

1739 4558 1940 4623 tantis;
1974 4567 2028 4612 et
2060 4558 2231 4613 honor
2261 4561 2466 4623 militis,
2499 4561 2665 4632 gloria
2695 4563 3157 4632 estimperatoris.

1806 4646 1958 4702 Libet
1984 4657 2195 4712 autem,
2235 4650 2590 4716 dilectissimi,
2630 4653 2913 4722 pulchrum
2962 4656 3157 4711 divine
3204 4656 3310 4711 dis.

1733 4737 2066 4807 pensationis
2092 4738 2336 4794 ordinem
2365 4741 2605 4796 studiose
2628 4743 2991 4812 perpendere;
3049 4753 3103 4798 et
3145 4760 3307 4814 quam

1735 4831 2057 4885 mirabiliter
2084 4833 2421 4901 omnipotens
2455 4835 2595 4890 Deus
2621 4837 2856 4906 regionis
2884 4837 3025 4892 illius
3053 4838 3307 4893 tenebras

1737 4925 2007 4980 illustrare
2033 4924 2357 4992 decreverit,
2388 4928 2660 4998 indagare.
2694 4931 2848 4986 Sicut
2887 4933 3032 4986 enim
3083 4933 3303 4988 matuti-

1739 5035 1837 5071 nus
1853 5017 2069 5074 Lucifer
2092 5020 2158 5073 ab
2185 5027 2306 5074 ortu
2337 5034 2565 5091 surgens
2593 5022 2760 5076 solem
2790 5025 3060 5092 precedit,
3092 5025 3164 5078 ita
3189 5025 3308 5079 bea-

1739 5109 1977 5163 tissimus
1999 5117 2204 5180 martyr
2231 5110 2294 5165 ab
2321 5110 2570 5164 orientali
2611 5110 2762 5182 plaga
2805 5112 3178 5183 progrediens,
3213 5130 3304 5168 ηοο

1739 5213 1862 5253 men
1894 5200 2101 5254 Domini
2132 5201 2302 5267 nostri
2334 5200 2460 5256 Jesu
2493 5201 2719 5266 Christi,
2772 5204 2862 5272 qui
2911 5218 3038 5257 vere
3090 5212 3174 5258 est
3225 5203 3304 5258 sol

1738 5290 1984 5354 Iustitia,
2042 5291 2246 5360 primus
2299 5294 2566 5348 Ravenna:
2615 5293 2810 5348 ﬁnibus
2873 5294 3192 5348 introduxit.
3240 5295 3308 5350 Et

1735 5399 1896 5452 quam
1923 5383 2061 5437 bene
2095 5383 2196 5437 sibi
2228 5382 2458 5439 Luciferi
2511 5399 2706 5440 nomen
2751 5387 3020 5456 congruit,
3060 5386 3152 5455 qui
3197 5386 3307 5456 pri-

1737 5491 1882 5530 mum
1909 5476 2170 5530 adventus
2199 5475 2282 5530 sui
2312 5475 2629 5531 miraculum
2651 5478 2716 5531 de
2745 5475 2946 5531 lumine
2980 5476 3137 5532 fecit!
3170 5476 3304 5530 Nam

1738 5583 1860 5621 mox
1895 5574 1956 5620 ut
1995 5566 2047 5620 in
2090 5568 2401 5624 suburbano
2434 5578 2519 5625 est
2565 5577 2812 5640 receptus
2858 5569 3113 5637 hoSpitio,
3162 5583 3307 5623 ceco

1741 5655 1922 5710 Irenaei
1958 5655 2145 5712 militis
2175 5656 2287 5714 filio
2313 5658 2489 5713 lumen
2523 5659 2772 5725 reddidit,
2799 5668 2855 5714 et
2907 5659 2983 5714 sic
3013 5659 3078 5713 de
3115 5675 3310 5729 paren-

1746 5752 1855 5797 tum
1883 5747 2133 5802 cordibus
2163 5749 2499 5805 inﬁdelitatis
2529 5751 2775 5808 tenebras
2800 5749 3082 5820 ed'ugavit;
3107 5760 3160 5806 et
3183 5751 3306 5806 dum

3414 1937 3576 1990 etiam
3611 1936 3959 2004 semetipsum
4001 1935 4194 1989 cernit.
4253 1934 4425 1990 Minas
4457 1951 4561 1990 non
4614 1934 4827 1998 metuit,
4885 1944 4996 1988 tor-

3415 2034 3592 2078 menta
3626 2025 3878 2079 alacriter
3911 2026 4162 2095 patiendo
4191 2027 4512 2080 contemnit.
4546 2024 4681 2080 lliuc
4717 2025 4864 2080 enim
4900 2039 4996 2094 per

3415 2112 3758 2168 Salomonem
3787 2115 4020 2167 dicitur:
4060 2132 4075 2163 ι
4113 2111 4296 2168 Justus
4342 2115 4494 2183 quasi
4547 2115 4630 2167 leo
4690 2112 4997 2178 conﬁdens,

3417 2207 3619 2274 absque
3645 2215 3852 2259 terrore
3879 2206 3981 2258 erit
4012 2204 4192 2272 (Prov.
4223 2208 4441 2276 xxvlu).
4479 2223 4495 2256 ι
4531 2205 4665 2259 lliuc
4714 2207 4782 2258 ab
4809 2220 4874 2258 eo
4899 2205 4997 2257 ite-

3416 2312 3531 2349 rum
3561 2298 3818 2364 scriptum
3834 2306 3915 2348 est
3937 2314 3947 2347 :
3972 2316 3987 2345 ι
4009 2294 4121 2348 Non
4137 2296 4715 2363 contristabitjustum,
4733 2293 4999 2363 quidquid

3414 2389 3461 2440 ei
3491 2387 3746 2438 acciderit
3781 2383 3962 2454 (Prov.
4000 2387 4117 2452 λιι).
4153 2403 4171 2435 ι
4203 2385 4320 2438 Jam
4348 2384 4998 2454 quippeSpiritusadalta

3412 2493 3703 2546 suspensus
3735 2479 3787 2531 in
3816 2478 3915 2531 hoc
3936 2476 4275 2532 ineﬂ'abiliter
4296 2479 4512 2547 gaudet,
4530 2478 4654 2530 dum
4676 2477 4778 2531 sibi
4803 2492 4996 2533 cumu-

3414 2569 3510 2621 lari
3541 2570 3732 2636 gaudia
3762 2585 3858 2638 per
3888 2578 4156 2621 tormenta
4191 2569 4351 2632 videt,
4397 2566 4578 2621 Pmnis
4626 2567 4864 2630 fovetur,
4917 2569 4996 2620 in-

3415 2663 3605 2715 cendio
3632 2659 4003 2728 refrigeratur,
4030 2657 4170 2712 fame
4202 2657 4466 2719 reﬁcitur,
4497 2658 4670 2725 inopia
4697 2655 4992 2717 dilatatur;

3415 2761 3470 2804 et
3502 2751 3554 2804 id
3581 2752 3876 2803 maximum
3905 2749 4112 2802 lucrum
4136 2748 4379 2817 deputat,
4407 2750 4449 2802 si
4483 2763 4700 2817 gravem
4753 2749 4821 2802 de
4875 2762 4994 2817 pas-

3416 2842 3563 2894 sione
3591 2840 3802 2894 Domini
3829 2839 4097 2893 sarcinam
4146 2847 4348 2908 portat,
4383 2848 4697 2906 tantumque
4740 2837 4844 2892 sibi
4901 2841 5000 2890 mi-

3417 2933 3507 2985 nui
3570 2933 3720 2985 timet
3770 2932 3835 2985 de
3881 2917 4126 3000 praamio,
4168 2941 4427 3001 quantum
4478 2932 4694 2987 sibimet
4745 2932 4997 2985 subtrahi

3413 3023 3678 3091 conspicit
3705 3021 3770 3075 de
3800 3030 4086 3075 tormento.

3484 3111 3620 3175 Quid
3651 3109 3839 3179 plura?
3868 3109 4062 3164 lterum
4092 3111 4344 3176 caeditur,
4381 3111 4572 3165 iterum
4599 3110 4907 3173 cruciatur,
4935 3111 5000 3164 ad

3420 3199 3578 3268 159
3600 3209 3899 3253 extremum
3921 3214 4133 3268 quoque
4153 3200 4308 3253 nudis
4327 3200 4526 3268 plantis
4554 3215 4715 3269 super
4743 3199 5000 3253 ardentes

3413 3306 3613 3358 prunas
3646 3300 3790 3344 stare
3827 3290 4195 3358 compellitur;
4221 3293 4312 3345 sed
4346 3292 4472 3345 dum
4502 3301 4727 3360 uterque
4751 3306 4847 3360 pes
4868 3306 4999 3359 sup-

3414 3382 3587 3448 posito
3612 3382 3732 3451 igne
3756 3382 4112 3444 comburitur,
4138 3381 4317 3449 lingua
4344 3383 4395 3435 in
4424 3381 4766 3436 confessione
4789 3381 4998 3436 Christi

3414 3469 3636 3524 liberius
3664 3470 3957 3524 relaxatur.
3987 3470 4215 3540 Segnior
4245 3472 4443 3540 quippe
4496 3469 4667 3524 fuerat
4715 3470 4880 3540 ignis,
4907 3471 5000 3538 qui

3415 3561 3654 3614 exterius
3680 3561 4016 3624 incendebat,
4040 3577 4199 3629 quam
4226 3563 4317 3630 qui
4350 3562 4572 3616 inferius
4595 3560 4998 3625 inflammabat;

3416 3655 3670 3716 tanquam
3713 3649 3848 3702 alter
3920 3660 4264 3718 coqueretur,
4333 3658 4390 3704 et
4460 3649 4597 3704 alter
4642 3649 4996 3719 loqueretur;

3413 3739 3548 3792 alius
3577 3741 3738 3793 verba
3787 3742 3990 3804 ederet,
4025 3741 4162 3794 alius
4208 3743 4429 3795 verbera
4463 3741 4773 3795 sustineret.
4806 3739 4874 3793 Et
4913 3755 5000 3794 re-

3411 3843 3535 3881 vera
3566 3827 3720 3890 alter.
3769 3830 4008 3884 Veritate
4039 3839 4355 3894 attestante,
4387 3844 4508 3898 qua:
4546 3830 4621 3882 ait
4649 3847 4660 3880 :
4694 3847 4714 3878 ‹
4753 3826 4870 3881 Non
4904 3843 5000 3882 vos

3411 3923 3560 3980 estis,
3590 3921 3679 3989 qui
3712 3920 4014 3989 loquimini,
4047 3920 4142 3974 sed
4173 3918 4408 3989 Spiritus
4454 3917 4630 3973 Patris
4662 3919 4852 3982 vestri,
4902 3919 4998 3988 qui

3413 4010 3649 4079 loquitur
3693 4013 3742 4064 in
3768 4013 3918 4065 vobis
3948 4011 4160 4080 (Matth.
4194 4011 4271 4081 ι).
4319 4030 4336 4062 ι
4383 4010 4470 4074 Ει,
4494 4019 4546 4063 ul
4575 4010 4848 4078 triumpho
4869 4011 4998 4063 bea-

3416 4101 3608 4154 tissimi
3639 4103 3892 4171 martyris
3929 4102 4043 4170 ipsa
4065 4101 4340 4154 contraria
4364 4100 4628 4154 elementa
4657 4101 5000 4154 concorditer

3412 4191 3678 4254 serviant,
3726 4192 3852 4245 dum
3899 4194 4038 4262 ignis
4084 4193 4375 4262 potentiori
4433 4193 4553 4262 igne
4606 4193 4995 4254 contemnitur,

3413 4296 3561 4344 caro,
3593 4297 3713 4351 qua
3742 4292 3860 4336 usta
3895 4282 4091 4346 fuerat,
4126 4282 4284 4351 aquis
4327 4281 4679 4336 bullientibus
4723 4282 4994 4345 elixatur;

3413 4371 3597 4437 sicque
3627 4372 3677 4426 in
3710 4373 3877 4427 odore
3900 4373 4182 4428 suavitatis
4215 4372 4444 4428 Domino
4477 4374 4582 4426 duo
4629 4373 4899 4427 sacriﬁcia
4932 4389 4998 4428 ex

3416 4474 3518 4512 una
3553 4462 3687 4516 ﬁunt
3717 4464 3957 4516 victima.

3488 4561 3616 4629 Age,
3651 4569 3766 4626 age,
3808 4555 4076 4623 responde
4107 4554 4260 4618 mihi,
4295 4556 4450 4611 turba
4485 4556 4816 4624 phrenetica,
4849 4559 4997 4612 etab

3419 4655 3548 4724 ipsis
3600 4651 3818 4706 furiosis
3853 4650 4046 4703 merito
4092 4649 4403 4704 deridenda.
4454 4648 4592 4715 Quid
4639 4650 4812 4704 furis?
4860 4652 4995 4718 Quid

3416 4744 3607 4798 suavis?
3636 4741 3773 4808 Quid
3811 4741 4050 4795 cruentis
4079 4741 4328 4794 dentibus
4383 4750 4436 4795 et
4470 4743 4648 4809 lupina
4701 4744 4852 4794 rabie
4901 4744 4994 4796 de-

3413 4835 3732 4889 baccharis?
3762 4831 4011 4900 Nunquid
4043 4847 4230 4901 speras
4279 4832 4558 4901 suppliciis
4606 4833 4806 4886 Christi
4862 4834 4998 4886 mili-

3417 4936 3522 4981 tem
3553 4926 3764 4984 cedere,
3819 4933 3872 4976 et
3905 4941 3932 4975 a
3981 4933 4170 4977 sancto
4221 4924 4498 4991 proposito
4551 4933 4786 4977 mentem
4842 4940 4997 4992 posse

3417 5016 3664 5070 mutare?
3693 5015 3809 5068 Non
3840 5024 3921 5068 est
3951 5015 4255 5082 hujusmodi
4289 5030 4443 5068 meus
4473 5015 4525 5068 in
4563 5015 4728 5069 Deum
4761 5016 4891 5078 ﬁxa,
4923 5017 4994 5084 ig-

3416 5117 3574 5159 norat
3603 5105 3655 5158 in
3693 5104 3832 5158 bello
3863 5106 4087 5172 perdere
4117 5104 4365 5158 militiam
4393 5105 4780 5160 Christianam.
4815 5104 4996 5161 Nescit

3413 5196 3685 5267 praeliator
3714 5203 3900 5250 uester
3951 5197 4130 5264 rigore
4179 5195 4513 5258 mollescere,
4568 5195 4742 5251 nescit
4791 5196 4997 5266 gladios

3412 5287 3745 5352 formidare;
3785 5287 3893 5341 imo
3919 5302 4026 5356 quo
4058 5288 4231 5357 magis
4262 5289 4560 5356 impetitur,
4607 5302 4672 5340 eo
4720 5289 4995 5344 robustior

3414 5381 3703 5435 invenitur.
3733 5379 3828 5434 Eia
3855 5390 4097 5450 percute,
4121 5380 4363 5445 incende,
4388 5396 4578 5450 coque,
4598 5397 4751 5452 gyra,
4781 5398 4992 5455 regyra.

3413 5472 3609 5528 divelle
3660 5489 3689 5527 a
3742 5474 4043 5529 visceribus
4087 5474 4314 5539 viscera,
4386 5475 4632 5544 imprime
4682 5477 4998 5533 vulneribus

3415 5565 3659 5617 vulnera.
3686 5563 4011 5633 Apollinaris
4043 5573 4244 5629 noster,
4271 5567 4316 5622 si
4343 5567 4652 5629 discutitur,
4677 5566 4824 5622 idem
4862 5569 4993 5639 ipse.

3412 5659 3500 5728 qui
3531 5657 3727 5722 fuerat,
3760 5658 4069 5724 invenitur;
4115 5675 4220 5715 non
4268 5668 4445 5731 potest
4487 5661 4597 5731 jam
4624 5658 4914 5715 Christum
4947 5662 4994 5714 in

3414 5749 3680 5820 loquendo
3712 5765 3909 5820 negare
3941 5751 4143 5823 lingua,
4171 5769 4329 5824 quem
4360 5763 4552 5810 cetera
4581 5753 4844 5826 patiendo
4873 5769 4993 5809 eoa.
