  <div class='ocr_page' id='page_1' title='image "/cluster/home/n/w/nwhite01/storage/ocr_20150623/144-145/uc1.31175001639262/344.png"; bbox 0 0 5232 6556; ppageno 0'>
   <div class='ocr_carea' id='block_1_1' title="bbox 617 386 716 444">
    <p class='ocr_par' dir='ltr' id='par_1_1' title="bbox 617 386 716 444">
     <span class='ocr_line' id='line_1_1' title="bbox 617 386 716 444; baseline 0 0"><span class='ocrx_word' id='word_1_1' title='bbox 617 386 716 444; x_wconf 72' lang='lat'><strong>073</strong></span> 
     </span>
    </p>
   </div>
   <div class='ocr_carea' id='block_1_2' title="bbox 2076 360 2548 420">
    <p class='ocr_par' dir='ltr' id='par_1_2' title="bbox 2076 360 2548 420">
     <span class='ocr_line' id='line_1_2' title="bbox 2076 360 2548 420; baseline -0.006 0"><span class='ocrx_word' id='word_1_2' title='bbox 2076 362 2208 420; x_wconf 76' lang='lat' dir='ltr'><strong>SER</strong></span> <span class='ocrx_word' id='word_1_3' title='bbox 2217 360 2314 419; x_wconf 79' lang='grc' dir='ltr'><strong>ΜΟ</strong></span> <span class='ocrx_word' id='word_1_4' title='bbox 2350 362 2548 418; x_wconf 74' lang='lat' dir='ltr'><strong>XXXII</strong></span> 
     </span>
    </p>
   </div>
   <div class='ocr_carea' id='block_1_3' title="bbox 3799 361 3904 418">
    <p class='ocr_par' dir='ltr' id='par_1_3' title="bbox 3799 361 3904 418">
     <span class='ocr_line' id='line_1_3' title="bbox 3799 361 3904 418; baseline -0.019 0"><span class='ocrx_word' id='word_1_5' title='bbox 3799 361 3904 418; x_wconf 69' lang='grc'><strong>674</strong></span> 
     </span>
    </p>
   </div>
   <div class='ocr_carea' id='block_1_4' title="bbox 608 478 3904 556">
    <p class='ocr_par' dir='ltr' id='par_1_4' title="bbox 608 478 3904 556">
     <span class='ocr_line' id='line_1_4' title="bbox 608 478 3904 556; baseline -0.005 -1"><span class='ocrx_word' id='word_1_6' title='bbox 608 500 745 556; x_wconf 89' lang='lat' dir='ltr'><strong>fessa</strong></span> <span class='ocrx_word' id='word_1_7' title='bbox 779 505 906 553; x_wconf 91' lang='lat' dir='ltr'><strong>sunt</strong></span> <span class='ocrx_word' id='word_1_8' title='bbox 944 491 1209 550; x_wconf 87' lang='lat' dir='ltr'><strong>membra.</strong></span> <span class='ocrx_word' id='word_1_9' title='bbox 1243 487 1379 545; x_wconf 83' lang='lat' dir='ltr'><strong>Nam</strong></span> <span class='ocrx_word' id='word_1_10' title='bbox 1410 488 1454 544; x_wconf 91' lang='lat' dir='ltr'><strong>si</strong></span> <span class='ocrx_word' id='word_1_11' title='bbox 1488 486 1652 543; x_wconf 83' lang='lat' dir='ltr'><strong>fictile</strong></span> <span class='ocrx_word' id='word_1_12' title='bbox 1680 484 1764 541; x_wconf 87' lang='lat' dir='ltr'><strong>sui</strong></span> <span class='ocrx_word' id='word_1_13' title='bbox 1793 482 2038 555; x_wconf 88' lang='lat' dir='ltr'><strong>corporis</strong></span> <span class='ocrx_word' id='word_1_14' title='bbox 2063 495 2187 534; x_wconf 88' lang='lat' dir='ltr'><strong>vas-</strong></span> <span class='ocrx_word' id='word_1_15' title='bbox 2215 483 2270 542; x_wconf 77' lang='grc' dir='ltr'>Α</span> <span class='ocrx_word' id='word_1_16' title='bbox 2297 481 2396 534; x_wconf 88' lang='lat' dir='ltr'><strong>ria.</strong></span> <span class='ocrx_word' id='word_1_17' title='bbox 2423 480 2501 534; x_wconf 91' lang='lat' dir='ltr'><strong>llli</strong></span> <span class='ocrx_word' id='word_1_18' title='bbox 2531 481 2678 536; x_wconf 91' lang='lat' dir='ltr'><strong>enim</strong></span> <span class='ocrx_word' id='word_1_19' title='bbox 2726 479 2792 533; x_wconf 87' lang='lat' dir='ltr'><strong>ad</strong></span> <span class='ocrx_word' id='word_1_20' title='bbox 2849 480 3267 551; x_wconf 70' lang='lat' dir='ltr'><strong>espugnandum</strong></span> <span class='ocrx_word' id='word_1_21' title='bbox 3318 480 3646 539; x_wconf 65' lang='lat' dir='ltr'><strong>Christianae</strong></span> <span class='ocrx_word' id='word_1_22' title='bbox 3693 478 3904 542; x_wconf 64' lang='lat' dir='ltr'><strong>militia:</strong></span> 
     </span>
    </p>
   </div>
   <div class='ocr_carea' id='block_1_5' title="bbox 596 571 2183 655">
    <p class='ocr_par' dir='ltr' id='par_1_5' title="bbox 596 571 2183 655">
     <span class='ocr_line' id='line_1_5' title="bbox 596 571 2183 655; baseline -0.014 -10"><span class='ocrx_word' id='word_1_23' title='bbox 596 585 802 655; x_wconf 75' lang='lat' dir='ltr'><strong>‘c&#39;ulum,</strong></span> <span class='ocrx_word' id='word_1_24' title='bbox 831 587 959 641; x_wconf 91' lang='lat' dir='ltr'><strong>dum</strong></span> <span class='ocrx_word' id='word_1_25' title='bbox 993 584 1168 639; x_wconf 85' lang='lat' dir='ltr'><strong>adhuc</strong></span> <span class='ocrx_word' id='word_1_26' title='bbox 1195 596 1386 636; x_wconf 89' lang='lat' dir='ltr'><strong>sanum</strong></span> <span class='ocrx_word' id='word_1_27' title='bbox 1416 587 1560 635; x_wconf 91' lang='lat' dir='ltr'><strong>esset</strong></span> <span class='ocrx_word' id='word_1_28' title='bbox 1583 592 1683 647; x_wconf 90' lang='lat' dir='ltr'><strong>pro</strong></span> <span class='ocrx_word' id='word_1_29' title='bbox 1711 571 2086 631; x_wconf 87' lang='lat' dir='ltr'><strong>conservando</strong></span> <span class='ocrx_word' id='word_1_30' title='bbox 2119 571 2183 624; x_wconf 84' lang='lat' dir='ltr'><strong>ti—</strong></span> 
     </span>
    </p>
   </div>
   <div class='ocr_carea' id='block_1_6' title="bbox 600 664 2190 741">
    <p class='ocr_par' dir='ltr' id='par_1_6' title="bbox 600 664 2190 741">
     <span class='ocr_line' id='line_1_6' title="bbox 600 664 2190 741; baseline -0.013 -4"><span class='ocrx_word' id='word_1_31' title='bbox 600 665 687 737; x_wconf 79' lang='lat' dir='ltr'><strong>dei</strong></span> <span class='ocrx_word' id='word_1_32' title='bbox 719 671 1233 734; x_wconf 79' lang='lat' dir='ltr'><strong>thesauroJacerari</strong></span> <span class='ocrx_word' id='word_1_33' title='bbox 1261 671 1531 741; x_wconf 90' lang='lat' dir='ltr'><strong>permisit,</strong></span> <span class='ocrx_word' id='word_1_34' title='bbox 1583 674 1788 738; x_wconf 87' lang='lat' dir='ltr'><strong>quanto</strong></span> <span class='ocrx_word' id='word_1_35' title='bbox 1834 664 2010 735; x_wconf 87' lang='lat' dir='ltr'><strong>magis</strong></span> <span class='ocrx_word' id='word_1_36' title='bbox 2061 671 2190 716; x_wconf 89' lang='lat' dir='ltr'><strong>tunc</strong></span> 
     </span>
    </p>
   </div>
   <div class='ocr_carea' id='block_1_7' title="bbox 609 755 2192 842">
    <p class='ocr_par' dir='ltr' id='par_1_7' title="bbox 609 755 2192 842">
     <span class='ocr_line' id='line_1_7' title="bbox 609 755 2192 842; baseline -0.013 -17"><span class='ocrx_word' id='word_1_37' title='bbox 609 787 701 842; x_wconf 87' lang='lat' dir='ltr'><strong>pro</strong></span> <span class='ocrx_word' id='word_1_38' title='bbox 723 768 835 840; x_wconf 79' lang='lat' dir='ltr'><strong>jam</strong></span> <span class='ocrx_word' id='word_1_39' title='bbox 866 772 1124 837; x_wconf 87' lang='lat' dir='ltr'><strong>quassato</strong></span> <span class='ocrx_word' id='word_1_40' title='bbox 1150 771 1205 818; x_wconf 90' lang='lat' dir='ltr'><strong>et</strong></span> <span class='ocrx_word' id='word_1_41' title='bbox 1251 762 1424 816; x_wconf 90' lang='lat' dir='ltr'><strong>fracto</strong></span> <span class='ocrx_word' id='word_1_42' title='bbox 1475 769 1583 814; x_wconf 90' lang='lat' dir='ltr'><strong>tam</strong></span> <span class='ocrx_word' id='word_1_43' title='bbox 1620 758 1918 829; x_wconf 87' lang='lat' dir='ltr'><strong>pretiosum</strong></span> <span class='ocrx_word' id='word_1_44' title='bbox 1971 755 2192 808; x_wconf 84' lang='lat' dir='ltr'><strong>thesau-</strong></span> 
     </span>
    </p>
   </div>
   <div class='ocr_carea' id='block_1_8' title="bbox 611 853 1356 928">
    <p class='ocr_par' dir='ltr' id='par_1_8' title="bbox 611 853 1356 928">
     <span class='ocr_line' id='line_1_8' title="bbox 611 853 1356 928; baseline -0.013 -13"><span class='ocrx_word' id='word_1_45' title='bbox 611 876 723 915; x_wconf 92' lang='lat' dir='ltr'><strong>rum</strong></span> <span class='ocrx_word' id='word_1_46' title='bbox 753 858 982 928; x_wconf 76' lang='lat' dir='ltr'><strong>perdere</strong></span> <span class='ocrx_word' id='word_1_47' title='bbox 1015 853 1356 910; x_wconf 85' lang='lat' dir='ltr'><strong>formidabit!</strong></span> 
     </span>
    </p>
   </div>
   <div class='ocr_carea' id='block_1_9' title="bbox 677 935 2188 1017">
    <p class='ocr_par' dir='ltr' id='par_1_9' title="bbox 677 935 2188 1017">
     <span class='ocr_line' id='line_1_9' title="bbox 677 935 2188 1017; baseline -0.01 -11"><span class='ocrx_word' id='word_1_48' title='bbox 677 951 753 1006; x_wconf 86' lang='lat' dir='ltr'><strong>Tu</strong></span> <span class='ocrx_word' id='word_1_49' title='bbox 782 955 935 1017; x_wconf 82' lang='lat' dir='ltr'><strong>ergo,</strong></span> <span class='ocrx_word' id='word_1_50' title='bbox 963 953 1018 1002; x_wconf 83' lang='lat' dir='ltr'><strong>tu</strong></span> <span class='ocrx_word' id='word_1_51' title='bbox 1049 942 1376 1000; x_wconf 82' lang='lat' dir='ltr'><strong>miserabilis</strong></span> <span class='ocrx_word' id='word_1_52' title='bbox 1401 942 1555 995; x_wconf 88' lang='lat' dir='ltr'><strong>turba</strong></span> <span class='ocrx_word' id='word_1_53' title='bbox 1575 940 1957 1012; x_wconf 87' lang='lat' dir='ltr'><strong>agonothetam</strong></span> <span class='ocrx_word' id='word_1_54' title='bbox 1986 935 2188 992; x_wconf 90' lang='lat' dir='ltr'><strong>Christi</strong></span> 
     </span>
    </p>
   </div>
   <div class='ocr_carea' id='block_1_10' title="bbox 604 1026 2190 1105">
    <p class='ocr_par' dir='ltr' id='par_1_10' title="bbox 604 1026 2190 1105">
     <span class='ocr_line' id='line_1_10' title="bbox 604 1026 2190 1105; baseline -0.011 -9"><span class='ocrx_word' id='word_1_55' title='bbox 604 1042 730 1096; x_wconf 89' lang='lat' dir='ltr'><strong>dum</strong></span> <span class='ocrx_word' id='word_1_56' title='bbox 758 1036 991 1105; x_wconf 87' lang='lat' dir='ltr'><strong>dejicere</strong></span> <span class='ocrx_word' id='word_1_57' title='bbox 1040 1033 1269 1098; x_wconf 79' lang='lat' dir='ltr'><strong>moliris,</strong></span> <span class='ocrx_word' id='word_1_58' title='bbox 1302 1031 1549 1096; x_wconf 91' lang='lat' dir='ltr'><strong>extollis;</strong></span> <span class='ocrx_word' id='word_1_59' title='bbox 1599 1030 1726 1083; x_wconf 91' lang='lat' dir='ltr'><strong>dum</strong></span> <span class='ocrx_word' id='word_1_60' title='bbox 1759 1041 2018 1098; x_wconf 86' lang='lat' dir='ltr'><strong>superare</strong></span> <span class='ocrx_word' id='word_1_61' title='bbox 2050 1026 2190 1080; x_wconf 84' lang='lat' dir='ltr'><strong>uite-</strong></span> 
     </span>
    </p>
   </div>
   <div class='ocr_carea' id='block_1_11' title="bbox 604 1122 2187 1200">
    <p class='ocr_par' dir='ltr' id='par_1_11' title="bbox 604 1122 2187 1200">
     <span class='ocr_line' id='line_1_11' title="bbox 604 1122 2187 1200; baseline -0.011 -13"><span class='ocrx_word' id='word_1_62' title='bbox 604 1135 701 1198; x_wconf 86' lang='lat' dir='ltr'><strong>ris,</strong></span> <span class='ocrx_word' id='word_1_63' title='bbox 734 1128 1154 1200; x_wconf 82' lang='lat' dir='ltr'><strong>insuperabilem</strong></span> <span class='ocrx_word' id='word_1_64' title='bbox 1185 1124 1389 1180; x_wconf 86' lang='lat' dir='ltr'><strong>reddis.</strong></span> <span class='ocrx_word' id='word_1_65' title='bbox 1420 1123 1500 1178; x_wconf 90' lang='lat' dir='ltr'><strong>&#39;l‘u</strong></span> <span class='ocrx_word' id='word_1_66' title='bbox 1531 1122 1686 1185; x_wconf 88' lang='lat' dir='ltr'><strong>facis,</strong></span> <span class='ocrx_word' id='word_1_67' title='bbox 1717 1129 1774 1174; x_wconf 93' lang='lat' dir='ltr'><strong>ut</strong></span> <span class='ocrx_word' id='word_1_68' title='bbox 1803 1134 2002 1189; x_wconf 86' lang='lat' dir='ltr'><strong>corpus</strong></span> <span class='ocrx_word' id='word_1_69' title='bbox 2029 1132 2187 1172; x_wconf 90' lang='lat' dir='ltr'><strong>suum</strong></span> 
     </span>
    </p>
   </div>
   <div class='ocr_carea' id='block_1_12' title="bbox 605 1209 2189 1290">
    <p class='ocr_par' dir='ltr' id='par_1_12' title="bbox 605 1209 2189 1290">
     <span class='ocr_line' id='line_1_12' title="bbox 605 1209 2189 1290; baseline -0.008 -14"><span class='ocrx_word' id='word_1_70' title='bbox 605 1223 690 1276; x_wconf 90' lang='lat' dir='ltr'><strong>ille</strong></span> <span class='ocrx_word' id='word_1_71' title='bbox 720 1220 1000 1290; x_wconf 82' lang='lat' dir='ltr'><strong>despiciat,</strong></span> <span class='ocrx_word' id='word_1_72' title='bbox 1030 1226 1084 1273; x_wconf 90' lang='lat' dir='ltr'><strong>et</strong></span> <span class='ocrx_word' id='word_1_73' title='bbox 1118 1232 1186 1272; x_wconf 85' lang='lat' dir='ltr'><strong>ex</strong></span> <span class='ocrx_word' id='word_1_74' title='bbox 1219 1231 1284 1270; x_wconf 91' lang='lat' dir='ltr'><strong>eo</strong></span> <span class='ocrx_word' id='word_1_75' title='bbox 1329 1215 1512 1280; x_wconf 79' lang='lat' dir='ltr'><strong>egredi</strong></span> <span class='ocrx_word' id='word_1_76' title='bbox 1546 1221 1655 1267; x_wconf 90' lang='lat' dir='ltr'><strong>tota</strong></span> <span class='ocrx_word' id='word_1_77' title='bbox 1689 1211 1857 1265; x_wconf 92' lang='lat' dir='ltr'><strong>animi</strong></span> <span class='ocrx_word' id='word_1_78' title='bbox 1907 1209 2189 1264; x_wconf 73' lang='lat' dir='ltr'><strong>alacritate</strong></span> 
     </span>
    </p>
   </div>
   <div class='ocr_carea' id='block_1_13' title="bbox 603 1301 2190 1378">
    <p class='ocr_par' dir='ltr' id='par_1_13' title="bbox 603 1301 2190 1378">
     <span class='ocr_line' id='line_1_13' title="bbox 603 1301 2190 1378; baseline -0.008 -10"><span class='ocrx_word' id='word_1_79' title='bbox 603 1312 930 1378; x_wconf 85' lang='lat' dir='ltr'><strong>contendat;</strong></span> <span class='ocrx_word' id='word_1_80' title='bbox 990 1318 1060 1375; x_wconf 93' lang='lat' dir='ltr'><strong>et_</strong></span> <span class='ocrx_word' id='word_1_81' title='bbox 1094 1309 1220 1364; x_wconf 90' lang='lat' dir='ltr'><strong>dum</strong></span> <span class='ocrx_word' id='word_1_82' title='bbox 1265 1307 1421 1362; x_wconf 90' lang='lat' dir='ltr'><strong>novis</strong></span> <span class='ocrx_word' id='word_1_83' title='bbox 1468 1315 1522 1361; x_wconf 91' lang='lat' dir='ltr'><strong>et</strong></span> <span class='ocrx_word' id='word_1_84' title='bbox 1573 1304 1860 1374; x_wconf 80' lang='lat' dir='ltr'><strong>exquisitis</strong></span> <span class='ocrx_word' id='word_1_85' title='bbox 1911 1301 2190 1373; x_wconf 88' lang='lat' dir='ltr'><strong>suppliciis</strong></span> 
     </span>
    </p>
   </div>
   <div class='ocr_carea' id='block_1_14' title="bbox 594 1396 2186 1460">
    <p class='ocr_par' dir='ltr' id='par_1_14' title="bbox 594 1396 2186 1460">
     <span class='ocr_line' id='line_1_14' title="bbox 594 1396 2186 1460; baseline -0.007 0"><span class='ocrx_word' id='word_1_86' title='bbox 594 1420 721 1460; x_wconf 84' lang='lat' dir='ltr'><strong>eum</strong></span> <span class='ocrx_word' id='word_1_87' title='bbox 755 1401 1075 1459; x_wconf 84' lang='lat' dir='ltr'><strong>mirabiliter</strong></span> <span class='ocrx_word' id='word_1_88' title='bbox 1104 1400 1320 1456; x_wconf 87' lang='lat' dir='ltr'><strong>crucias</strong></span> <span class='ocrx_word' id='word_1_89' title='bbox 1371 1407 1432 1454; x_wconf 88' lang='lat' dir='ltr'><strong>ut</strong></span> <span class='ocrx_word' id='word_1_90' title='bbox 1485 1396 1787 1453; x_wconf 87' lang='lat' dir='ltr'><strong>mirabilem</strong></span> <span class='ocrx_word' id='word_1_91' title='bbox 1831 1396 2006 1452; x_wconf 80' lang='lat' dir='ltr'><strong>facias</strong></span> <span class='ocrx_word' id='word_1_92' title='bbox 2039 1411 2186 1449; x_wconf 85' lang='lat' dir='ltr'><strong>mar-</strong></span> 
     </span>
    </p>
   </div>
   <div class='ocr_carea' id='block_1_15' title="bbox 600 1488 2188 1568">
    <p class='ocr_par' dir='ltr' id='par_1_15' title="bbox 600 1488 2188 1568">
     <span class='ocr_line' id='line_1_15' title="bbox 600 1488 2188 1568; baseline -0.005 -18"><span class='ocrx_word' id='word_1_93' title='bbox 600 1498 792 1568; x_wconf 69' lang='lat' dir='ltr'><strong>t&#39;yrem,</strong></span> <span class='ocrx_word' id='word_1_94' title='bbox 820 1495 1109 1568; x_wconf 14' lang='lat' dir='ltr'><strong>gelaboras.</strong></span> <span class='ocrx_word' id='word_1_95' title='bbox 1160 1492 1274 1548; x_wconf 86' lang='lat' dir='ltr'><strong>Tua</strong></span> <span class='ocrx_word' id='word_1_96' title='bbox 1319 1492 1466 1547; x_wconf 89' lang='lat' dir='ltr'><strong>enim</strong></span> <span class='ocrx_word' id='word_1_97' title='bbox 1512 1491 1675 1546; x_wconf 88' lang='lat' dir='ltr'><strong>stulta</strong></span> <span class='ocrx_word' id='word_1_98' title='bbox 1721 1489 1987 1560; x_wconf 82' lang='lat' dir='ltr'><strong>sapientia</strong></span> <span class='ocrx_word' id='word_1_99' title='bbox 2033 1488 2188 1556; x_wconf 87' lang='lat' dir='ltr'><strong>fecit,</strong></span> 
     </span>
    </p>
   </div>
   <div class='ocr_carea' id='block_1_16' title="bbox 596 1563 2190 1660">
    <p class='ocr_par' dir='ltr' id='par_1_16' title="bbox 596 1563 2190 1660">
     <span class='ocr_line' id='line_1_16' title="bbox 596 1563 2190 1660; baseline -0.007 -15"><span class='ocrx_word' id='word_1_100' title='bbox 596 1563 742 1660; x_wconf 65' lang='lat' dir='ltr'><strong>quod</strong></span> <span class='ocrx_word' id='word_1_101' title='bbox 773 1563 934 1643; x_wconf 82' lang='lat' dir='ltr'><strong>hodie</strong></span> <span class='ocrx_word' id='word_1_102' title='bbox 993 1598 1191 1642; x_wconf 91' lang='lat' dir='ltr'><strong>nomen</strong></span> <span class='ocrx_word' id='word_1_103' title='bbox 1222 1583 1284 1638; x_wconf 85' lang='grc' dir='ltr'><strong>Β.</strong></span> <span class='ocrx_word' id='word_1_104' title='bbox 1334 1582 1669 1654; x_wconf 78' lang='lat' dir='ltr'><strong>Apollinaris</strong></span> <span class='ocrx_word' id='word_1_105' title='bbox 1712 1590 1826 1635; x_wconf 88' lang='lat' dir='ltr'><strong>tam</strong></span> <span class='ocrx_word' id='word_1_106' title='bbox 1881 1580 2091 1636; x_wconf 89' lang='lat' dir='ltr'><strong>clarum</strong></span> <span class='ocrx_word' id='word_1_107' title='bbox 2134 1588 2190 1634; x_wconf 86' lang='lat' dir='ltr'><strong>et</strong></span> 
     </span>
    </p>
   </div>
   <div class='ocr_carea' id='block_1_17' title="bbox 598 1673 2189 1750">
    <p class='ocr_par' dir='ltr' id='par_1_17' title="bbox 598 1673 2189 1750">
     <span class='ocr_line' id='line_1_17' title="bbox 598 1673 2189 1750; baseline -0.006 -16"><span class='ocrx_word' id='word_1_108' title='bbox 598 1681 814 1736; x_wconf 87' lang='lat' dir='ltr'><strong>celebre</strong></span> <span class='ocrx_word' id='word_1_109' title='bbox 834 1693 930 1750; x_wconf 86' lang='lat' dir='ltr'><strong>per</strong></span> <span class='ocrx_word' id='word_1_110' title='bbox 949 1692 1044 1731; x_wconf 88' lang='lat' dir='ltr'><strong>ora</strong></span> <span class='ocrx_word' id='word_1_111' title='bbox 1074 1674 1308 1730; x_wconf 85' lang='lat' dir='ltr'><strong>fidelium</strong></span> <span class='ocrx_word' id='word_1_112' title='bbox 1333 1675 1524 1729; x_wconf 89' lang='lat' dir='ltr'><strong>currit.</strong></span> <span class='ocrx_word' id='word_1_113' title='bbox 1557 1673 1787 1729; x_wconf 90' lang='lat' dir='ltr'><strong>Servisti</strong></span> <span class='ocrx_word' id='word_1_114' title='bbox 1818 1685 2037 1742; x_wconf 88' lang='lat' dir='ltr'><strong>nempe,</strong></span> <span class='ocrx_word' id='word_1_115' title='bbox 2060 1673 2189 1726; x_wconf 90' lang='lat' dir='ltr'><strong>dum</strong></span> 
     </span>
    </p>
   </div>
   <div class='ocr_carea' id='block_1_18' title="bbox 597 1764 2185 1835">
    <p class='ocr_par' dir='ltr' id='par_1_18' title="bbox 597 1764 2185 1835">
     <span class='ocr_line' id='line_1_18' title="bbox 597 1764 2185 1835; baseline -0.006 -11"><span class='ocrx_word' id='word_1_116' title='bbox 597 1769 834 1835; x_wconf 65' lang='lat' dir='ltr'><strong>sevisti;</strong></span> <span class='ocrx_word' id='word_1_117' title='bbox 859 1777 912 1823; x_wconf 91' lang='lat' dir='ltr'><strong>et</strong></span> <span class='ocrx_word' id='word_1_118' title='bbox 943 1764 1143 1821; x_wconf 81' lang='lat' dir='ltr'><strong>auxisti</strong></span> <span class='ocrx_word' id='word_1_119' title='bbox 1175 1764 1437 1835; x_wconf 84' lang='lat' dir='ltr'><strong>palmam,</strong></span> <span class='ocrx_word' id='word_1_120' title='bbox 1466 1764 1595 1818; x_wconf 91' lang='lat' dir='ltr'><strong>dum</strong></span> <span class='ocrx_word' id='word_1_121' title='bbox 1627 1776 1924 1834; x_wconf 83' lang='lat' dir='ltr'><strong>exaggeras</strong></span> <span class='ocrx_word' id='word_1_122' title='bbox 1946 1776 2185 1832; x_wconf 64' lang='lat' dir='ltr'><strong>poenam.</strong></span> 
     </span>
    </p>
   </div>
   <div class='ocr_carea' id='block_1_19' title="bbox 2297 569 3906 637">
    <p class='ocr_par' dir='ltr' id='par_1_19' title="bbox 2297 569 3906 637">
     <span class='ocr_line' id='line_1_19' title="bbox 2297 569 3906 637; baseline 0.002 -9"><span class='ocrx_word' id='word_1_123' title='bbox 2297 582 2580 629; x_wconf 85' lang='lat' dir='ltr'><strong>strenuum</strong></span> <span class='ocrx_word' id='word_1_124' title='bbox 2613 571 2956 637; x_wconf 83' lang='lat' dir='ltr'><strong>bellatorem,</strong></span> <span class='ocrx_word' id='word_1_125' title='bbox 2989 589 3094 627; x_wconf 80' lang='lat' dir='ltr'><strong>non</strong></span> <span class='ocrx_word' id='word_1_126' title='bbox 3126 569 3299 629; x_wconf 87' lang='lat' dir='ltr'><strong>solum</strong></span> <span class='ocrx_word' id='word_1_127' title='bbox 3334 571 3512 630; x_wconf 90' lang='lat' dir='ltr'><strong>ferrea</strong></span> <span class='ocrx_word' id='word_1_128' title='bbox 3546 591 3699 631; x_wconf 88' lang='lat' dir='ltr'><strong>arma</strong></span> <span class='ocrx_word' id='word_1_129' title='bbox 3731 579 3906 632; x_wconf 87' lang='lat' dir='ltr'><strong>corri-</strong></span> 
     </span>
    </p>
   </div>
   <div class='ocr_carea' id='block_1_20' title="bbox 2295 658 3904 736">
    <p class='ocr_par' dir='ltr' id='par_1_20' title="bbox 2295 658 3904 736">
     <span class='ocr_line' id='line_1_20' title="bbox 2295 658 3904 736; baseline 0.003 -18"><span class='ocrx_word' id='word_1_130' title='bbox 2295 665 2472 736; x_wconf 90' lang='lat' dir='ltr'><strong>piunt,</strong></span> <span class='ocrx_word' id='word_1_131' title='bbox 2505 658 2600 721; x_wconf 71' lang='lat' dir='ltr'><strong>Sed</strong></span> <span class='ocrx_word' id='word_1_132' title='bbox 2631 665 2807 735; x_wconf 79' lang='lat' dir='ltr'><strong>ignes,</strong></span> <span class='ocrx_word' id='word_1_133' title='bbox 2837 679 3028 733; x_wconf 84' lang='lat' dir='ltr'><strong>aquas,</strong></span> <span class='ocrx_word' id='word_1_134' title='bbox 3060 664 3229 735; x_wconf 83' lang='lat' dir='ltr'><strong>ligna,</strong></span> <span class='ocrx_word' id='word_1_135' title='bbox 3260 664 3490 736; x_wconf 84' lang='lat' dir='ltr'><strong>lapides,</strong></span> <span class='ocrx_word' id='word_1_136' title='bbox 3541 676 3600 721; x_wconf 88' lang='lat' dir='ltr'><strong>et</strong></span> <span class='ocrx_word' id='word_1_137' title='bbox 3645 668 3904 723; x_wconf 81' lang='lat' dir='ltr'><strong>universa</strong></span> 
     </span>
    </p>
   </div>
   <div class='ocr_carea' id='block_1_21' title="bbox 2295 757 3900 827">
    <p class='ocr_par' dir='ltr' id='par_1_21' title="bbox 2295 757 3900 827">
     <span class='ocr_line' id='line_1_21' title="bbox 2295 757 3900 827; baseline 0.003 -17"><span class='ocrx_word' id='word_1_138' title='bbox 2295 758 2455 827; x_wconf 88' lang='lat' dir='ltr'><strong>plane</strong></span> <span class='ocrx_word' id='word_1_139' title='bbox 2481 757 2750 813; x_wconf 79' lang='lat' dir='ltr'><strong>elementa</strong></span> <span class='ocrx_word' id='word_1_140' title='bbox 2789 771 3071 813; x_wconf 87' lang='lat' dir='ltr'><strong>armorum</strong></span> <span class='ocrx_word' id='word_1_141' title='bbox 3123 757 3409 813; x_wconf 89' lang='lat' dir='ltr'><strong>materiam</strong></span> <span class='ocrx_word' id='word_1_142' title='bbox 3462 759 3698 826; x_wconf 90' lang='lat' dir='ltr'><strong>faciunt,</strong></span> <span class='ocrx_word' id='word_1_143' title='bbox 3747 771 3803 815; x_wconf 95' lang='lat' dir='ltr'><strong>et</strong></span> <span class='ocrx_word' id='word_1_144' title='bbox 3847 763 3900 816; x_wconf 89' lang='lat' dir='ltr'><strong>in</strong></span> 
     </span>
    </p>
   </div>
   <div class='ocr_carea' id='block_1_22' title="bbox 2293 846 3903 924">
    <p class='ocr_par' dir='ltr' id='par_1_22' title="bbox 2293 846 3903 924">
     <span class='ocr_line' id='line_1_22' title="bbox 2293 846 3903 924; baseline 0.004 -20"><span class='ocrx_word' id='word_1_145' title='bbox 2293 846 2577 920; x_wconf 83' lang='lat' dir='ltr'><strong>praeliandi</strong></span> <span class='ocrx_word' id='word_1_146' title='bbox 2632 859 2958 920; x_wconf 88' lang='lat' dir='ltr'><strong>argumenta</strong></span> <span class='ocrx_word' id='word_1_147' title='bbox 3016 861 3365 911; x_wconf 89' lang='lat' dir='ltr'><strong>convertunt.</strong></span> <span class='ocrx_word' id='word_1_148' title='bbox 3430 851 3539 907; x_wconf 84' lang='lat' dir='ltr'><strong>Iste</strong></span> <span class='ocrx_word' id='word_1_149' title='bbox 3603 867 3739 908; x_wconf 89' lang='lat' dir='ltr'><strong>vero</strong></span> <span class='ocrx_word' id='word_1_150' title='bbox 3793 869 3903 924; x_wconf 82' lang='lat' dir='ltr'><strong>quo</strong></span> 
     </span>
    </p>
   </div>
   <div class='ocr_carea' id='block_1_23' title="bbox 2295 940 3901 1015">
    <p class='ocr_par' dir='ltr' id='par_1_23' title="bbox 2295 940 3901 1015">
     <span class='ocr_line' id='line_1_23' title="bbox 2295 940 3901 1015; baseline 0.003 -21"><span class='ocrx_word' id='word_1_151' title='bbox 2295 940 2873 1013; x_wconf 85' lang='lat' dir='ltr'><strong>acriusimpugnatur,</strong></span> <span class='ocrx_word' id='word_1_152' title='bbox 2904 954 2971 996; x_wconf 90' lang='lat' dir='ltr'><strong>eo</strong></span> <span class='ocrx_word' id='word_1_153' title='bbox 2997 941 3280 996; x_wconf 82' lang='lat' dir='ltr'><strong>robustior</strong></span> <span class='ocrx_word' id='word_1_154' title='bbox 3323 942 3642 1010; x_wconf 81' lang='lat' dir='ltr'><strong>invenitur;</strong></span> <span class='ocrx_word' id='word_1_155' title='bbox 3688 953 3744 1000; x_wconf 90' lang='lat' dir='ltr'><strong>et</strong></span> <span class='ocrx_word' id='word_1_156' title='bbox 3791 961 3901 1015; x_wconf 90' lang='lat' dir='ltr'><strong>quo</strong></span> 
     </span>
    </p>
   </div>
   <div class='ocr_carea' id='block_1_24' title="bbox 2295 1019 3904 1104">
    <p class='ocr_par' dir='ltr' id='par_1_24' title="bbox 2295 1019 3904 1104">
     <span class='ocr_line' id='line_1_24' title="bbox 2295 1019 3904 1104; baseline 0.003 -20"><span class='ocrx_word' id='word_1_157' title='bbox 2295 1019 2472 1101; x_wconf 88' lang='lat' dir='ltr'><strong>magis</strong></span> <span class='ocrx_word' id='word_1_158' title='bbox 2500 1044 2701 1101; x_wconf 92' lang='lat' dir='ltr'><strong>corpus</strong></span> <span class='ocrx_word' id='word_1_159' title='bbox 2725 1045 2823 1102; x_wconf 92' lang='lat' dir='ltr'><strong>per</strong></span> <span class='ocrx_word' id='word_1_160' title='bbox 2853 1039 3134 1086; x_wconf 89' lang='lat' dir='ltr'><strong>tormenta</strong></span> <span class='ocrx_word' id='word_1_161' title='bbox 3167 1033 3518 1100; x_wconf 88' lang='lat' dir='ltr'><strong>distenditur,</strong></span> <span class='ocrx_word' id='word_1_162' title='bbox 3545 1048 3612 1090; x_wconf 91' lang='lat' dir='ltr'><strong>eo</strong></span> <span class='ocrx_word' id='word_1_163' title='bbox 3636 1035 3814 1104; x_wconf 86' lang='lat' dir='ltr'><strong>magis</strong></span> <span class='ocrx_word' id='word_1_164' title='bbox 3842 1034 3904 1089; x_wconf 88' lang='lat' dir='ltr'><strong>fi-</strong></span> 
     </span>
    </p>
   </div>
   <div class='ocr_carea' id='block_1_25' title="bbox 2294 1120 3906 1193">
    <p class='ocr_par' dir='ltr' id='par_1_25' title="bbox 2294 1120 3906 1193">
     <span class='ocr_line' id='line_1_25' title="bbox 2294 1120 3906 1193; baseline 0.002 -18"><span class='ocrx_word' id='word_1_165' title='bbox 2294 1121 2390 1175; x_wconf 93' lang='lat' dir='ltr'><strong>des</strong></span> <span class='ocrx_word' id='word_1_166' title='bbox 2420 1129 2668 1191; x_wconf 85' lang='lat' dir='ltr'><strong>augetur.</strong></span> <span class='ocrx_word' id='word_1_167' title='bbox 2696 1120 3085 1192; x_wconf 87' lang='lat' dir='ltr'><strong>lnsuperabilis</strong></span> <span class='ocrx_word' id='word_1_168' title='bbox 3112 1122 3349 1193; x_wconf 89' lang='lat' dir='ltr'><strong>denique</strong></span> <span class='ocrx_word' id='word_1_169' title='bbox 3374 1125 3529 1179; x_wconf 86' lang='lat' dir='ltr'><strong>miles</strong></span> <span class='ocrx_word' id='word_1_170' title='bbox 3556 1134 3658 1187; x_wconf 91' lang='lat' dir='ltr'><strong>est,</strong></span> <span class='ocrx_word' id='word_1_171' title='bbox 3683 1125 3771 1180; x_wconf 91' lang='lat' dir='ltr'><strong>cui</strong></span> <span class='ocrx_word' id='word_1_172' title='bbox 3799 1126 3906 1179; x_wconf 89' lang='lat' dir='ltr'><strong>vir-</strong></span> 
     </span>
    </p>
   </div>
   <div class='ocr_carea' id='block_1_26' title="bbox 2295 1204 3902 1278">
    <p class='ocr_par' dir='ltr' id='par_1_26' title="bbox 2295 1204 3902 1278">
     <span class='ocr_line' id='line_1_26' title="bbox 2295 1204 3902 1278; baseline 0.004 -13"><span class='ocrx_word' id='word_1_173' title='bbox 2295 1218 2382 1266; x_wconf 91' lang='lat' dir='ltr'><strong>tus</strong></span> <span class='ocrx_word' id='word_1_174' title='bbox 2409 1225 2477 1266; x_wconf 80' lang='lat' dir='ltr'><strong>ex</strong></span> <span class='ocrx_word' id='word_1_175' title='bbox 2507 1211 2829 1268; x_wconf 90' lang='lat' dir='ltr'><strong>vulneribus</strong></span> <span class='ocrx_word' id='word_1_176' title='bbox 2859 1213 3084 1278; x_wconf 89' lang='lat' dir='ltr'><strong>crescit,</strong></span> <span class='ocrx_word' id='word_1_177' title='bbox 3139 1204 3205 1268; x_wconf 60' lang='lat' dir='ltr'><strong>e&#39;x</strong></span> <span class='ocrx_word' id='word_1_178' title='bbox 3260 1216 3532 1269; x_wconf 88' lang='lat' dir='ltr'><strong>minarum</strong></span> <span class='ocrx_word' id='word_1_179' title='bbox 3595 1219 3902 1272; x_wconf 83' lang='lat' dir='ltr'><strong>terroribus</strong></span> 
     </span>
    </p>
   </div>
   <div class='ocr_carea' id='block_1_27' title="bbox 2293 1299 3902 1376">
    <p class='ocr_par' dir='ltr' id='par_1_27' title="bbox 2293 1299 3902 1376">
     <span class='ocr_line' id='line_1_27' title="bbox 2293 1299 3902 1376; baseline 0.004 -22"><span class='ocrx_word' id='word_1_180' title='bbox 2293 1300 2615 1356; x_wconf 87' lang='lat' dir='ltr'><strong>animositas</strong></span> <span class='ocrx_word' id='word_1_181' title='bbox 2645 1302 2842 1372; x_wconf 91' lang='lat' dir='ltr'><strong>surgit.</strong></span> <span class='ocrx_word' id='word_1_182' title='bbox 2872 1299 3023 1356; x_wconf 81' lang='lat' dir='ltr'><strong>Nova</strong></span> <span class='ocrx_word' id='word_1_183' title='bbox 3081 1311 3136 1357; x_wconf 91' lang='lat' dir='ltr'><strong>et</strong></span> <span class='ocrx_word' id='word_1_184' title='bbox 3162 1303 3406 1357; x_wconf 89' lang='lat' dir='ltr'><strong>inaudita</strong></span> <span class='ocrx_word' id='word_1_185' title='bbox 3451 1320 3640 1376; x_wconf 70' lang='lat' dir='ltr'><strong>pugna</strong></span> <span class='ocrx_word' id='word_1_186' title='bbox 3665 1314 3774 1371; x_wconf 91' lang='lat' dir='ltr'><strong>est,</strong></span> <span class='ocrx_word' id='word_1_187' title='bbox 3813 1306 3902 1360; x_wconf 89' lang='lat' dir='ltr'><strong>ubi</strong></span> 
     </span>
    </p>
   </div>
   <div class='ocr_carea' id='block_1_28' title="bbox 2292 1391 3902 1463">
    <p class='ocr_par' dir='ltr' id='par_1_28' title="bbox 2292 1391 3902 1463">
     <span class='ocr_line' id='line_1_28' title="bbox 2292 1391 3902 1463; baseline 0.006 -18"><span class='ocrx_word' id='word_1_188' title='bbox 2292 1391 2620 1461; x_wconf 88' lang='lat' dir='ltr'><strong>peregrinus</strong></span> <span class='ocrx_word' id='word_1_189' title='bbox 2648 1400 2927 1463; x_wconf 73' lang='lat' dir='ltr'><strong>expugnat</strong></span> <span class='ocrx_word' id='word_1_190' title='bbox 2956 1393 3173 1459; x_wconf 91' lang='lat' dir='ltr'><strong>urbem,</strong></span> <span class='ocrx_word' id='word_1_191' title='bbox 3209 1393 3385 1448; x_wconf 90' lang='lat' dir='ltr'><strong>incola</strong></span> <span class='ocrx_word' id='word_1_192' title='bbox 3417 1395 3726 1461; x_wconf 89' lang='lat' dir='ltr'><strong>civitatem,</strong></span> <span class='ocrx_word' id='word_1_193' title='bbox 3759 1411 3902 1454; x_wconf 91' lang='lat' dir='ltr'><strong>unus</strong></span> 
     </span>
    </p>
   </div>
   <div class='ocr_carea' id='block_1_29' title="bbox 2292 1483 3900 1558">
    <p class='ocr_par' dir='ltr' id='par_1_29' title="bbox 2292 1483 3900 1558">
     <span class='ocr_line' id='line_1_29' title="bbox 2292 1483 3900 1558; baseline 0.005 -22"><span class='ocrx_word' id='word_1_194' title='bbox 2292 1483 2570 1554; x_wconf 88' lang='lat' dir='ltr'><strong>populum,</strong></span> <span class='ocrx_word' id='word_1_195' title='bbox 2605 1483 2843 1540; x_wconf 89' lang='lat' dir='ltr'><strong>imbellis</strong></span> <span class='ocrx_word' id='word_1_196' title='bbox 2871 1498 3132 1550; x_wconf 87' lang='lat' dir='ltr'><strong>cuneum,</strong></span> <span class='ocrx_word' id='word_1_197' title='bbox 3163 1486 3390 1542; x_wconf 86' lang='lat' dir='ltr'><strong>inermis</strong></span> <span class='ocrx_word' id='word_1_198' title='bbox 3418 1487 3620 1553; x_wconf 90' lang='lat' dir='ltr'><strong>aciem,</strong></span> <span class='ocrx_word' id='word_1_199' title='bbox 3667 1503 3900 1558; x_wconf 87' lang='lat' dir='ltr'><strong>persona</strong></span> 
     </span>
    </p>
   </div>
   <div class='ocr_carea' id='block_1_30' title="bbox 2295 1578 3903 1650">
    <p class='ocr_par' dir='ltr' id='par_1_30' title="bbox 2295 1578 3903 1650">
     <span class='ocr_line' id='line_1_30' title="bbox 2295 1578 3903 1650; baseline 0.002 -17"><span class='ocrx_word' id='word_1_200' title='bbox 2295 1579 2476 1648; x_wconf 81' lang='lat' dir='ltr'><strong>dejicit</strong></span> <span class='ocrx_word' id='word_1_201' title='bbox 2506 1578 2796 1650; x_wconf 89' lang='lat' dir='ltr'><strong>legionem.</strong></span> <span class='ocrx_word' id='word_1_202' title='bbox 2835 1579 3104 1635; x_wconf 85' lang='lat' dir='ltr'><strong>Mirabilis</strong></span> <span class='ocrx_word' id='word_1_203' title='bbox 3133 1589 3188 1634; x_wconf 91' lang='lat' dir='ltr'><strong>et</strong></span> <span class='ocrx_word' id='word_1_204' title='bbox 3217 1581 3486 1650; x_wconf 90' lang='lat' dir='ltr'><strong>stupenda</strong></span> <span class='ocrx_word' id='word_1_205' title='bbox 3517 1581 3748 1636; x_wconf 82' lang='lat' dir='ltr'><strong>victoria</strong></span> <span class='ocrx_word' id='word_1_206' title='bbox 3799 1590 3903 1649; x_wconf 85' lang='lat' dir='ltr'><strong>est,</strong></span> 
     </span>
    </p>
   </div>
   <div class='ocr_carea' id='block_1_31' title="bbox 2292 1659 3905 1743">
    <p class='ocr_par' dir='ltr' id='par_1_31' title="bbox 2292 1659 3905 1743">
     <span class='ocr_line' id='line_1_31' title="bbox 2292 1659 3905 1743; baseline 0.005 -23"><span class='ocrx_word' id='word_1_207' title='bbox 2292 1667 2381 1721; x_wconf 93' lang='lat' dir='ltr'><strong>ubi</strong></span> <span class='ocrx_word' id='word_1_208' title='bbox 2413 1668 2562 1730; x_wconf 90' lang='lat' dir='ltr'><strong>vivit,</strong></span> <span class='ocrx_word' id='word_1_209' title='bbox 2595 1670 2687 1738; x_wconf 89' lang='lat' dir='ltr'><strong>qui</strong></span> <span class='ocrx_word' id='word_1_210' title='bbox 2715 1669 3020 1736; x_wconf 86' lang='lat' dir='ltr'><strong>occiditur;</strong></span> <span class='ocrx_word' id='word_1_211' title='bbox 3052 1659 3250 1742; x_wconf 84' lang='lat' dir='ltr'><strong>surgit,</strong></span> <span class='ocrx_word' id='word_1_212' title='bbox 3275 1672 3370 1741; x_wconf 92' lang='lat' dir='ltr'><strong>qui</strong></span> <span class='ocrx_word' id='word_1_213' title='bbox 3395 1672 3683 1743; x_wconf 85' lang='lat' dir='ltr'><strong>dejicitur;</strong></span> <span class='ocrx_word' id='word_1_214' title='bbox 3713 1673 3905 1738; x_wconf 87' lang='lat' dir='ltr'><strong>vincit,</strong></span> 
     </span>
    </p>
   </div>
   <div class='ocr_carea' id='block_1_32' title="bbox 2293 1751 3907 1833">
    <p class='ocr_par' dir='ltr' id='par_1_32' title="bbox 2293 1751 3907 1833">
     <span class='ocr_line' id='line_1_32' title="bbox 2293 1751 3907 1833; baseline 0.005 -21"><span class='ocrx_word' id='word_1_215' title='bbox 2293 1760 2384 1830; x_wconf 89' lang='lat' dir='ltr'><strong>qui</strong></span> <span class='ocrx_word' id='word_1_216' title='bbox 2427 1769 2750 1830; x_wconf 88' lang='lat' dir='ltr'><strong>superatur;</strong></span> <span class='ocrx_word' id='word_1_217' title='bbox 2785 1769 2842 1817; x_wconf 90' lang='lat' dir='ltr'><strong>et</strong></span> <span class='ocrx_word' id='word_1_218' title='bbox 2862 1771 3442 1832; x_wconf 82' lang='lat' dir='ltr'><strong>postquammortuus</strong></span> <span class='ocrx_word' id='word_1_219' title='bbox 3467 1751 3660 1833; x_wconf 86' lang='lat' dir='ltr'><strong>fuerit,</strong></span> <span class='ocrx_word' id='word_1_220' title='bbox 3688 1781 3907 1822; x_wconf 90' lang='lat' dir='ltr'><strong>omnem</strong></span> 
     </span>
    </p>
   </div>
   <div class='ocr_carea' id='block_1_33' title="bbox 595 1837 3910 1934">
    <p class='ocr_par' dir='ltr' id='par_1_33' title="bbox 595 1837 3910 1934">
     <span class='ocr_line' id='line_1_33' title="bbox 595 1837 3910 1934; baseline 0.001 -20"><span class='ocrx_word' id='word_1_221' title='bbox 595 1859 734 1915; x_wconf 86' lang='lat' dir='ltr'><strong>Nam</strong></span> <span class='ocrx_word' id='word_1_222' title='bbox 757 1859 882 1930; x_wconf 90' lang='lat' dir='ltr'><strong>quid</strong></span> <span class='ocrx_word' id='word_1_223' title='bbox 912 1873 1020 1913; x_wconf 88' lang='lat' dir='ltr'><strong>non</strong></span> <span class='ocrx_word' id='word_1_224' title='bbox 1051 1857 1117 1912; x_wconf 90' lang='lat' dir='ltr'><strong>ad</strong></span> <span class='ocrx_word' id='word_1_225' title='bbox 1169 1856 1389 1910; x_wconf 88' lang='lat' dir='ltr'><strong>victoris</strong></span> <span class='ocrx_word' id='word_1_226' title='bbox 1419 1855 1648 1927; x_wconf 90' lang='lat' dir='ltr'><strong>gloriam</strong></span> <span class='ocrx_word' id='word_1_227' title='bbox 1675 1868 1865 1908; x_wconf 86' lang='lat' dir='ltr'><strong>vecors</strong></span> <span class='ocrx_word' id='word_1_228' title='bbox 1910 1852 2187 1924; x_wconf 88' lang='lat' dir='ltr'><strong>ingenium</strong></span> <span class='ocrx_word' id='word_1_229' title='bbox 2217 1870 2266 1930; x_wconf 73' lang='grc' dir='ltr'><strong>Β</strong></span> <span class='ocrx_word' id='word_1_230' title='bbox 2295 1854 2541 1910; x_wconf 60' lang='lat' dir='ltr'><strong>adversa;</strong></span> <span class='ocrx_word' id='word_1_231' title='bbox 2566 1856 2738 1925; x_wconf 87' lang='lat' dir='ltr'><strong>partis</strong></span> <span class='ocrx_word' id='word_1_232' title='bbox 2766 1857 2942 1912; x_wconf 91' lang='lat' dir='ltr'><strong>aciem</strong></span> <span class='ocrx_word' id='word_1_233' title='bbox 2974 1858 3042 1912; x_wconf 91' lang='lat' dir='ltr'><strong>ad</strong></span> <span class='ocrx_word' id='word_1_234' title='bbox 3085 1837 3168 1918; x_wconf 65' lang='lat' dir='ltr'><strong>alii</strong></span> <span class='ocrx_word' id='word_1_235' title='bbox 3205 1859 3560 1930; x_wconf 89' lang='lat' dir='ltr'><strong>imperatoris</strong></span> <span class='ocrx_word' id='word_1_236' title='bbox 3581 1861 3736 1934; x_wconf 86' lang='lat' dir='ltr'><strong>signa</strong></span> <span class='ocrx_word' id='word_1_237' title='bbox 3778 1878 3910 1918; x_wconf 87' lang='lat' dir='ltr'><strong>con-</strong></span> 
     </span>
    </p>
   </div>
   <div class='ocr_carea' id='block_1_34' title="bbox 592 1945 2190 2020">
    <p class='ocr_par' dir='ltr' id='par_1_34' title="bbox 592 1945 2190 2020">
     <span class='ocr_line' id='line_1_34' title="bbox 592 1945 2190 2020; baseline -0.005 -13"><span class='ocrx_word' id='word_1_238' title='bbox 592 1961 753 2007; x_wconf 89' lang='lat' dir='ltr'><strong>tuum</strong></span> <span class='ocrx_word' id='word_1_239' title='bbox 781 1950 1003 2020; x_wconf 85' lang='lat' dir='ltr'><strong>reperit,</strong></span> <span class='ocrx_word' id='word_1_240' title='bbox 1033 1948 1312 2019; x_wconf 89' lang='lat' dir='ltr'><strong>quandoiu</strong></span> <span class='ocrx_word' id='word_1_241' title='bbox 1339 1948 1601 2003; x_wconf 89' lang='lat' dir='ltr'><strong>honorem</strong></span> <span class='ocrx_word' id='word_1_242' title='bbox 1633 1946 1970 2001; x_wconf 87' lang='lat' dir='ltr'><strong>transierunt</strong></span> <span class='ocrx_word' id='word_1_243' title='bbox 1995 1945 2190 2000; x_wconf 88' lang='lat' dir='ltr'><strong>trium-</strong></span> 
     </span>
    </p>
   </div>
   <div class='ocr_carea' id='block_1_35' title="bbox 585 2037 1752 2113">
    <p class='ocr_par' dir='ltr' id='par_1_35' title="bbox 585 2037 1752 2113">
     <span class='ocr_line' id='line_1_35' title="bbox 585 2037 1752 2113; baseline -0.006 -16"><span class='ocrx_word' id='word_1_244' title='bbox 585 2041 690 2113; x_wconf 84' lang='lat' dir='ltr'><strong>pbi</strong></span> <span class='ocrx_word' id='word_1_245' title='bbox 723 2041 840 2111; x_wconf 88' lang='lat' dir='ltr'><strong>ipsa</strong></span> <span class='ocrx_word' id='word_1_246' title='bbox 873 2040 1042 2096; x_wconf 91' lang='lat' dir='ltr'><strong>etiam</strong></span> <span class='ocrx_word' id='word_1_247' title='bbox 1070 2040 1433 2095; x_wconf 87' lang='lat' dir='ltr'><strong>instrumenta</strong></span> <span class='ocrx_word' id='word_1_248' title='bbox 1463 2037 1752 2109; x_wconf 79' lang='lat' dir='ltr'><strong>supplicii?</strong></span> 
     </span>
    </p>
   </div>
   <div class='ocr_carea' id='block_1_36' title="bbox 667 2126 2190 2202">
    <p class='ocr_par' dir='ltr' id='par_1_36' title="bbox 667 2126 2190 2202">
     <span class='ocr_line' id='line_1_36' title="bbox 667 2126 2190 2202; baseline -0.005 -13"><span class='ocrx_word' id='word_1_249' title='bbox 667 2128 788 2189; x_wconf 68' lang='lat' dir='ltr'><strong>Sed&#39;</strong></span> <span class='ocrx_word' id='word_1_250' title='bbox 812 2132 992 2188; x_wconf 88' lang='lat' dir='ltr'><strong>adhuc</strong></span> <span class='ocrx_word' id='word_1_251' title='bbox 1018 2130 1330 2202; x_wconf 89' lang='lat' dir='ltr'><strong>diligentius</strong></span> <span class='ocrx_word' id='word_1_252' title='bbox 1363 2130 1662 2185; x_wconf 87' lang='lat' dir='ltr'><strong>laceratum</strong></span> <span class='ocrx_word' id='word_1_253' title='bbox 1688 2143 1885 2198; x_wconf 87' lang='lat' dir='ltr'><strong>corpus</strong></span> <span class='ocrx_word' id='word_1_254' title='bbox 1913 2126 2190 2194; x_wconf 84' lang='lat' dir='ltr'><strong>examina,</strong></span> 
     </span>
    </p>
   </div>
   <div class='ocr_carea' id='block_1_37' title="bbox 585 2217 2189 2294">
    <p class='ocr_par' dir='ltr' id='par_1_37' title="bbox 585 2217 2189 2294">
     <span class='ocr_line' id='line_1_37' title="bbox 585 2217 2189 2294; baseline -0.005 -16"><span class='ocrx_word' id='word_1_255' title='bbox 585 2222 777 2278; x_wconf 72' lang='lat' dir='ltr'><strong>adhuc</strong></span> <span class='ocrx_word' id='word_1_256' title='bbox 805 2237 870 2277; x_wconf 87' lang='lat' dir='ltr'><strong>ea</strong></span> <span class='ocrx_word' id='word_1_257' title='bbox 898 2221 1035 2294; x_wconf 86' lang='lat' dir='ltr'><strong>ipsa,</strong></span> <span class='ocrx_word' id='word_1_258' title='bbox 1065 2235 1186 2292; x_wconf 72' lang='lat' dir='ltr'><strong>qua:</strong></span> <span class='ocrx_word' id='word_1_259' title='bbox 1206 2218 1456 2276; x_wconf 86' lang='lat' dir='ltr'><strong>confossa</strong></span> <span class='ocrx_word' id='word_1_260' title='bbox 1487 2227 1614 2276; x_wconf 88' lang='lat' dir='ltr'><strong>sunt</strong></span> <span class='ocrx_word' id='word_1_261' title='bbox 1634 2217 1899 2284; x_wconf 90' lang='lat' dir='ltr'><strong>membra,</strong></span> <span class='ocrx_word' id='word_1_262' title='bbox 1931 2225 2189 2282; x_wconf 88' lang='lat' dir='ltr'><strong>retracta,</strong></span> 
     </span>
    </p>
   </div>
   <div class='ocr_carea' id='block_1_38' title="bbox 587 2309 2193 2385">
    <p class='ocr_par' dir='ltr' id='par_1_38' title="bbox 587 2309 2193 2385">
     <span class='ocr_line' id='line_1_38' title="bbox 587 2309 2193 2385; baseline -0.004 -14"><span class='ocrx_word' id='word_1_263' title='bbox 587 2329 794 2385; x_wconf 79' lang='lat' dir='ltr'><strong>coque,</strong></span> <span class='ocrx_word' id='word_1_264' title='bbox 822 2314 1069 2385; x_wconf 89' lang='lat' dir='ltr'><strong>discerpe</strong></span> <span class='ocrx_word' id='word_1_265' title='bbox 1099 2315 1260 2378; x_wconf 89' lang='lat' dir='ltr'><strong>ictus,</strong></span> <span class='ocrx_word' id='word_1_266' title='bbox 1291 2313 1458 2377; x_wconf 74' lang='lat' dir='ltr'><strong>caede,</strong></span> <span class='ocrx_word' id='word_1_267' title='bbox 1491 2313 1743 2375; x_wconf 87' lang='lat' dir='ltr'><strong>verbera,</strong></span> <span class='ocrx_word' id='word_1_268' title='bbox 1784 2319 2046 2382; x_wconf 86' lang='lat' dir='ltr'><strong>percute;</strong></span> <span class='ocrx_word' id='word_1_269' title='bbox 2077 2309 2193 2378; x_wconf 88' lang='lat' dir='ltr'><strong>jam</strong></span> 
     </span>
    </p>
   </div>
   <div class='ocr_carea' id='block_1_39' title="bbox 589 2401 2189 2474">
    <p class='ocr_par' dir='ltr' id='par_1_39' title="bbox 589 2401 2189 2474">
     <span class='ocr_line' id='line_1_39' title="bbox 589 2401 2189 2474; baseline -0.003 -14"><span class='ocrx_word' id='word_1_270' title='bbox 589 2405 666 2461; x_wconf 82' lang='lat' dir='ltr'><strong>de</strong></span> <span class='ocrx_word' id='word_1_271' title='bbox 704 2412 818 2459; x_wconf 91' lang='lat' dir='ltr'><strong>toto</strong></span> <span class='ocrx_word' id='word_1_272' title='bbox 862 2417 1094 2474; x_wconf 83' lang='lat' dir='ltr'><strong>corpore</strong></span> <span class='ocrx_word' id='word_1_273' title='bbox 1137 2403 1485 2458; x_wconf 68' lang='lat' dir='ltr'><strong>invictissimi</strong></span> <span class='ocrx_word' id='word_1_274' title='bbox 1533 2402 1794 2473; x_wconf 78' lang='lat' dir='ltr'><strong>martyris</strong></span> <span class='ocrx_word' id='word_1_275' title='bbox 1843 2402 1972 2472; x_wconf 87' lang='lat' dir='ltr'><strong>quid</strong></span> <span class='ocrx_word' id='word_1_276' title='bbox 2020 2401 2189 2468; x_wconf 85' lang='lat' dir='ltr'><strong>aliud,</strong></span> 
     </span>
    </p>
   </div>
   <div class='ocr_carea' id='block_1_40' title="bbox 586 2493 2196 2564">
    <p class='ocr_par' dir='ltr' id='par_1_40' title="bbox 586 2493 2196 2564">
     <span class='ocr_line' id='line_1_40' title="bbox 586 2493 2196 2564; baseline -0.003 -13"><span class='ocrx_word' id='word_1_277' title='bbox 586 2495 698 2551; x_wconf 83' lang='lat' dir='ltr'><strong>nisi</strong></span> <span class='ocrx_word' id='word_1_278' title='bbox 712 2494 899 2564; x_wconf 81' lang='lat' dir='ltr'><strong>plagas</strong></span> <span class='ocrx_word' id='word_1_279' title='bbox 922 2494 1127 2564; x_wconf 88' lang='lat' dir='ltr'><strong>poteris</strong></span> <span class='ocrx_word' id='word_1_280' title='bbox 1146 2493 1468 2549; x_wconf 83' lang='lat' dir='ltr'><strong>vulnerare?</strong></span> <span class='ocrx_word' id='word_1_281' title='bbox 1494 2493 1694 2548; x_wconf 89' lang='lat' dir='ltr'><strong>Bulliat</strong></span> <span class='ocrx_word' id='word_1_282' title='bbox 1718 2509 1932 2560; x_wconf 86' lang='lat' dir='ltr'><strong>aurum,</strong></span> <span class='ocrx_word' id='word_1_283' title='bbox 1957 2508 2066 2548; x_wconf 88' lang='lat' dir='ltr'><strong>non</strong></span> <span class='ocrx_word' id='word_1_284' title='bbox 2091 2494 2196 2547; x_wconf 85' lang='lat' dir='ltr'><strong>mi-</strong></span> 
     </span>
    </p>
   </div>
   <div class='ocr_carea' id='block_1_41' title="bbox 592 2575 2194 2655">
    <p class='ocr_par' dir='ltr' id='par_1_41' title="bbox 592 2575 2194 2655">
     <span class='ocr_line' id='line_1_41' title="bbox 592 2575 2194 2655; baseline -0.001 -14"><span class='ocrx_word' id='word_1_285' title='bbox 592 2587 815 2650; x_wconf 89' lang='lat' dir='ltr'><strong>nuitur;</strong></span> <span class='ocrx_word' id='word_1_286' title='bbox 848 2587 1087 2641; x_wconf 64' lang='lat' dir='ltr'><strong>cadatur</strong></span> <span class='ocrx_word' id='word_1_287' title='bbox 1111 2575 1355 2649; x_wconf 89' lang='lat' dir='ltr'><strong>adamas,</strong></span> <span class='ocrx_word' id='word_1_288' title='bbox 1386 2601 1491 2641; x_wconf 79' lang='lat' dir='ltr'><strong>non</strong></span> <span class='ocrx_word' id='word_1_289' title='bbox 1530 2595 1766 2641; x_wconf 85' lang='lat' dir='ltr'><strong>secatur.</strong></span> <span class='ocrx_word' id='word_1_290' title='bbox 1793 2585 1913 2640; x_wconf 82' lang='lat' dir='ltr'><strong>Jam</strong></span> <span class='ocrx_word' id='word_1_291' title='bbox 1958 2585 2194 2655; x_wconf 90' lang='lat' dir='ltr'><strong>denique</strong></span> 
     </span>
    </p>
   </div>
   <div class='ocr_carea' id='block_1_42' title="bbox 586 2671 2195 2746">
    <p class='ocr_par' dir='ltr' id='par_1_42' title="bbox 586 2671 2195 2746">
     <span class='ocr_line' id='line_1_42' title="bbox 586 2671 2195 2746; baseline -0.003 -13"><span class='ocrx_word' id='word_1_292' title='bbox 586 2677 688 2733; x_wconf 88' lang='lat' dir='ltr'><strong>ille</strong></span> <span class='ocrx_word' id='word_1_293' title='bbox 718 2677 785 2732; x_wconf 91' lang='lat' dir='ltr'><strong>ad</strong></span> <span class='ocrx_word' id='word_1_294' title='bbox 812 2676 933 2732; x_wconf 69' lang='lat' dir='ltr'><strong>caeli</strong></span> <span class='ocrx_word' id='word_1_295' title='bbox 962 2671 1173 2732; x_wconf 87' lang='lat' dir='ltr'><strong>culmen</strong></span> <span class='ocrx_word' id='word_1_296' title='bbox 1203 2675 1440 2738; x_wconf 84' lang='lat' dir='ltr'><strong>anhelat,</strong></span> <span class='ocrx_word' id='word_1_297' title='bbox 1467 2676 1581 2746; x_wconf 88' lang='lat' dir='ltr'><strong>jam</strong></span> <span class='ocrx_word' id='word_1_298' title='bbox 1632 2684 1812 2730; x_wconf 90' lang='lat' dir='ltr'><strong>mente</strong></span> <span class='ocrx_word' id='word_1_299' title='bbox 1864 2675 1919 2729; x_wconf 92' lang='lat' dir='ltr'><strong>in</strong></span> <span class='ocrx_word' id='word_1_300' title='bbox 1950 2673 2195 2730; x_wconf 83' lang='lat' dir='ltr'><strong>sublimi-</strong></span> 
     </span>
    </p>
   </div>
   <div class='ocr_carea' id='block_1_43' title="bbox 593 2766 2196 2834">
    <p class='ocr_par' dir='ltr' id='par_1_43' title="bbox 593 2766 2196 2834">
     <span class='ocr_line' id='line_1_43' title="bbox 593 2766 2196 2834; baseline -0.004 -9"><span class='ocrx_word' id='word_1_301' title='bbox 593 2771 703 2825; x_wconf 85' lang='lat' dir='ltr'><strong>bus</strong></span> <span class='ocrx_word' id='word_1_302' title='bbox 751 2769 988 2834; x_wconf 90' lang='lat' dir='ltr'><strong>habitat;</strong></span> <span class='ocrx_word' id='word_1_303' title='bbox 1023 2768 1156 2822; x_wconf 87' lang='lat' dir='ltr'><strong>nihil</strong></span> <span class='ocrx_word' id='word_1_304' title='bbox 1186 2767 1354 2833; x_wconf 86' lang='lat' dir='ltr'><strong>dolet,</strong></span> <span class='ocrx_word' id='word_1_305' title='bbox 1386 2767 1521 2821; x_wconf 86' lang='lat' dir='ltr'><strong>nihil</strong></span> <span class='ocrx_word' id='word_1_306' title='bbox 1569 2767 1744 2830; x_wconf 87' lang='lat' dir='ltr'><strong>timet,</strong></span> <span class='ocrx_word' id='word_1_307' title='bbox 1783 2766 1913 2831; x_wconf 91' lang='lat' dir='ltr'><strong>nisi,</strong></span> <span class='ocrx_word' id='word_1_308' title='bbox 1946 2779 1979 2820; x_wconf 97' lang='lat' dir='ltr'><strong>o</strong></span> <span class='ocrx_word' id='word_1_309' title='bbox 2009 2778 2196 2833; x_wconf 85' lang='lat' dir='ltr'><strong>perse-</strong></span> 
     </span>
    </p>
   </div>
   <div class='ocr_carea' id='block_1_44' title="bbox 581 2853 2191 2932">
    <p class='ocr_par' dir='ltr' id='par_1_44' title="bbox 581 2853 2191 2932">
     <span class='ocr_line' id='line_1_44' title="bbox 581 2853 2191 2932; baseline -0.006 -18"><span class='ocrx_word' id='word_1_310' title='bbox 581 2869 844 2923; x_wconf 72' lang='lat' dir='ltr'><strong>cutores,</strong></span> <span class='ocrx_word' id='word_1_311' title='bbox 868 2857 1038 2932; x_wconf 86' lang='lat' dir='ltr'><strong>solam</strong></span> <span class='ocrx_word' id='word_1_312' title='bbox 1064 2859 1318 2928; x_wconf 84' lang='lat' dir='ltr'><strong>pietatem</strong></span> <span class='ocrx_word' id='word_1_313' title='bbox 1344 2865 1600 2918; x_wconf 89' lang='lat' dir='ltr'><strong>vestram,</strong></span> <span class='ocrx_word' id='word_1_314' title='bbox 1624 2870 1745 2923; x_wconf 71' lang='lat' dir='ltr'><strong>qua:</strong></span> <span class='ocrx_word' id='word_1_315' title='bbox 1769 2855 1813 2907; x_wconf 92' lang='lat' dir='ltr'><strong>si</strong></span> <span class='ocrx_word' id='word_1_316' title='bbox 1835 2854 1884 2907; x_wconf 91' lang='lat' dir='ltr'><strong>ei</strong></span> <span class='ocrx_word' id='word_1_317' title='bbox 1914 2853 2191 2916; x_wconf 91' lang='lat' dir='ltr'><strong>tribuitur,</strong></span> 
     </span>
    </p>
   </div>
   <div class='ocr_carea' id='block_1_45' title="bbox 584 2942 2196 3021">
    <p class='ocr_par' dir='ltr' id='par_1_45' title="bbox 584 2942 2196 3021">
     <span class='ocr_line' id='line_1_45' title="bbox 584 2942 2196 3021; baseline -0.005 -16"><span class='ocrx_word' id='word_1_318' title='bbox 584 2953 664 3007; x_wconf 89' lang='lat' dir='ltr'><strong>ab</strong></span> <span class='ocrx_word' id='word_1_319' title='bbox 691 2951 813 3021; x_wconf 93' lang='lat' dir='ltr'><strong>ipso</strong></span> <span class='ocrx_word' id='word_1_320' title='bbox 842 2951 1090 3019; x_wconf 83' lang='lat' dir='ltr'><strong>impietas</strong></span> <span class='ocrx_word' id='word_1_321' title='bbox 1120 2946 1499 3002; x_wconf 89' lang='lat' dir='ltr'><strong>crudelissima</strong></span> <span class='ocrx_word' id='word_1_322' title='bbox 1528 2946 1859 3015; x_wconf 74' lang='lat' dir='ltr'><strong>deputatur;</strong></span> <span class='ocrx_word' id='word_1_323' title='bbox 1889 2956 1947 2998; x_wconf 92' lang='lat' dir='ltr'><strong>et</strong></span> <span class='ocrx_word' id='word_1_324' title='bbox 1993 2942 2041 2998; x_wconf 89' lang='lat' dir='ltr'><strong>si</strong></span> <span class='ocrx_word' id='word_1_325' title='bbox 2089 2942 2196 2998; x_wconf 80' lang='lat' dir='ltr'><strong>tela</strong></span> 
     </span>
    </p>
   </div>
   <div class='ocr_carea' id='block_1_46' title="bbox 582 3029 2193 3108">
    <p class='ocr_par' dir='ltr' id='par_1_46' title="bbox 582 3029 2193 3108">
     <span class='ocr_line' id='line_1_46' title="bbox 582 3029 2193 3108; baseline -0.006 -15"><span class='ocrx_word' id='word_1_326' title='bbox 582 3029 782 3095; x_wconf 74' lang='lat' dir='ltr'><strong>vestra</strong></span> <span class='ocrx_word' id='word_1_327' title='bbox 810 3042 874 3093; x_wconf 89' lang='lat' dir='ltr'><strong>ad</strong></span> <span class='ocrx_word' id='word_1_328' title='bbox 903 3039 1021 3108; x_wconf 83' lang='lat' dir='ltr'><strong>ejus</strong></span> <span class='ocrx_word' id='word_1_329' title='bbox 1049 3035 1212 3092; x_wconf 88' lang='lat' dir='ltr'><strong>vultis</strong></span> <span class='ocrx_word' id='word_1_330' title='bbox 1242 3037 1500 3092; x_wconf 82' lang='lat' dir='ltr'><strong>interiora</strong></span> <span class='ocrx_word' id='word_1_331' title='bbox 1529 3034 1864 3105; x_wconf 83' lang='lat' dir='ltr'><strong>pertingere,</strong></span> <span class='ocrx_word' id='word_1_332' title='bbox 1893 3031 2010 3087; x_wconf 84' lang='lat' dir='ltr'><strong>sola</strong></span> <span class='ocrx_word' id='word_1_333' title='bbox 2039 3030 2193 3085; x_wconf 87' lang='lat' dir='ltr'><strong>illum</strong></span> 
     </span>
    </p>
   </div>
   <div class='ocr_carea' id='block_1_47' title="bbox 582 3121 2196 3203">
    <p class='ocr_par' dir='ltr' id='par_1_47' title="bbox 582 3121 2196 3203">
     <span class='ocr_line' id='line_1_47' title="bbox 582 3121 2196 3203; baseline -0.008 -14"><span class='ocrx_word' id='word_1_334' title='bbox 582 3135 806 3203; x_wconf 82' lang='lat' dir='ltr'><strong>pietate</strong></span> <span class='ocrx_word' id='word_1_335' title='bbox 853 3131 1034 3186; x_wconf 82' lang='lat' dir='ltr'><strong>ferite.</strong></span> <span class='ocrx_word' id='word_1_336' title='bbox 1086 3128 1238 3184; x_wconf 90' lang='lat' dir='ltr'><strong>Tunc</strong></span> <span class='ocrx_word' id='word_1_337' title='bbox 1271 3129 1417 3185; x_wconf 89' lang='lat' dir='ltr'><strong>enim</strong></span> <span class='ocrx_word' id='word_1_338' title='bbox 1463 3128 1702 3198; x_wconf 88' lang='lat' dir='ltr'><strong>graviter</strong></span> <span class='ocrx_word' id='word_1_339' title='bbox 1733 3122 2110 3195; x_wconf 88' lang='lat' dir='ltr'><strong>indignamini,</strong></span> <span class='ocrx_word' id='word_1_340' title='bbox 2149 3121 2196 3177; x_wconf 87' lang='lat' dir='ltr'><strong>si</strong></span> 
     </span>
    </p>
   </div>
   <div class='ocr_carea' id='block_1_48' title="bbox 2293 1943 3905 2025">
    <p class='ocr_par' dir='ltr' id='par_1_48' title="bbox 2293 1943 3905 2025">
     <span class='ocr_line' id='line_1_48' title="bbox 2293 1943 3905 2025; baseline 0.009 -30"><span class='ocrx_word' id='word_1_341' title='bbox 2293 1945 2475 1999; x_wconf 88' lang='lat' dir='ltr'><strong>vertit.</strong></span> <span class='ocrx_word' id='word_1_342' title='bbox 2507 1943 2608 2000; x_wconf 89' lang='lat' dir='ltr'><strong>Ubi</strong></span> <span class='ocrx_word' id='word_1_343' title='bbox 2640 1961 2789 2001; x_wconf 88' lang='lat' dir='ltr'><strong>mors</strong></span> <span class='ocrx_word' id='word_1_344' title='bbox 2818 1947 3088 2014; x_wconf 86' lang='lat' dir='ltr'><strong>evaditur,</strong></span> <span class='ocrx_word' id='word_1_345' title='bbox 3115 1965 3238 2004; x_wconf 90' lang='lat' dir='ltr'><strong>cum</strong></span> <span class='ocrx_word' id='word_1_346' title='bbox 3264 1951 3513 2018; x_wconf 91' lang='lat' dir='ltr'><strong>subitur;</strong></span> <span class='ocrx_word' id='word_1_347' title='bbox 3550 1954 3660 2009; x_wconf 86' lang='lat' dir='ltr'><strong>vita</strong></span> <span class='ocrx_word' id='word_1_348' title='bbox 3690 1953 3905 2025; x_wconf 86' lang='lat' dir='ltr'><strong>incipit,</strong></span> 
     </span>
    </p>
   </div>
   <div class='ocr_carea' id='block_1_49' title="bbox 2294 2033 3912 2116">
    <p class='ocr_par' dir='ltr' id='par_1_49' title="bbox 2294 2033 3912 2116">
     <span class='ocr_line' id='line_1_49' title="bbox 2294 2033 3912 2116; baseline 0.007 -28"><span class='ocrx_word' id='word_1_349' title='bbox 2294 2049 2418 2088; x_wconf 90' lang='lat' dir='ltr'><strong>cum</strong></span> <span class='ocrx_word' id='word_1_350' title='bbox 2451 2034 2656 2091; x_wconf 83' lang='lat' dir='ltr'><strong>linitur.</strong></span> <span class='ocrx_word' id='word_1_351' title='bbox 2706 2036 2916 2093; x_wconf 85' lang='lat' dir='ltr'><strong>Novum</strong></span> <span class='ocrx_word' id='word_1_352' title='bbox 2948 2033 3202 2110; x_wconf 84' lang='lat' dir='ltr'><strong>litigium,</strong></span> <span class='ocrx_word' id='word_1_353' title='bbox 3252 2042 3342 2097; x_wconf 91' lang='lat' dir='ltr'><strong>ubi</strong></span> <span class='ocrx_word' id='word_1_354' title='bbox 3384 2042 3597 2112; x_wconf 91' lang='lat' dir='ltr'><strong>judicio</strong></span> <span class='ocrx_word' id='word_1_355' title='bbox 3652 2046 3912 2116; x_wconf 58' lang='lat' dir='ltr'><strong>praesidet</strong></span> 
     </span>
    </p>
   </div>
   <div class='ocr_carea' id='block_1_50' title="bbox 2292 2124 3911 2201">
    <p class='ocr_par' dir='ltr' id='par_1_50' title="bbox 2292 2124 3911 2201">
     <span class='ocr_line' id='line_1_50' title="bbox 2292 2124 3911 2201; baseline 0.008 -23"><span class='ocrx_word' id='word_1_356' title='bbox 2292 2124 2548 2194; x_wconf 73' lang='lat' dir='ltr'><strong>populus,</strong></span> <span class='ocrx_word' id='word_1_357' title='bbox 2580 2136 2636 2182; x_wconf 91' lang='lat' dir='ltr'><strong>et</strong></span> <span class='ocrx_word' id='word_1_358' title='bbox 2658 2142 2802 2183; x_wconf 92' lang='lat' dir='ltr'><strong>unus</strong></span> <span class='ocrx_word' id='word_1_359' title='bbox 2832 2127 3122 2184; x_wconf 89' lang='lat' dir='ltr'><strong>deducitur</strong></span> <span class='ocrx_word' id='word_1_360' title='bbox 3142 2130 3505 2201; x_wconf 88' lang='lat' dir='ltr'><strong>judicandus;</strong></span> <span class='ocrx_word' id='word_1_361' title='bbox 3531 2136 3620 2190; x_wconf 92' lang='lat' dir='ltr'><strong>ubi</strong></span> <span class='ocrx_word' id='word_1_362' title='bbox 3655 2151 3798 2191; x_wconf 89' lang='lat' dir='ltr'><strong>unus</strong></span> <span class='ocrx_word' id='word_1_363' title='bbox 3826 2138 3911 2190; x_wconf 89' lang='lat' dir='ltr'><strong>in-</strong></span> 
     </span>
    </p>
   </div>
   <div class='ocr_carea' id='block_1_51' title="bbox 2299 2219 3908 2284">
    <p class='ocr_par' dir='ltr' id='par_1_51' title="bbox 2299 2219 3908 2284">
     <span class='ocr_line' id='line_1_51' title="bbox 2299 2219 3908 2284; baseline 0.007 -13"><span class='ocrx_word' id='word_1_364' title='bbox 2299 2220 2527 2272; x_wconf 73' lang='lat' dir='ltr'><strong>nocens</strong></span> <span class='ocrx_word' id='word_1_365' title='bbox 2553 2227 2862 2284; x_wconf 89' lang='lat' dir='ltr'><strong>accusatur,</strong></span> <span class='ocrx_word' id='word_1_366' title='bbox 2901 2219 3196 2276; x_wconf 90' lang='lat' dir='ltr'><strong>multorum</strong></span> <span class='ocrx_word' id='word_1_367' title='bbox 3237 2224 3631 2282; x_wconf 88' lang='lat' dir='ltr'><strong>damnabilium</strong></span> <span class='ocrx_word' id='word_1_368' title='bbox 3677 2242 3908 2283; x_wconf 83' lang='lat' dir='ltr'><strong>censura</strong></span> 
     </span>
    </p>
   </div>
   <div class='ocr_carea' id='block_1_52' title="bbox 2299 2307 3702 2383">
    <p class='ocr_par' dir='ltr' id='par_1_52' title="bbox 2299 2307 3702 2383">
     <span class='ocr_line' id='line_1_52' title="bbox 2299 2307 3702 2383; baseline 0.008 -21"><span class='ocrx_word' id='word_1_369' title='bbox 2299 2307 2668 2376; x_wconf 87' lang='lat' dir='ltr'><strong>depromitur;</strong></span> <span class='ocrx_word' id='word_1_370' title='bbox 2703 2310 2796 2366; x_wconf 85' lang='lat' dir='ltr'><strong>ubi</strong></span> <span class='ocrx_word' id='word_1_371' title='bbox 2818 2309 3002 2380; x_wconf 88' lang='lat' dir='ltr'><strong>justus</strong></span> <span class='ocrx_word' id='word_1_372' title='bbox 3029 2314 3271 2383; x_wconf 85' lang='lat' dir='ltr'><strong>vapulat,</strong></span> <span class='ocrx_word' id='word_1_373' title='bbox 3300 2331 3428 2372; x_wconf 90' lang='lat' dir='ltr'><strong>reus</strong></span> <span class='ocrx_word' id='word_1_374' title='bbox 3453 2317 3702 2373; x_wconf 88' lang='lat' dir='ltr'><strong>damnat.</strong></span> 
     </span>
    </p>
   </div>
   <div class='ocr_carea' id='block_1_53' title="bbox 2374 2392 3911 2472">
    <p class='ocr_par' dir='ltr' id='par_1_53' title="bbox 2374 2392 3911 2472">
     <span class='ocr_line' id='line_1_53' title="bbox 2374 2392 3911 2472; baseline 0.01 -21"><span class='ocrx_word' id='word_1_375' title='bbox 2374 2395 2662 2455; x_wconf 85' lang='lat' dir='ltr'><strong>Sedinter</strong></span> <span class='ocrx_word' id='word_1_376' title='bbox 2692 2414 2883 2456; x_wconf 90' lang='lat' dir='ltr'><strong>omnes</strong></span> <span class='ocrx_word' id='word_1_377' title='bbox 2913 2392 2975 2456; x_wconf 80' lang='grc' dir='ltr'><strong>Β.</strong></span> <span class='ocrx_word' id='word_1_378' title='bbox 3004 2402 3356 2472; x_wconf 82' lang='lat' dir='ltr'><strong>Apollinaris,</strong></span> <span class='ocrx_word' id='word_1_379' title='bbox 3390 2423 3499 2462; x_wconf 91' lang='lat' dir='ltr'><strong>non</strong></span> <span class='ocrx_word' id='word_1_380' title='bbox 3547 2407 3728 2464; x_wconf 92' lang='lat' dir='ltr'><strong>dicam</strong></span> <span class='ocrx_word' id='word_1_381' title='bbox 3761 2409 3911 2466; x_wconf 72' lang='lat' dir='ltr'><strong>Judi-</strong></span> 
     </span>
    </p>
   </div>
   <div class='ocr_carea' id='block_1_54' title="bbox 2293 2477 3902 2568">
    <p class='ocr_par' dir='ltr' id='par_1_54' title="bbox 2293 2477 3902 2568">
     <span class='ocr_line' id='line_1_54' title="bbox 2293 2477 3902 2568; baseline 0.008 -26"><span class='ocrx_word' id='word_1_382' title='bbox 2293 2501 2407 2552; x_wconf 91' lang='lat' dir='ltr'><strong>ces,</strong></span> <span class='ocrx_word' id='word_1_383' title='bbox 2441 2477 2538 2544; x_wconf 81' lang='lat' dir='ltr'><strong>sed</strong></span> <span class='ocrx_word' id='word_1_384' title='bbox 2565 2489 2873 2557; x_wconf 87' lang='lat' dir='ltr'><strong>carnifices,</strong></span> <span class='ocrx_word' id='word_1_385' title='bbox 2903 2507 3009 2546; x_wconf 93' lang='lat' dir='ltr'><strong>nou</strong></span> <span class='ocrx_word' id='word_1_386' title='bbox 3042 2494 3320 2563; x_wconf 71' lang='lat' dir='ltr'><strong>pra&#39;sides,</strong></span> <span class='ocrx_word' id='word_1_387' title='bbox 3353 2511 3450 2551; x_wconf 85' lang='lat' dir='ltr'><strong>sed</strong></span> <span class='ocrx_word' id='word_1_388' title='bbox 3491 2505 3750 2566; x_wconf 90' lang='lat' dir='ltr'><strong>tortores,</strong></span> <span class='ocrx_word' id='word_1_389' title='bbox 3786 2510 3902 2568; x_wconf 88' lang='lat' dir='ltr'><strong>tua,</strong></span> 
     </span>
    </p>
   </div>
   <div class='ocr_carea' id='block_1_55' title="bbox 2296 2579 3912 2659">
    <p class='ocr_par' dir='ltr' id='par_1_55' title="bbox 2296 2579 3912 2659">
     <span class='ocr_line' id='line_1_55' title="bbox 2296 2579 3912 2659; baseline 0.011 -25"><span class='ocrx_word' id='word_1_390' title='bbox 2296 2579 2605 2649; x_wconf 84' lang='lat' dir='ltr'><strong>Messaline,</strong></span> <span class='ocrx_word' id='word_1_391' title='bbox 2636 2584 2936 2641; x_wconf 86' lang='lat' dir='ltr'><strong>crudelitas</strong></span> <span class='ocrx_word' id='word_1_392' title='bbox 2961 2586 3211 2657; x_wconf 90' lang='lat' dir='ltr'><strong>luporum</strong></span> <span class='ocrx_word' id='word_1_393' title='bbox 3259 2592 3476 2645; x_wconf 82' lang='lat' dir='ltr'><strong>excedit</strong></span> <span class='ocrx_word' id='word_1_394' title='bbox 3525 2594 3760 2659; x_wconf 86' lang='lat' dir='ltr'><strong>rabiem,</strong></span> <span class='ocrx_word' id='word_1_395' title='bbox 3795 2595 3912 2650; x_wconf 89' lang='lat' dir='ltr'><strong>leo-</strong></span> 
     </span>
    </p>
   </div>
   <div class='ocr_carea' id='block_1_56' title="bbox 2296 2674 3912 2750">
    <p class='ocr_par' dir='ltr' id='par_1_56' title="bbox 2296 2674 3912 2750">
     <span class='ocr_line' id='line_1_56' title="bbox 2296 2674 3912 2750; baseline 0.009 -24"><span class='ocrx_word' id='word_1_396' title='bbox 2296 2687 2425 2729; x_wconf 75' lang='lat' dir='ltr'><strong>num</strong></span> <span class='ocrx_word' id='word_1_397' title='bbox 2444 2687 2737 2744; x_wconf 80' lang='lat' dir='ltr'><strong>exsuperat</strong></span> <span class='ocrx_word' id='word_1_398' title='bbox 2761 2674 3061 2732; x_wconf 82' lang='lat' dir='ltr'><strong>feritatem.</strong></span> <span class='ocrx_word' id='word_1_399' title='bbox 3091 2677 3226 2733; x_wconf 86' lang='lat' dir='ltr'><strong>Nam</strong></span> <span class='ocrx_word' id='word_1_400' title='bbox 3253 2691 3376 2750; x_wconf 91' lang='lat' dir='ltr'><strong>post</strong></span> <span class='ocrx_word' id='word_1_401' title='bbox 3403 2695 3761 2741; x_wconf 87' lang='lat' dir='ltr'><strong>cruentorum</strong></span> <span class='ocrx_word' id='word_1_402' title='bbox 3787 2702 3912 2742; x_wconf 81' lang='lat' dir='ltr'><strong>ver-</strong></span> 
     </span>
    </p>
   </div>
   <div class='ocr_carea' id='block_1_57' title="bbox 2295 2763 3907 2838">
    <p class='ocr_par' dir='ltr' id='par_1_57' title="bbox 2295 2763 3907 2838">
     <span class='ocr_line' id='line_1_57' title="bbox 2295 2763 3907 2838; baseline 0.009 -21"><span class='ocrx_word' id='word_1_403' title='bbox 2295 2763 2734 2831; x_wconf 64' lang='lat' dir='ltr'><strong>berum-caedem,</strong></span> <span class='ocrx_word' id='word_1_404' title='bbox 2768 2776 2892 2837; x_wconf 89' lang='lat' dir='ltr'><strong>post</strong></span> <span class='ocrx_word' id='word_1_405' title='bbox 2920 2769 3230 2838; x_wconf 91' lang='lat' dir='ltr'><strong>patentium</strong></span> <span class='ocrx_word' id='word_1_406' title='bbox 3268 2772 3562 2828; x_wconf 91' lang='lat' dir='ltr'><strong>vulnerum</strong></span> <span class='ocrx_word' id='word_1_407' title='bbox 3600 2773 3907 2832; x_wconf 88' lang='lat' dir='ltr'><strong>multitudi-</strong></span> 
     </span>
    </p>
   </div>
   <div class='ocr_carea' id='block_1_58' title="bbox 2297 2855 3907 2934">
    <p class='ocr_par' dir='ltr' id='par_1_58' title="bbox 2297 2855 3907 2934">
     <span class='ocr_line' id='line_1_58' title="bbox 2297 2855 3907 2934; baseline 0.009 -27"><span class='ocrx_word' id='word_1_408' title='bbox 2297 2869 2444 2918; x_wconf 91' lang='lat' dir='ltr'><strong>nem,</strong></span> <span class='ocrx_word' id='word_1_409' title='bbox 2477 2863 2599 2922; x_wconf 85' lang='lat' dir='ltr'><strong>post</strong></span> <span class='ocrx_word' id='word_1_410' title='bbox 2624 2855 2839 2925; x_wconf 88' lang='lat' dir='ltr'><strong>equulei</strong></span> <span class='ocrx_word' id='word_1_411' title='bbox 2871 2859 3292 2927; x_wconf 90' lang='lat' dir='ltr'><strong>appensionem,</strong></span> <span class='ocrx_word' id='word_1_412' title='bbox 3326 2871 3450 2931; x_wconf 88' lang='lat' dir='ltr'><strong>post</strong></span> <span class='ocrx_word' id='word_1_413' title='bbox 3477 2878 3744 2934; x_wconf 90' lang='lat' dir='ltr'><strong>aquarum</strong></span> <span class='ocrx_word' id='word_1_414' title='bbox 3791 2865 3907 2921; x_wconf 83' lang='lat' dir='ltr'><strong>fer-</strong></span> 
     </span>
    </p>
   </div>
   <div class='ocr_carea' id='block_1_59' title="bbox 2297 2945 3906 3028">
    <p class='ocr_par' dir='ltr' id='par_1_59' title="bbox 2297 2945 3906 3028">
     <span class='ocr_line' id='line_1_59' title="bbox 2297 2945 3906 3028; baseline 0.012 -32"><span class='ocrx_word' id='word_1_415' title='bbox 2297 2945 2632 3001; x_wconf 82' lang='lat' dir='ltr'><strong>vcscentium</strong></span> <span class='ocrx_word' id='word_1_416' title='bbox 2667 2947 2962 3016; x_wconf 87' lang='lat' dir='ltr'><strong>ustionem,</strong></span> <span class='ocrx_word' id='word_1_417' title='bbox 2989 2965 3051 3006; x_wconf 91' lang='lat' dir='ltr'><strong>os</strong></span> <span class='ocrx_word' id='word_1_418' title='bbox 3082 2952 3202 3022; x_wconf 86' lang='lat' dir='ltr'><strong>ejus</strong></span> <span class='ocrx_word' id='word_1_419' title='bbox 3233 2969 3369 3010; x_wconf 82' lang='lat' dir='ltr'><strong>saxo</strong></span> <span class='ocrx_word' id='word_1_420' title='bbox 3402 2957 3666 3012; x_wconf 90' lang='lat' dir='ltr'><strong>contundi</strong></span> <span class='ocrx_word' id='word_1_421' title='bbox 3712 2959 3906 3028; x_wconf 67' lang='lat' dir='ltr'><strong>praeci-</strong></span> 
     </span>
    </p>
   </div>
   <div class='ocr_carea' id='block_1_60' title="bbox 2296 3035 3898 3119">
    <p class='ocr_par' dir='ltr' id='par_1_60' title="bbox 2296 3035 3898 3119">
     <span class='ocr_line' id='line_1_60' title="bbox 2296 3035 3898 3119; baseline 0.011 -30"><span class='ocrx_word' id='word_1_422' title='bbox 2296 3035 2380 3104; x_wconf 92' lang='lat' dir='ltr'><strong>pis</strong></span> <span class='ocrx_word' id='word_1_423' title='bbox 2405 3045 2458 3091; x_wconf 93' lang='lat' dir='ltr'><strong>et</strong></span> <span class='ocrx_word' id='word_1_424' title='bbox 2490 3052 2632 3091; x_wconf 91' lang='lat' dir='ltr'><strong>novo</strong></span> <span class='ocrx_word' id='word_1_425' title='bbox 2661 3040 2916 3094; x_wconf 81' lang='lat' dir='ltr'><strong>tormenti</strong></span> <span class='ocrx_word' id='word_1_426' title='bbox 2943 3056 3148 3111; x_wconf 88' lang='lat' dir='ltr'><strong>genere</strong></span> <span class='ocrx_word' id='word_1_427' title='bbox 3175 3045 3340 3098; x_wconf 88' lang='lat' dir='ltr'><strong>verba</strong></span> <span class='ocrx_word' id='word_1_428' title='bbox 3367 3048 3690 3103; x_wconf 89' lang='lat' dir='ltr'><strong>verberibus</strong></span> <span class='ocrx_word' id='word_1_429' title='bbox 3711 3050 3898 3119; x_wconf 83' lang='lat' dir='ltr'><strong>punis.</strong></span> 
     </span>
    </p>
   </div>
   <div class='ocr_carea' id='block_1_61' title="bbox 2300 3126 3908 3202">
    <p class='ocr_par' dir='ltr' id='par_1_61' title="bbox 2300 3126 3908 3202">
     <span class='ocr_line' id='line_1_61' title="bbox 2300 3126 3908 3202; baseline 0.009 -22"><span class='ocrx_word' id='word_1_430' title='bbox 2300 3126 2441 3182; x_wconf 86' lang='lat' dir='ltr'><strong>Ecce</strong></span> <span class='ocrx_word' id='word_1_431' title='bbox 2479 3129 2676 3184; x_wconf 69' lang='lat' dir='ltr'><strong>artifex</strong></span> <span class='ocrx_word' id='word_1_432' title='bbox 2707 3130 2916 3185; x_wconf 71' lang='lat' dir='ltr'><strong>saevitia</strong></span> <span class='ocrx_word' id='word_1_433' title='bbox 2948 3141 3038 3186; x_wconf 88' lang='lat' dir='ltr'><strong>tua</strong></span> <span class='ocrx_word' id='word_1_434' title='bbox 3067 3148 3165 3202; x_wconf 89' lang='lat' dir='ltr'><strong>per</strong></span> <span class='ocrx_word' id='word_1_435' title='bbox 3194 3133 3429 3190; x_wconf 75' lang='lat' dir='ltr'><strong>effusam</strong></span> <span class='ocrx_word' id='word_1_436' title='bbox 3456 3135 3598 3192; x_wconf 90' lang='lat' dir='ltr'><strong>fellis</strong></span> <span class='ocrx_word' id='word_1_437' title='bbox 3641 3139 3908 3194; x_wconf 89' lang='lat' dir='ltr'><strong>amaritu-</strong></span> 
     </span>
    </p>
   </div>
   <div class='ocr_carea' id='block_1_62' title="bbox 581 3216 3912 3294">
    <p class='ocr_par' dir='ltr' id='par_1_62' title="bbox 581 3216 3912 3294">
     <span class='ocr_line' id='line_1_62' title="bbox 581 3216 3912 3294; baseline 0.002 -13"><span class='ocrx_word' id='word_1_438' title='bbox 581 3225 936 3282; x_wconf 84' lang='lat' dir='ltr'><strong>miseremiui</strong></span> <span class='ocrx_word' id='word_1_439' title='bbox 966 3242 979 3278; x_wconf 87' lang='lat'><strong>:</strong></span> <span class='ocrx_word' id='word_1_440' title='bbox 1016 3233 1142 3278; x_wconf 89' lang='lat' dir='ltr'><strong>tunc</strong></span> <span class='ocrx_word' id='word_1_441' title='bbox 1171 3222 1488 3277; x_wconf 84' lang='lat' dir='ltr'><strong>immaniter</strong></span> <span class='ocrx_word' id='word_1_442' title='bbox 1519 3219 1795 3284; x_wconf 85' lang='lat' dir='ltr'><strong>laceratis,</strong></span> <span class='ocrx_word' id='word_1_443' title='bbox 1848 3219 1894 3272; x_wconf 91' lang='lat' dir='ltr'><strong>si</strong></span> <span class='ocrx_word' id='word_1_444' title='bbox 1928 3216 2189 3287; x_wconf 87' lang='lat' dir='ltr'><strong>parcitis:</strong></span> <span class='ocrx_word' id='word_1_445' title='bbox 2223 3231 2270 3294; x_wconf 67' lang='lat' dir='ltr'><strong><em>C</em></strong></span> <span class='ocrx_word' id='word_1_446' title='bbox 2303 3217 2483 3272; x_wconf 88' lang='lat' dir='ltr'><strong>dinem</strong></span> <span class='ocrx_word' id='word_1_447' title='bbox 2510 3221 2633 3274; x_wconf 91' lang='lat' dir='ltr'><strong>novi</strong></span> <span class='ocrx_word' id='word_1_448' title='bbox 2676 3229 2726 3274; x_wconf 91' lang='lat' dir='ltr'><strong>te</strong></span> <span class='ocrx_word' id='word_1_449' title='bbox 2763 3222 3013 3291; x_wconf 90' lang='lat' dir='ltr'><strong>supplicii</strong></span> <span class='ocrx_word' id='word_1_450' title='bbox 3047 3222 3179 3278; x_wconf 90' lang='lat' dir='ltr'><strong>fecit</strong></span> <span class='ocrx_word' id='word_1_451' title='bbox 3226 3235 3531 3283; x_wconf 85' lang='lat' dir='ltr'><strong>auctorem.</strong></span> <span class='ocrx_word' id='word_1_452' title='bbox 3564 3228 3635 3286; x_wconf 86' lang='lat' dir='ltr'><strong>Et</strong></span> <span class='ocrx_word' id='word_1_453' title='bbox 3675 3240 3912 3287; x_wconf 69' lang='lat' dir='ltr'><strong>caecatus</strong></span> 
     </span>
    </p>
   </div>
   <div class='ocr_carea' id='block_1_63' title="bbox 581 3304 2192 3384">
    <p class='ocr_par' dir='ltr' id='par_1_63' title="bbox 581 3304 2192 3384">
     <span class='ocr_line' id='line_1_63' title="bbox 581 3304 2192 3384; baseline -0.006 -12"><span class='ocrx_word' id='word_1_454' title='bbox 581 3327 671 3384; x_wconf 85' lang='lat' dir='ltr'><strong>et,</strong></span> <span class='ocrx_word' id='word_1_455' title='bbox 710 3326 773 3371; x_wconf 93' lang='lat' dir='ltr'><strong>ut</strong></span> <span class='ocrx_word' id='word_1_456' title='bbox 795 3318 868 3371; x_wconf 91' lang='lat' dir='ltr'><strong>ita</strong></span> <span class='ocrx_word' id='word_1_457' title='bbox 896 3316 1148 3380; x_wconf 85' lang='lat' dir='ltr'><strong>dixerim,</strong></span> <span class='ocrx_word' id='word_1_458' title='bbox 1181 3324 1307 3370; x_wconf 86' lang='lat' dir='ltr'><strong>tunc</strong></span> <span class='ocrx_word' id='word_1_459' title='bbox 1335 3315 1561 3384; x_wconf 90' lang='lat' dir='ltr'><strong>punitis,</strong></span> <span class='ocrx_word' id='word_1_460' title='bbox 1593 3313 1636 3366; x_wconf 90' lang='lat' dir='ltr'><strong>si</strong></span> <span class='ocrx_word' id='word_1_461' title='bbox 1659 3304 1799 3364; x_wconf 42' lang='lat' dir='ltr'><strong>(tmte</strong></span> <span class='ocrx_word' id='word_1_462' title='bbox 1831 3327 1935 3363; x_wconf 88' lang='lat' dir='ltr'><strong>non</strong></span> <span class='ocrx_word' id='word_1_463' title='bbox 1969 3309 2192 3380; x_wconf 85' lang='lat' dir='ltr'><strong>punitis.</strong></span> 
     </span>
    </p>
   </div>
   <div class='ocr_carea' id='block_1_64' title="bbox 667 3400 2198 3476">
    <p class='ocr_par' dir='ltr' id='par_1_64' title="bbox 667 3400 2198 3476">
     <span class='ocr_line' id='line_1_64' title="bbox 667 3400 2198 3476; baseline -0.005 -15"><span class='ocrx_word' id='word_1_464' title='bbox 667 3405 837 3476; x_wconf 75' lang='lat'><strong>160</strong></span> <span class='ocrx_word' id='word_1_465' title='bbox 870 3404 912 3460; x_wconf 87' lang='grc' dir='ltr'>Ο</span> <span class='ocrx_word' id='word_1_466' title='bbox 940 3405 1375 3459; x_wconf 87' lang='lat' dir='ltr'><strong>robustissimum</strong></span> <span class='ocrx_word' id='word_1_467' title='bbox 1406 3413 1614 3472; x_wconf 90' lang='lat' dir='ltr'><strong>pectus,</strong></span> <span class='ocrx_word' id='word_1_468' title='bbox 1647 3402 1789 3470; x_wconf 91' lang='lat' dir='ltr'><strong>quod</strong></span> <span class='ocrx_word' id='word_1_469' title='bbox 1818 3400 1965 3454; x_wconf 91' lang='lat' dir='ltr'><strong>nulla</strong></span> <span class='ocrx_word' id='word_1_470' title='bbox 1993 3409 2198 3469; x_wconf 88' lang='lat' dir='ltr'><strong>queunt</strong></span> 
     </span>
    </p>
   </div>
   <div class='ocr_carea' id='block_1_65' title="bbox 580 3493 2196 3567">
    <p class='ocr_par' dir='ltr' id='par_1_65' title="bbox 580 3493 2196 3567">
     <span class='ocr_line' id='line_1_65' title="bbox 580 3493 2196 3567; baseline -0.002 -15"><span class='ocrx_word' id='word_1_471' title='bbox 580 3499 706 3554; x_wconf 83' lang='lat' dir='ltr'><strong>tela</strong></span> <span class='ocrx_word' id='word_1_472' title='bbox 751 3497 1055 3567; x_wconf 79' lang='lat' dir='ltr'><strong>perfodere,</strong></span> <span class='ocrx_word' id='word_1_473' title='bbox 1098 3495 1238 3550; x_wconf 89' lang='lat' dir='ltr'><strong>nulla</strong></span> <span class='ocrx_word' id='word_1_474' title='bbox 1271 3505 1496 3566; x_wconf 87' lang='lat' dir='ltr'><strong>possunt</strong></span> <span class='ocrx_word' id='word_1_475' title='bbox 1543 3494 1746 3565; x_wconf 89' lang='lat' dir='ltr'><strong>spicula</strong></span> <span class='ocrx_word' id='word_1_476' title='bbox 1792 3493 2120 3565; x_wconf 83' lang='lat' dir='ltr'><strong>penetrare!</strong></span> <span class='ocrx_word' id='word_1_477' title='bbox 2153 3493 2196 3548; x_wconf 91' lang='grc' dir='ltr'><strong>Ο</strong></span> 
     </span>
    </p>
   </div>
   <div class='ocr_carea' id='block_1_66' title="bbox 578 3583 2194 3654">
    <p class='ocr_par' dir='ltr' id='par_1_66' title="bbox 578 3583 2194 3654">
     <span class='ocr_line' id='line_1_66' title="bbox 578 3583 2194 3654; baseline -0.005 -10"><span class='ocrx_word' id='word_1_478' title='bbox 578 3588 1028 3644; x_wconf 89' lang='lat' dir='ltr'><strong>munitissimum</strong></span> <span class='ocrx_word' id='word_1_479' title='bbox 1082 3585 1284 3642; x_wconf 89' lang='lat' dir='ltr'><strong>Christi</strong></span> <span class='ocrx_word' id='word_1_480' title='bbox 1340 3586 1564 3651; x_wconf 88' lang='lat' dir='ltr'><strong>vallum,</strong></span> <span class='ocrx_word' id='word_1_481' title='bbox 1617 3585 1763 3654; x_wconf 90' lang='lat' dir='ltr'><strong>quod</strong></span> <span class='ocrx_word' id='word_1_482' title='bbox 1817 3600 1924 3640; x_wconf 93' lang='lat' dir='ltr'><strong>non</strong></span> <span class='ocrx_word' id='word_1_483' title='bbox 1975 3583 2194 3654; x_wconf 77' lang='lat' dir='ltr'><strong>impacti</strong></span> 
     </span>
    </p>
   </div>
   <div class='ocr_carea' id='block_1_67' title="bbox 575 3675 2196 3745">
    <p class='ocr_par' dir='ltr' id='par_1_67' title="bbox 575 3675 2196 3745">
     <span class='ocr_line' id='line_1_67' title="bbox 575 3675 2196 3745; baseline -0.005 -9"><span class='ocrx_word' id='word_1_484' title='bbox 575 3683 807 3738; x_wconf 86' lang='lat' dir='ltr'><strong>arietes</strong></span> <span class='ocrx_word' id='word_1_485' title='bbox 840 3681 1085 3745; x_wconf 89' lang='lat' dir='ltr'><strong>diruunt,</strong></span> <span class='ocrx_word' id='word_1_486' title='bbox 1115 3679 1261 3733; x_wconf 89' lang='lat' dir='ltr'><strong>nulla</strong></span> <span class='ocrx_word' id='word_1_487' title='bbox 1297 3679 1672 3733; x_wconf 90' lang='lat' dir='ltr'><strong>machinarum</strong></span> <span class='ocrx_word' id='word_1_488' title='bbox 1705 3685 1952 3731; x_wconf 89' lang='lat' dir='ltr'><strong>armenta</strong></span> <span class='ocrx_word' id='word_1_489' title='bbox 1983 3675 2196 3730; x_wconf 80' lang='lat' dir='ltr'><strong>conVel-</strong></span> 
     </span>
    </p>
   </div>
   <div class='ocr_carea' id='block_1_68' title="bbox 573 3767 2199 3841">
    <p class='ocr_par' dir='ltr' id='par_1_68' title="bbox 573 3767 2199 3841">
     <span class='ocr_line' id='line_1_68' title="bbox 573 3767 2199 3841; baseline -0.006 -11"><span class='ocrx_word' id='word_1_490' title='bbox 573 3775 752 3830; x_wconf 80' lang='lat' dir='ltr'><strong>lunt!</strong></span> <span class='ocrx_word' id='word_1_491' title='bbox 789 3773 999 3840; x_wconf 84' lang='lat' dir='ltr'><strong>Quanta</strong></span> <span class='ocrx_word' id='word_1_492' title='bbox 1029 3773 1169 3827; x_wconf 87' lang='lat' dir='ltr'><strong>hunc</strong></span> <span class='ocrx_word' id='word_1_493' title='bbox 1199 3771 1574 3827; x_wconf 88' lang='lat' dir='ltr'><strong>retributionis</strong></span> <span class='ocrx_word' id='word_1_494' title='bbox 1620 3769 1790 3841; x_wconf 91' lang='lat' dir='ltr'><strong>gloria</strong></span> <span class='ocrx_word' id='word_1_495' title='bbox 1821 3783 1964 3823; x_wconf 90' lang='lat' dir='ltr'><strong>nunc</strong></span> <span class='ocrx_word' id='word_1_496' title='bbox 1989 3767 2199 3822; x_wconf 82' lang='lat' dir='ltr'><strong>extollit</strong></span> 
     </span>
    </p>
   </div>
   <div class='ocr_carea' id='block_1_69' title="bbox 573 3863 2198 3935">
    <p class='ocr_par' dir='ltr' id='par_1_69' title="bbox 573 3863 2198 3935">
     <span class='ocr_line' id='line_1_69' title="bbox 573 3863 2198 3935; baseline -0.006 -13"><span class='ocrx_word' id='word_1_497' title='bbox 573 3869 636 3923; x_wconf 88' lang='lat' dir='ltr'><strong>in</strong></span> <span class='ocrx_word' id='word_1_498' title='bbox 675 3866 936 3930; x_wconf 82' lang='lat' dir='ltr'><strong>summis,</strong></span> <span class='ocrx_word' id='word_1_499' title='bbox 969 3881 1127 3935; x_wconf 90' lang='lat' dir='ltr'><strong>quem</strong></span> <span class='ocrx_word' id='word_1_500' title='bbox 1159 3873 1308 3918; x_wconf 85' lang='lat' dir='ltr'><strong>tanta</strong></span> <span class='ocrx_word' id='word_1_501' title='bbox 1333 3863 1700 3917; x_wconf 88' lang='lat' dir='ltr'><strong>tribulationis</strong></span> <span class='ocrx_word' id='word_1_502' title='bbox 1724 3863 2023 3915; x_wconf 84' lang='lat' dir='ltr'><strong>adversitas</strong></span> <span class='ocrx_word' id='word_1_503' title='bbox 2054 3876 2198 3930; x_wconf 84' lang='lat' dir='ltr'><strong>pres-</strong></span> 
     </span>
    </p>
   </div>
   <div class='ocr_carea' id='block_1_70' title="bbox 567 3956 2198 4025">
    <p class='ocr_par' dir='ltr' id='par_1_70' title="bbox 567 3956 2198 4025">
     <span class='ocr_line' id='line_1_70' title="bbox 567 3956 2198 4025; baseline -0.007 -7"><span class='ocrx_word' id='word_1_504' title='bbox 567 3962 656 4019; x_wconf 92' lang='lat' dir='ltr'><strong>sit</strong></span> <span class='ocrx_word' id='word_1_505' title='bbox 710 3960 771 4015; x_wconf 85' lang='lat' dir='ltr'><strong>in</strong></span> <span class='ocrx_word' id='word_1_506' title='bbox 831 3960 992 4014; x_wconf 91' lang='lat' dir='ltr'><strong>imisl</strong></span> <span class='ocrx_word' id='word_1_507' title='bbox 1031 3959 1286 4022; x_wconf 88' lang='lat' dir='ltr'><strong>Econtra,</strong></span> <span class='ocrx_word' id='word_1_508' title='bbox 1331 3972 1474 4011; x_wconf 91' lang='lat' dir='ltr'><strong>nunc</strong></span> <span class='ocrx_word' id='word_1_509' title='bbox 1525 3972 1650 4011; x_wconf 92' lang='lat' dir='ltr'><strong>cum</strong></span> <span class='ocrx_word' id='word_1_510' title='bbox 1698 3956 1883 4025; x_wconf 77' lang='lat' dir='ltr'><strong>ignitis</strong></span> <span class='ocrx_word' id='word_1_511' title='bbox 1914 3956 2198 4010; x_wconf 73' lang='lat' dir='ltr'><strong>beatorum</strong></span> 
     </span>
    </p>
   </div>
   <div class='ocr_carea' id='block_1_71' title="bbox 567 4045 2201 4124">
    <p class='ocr_par' dir='ltr' id='par_1_71' title="bbox 567 4045 2201 4124">
     <span class='ocr_line' id='line_1_71' title="bbox 567 4045 2201 4124; baseline -0.004 -17"><span class='ocrx_word' id='word_1_512' title='bbox 567 4051 891 4124; x_wconf 85' lang='lat' dir='ltr'><strong>spirituum</strong></span> <span class='ocrx_word' id='word_1_513' title='bbox 918 4049 1148 4104; x_wconf 60' lang='lat' dir='ltr'><strong>coetibus</strong></span> <span class='ocrx_word' id='word_1_514' title='bbox 1171 4050 1393 4114; x_wconf 86' lang='lat' dir='ltr'><strong>emicat,</strong></span> <span class='ocrx_word' id='word_1_515' title='bbox 1417 4063 1540 4102; x_wconf 92' lang='lat' dir='ltr'><strong>cum</strong></span> <span class='ocrx_word' id='word_1_516' title='bbox 1569 4047 1830 4101; x_wconf 88' lang='lat' dir='ltr'><strong>trabeatis</strong></span> <span class='ocrx_word' id='word_1_517' title='bbox 1857 4045 2201 4101; x_wconf 88' lang='lat' dir='ltr'><strong>senatoribus</strong></span> 
     </span>
    </p>
   </div>
   <div class='ocr_carea' id='block_1_72' title="bbox 563 4136 2200 4207">
    <p class='ocr_par' dir='ltr' id='par_1_72' title="bbox 563 4136 2200 4207">
     <span class='ocr_line' id='line_1_72' title="bbox 563 4136 2200 4207; baseline -0.007 -6"><span class='ocrx_word' id='word_1_518' title='bbox 563 4143 772 4202; x_wconf 62' lang='lat' dir='ltr'><strong>curia:</strong></span> <span class='ocrx_word' id='word_1_519' title='bbox 801 4140 1038 4196; x_wconf 66' lang='lat' dir='ltr'><strong>caelestis</strong></span> <span class='ocrx_word' id='word_1_520' title='bbox 1088 4139 1339 4202; x_wconf 81' lang='lat' dir='ltr'><strong>exsultat,</strong></span> <span class='ocrx_word' id='word_1_521' title='bbox 1388 4153 1512 4192; x_wconf 91' lang='lat' dir='ltr'><strong>cum</strong></span> <span class='ocrx_word' id='word_1_522' title='bbox 1564 4137 1893 4207; x_wconf 78' lang='lat' dir='ltr'><strong>patriarcliis</strong></span> <span class='ocrx_word' id='word_1_523' title='bbox 1942 4136 1996 4189; x_wconf 93' lang='lat' dir='ltr'><strong>in</strong></span> <span class='ocrx_word' id='word_1_524' title='bbox 2033 4150 2200 4190; x_wconf 87' lang='lat' dir='ltr'><strong>aureo</strong></span> 
     </span>
    </p>
   </div>
   <div class='ocr_carea' id='block_1_73' title="bbox 565 4230 2200 4299">
    <p class='ocr_par' dir='ltr' id='par_1_73' title="bbox 565 4230 2200 4299">
     <span class='ocr_line' id='line_1_73' title="bbox 565 4230 2200 4299; baseline -0.007 -5"><span class='ocrx_word' id='word_1_525' title='bbox 565 4234 915 4294; x_wconf 87' lang='lat' dir='ltr'><strong>sublimiter</strong></span> <span class='ocrx_word' id='word_1_526' title='bbox 944 4233 1078 4288; x_wconf 91' lang='lat' dir='ltr'><strong>solio</strong></span> <span class='ocrx_word' id='word_1_527' title='bbox 1104 4232 1519 4295; x_wconf 83' lang='lat' dir='ltr'><strong>intlirouizatus,</strong></span> <span class='ocrx_word' id='word_1_528' title='bbox 1560 4246 1681 4285; x_wconf 89' lang='lat' dir='ltr'><strong>cum</strong></span> <span class='ocrx_word' id='word_1_529' title='bbox 1714 4230 2024 4299; x_wconf 89' lang='lat' dir='ltr'><strong>purpuratis</strong></span> <span class='ocrx_word' id='word_1_530' title='bbox 2052 4245 2200 4284; x_wconf 89' lang='lat' dir='ltr'><strong>mar-</strong></span> 
     </span>
    </p>
   </div>
   <div class='ocr_carea' id='block_1_74' title="bbox 565 4326 2200 4406">
    <p class='ocr_par' dir='ltr' id='par_1_74' title="bbox 565 4326 2200 4406">
     <span class='ocr_line' id='line_1_74' title="bbox 565 4326 2200 4406; baseline -0.005 -16"><span class='ocrx_word' id='word_1_531' title='bbox 565 4331 821 4406; x_wconf 84' lang='lat' dir='ltr'><strong>tyribus</strong></span> <span class='ocrx_word' id='word_1_532' title='bbox 888 4329 1215 4383; x_wconf 89' lang='lat' dir='ltr'><strong>mirabiliter</strong></span> <span class='ocrx_word' id='word_1_533' title='bbox 1257 4337 1572 4382; x_wconf 77' lang='lat' dir='ltr'><strong>coronatus.</strong></span> <span class='ocrx_word' id='word_1_534' title='bbox 1621 4326 1756 4382; x_wconf 80' lang='lat' dir='ltr'><strong>Cum</strong></span> <span class='ocrx_word' id='word_1_535' title='bbox 1808 4329 1893 4382; x_wconf 88' lang='lat' dir='ltr'><strong>his</strong></span> <span class='ocrx_word' id='word_1_536' title='bbox 1945 4327 2200 4382; x_wconf 81' lang='lat' dir='ltr'><strong>omnibus</strong></span> 
     </span>
    </p>
   </div>
   <div class='ocr_carea' id='block_1_75' title="bbox 561 4419 2200 4492">
    <p class='ocr_par' dir='ltr' id='par_1_75' title="bbox 561 4419 2200 4492">
     <span class='ocr_line' id='line_1_75' title="bbox 561 4419 2200 4492; baseline -0.006 -8"><span class='ocrx_word' id='word_1_537' title='bbox 561 4425 735 4484; x_wconf 86' lang='lat' dir='ltr'><strong>stola</strong></span> <span class='ocrx_word' id='word_1_538' title='bbox 774 4423 991 4477; x_wconf 87' lang='lat' dir='ltr'><strong>indutus</strong></span> <span class='ocrx_word' id='word_1_539' title='bbox 1021 4422 1206 4492; x_wconf 62' lang='lat' dir='ltr'><strong>gloria:</strong></span> <span class='ocrx_word' id='word_1_540' title='bbox 1236 4419 1581 4476; x_wconf 70' lang='lat' dir='ltr'><strong>ineffabiliter</strong></span> <span class='ocrx_word' id='word_1_541' title='bbox 1608 4421 1826 4485; x_wconf 89' lang='lat' dir='ltr'><strong>emicat,</strong></span> <span class='ocrx_word' id='word_1_542' title='bbox 1867 4427 1924 4475; x_wconf 89' lang='lat' dir='ltr'><strong>et</strong></span> <span class='ocrx_word' id='word_1_543' title='bbox 1951 4429 2078 4475; x_wconf 87' lang='lat' dir='ltr'><strong>ante</strong></span> <span class='ocrx_word' id='word_1_544' title='bbox 2101 4419 2200 4474; x_wconf 89' lang='lat' dir='ltr'><strong>im-</strong></span> 
     </span>
    </p>
   </div>
   <div class='ocr_carea' id='block_1_76' title="bbox 558 4511 2196 4593">
    <p class='ocr_par' dir='ltr' id='par_1_76' title="bbox 558 4511 2196 4593">
     <span class='ocr_line' id='line_1_76' title="bbox 558 4511 2196 4593; baseline -0.005 -19"><span class='ocrx_word' id='word_1_545' title='bbox 558 4525 910 4593; x_wconf 84' lang='lat' dir='ltr'><strong>peratorem</strong></span> <span class='ocrx_word' id='word_1_546' title='bbox 943 4529 1099 4569; x_wconf 90' lang='lat' dir='ltr'><strong>suum</strong></span> <span class='ocrx_word' id='word_1_547' title='bbox 1129 4512 1628 4568; x_wconf 87' lang='lat' dir='ltr'><strong>melodumalleluia</strong></span> <span class='ocrx_word' id='word_1_548' title='bbox 1654 4511 2196 4581; x_wconf 88' lang='lat' dir='ltr'><strong>perenniterjubilat.</strong></span> 
     </span>
    </p>
   </div>
   <div class='ocr_carea' id='block_1_77' title="bbox 557 4607 2201 4684">
    <p class='ocr_par' dir='ltr' id='par_1_77' title="bbox 557 4607 2201 4684">
     <span class='ocr_line' id='line_1_77' title="bbox 557 4607 2201 4684; baseline -0.004 -15"><span class='ocrx_word' id='word_1_549' title='bbox 557 4617 706 4684; x_wconf 80' lang='lat' dir='ltr'><strong>Quo</strong></span> <span class='ocrx_word' id='word_1_550' title='bbox 752 4618 811 4664; x_wconf 91' lang='lat' dir='ltr'><strong>te</strong></span> <span class='ocrx_word' id='word_1_551' title='bbox 838 4622 1147 4678; x_wconf 86' lang='lat' dir='ltr'><strong>precamur,</strong></span> <span class='ocrx_word' id='word_1_552' title='bbox 1184 4616 1394 4678; x_wconf 85' lang='lat' dir='ltr'><strong>martyr</strong></span> <span class='ocrx_word' id='word_1_553' title='bbox 1424 4607 1761 4672; x_wconf 82' lang='lat' dir='ltr'><strong>beatissime,</strong></span> <span class='ocrx_word' id='word_1_554' title='bbox 1786 4615 1846 4661; x_wconf 91' lang='lat' dir='ltr'><strong>ut</strong></span> <span class='ocrx_word' id='word_1_555' title='bbox 1877 4622 1976 4662; x_wconf 92' lang='lat' dir='ltr'><strong>nos</strong></span> <span class='ocrx_word' id='word_1_556' title='bbox 2007 4623 2201 4662; x_wconf 90' lang='lat' dir='ltr'><strong>manus</strong></span> 
     </span>
    </p>
   </div>
   <div class='ocr_carea' id='block_1_78' title="bbox 558 4699 2201 4770">
    <p class='ocr_par' dir='ltr' id='par_1_78' title="bbox 558 4699 2201 4770">
     <span class='ocr_line' id='line_1_78' title="bbox 558 4699 2201 4770; baseline -0.005 -7"><span class='ocrx_word' id='word_1_557' title='bbox 558 4719 691 4763; x_wconf 63' lang='lat' dir='ltr'><strong>tum</strong></span> <span class='ocrx_word' id='word_1_558' title='bbox 736 4701 1014 4756; x_wconf 85' lang='lat' dir='ltr'><strong>orationis</strong></span> <span class='ocrx_word' id='word_1_559' title='bbox 1039 4699 1235 4770; x_wconf 87' lang='lat' dir='ltr'><strong>erigat,</strong></span> <span class='ocrx_word' id='word_1_560' title='bbox 1269 4715 1406 4770; x_wconf 85' lang='lat' dir='ltr'><strong>quos</strong></span> <span class='ocrx_word' id='word_1_561' title='bbox 1438 4709 1620 4754; x_wconf 87' lang='lat' dir='ltr'><strong>reatus</strong></span> <span class='ocrx_word' id='word_1_562' title='bbox 1663 4701 1830 4754; x_wconf 86' lang='lat' dir='ltr'><strong>nostri</strong></span> <span class='ocrx_word' id='word_1_563' title='bbox 1879 4701 2090 4770; x_wconf 91' lang='lat' dir='ltr'><strong>pondus</strong></span> <span class='ocrx_word' id='word_1_564' title='bbox 2118 4701 2201 4754; x_wconf 87' lang='lat' dir='ltr'><strong>in-</strong></span> 
     </span>
    </p>
   </div>
   <div class='ocr_carea' id='block_1_79' title="bbox 559 4791 2202 4862">
    <p class='ocr_par' dir='ltr' id='par_1_79' title="bbox 559 4791 2202 4862">
     <span class='ocr_line' id='line_1_79' title="bbox 559 4791 2202 4862; baseline -0.004 -9"><span class='ocrx_word' id='word_1_565' title='bbox 559 4795 778 4853; x_wconf 84' lang='lat' dir='ltr'><strong>ferius</strong></span> <span class='ocrx_word' id='word_1_566' title='bbox 812 4799 1028 4860; x_wconf 87' lang='lat' dir='ltr'><strong>gravat;</strong></span> <span class='ocrx_word' id='word_1_567' title='bbox 1067 4800 1337 4860; x_wconf 89' lang='lat' dir='ltr'><strong>quatenus</strong></span> <span class='ocrx_word' id='word_1_568' title='bbox 1371 4791 1462 4860; x_wconf 86' lang='lat' dir='ltr'><strong>qui</strong></span> <span class='ocrx_word' id='word_1_569' title='bbox 1497 4791 1586 4844; x_wconf 90' lang='lat' dir='ltr'><strong>hic</strong></span> <span class='ocrx_word' id='word_1_570' title='bbox 1620 4801 1721 4846; x_wconf 74' lang='lat' dir='ltr'><strong>tua:</strong></span> <span class='ocrx_word' id='word_1_571' title='bbox 1749 4791 1967 4847; x_wconf 86' lang='lat' dir='ltr'><strong>virtutis</strong></span> <span class='ocrx_word' id='word_1_572' title='bbox 1997 4807 2202 4862; x_wconf 70' lang='lat' dir='ltr'><strong>praeco-</strong></span> 
     </span>
    </p>
   </div>
   <div class='ocr_carea' id='block_1_80' title="bbox 555 4879 2198 4952">
    <p class='ocr_par' dir='ltr' id='par_1_80' title="bbox 555 4879 2198 4952">
     <span class='ocr_line' id='line_1_80' title="bbox 555 4879 2198 4952; baseline -0.006 -6"><span class='ocrx_word' id='word_1_573' title='bbox 555 4890 664 4946; x_wconf 88' lang='lat' dir='ltr'><strong>nia</strong></span> <span class='ocrx_word' id='word_1_574' title='bbox 703 4879 937 4940; x_wconf 86' lang='lat' dir='ltr'><strong>referre</strong></span> <span class='ocrx_word' id='word_1_575' title='bbox 971 4883 1288 4950; x_wconf 81' lang='lat' dir='ltr'><strong>gaudemus,</strong></span> <span class='ocrx_word' id='word_1_576' title='bbox 1320 4880 1560 4936; x_wconf 47' lang='lat' dir='ltr'><strong>illic&#39;tuaz</strong></span> <span class='ocrx_word' id='word_1_577' title='bbox 1603 4881 1954 4936; x_wconf 87' lang='lat' dir='ltr'><strong>beatitudinis</strong></span> <span class='ocrx_word' id='word_1_578' title='bbox 1990 4891 2198 4952; x_wconf 89' lang='lat' dir='ltr'><strong>partem</strong></span> 
     </span>
    </p>
   </div>
   <div class='ocr_carea' id='block_1_81' title="bbox 553 4971 2198 5048">
    <p class='ocr_par' dir='ltr' id='par_1_81' title="bbox 553 4971 2198 5048">
     <span class='ocr_line' id='line_1_81' title="bbox 553 4971 2198 5048; baseline -0.002 -16"><span class='ocrx_word' id='word_1_579' title='bbox 553 4979 848 5048; x_wconf 86' lang='lat' dir='ltr'><strong>aliquam</strong></span> <span class='ocrx_word' id='word_1_580' title='bbox 880 4973 1196 5027; x_wconf 88' lang='lat' dir='ltr'><strong>sentiamus.</strong></span> <span class='ocrx_word' id='word_1_581' title='bbox 1227 4971 1333 5026; x_wconf 87' lang='lat' dir='ltr'><strong>Per</strong></span> <span class='ocrx_word' id='word_1_582' title='bbox 1383 4971 1676 5028; x_wconf 86' lang='lat' dir='ltr'><strong>Dominum</strong></span> <span class='ocrx_word' id='word_1_583' title='bbox 1721 4982 1969 5027; x_wconf 87' lang='lat' dir='ltr'><strong>nostrum</strong></span> <span class='ocrx_word' id='word_1_584' title='bbox 2016 4973 2198 5028; x_wconf 83' lang='lat' dir='ltr'><strong>Jesum</strong></span> 
     </span>
    </p>
   </div>
   <div class='ocr_carea' id='block_1_82' title="bbox 551 5051 2202 5133">
    <p class='ocr_par' dir='ltr' id='par_1_82' title="bbox 551 5051 2202 5133">
     <span class='ocr_line' id='line_1_82' title="bbox 551 5051 2202 5133; baseline -0.006 -5"><span class='ocrx_word' id='word_1_585' title='bbox 551 5067 908 5128; x_wconf 83' lang='lat' dir='ltr'><strong>Christum,</strong></span> <span class='ocrx_word' id='word_1_586' title='bbox 942 5061 1180 5132; x_wconf 89' lang='lat' dir='ltr'><strong>quicum</strong></span> <span class='ocrx_word' id='word_1_587' title='bbox 1208 5061 1371 5116; x_wconf 86' lang='lat' dir='ltr'><strong>Patre</strong></span> <span class='ocrx_word' id='word_1_588' title='bbox 1414 5071 1468 5117; x_wconf 92' lang='lat' dir='ltr'><strong>et</strong></span> <span class='ocrx_word' id='word_1_589' title='bbox 1498 5051 1703 5133; x_wconf 83' lang='lat' dir='ltr'><strong>Spiritu</strong></span> <span class='ocrx_word' id='word_1_590' title='bbox 1736 5070 1925 5117; x_wconf 87' lang='lat' dir='ltr'><strong>sancto</strong></span> <span class='ocrx_word' id='word_1_591' title='bbox 1971 5063 2102 5118; x_wconf 79' lang='lat' dir='ltr'><strong>vivit</strong></span> <span class='ocrx_word' id='word_1_592' title='bbox 2146 5075 2202 5118; x_wconf 90' lang='lat' dir='ltr'><strong>et</strong></span> 
     </span>
    </p>
   </div>
   <div class='ocr_carea' id='block_1_83' title="bbox 555 5153 1984 5234">
    <p class='ocr_par' dir='ltr' id='par_1_83' title="bbox 555 5153 1984 5234">
     <span class='ocr_line' id='line_1_83' title="bbox 555 5153 1984 5234; baseline -0.003 -20"><span class='ocrx_word' id='word_1_593' title='bbox 555 5163 797 5234; x_wconf 80' lang='lat' dir='ltr'><strong>regnat</strong></span> <span class='ocrx_word' id='word_1_594' title='bbox 831 5168 928 5223; x_wconf 88' lang='lat' dir='ltr'><strong>per</strong></span> <span class='ocrx_word' id='word_1_595' title='bbox 954 5156 1134 5209; x_wconf 90' lang='lat' dir='ltr'><strong>omnia</strong></span> <span class='ocrx_word' id='word_1_596' title='bbox 1178 5153 1376 5210; x_wconf 69' lang='lat' dir='ltr'><strong>srecula</strong></span> <span class='ocrx_word' id='word_1_597' title='bbox 1404 5155 1753 5210; x_wconf 66' lang='lat' dir='ltr'><strong>saeculorum.</strong></span> <span class='ocrx_word' id='word_1_598' title='bbox 1789 5154 1984 5210; x_wconf 84' lang='lat' dir='ltr'><strong>Amen.</strong></span> 
     </span>
    </p>
   </div>
   <div class='ocr_carea' id='block_1_84' title="bbox 1160 5267 1649 5325">
    <p class='ocr_par' dir='ltr' id='par_1_84' title="bbox 1160 5267 1649 5325">
     <span class='ocr_line' id='line_1_84' title="bbox 1160 5267 1649 5325; baseline -0.004 -1"><span class='ocrx_word' id='word_1_599' title='bbox 1160 5268 1396 5325; x_wconf 78' lang='lat' dir='ltr'><strong>SERMO</strong></span> <span class='ocrx_word' id='word_1_600' title='bbox 1434 5267 1649 5323; x_wconf 79' lang='lat' dir='ltr'><strong>XXXII.</strong></span> 
     </span>
    </p>
   </div>
   <div class='ocr_carea' id='block_1_85' title="bbox 635 5376 2131 5428">
    <p class='ocr_par' dir='ltr' id='par_1_85' title="bbox 635 5376 2131 5428">
     <span class='ocr_line' id='line_1_85' title="bbox 635 5376 2131 5428; baseline 0.001 -11"><span class='ocrx_word' id='word_1_601' title='bbox 635 5381 740 5428; x_wconf 71' lang='grc' dir='ltr'><strong>ΠΙ.</strong></span> <span class='ocrx_word' id='word_1_602' title='bbox 808 5376 882 5417; x_wconf 71' lang='grc' dir='ltr'><strong>οε.</strong></span> <span class='ocrx_word' id='word_1_603' title='bbox 919 5377 1121 5418; x_wconf 73' lang='lat' dir='ltr'><strong>SANCTO</strong></span> <span class='ocrx_word' id='word_1_604' title='bbox 1161 5379 1491 5417; x_wconf 71' lang='grc' dir='ltr'><strong>ΑΡυιιιΝΑκε</strong></span> <span class='ocrx_word' id='word_1_605' title='bbox 1526 5377 1776 5417; x_wconf 79' lang='lat' dir='ltr'><strong>EPISCOPO</strong></span> <span class='ocrx_word' id='word_1_606' title='bbox 1816 5377 2131 5418; x_wconf 74' lang='lat' dir='ltr'><strong>RAVENNATE</strong></span> 
     </span>
    </p>
   </div>
   <div class='ocr_carea' id='block_1_86' title="bbox 1015 5434 1777 5504">
    <p class='ocr_par' dir='ltr' id='par_1_86' title="bbox 1015 5434 1777 5504">
     <span class='ocr_line' id='line_1_86' title="bbox 1015 5434 1777 5504; baseline -0.003 -18"><span class='ocrx_word' id='word_1_607' title='bbox 1015 5448 1084 5487; x_wconf 66' lang='lat' dir='ltr'><strong>Is</strong></span> <span class='ocrx_word' id='word_1_608' title='bbox 1127 5449 1399 5488; x_wconf 69' lang='lat' dir='ltr'><strong>manus.</strong></span> <span class='ocrx_word' id='word_1_609' title='bbox 1446 5435 1603 5504; x_wconf 69' lang='grc' dir='ltr'><strong>(χχιιι</strong></span> <span class='ocrx_word' id='word_1_610' title='bbox 1638 5434 1777 5503; x_wconf 78' lang='lat' dir='ltr'><strong>wL.)</strong></span> 
     </span>
    </p>
   </div>
   <div class='ocr_carea' id='block_1_87' title="bbox 634 5524 2202 5595">
    <p class='ocr_par' dir='ltr' id='par_1_87' title="bbox 634 5524 2202 5595">
     <span class='ocr_line' id='line_1_87' title="bbox 634 5524 2202 5595; baseline 0 -14"><span class='ocrx_word' id='word_1_611' title='bbox 634 5524 1006 5591; x_wconf 73' lang='lat' dir='ltr'><strong>Audivimus</strong></span> <span class='ocrx_word' id='word_1_612' title='bbox 1033 5525 1213 5589; x_wconf 87' lang='lat' dir='ltr'><strong>hodie,</strong></span> <span class='ocrx_word' id='word_1_613' title='bbox 1247 5524 1443 5580; x_wconf 80' lang='lat' dir='ltr'><strong>fratres</strong></span> <span class='ocrx_word' id='word_1_614' title='bbox 1472 5525 1806 5589; x_wconf 88' lang='lat' dir='ltr'><strong>charissimi,</strong></span> <span class='ocrx_word' id='word_1_615' title='bbox 1859 5526 2202 5595; x_wconf 82' lang='lat' dir='ltr'><strong>insuperabi-</strong></span> 
     </span>
    </p>
   </div>
   <div class='ocr_carea' id='block_1_88' title="bbox 549 5615 2202 5688">
    <p class='ocr_par' dir='ltr' id='par_1_88' title="bbox 549 5615 2202 5688">
     <span class='ocr_line' id='line_1_88' title="bbox 549 5615 2202 5688; baseline 0.003 -20"><span class='ocrx_word' id='word_1_616' title='bbox 549 5632 674 5688; x_wconf 63' lang='lat' dir='ltr'><strong>lem</strong></span> <span class='ocrx_word' id='word_1_617' title='bbox 715 5615 950 5680; x_wconf 83' lang='lat' dir='ltr'><strong>Christi</strong></span> <span class='ocrx_word' id='word_1_618' title='bbox 985 5615 1172 5671; x_wconf 88' lang='lat' dir='ltr'><strong>militis</strong></span> <span class='ocrx_word' id='word_1_619' title='bbox 1203 5615 1604 5681; x_wconf 75' lang='lat' dir='ltr'><strong>fortitudinem,</strong></span> <span class='ocrx_word' id='word_1_620' title='bbox 1654 5617 1962 5673; x_wconf 84' lang='lat' dir='ltr'><strong>audivimus</strong></span> <span class='ocrx_word' id='word_1_621' title='bbox 2011 5619 2202 5674; x_wconf 89' lang='lat' dir='ltr'><strong>trium-</strong></span> 
     </span>
    </p>
   </div>
   <div class='ocr_carea' id='block_1_89' title="bbox 545 5707 2200 5797">
    <p class='ocr_par' dir='ltr' id='par_1_89' title="bbox 545 5707 2200 5797">
     <span class='ocr_line' id='line_1_89' title="bbox 545 5707 2200 5797; baseline -0.004 -24"><span class='ocrx_word' id='word_1_622' title='bbox 545 5719 815 5797; x_wconf 77' lang='lat' dir='ltr'><strong>phalem</strong></span> <span class='ocrx_word' id='word_1_623' title='bbox 857 5707 1136 5777; x_wconf 86' lang='lat' dir='ltr'><strong>apostolici</strong></span> <span class='ocrx_word' id='word_1_624' title='bbox 1170 5709 1427 5778; x_wconf 89' lang='lat' dir='ltr'><strong>martyris</strong></span> <span class='ocrx_word' id='word_1_625' title='bbox 1452 5709 1783 5780; x_wconf 90' lang='lat' dir='ltr'><strong>passionem.</strong></span> <span class='ocrx_word' id='word_1_626' title='bbox 1839 5709 2098 5766; x_wconf 85' lang='lat' dir='ltr'><strong>Mirabilis</strong></span> <span class='ocrx_word' id='word_1_627' title='bbox 2147 5712 2200 5766; x_wconf 93' lang='lat' dir='ltr'><strong>in</strong></span> 
     </span>
    </p>
   </div>
   <div class='ocr_carea' id='block_1_90' title="bbox 547 5798 2198 5880">
    <p class='ocr_par' dir='ltr' id='par_1_90' title="bbox 547 5798 2198 5880">
     <span class='ocr_line' id='line_1_90' title="bbox 547 5798 2198 5880; baseline 0.002 -24"><span class='ocrx_word' id='word_1_628' title='bbox 547 5798 1066 5880; x_wconf 47' lang='lat' dir='ltr'><strong>oet-sequentibus</strong></span> <span class='ocrx_word' id='word_1_629' title='bbox 1096 5813 1292 5870; x_wconf 79' lang='lat' dir='ltr'><strong>pugna,</strong></span> <span class='ocrx_word' id='word_1_630' title='bbox 1327 5800 1593 5856; x_wconf 86' lang='lat' dir='ltr'><strong>mirabilis</strong></span> <span class='ocrx_word' id='word_1_631' title='bbox 1623 5801 1676 5856; x_wconf 82' lang='lat' dir='ltr'><strong>in</strong></span> <span class='ocrx_word' id='word_1_632' title='bbox 1707 5811 2000 5870; x_wconf 83' lang='lat' dir='ltr'><strong>persecuto</strong></span> <span class='ocrx_word' id='word_1_633' title='bbox 2031 5803 2198 5860; x_wconf 34' lang='lat' dir='ltr'><strong>victos</strong></span> 
     </span>
    </p>
   </div>
   <div class='ocr_carea' id='block_1_91' title="bbox 2307 3309 3911 3393">
    <p class='ocr_par' dir='ltr' id='par_1_91' title="bbox 2307 3309 3911 3393">
     <span class='ocr_line' id='line_1_91' title="bbox 2307 3309 3911 3393; baseline 0.01 -31"><span class='ocrx_word' id='word_1_634' title='bbox 2307 3309 2462 3380; x_wconf 77' lang='lat'><strong>161</strong></span> <span class='ocrx_word' id='word_1_635' title='bbox 2506 3325 2604 3380; x_wconf 91' lang='lat' dir='ltr'><strong>per</strong></span> <span class='ocrx_word' id='word_1_636' title='bbox 2634 3311 2975 3367; x_wconf 87' lang='lat' dir='ltr'><strong>iracundiam</strong></span> <span class='ocrx_word' id='word_1_637' title='bbox 3005 3315 3206 3368; x_wconf 90' lang='lat' dir='ltr'><strong>mentis</strong></span> <span class='ocrx_word' id='word_1_638' title='bbox 3260 3317 3456 3371; x_wconf 73' lang='lat' dir='ltr'><strong>oculus</strong></span> <span class='ocrx_word' id='word_1_639' title='bbox 3504 3318 3638 3374; x_wconf 92' lang='lat' dir='ltr'><strong>illud</strong></span> <span class='ocrx_word' id='word_1_640' title='bbox 3690 3324 3911 3393; x_wconf 79' lang='lat' dir='ltr'><strong>excogi-</strong></span> 
     </span>
    </p>
   </div>
   <div class='ocr_carea' id='block_1_92' title="bbox 2303 3403 3917 3480">
    <p class='ocr_par' dir='ltr' id='par_1_92' title="bbox 2303 3403 3917 3480">
     <span class='ocr_line' id='line_1_92' title="bbox 2303 3403 3917 3480; baseline 0.009 -25"><span class='ocrx_word' id='word_1_641' title='bbox 2303 3403 2467 3457; x_wconf 87' lang='lat' dir='ltr'><strong>tando</strong></span> <span class='ocrx_word' id='word_1_642' title='bbox 2499 3417 2640 3459; x_wconf 90' lang='lat' dir='ltr'><strong>novo</strong></span> <span class='ocrx_word' id='word_1_643' title='bbox 2690 3405 2957 3475; x_wconf 89' lang='lat' dir='ltr'><strong>supplicio</strong></span> <span class='ocrx_word' id='word_1_644' title='bbox 2989 3407 3269 3476; x_wconf 71' lang='lat' dir='ltr'><strong>prmvidct,</strong></span> <span class='ocrx_word' id='word_1_645' title='bbox 3305 3411 3451 3480; x_wconf 82' lang='lat' dir='ltr'><strong>quod</strong></span> <span class='ocrx_word' id='word_1_646' title='bbox 3498 3427 3633 3468; x_wconf 87' lang='lat' dir='ltr'><strong>sano</strong></span> <span class='ocrx_word' id='word_1_647' title='bbox 3681 3416 3917 3470; x_wconf 86' lang='lat' dir='ltr'><strong>consilio</strong></span> 
     </span>
    </p>
   </div>
   <div class='ocr_carea' id='block_1_93' title="bbox 2302 3492 3910 3578">
    <p class='ocr_par' dir='ltr' id='par_1_93' title="bbox 2302 3492 3910 3578">
     <span class='ocr_line' id='line_1_93' title="bbox 2302 3492 3910 3578; baseline 0.011 -32"><span class='ocrx_word' id='word_1_648' title='bbox 2302 3492 2623 3563; x_wconf 82' lang='lat' dir='ltr'><strong>consp‘icere</strong></span> <span class='ocrx_word' id='word_1_649' title='bbox 2651 3494 2743 3549; x_wconf 70' lang='lat' dir='ltr'><strong>vis</strong></span> <span class='ocrx_word' id='word_1_650' title='bbox 2773 3495 3000 3550; x_wconf 89' lang='lat' dir='ltr'><strong>valeret.</strong></span> <span class='ocrx_word' id='word_1_651' title='bbox 3034 3496 3101 3550; x_wconf 82' lang='lat' dir='ltr'><strong>Et</strong></span> <span class='ocrx_word' id='word_1_652' title='bbox 3133 3511 3321 3553; x_wconf 82' lang='lat' dir='ltr'><strong>revera</strong></span> <span class='ocrx_word' id='word_1_653' title='bbox 3356 3503 3486 3570; x_wconf 88' lang='lat' dir='ltr'><strong>quid</strong></span> <span class='ocrx_word' id='word_1_654' title='bbox 3540 3503 3636 3558; x_wconf 89' lang='lat' dir='ltr'><strong>tibi</strong></span> <span class='ocrx_word' id='word_1_655' title='bbox 3703 3507 3910 3578; x_wconf 88' lang='lat' dir='ltr'><strong>reliqua</strong></span> 
     </span>
    </p>
   </div>
   <div class='ocr_carea' id='block_1_94' title="bbox 2303 3583 3910 3667">
    <p class='ocr_par' dir='ltr' id='par_1_94' title="bbox 2303 3583 3910 3667">
     <span class='ocr_line' id='line_1_94' title="bbox 2303 3583 3910 3667; baseline 0.012 -31"><span class='ocrx_word' id='word_1_656' title='bbox 2303 3583 2547 3638; x_wconf 86' lang='lat' dir='ltr'><strong>membra</strong></span> <span class='ocrx_word' id='word_1_657' title='bbox 2606 3585 2873 3652; x_wconf 82' lang='lat' dir='ltr'><strong>fecerant,</strong></span> <span class='ocrx_word' id='word_1_658' title='bbox 2922 3601 3045 3642; x_wconf 89' lang='lat' dir='ltr'><strong>cum</strong></span> <span class='ocrx_word' id='word_1_659' title='bbox 3103 3589 3370 3658; x_wconf 89' lang='lat' dir='ltr'><strong>lauiabas,</strong></span> <span class='ocrx_word' id='word_1_660' title='bbox 3421 3609 3545 3649; x_wconf 88' lang='lat' dir='ltr'><strong>cum</strong></span> <span class='ocrx_word' id='word_1_661' title='bbox 3597 3599 3910 3667; x_wconf 88' lang='lat' dir='ltr'><strong>cruciabas,</strong></span> 
     </span>
    </p>
   </div>
   <div class='ocr_carea' id='block_1_95' title="bbox 2306 3678 3915 3756">
    <p class='ocr_par' dir='ltr' id='par_1_95' title="bbox 2306 3678 3915 3756">
     <span class='ocr_line' id='line_1_95' title="bbox 2306 3678 3915 3756; baseline 0.012 -29"><span class='ocrx_word' id='word_1_662' title='bbox 2306 3689 2430 3728; x_wconf 86' lang='lat' dir='ltr'><strong>cum</strong></span> <span class='ocrx_word' id='word_1_663' title='bbox 2465 3678 2778 3745; x_wconf 88' lang='lat' dir='ltr'><strong>torquebas,</strong></span> <span class='ocrx_word' id='word_1_664' title='bbox 2813 3693 2934 3732; x_wconf 93' lang='lat' dir='ltr'><strong>cum</strong></span> <span class='ocrx_word' id='word_1_665' title='bbox 2963 3679 3147 3732; x_wconf 84' lang='lat' dir='ltr'><strong>omnia</strong></span> <span class='ocrx_word' id='word_1_666' title='bbox 3174 3681 3486 3737; x_wconf 85' lang='lat' dir='ltr'><strong>immaniter</strong></span> <span class='ocrx_word' id='word_1_667' title='bbox 3514 3685 3716 3756; x_wconf 89' lang='lat' dir='ltr'><strong>lupinis</strong></span> <span class='ocrx_word' id='word_1_668' title='bbox 3764 3706 3915 3745; x_wconf 76' lang='lat' dir='ltr'><strong>mor-</strong></span> 
     </span>
    </p>
   </div>
   <div class='ocr_carea' id='block_1_96' title="bbox 2301 3768 3911 3851">
    <p class='ocr_par' dir='ltr' id='par_1_96' title="bbox 2301 3768 3911 3851">
     <span class='ocr_line' id='line_1_96' title="bbox 2301 3768 3911 3851; baseline 0.01 -32"><span class='ocrx_word' id='word_1_669' title='bbox 2301 3768 2453 3820; x_wconf 90' lang='lat' dir='ltr'><strong>sibus</strong></span> <span class='ocrx_word' id='word_1_670' title='bbox 2485 3768 2855 3838; x_wconf 89' lang='lat' dir='ltr'><strong>depascebas?</strong></span> <span class='ocrx_word' id='word_1_671' title='bbox 2886 3768 2994 3824; x_wconf 90' lang='lat' dir='ltr'><strong>Ore</strong></span> <span class='ocrx_word' id='word_1_672' title='bbox 3030 3781 3079 3825; x_wconf 87' lang='lat' dir='ltr'><strong>te</strong></span> <span class='ocrx_word' id='word_1_673' title='bbox 3108 3769 3429 3834; x_wconf 76' lang='lat' dir='ltr'><strong>offenderat,</strong></span> <span class='ocrx_word' id='word_1_674' title='bbox 3466 3791 3561 3831; x_wconf 77' lang='lat' dir='ltr'><strong>ore</strong></span> <span class='ocrx_word' id='word_1_675' title='bbox 3586 3787 3636 3832; x_wconf 92' lang='lat' dir='ltr'><strong>te</strong></span> <span class='ocrx_word' id='word_1_676' title='bbox 3661 3777 3911 3851; x_wconf 78' lang='lat' dir='ltr'><strong>objurga—</strong></span> 
     </span>
    </p>
   </div>
   <div class='ocr_carea' id='block_1_97' title="bbox 2305 3858 3910 3930">
    <p class='ocr_par' dir='ltr' id='par_1_97' title="bbox 2305 3858 3910 3930">
     <span class='ocr_line' id='line_1_97' title="bbox 2305 3858 3910 3930; baseline 0.011 -20"><span class='ocrx_word' id='word_1_677' title='bbox 2305 3868 2479 3924; x_wconf 90' lang='lat' dir='ltr'><strong>verat,</strong></span> <span class='ocrx_word' id='word_1_678' title='bbox 2525 3873 2622 3916; x_wconf 88' lang='lat' dir='ltr'><strong>ore</strong></span> <span class='ocrx_word' id='word_1_679' title='bbox 2665 3858 2866 3915; x_wconf 86' lang='lat' dir='ltr'><strong>frontis</strong></span> <span class='ocrx_word' id='word_1_680' title='bbox 2915 3873 3020 3917; x_wconf 73' lang='lat' dir='ltr'><strong>tua:</strong></span> <span class='ocrx_word' id='word_1_681' title='bbox 3073 3863 3521 3922; x_wconf 88' lang='lat' dir='ltr'><strong>iuverecundiam</strong></span> <span class='ocrx_word' id='word_1_682' title='bbox 3567 3869 3910 3930; x_wconf 87' lang='lat' dir='ltr'><strong>confutabat.</strong></span> 
     </span>
    </p>
   </div>
   <div class='ocr_carea' id='block_1_98' title="bbox 2304 3949 3132 4008">
    <p class='ocr_par' dir='ltr' id='par_1_98' title="bbox 2304 3949 3132 4008">
     <span class='ocr_line' id='line_1_98' title="bbox 2304 3949 3132 4008; baseline 0.006 -5"><span class='ocrx_word' id='word_1_683' title='bbox 2304 3949 2447 4004; x_wconf 80' lang='lat' dir='ltr'><strong>Muta</strong></span> <span class='ocrx_word' id='word_1_684' title='bbox 2483 3953 2728 4006; x_wconf 89' lang='lat' dir='ltr'><strong>membra</strong></span> <span class='ocrx_word' id='word_1_685' title='bbox 2761 3952 2836 4007; x_wconf 93' lang='lat' dir='ltr'><strong>nil</strong></span> <span class='ocrx_word' id='word_1_686' title='bbox 2862 3951 3132 4008; x_wconf 75' lang='lat' dir='ltr'><strong>fecerant.</strong></span> 
     </span>
    </p>
   </div>
   <div class='ocr_carea' id='block_1_99' title="bbox 2375 4041 3910 4128">
    <p class='ocr_par' dir='ltr' id='par_1_99' title="bbox 2375 4041 3910 4128">
     <span class='ocr_line' id='line_1_99' title="bbox 2375 4041 3910 4128; baseline 0.014 -34"><span class='ocrx_word' id='word_1_687' title='bbox 2375 4041 2484 4095; x_wconf 84' lang='lat' dir='ltr'><strong>Cur</strong></span> <span class='ocrx_word' id='word_1_688' title='bbox 2510 4057 2661 4113; x_wconf 87' lang='lat' dir='ltr'><strong>ergo,</strong></span> <span class='ocrx_word' id='word_1_689' title='bbox 2690 4044 2832 4113; x_wconf 90' lang='lat' dir='ltr'><strong>quod</strong></span> <span class='ocrx_word' id='word_1_690' title='bbox 2859 4060 2964 4098; x_wconf 91' lang='lat' dir='ltr'><strong>non</strong></span> <span class='ocrx_word' id='word_1_691' title='bbox 3002 4046 3222 4103; x_wconf 72' lang='lat' dir='ltr'><strong>aduiisit</strong></span> <span class='ocrx_word' id='word_1_692' title='bbox 3246 4049 3486 4120; x_wconf 64' lang='grc' dir='ltr'><strong>θώρακι,</strong></span> <span class='ocrx_word' id='word_1_693' title='bbox 3521 4055 3760 4112; x_wconf 89' lang='lat' dir='ltr'><strong>sustinet</strong></span> <span class='ocrx_word' id='word_1_694' title='bbox 3787 4073 3910 4128; x_wconf 78' lang='grc' dir='ltr'><strong>ρω-</strong></span> 
     </span>
    </p>
   </div>
   <div class='ocr_carea' id='block_1_100' title="bbox 2305 4133 3916 4210">
    <p class='ocr_par' dir='ltr' id='par_1_100' title="bbox 2305 4133 3916 4210">
     <span class='ocr_line' id='line_1_100' title="bbox 2305 4133 3916 4210; baseline 0.011 -23"><span class='ocrx_word' id='word_1_695' title='bbox 2305 4135 2465 4187; x_wconf 80' lang='lat' dir='ltr'><strong>naui?</strong></span> <span class='ocrx_word' id='word_1_696' title='bbox 2495 4133 2647 4199; x_wconf 84' lang='lat' dir='ltr'><strong>Quod</strong></span> <span class='ocrx_word' id='word_1_697' title='bbox 2680 4151 2785 4188; x_wconf 90' lang='lat' dir='ltr'><strong>nou</strong></span> <span class='ocrx_word' id='word_1_698' title='bbox 2821 4134 2980 4200; x_wconf 61' lang='lat' dir='ltr'><strong>laesit,</strong></span> <span class='ocrx_word' id='word_1_699' title='bbox 3012 4152 3112 4191; x_wconf 89' lang='lat' dir='ltr'><strong>cur</strong></span> <span class='ocrx_word' id='word_1_700' title='bbox 3142 4138 3396 4195; x_wconf 69' lang='lat' dir='ltr'><strong>lmditur?</strong></span> <span class='ocrx_word' id='word_1_701' title='bbox 3445 4143 3599 4210; x_wconf 87' lang='lat' dir='ltr'><strong>Quod</strong></span> <span class='ocrx_word' id='word_1_702' title='bbox 3641 4162 3746 4202; x_wconf 91' lang='lat' dir='ltr'><strong>non</strong></span> <span class='ocrx_word' id='word_1_703' title='bbox 3779 4149 3916 4204; x_wconf 85' lang='lat' dir='ltr'><strong>deli-</strong></span> 
     </span>
    </p>
   </div>
   <div class='ocr_carea' id='block_1_101' title="bbox 2303 4225 3913 4301">
    <p class='ocr_par' dir='ltr' id='par_1_101' title="bbox 2303 4225 3913 4301">
     <span class='ocr_line' id='line_1_101' title="bbox 2303 4225 3913 4301; baseline 0.013 -26"><span class='ocrx_word' id='word_1_704' title='bbox 2303 4226 2441 4294; x_wconf 89' lang='lat' dir='ltr'><strong>quit,</strong></span> <span class='ocrx_word' id='word_1_705' title='bbox 2471 4240 2572 4278; x_wconf 87' lang='lat' dir='ltr'><strong>cur</strong></span> <span class='ocrx_word' id='word_1_706' title='bbox 2602 4225 2948 4281; x_wconf 83' lang='lat' dir='ltr'><strong>vindicatur?</strong></span> <span class='ocrx_word' id='word_1_707' title='bbox 2998 4226 3053 4282; x_wconf 88' lang='lat' dir='ltr'><strong>Si</strong></span> <span class='ocrx_word' id='word_1_708' title='bbox 3088 4230 3170 4284; x_wconf 85' lang='lat' dir='ltr'><strong>vis</strong></span> <span class='ocrx_word' id='word_1_709' title='bbox 3215 4246 3346 4301; x_wconf 88' lang='lat' dir='ltr'><strong>ergo</strong></span> <span class='ocrx_word' id='word_1_710' title='bbox 3378 4233 3432 4286; x_wconf 91' lang='lat' dir='ltr'><strong>in</strong></span> <span class='ocrx_word' id='word_1_711' title='bbox 3466 4251 3617 4290; x_wconf 90' lang='lat' dir='ltr'><strong>reum</strong></span> <span class='ocrx_word' id='word_1_712' title='bbox 3646 4239 3913 4296; x_wconf 71' lang='lat' dir='ltr'><strong>districta:</strong></span> 
     </span>
    </p>
   </div>
   <div class='ocr_carea' id='block_1_102' title="bbox 2304 4317 3912 4391">
    <p class='ocr_par' dir='ltr' id='par_1_102' title="bbox 2304 4317 3912 4391">
     <span class='ocr_line' id='line_1_102' title="bbox 2304 4317 3912 4391; baseline 0.009 -19"><span class='ocrx_word' id='word_1_713' title='bbox 2304 4317 2585 4372; x_wconf 62' lang='lat' dir='ltr'><strong>sententis:</strong></span> <span class='ocrx_word' id='word_1_714' title='bbox 2616 4327 2769 4373; x_wconf 83' lang='lat' dir='ltr'><strong>tuum</strong></span> <span class='ocrx_word' id='word_1_715' title='bbox 2798 4318 3043 4386; x_wconf 86' lang='lat' dir='ltr'><strong>proferre</strong></span> <span class='ocrx_word' id='word_1_716' title='bbox 3072 4321 3339 4391; x_wconf 87' lang='lat' dir='ltr'><strong>vigorem,</strong></span> <span class='ocrx_word' id='word_1_717' title='bbox 3373 4325 3599 4380; x_wconf 91' lang='lat' dir='ltr'><strong>verbum</strong></span> <span class='ocrx_word' id='word_1_718' title='bbox 3632 4332 3912 4386; x_wconf 84' lang='lat' dir='ltr'><strong>examine-</strong></span> 
     </span>
    </p>
   </div>
   <div class='ocr_carea' id='block_1_103' title="bbox 2306 4409 3914 4492">
    <p class='ocr_par' dir='ltr' id='par_1_103' title="bbox 2306 4409 3914 4492">
     <span class='ocr_line' id='line_1_103' title="bbox 2306 4409 3914 4492; baseline 0.009 -29"><span class='ocrx_word' id='word_1_719' title='bbox 2306 4419 2410 4474; x_wconf 90' lang='lat' dir='ltr'><strong>tur,</strong></span> <span class='ocrx_word' id='word_1_720' title='bbox 2443 4411 2668 4464; x_wconf 88' lang='lat' dir='ltr'><strong>verbum</strong></span> <span class='ocrx_word' id='word_1_721' title='bbox 2703 4409 2998 4479; x_wconf 78' lang='lat' dir='ltr'><strong>judicetur,</strong></span> <span class='ocrx_word' id='word_1_722' title='bbox 3037 4416 3263 4467; x_wconf 91' lang='lat' dir='ltr'><strong>verbum</strong></span> <span class='ocrx_word' id='word_1_723' title='bbox 3300 4416 3620 4474; x_wconf 86' lang='lat' dir='ltr'><strong>verberibus</strong></span> <span class='ocrx_word' id='word_1_724' title='bbox 3649 4428 3914 4492; x_wconf 91' lang='lat' dir='ltr'><strong>torquea-</strong></span> 
     </span>
    </p>
   </div>
   <div class='ocr_carea' id='block_1_104' title="bbox 2304 4504 3917 4586">
    <p class='ocr_par' dir='ltr' id='par_1_104' title="bbox 2304 4504 3917 4586">
     <span class='ocr_line' id='line_1_104' title="bbox 2304 4504 3917 4586; baseline 0.009 -28"><span class='ocrx_word' id='word_1_725' title='bbox 2304 4513 2413 4559; x_wconf 92' lang='lat' dir='ltr'><strong>tur.</strong></span> <span class='ocrx_word' id='word_1_726' title='bbox 2446 4505 2512 4559; x_wconf 85' lang='lat' dir='ltr'><strong>Et</strong></span> <span class='ocrx_word' id='word_1_727' title='bbox 2540 4504 2669 4574; x_wconf 91' lang='lat' dir='ltr'><strong>quid</strong></span> <span class='ocrx_word' id='word_1_728' title='bbox 2697 4505 2820 4576; x_wconf 89' lang='lat' dir='ltr'><strong>plus</strong></span> <span class='ocrx_word' id='word_1_729' title='bbox 2852 4506 3070 4560; x_wconf 86' lang='lat' dir='ltr'><strong>dicam?</strong></span> <span class='ocrx_word' id='word_1_730' title='bbox 3107 4506 3305 4563; x_wconf 80' lang='lat' dir='ltr'><strong>Anima</strong></span> <span class='ocrx_word' id='word_1_731' title='bbox 3333 4509 3552 4583; x_wconf 65' lang='lat' dir='ltr'><strong>linguae,</strong></span> <span class='ocrx_word' id='word_1_732' title='bbox 3582 4530 3702 4584; x_wconf 64' lang='lat' dir='ltr'><strong>qua:</strong></span> <span class='ocrx_word' id='word_1_733' title='bbox 3728 4532 3917 4586; x_wconf 88' lang='lat' dir='ltr'><strong>pecca-</strong></span> 
     </span>
    </p>
   </div>
   <div class='ocr_carea' id='block_1_105' title="bbox 2233 4588 3914 4673">
    <p class='ocr_par' dir='ltr' id='par_1_105' title="bbox 2233 4588 3914 4673">
     <span class='ocr_line' id='line_1_105' title="bbox 2233 4588 3914 4673; baseline 0.01 -25"><span class='ocrx_word' id='word_1_734' title='bbox 2233 4588 2280 4648; x_wconf 88' lang='lat' dir='ltr'><strong>D</strong></span> <span class='ocrx_word' id='word_1_735' title='bbox 2309 4599 2469 4661; x_wconf 89' lang='lat' dir='ltr'><strong>verit,</strong></span> <span class='ocrx_word' id='word_1_736' title='bbox 2502 4598 2617 4667; x_wconf 92' lang='lat' dir='ltr'><strong>ipsa</strong></span> <span class='ocrx_word' id='word_1_737' title='bbox 2651 4597 2938 4652; x_wconf 89' lang='lat' dir='ltr'><strong>moriatur.</strong></span> <span class='ocrx_word' id='word_1_738' title='bbox 2993 4597 3100 4653; x_wconf 90' lang='lat' dir='ltr'><strong>Sed</strong></span> <span class='ocrx_word' id='word_1_739' title='bbox 3148 4601 3278 4670; x_wconf 86' lang='lat' dir='ltr'><strong>quid</strong></span> <span class='ocrx_word' id='word_1_740' title='bbox 3331 4603 3577 4673; x_wconf 89' lang='lat' dir='ltr'><strong>prodest,</strong></span> <span class='ocrx_word' id='word_1_741' title='bbox 3626 4608 3670 4662; x_wconf 90' lang='lat' dir='ltr'><strong>si</strong></span> <span class='ocrx_word' id='word_1_742' title='bbox 3705 4609 3758 4664; x_wconf 89' lang='lat' dir='ltr'><strong>in</strong></span> <span class='ocrx_word' id='word_1_743' title='bbox 3790 4626 3914 4666; x_wconf 89' lang='lat' dir='ltr'><strong>eum</strong></span> 
     </span>
    </p>
   </div>
   <div class='ocr_carea' id='block_1_106' title="bbox 2308 4688 3916 4767">
    <p class='ocr_par' dir='ltr' id='par_1_106' title="bbox 2308 4688 3916 4767">
     <span class='ocr_line' id='line_1_106' title="bbox 2308 4688 3916 4767; baseline 0.007 -24"><span class='ocrx_word' id='word_1_744' title='bbox 2308 4703 2569 4744; x_wconf 78' lang='lat' dir='ltr'><strong>exerceas</strong></span> <span class='ocrx_word' id='word_1_745' title='bbox 2595 4688 2916 4754; x_wconf 88' lang='lat' dir='ltr'><strong>vindictam,</strong></span> <span class='ocrx_word' id='word_1_746' title='bbox 2951 4688 3004 4744; x_wconf 94' lang='lat' dir='ltr'><strong>in</strong></span> <span class='ocrx_word' id='word_1_747' title='bbox 3036 4705 3149 4760; x_wconf 85' lang='lat' dir='ltr'><strong>quo</strong></span> <span class='ocrx_word' id='word_1_748' title='bbox 3173 4693 3430 4748; x_wconf 62' lang='lat' dir='ltr'><strong>vindicta:</strong></span> <span class='ocrx_word' id='word_1_749' title='bbox 3477 4713 3720 4767; x_wconf 82' lang='lat' dir='ltr'><strong>nequeas</strong></span> <span class='ocrx_word' id='word_1_750' title='bbox 3767 4716 3916 4755; x_wconf 84' lang='lat' dir='ltr'><strong>COlll-</strong></span> 
     </span>
    </p>
   </div>
   <div class='ocr_carea' id='block_1_107' title="bbox 2311 4778 3916 4857">
    <p class='ocr_par' dir='ltr' id='par_1_107' title="bbox 2311 4778 3916 4857">
     <span class='ocr_line' id='line_1_107' title="bbox 2311 4778 3916 4857; baseline 0.007 -22"><span class='ocrx_word' id='word_1_751' title='bbox 2311 4794 2533 4851; x_wconf 89' lang='lat' dir='ltr'><strong>pescere</strong></span> <span class='ocrx_word' id='word_1_752' title='bbox 2564 4779 2820 4835; x_wconf 87' lang='lat' dir='ltr'><strong>causam?</strong></span> <span class='ocrx_word' id='word_1_753' title='bbox 2871 4778 2928 4834; x_wconf 88' lang='lat' dir='ltr'><strong>Si</strong></span> <span class='ocrx_word' id='word_1_754' title='bbox 2966 4780 3112 4836; x_wconf 86' lang='lat' dir='ltr'><strong>enim</strong></span> <span class='ocrx_word' id='word_1_755' title='bbox 3152 4786 3508 4839; x_wconf 84' lang='lat' dir='ltr'><strong>coutunderis</strong></span> <span class='ocrx_word' id='word_1_756' title='bbox 3535 4805 3597 4842; x_wconf 84' lang='lat' dir='ltr'><strong>os</strong></span> <span class='ocrx_word' id='word_1_757' title='bbox 3630 4805 3916 4857; x_wconf 88' lang='lat' dir='ltr'><strong>carneum,</strong></span> 
     </span>
    </p>
   </div>
   <div class='ocr_carea' id='block_1_108' title="bbox 2309 4871 3920 4952">
    <p class='ocr_par' dir='ltr' id='par_1_108' title="bbox 2309 4871 3920 4952">
     <span class='ocr_line' id='line_1_108' title="bbox 2309 4871 3920 4952; baseline 0.006 -23"><span class='ocrx_word' id='word_1_758' title='bbox 2309 4884 2395 4930; x_wconf 92' lang='lat' dir='ltr'><strong>est</strong></span> <span class='ocrx_word' id='word_1_759' title='bbox 2424 4873 2518 4942; x_wconf 92' lang='lat' dir='ltr'><strong>qui</strong></span> <span class='ocrx_word' id='word_1_760' title='bbox 2547 4872 2779 4927; x_wconf 87' lang='lat' dir='ltr'><strong>interius</strong></span> <span class='ocrx_word' id='word_1_761' title='bbox 2824 4871 3054 4928; x_wconf 90' lang='lat' dir='ltr'><strong>fabricet</strong></span> <span class='ocrx_word' id='word_1_762' title='bbox 3088 4873 3254 4941; x_wconf 84' lang='lat' dir='ltr'><strong>aliud,</strong></span> <span class='ocrx_word' id='word_1_763' title='bbox 3288 4879 3434 4946; x_wconf 87' lang='lat' dir='ltr'><strong>quod</strong></span> <span class='ocrx_word' id='word_1_764' title='bbox 3463 4880 3685 4948; x_wconf 92' lang='lat' dir='ltr'><strong>quidem</strong></span> <span class='ocrx_word' id='word_1_765' title='bbox 3735 4885 3920 4952; x_wconf 89' lang='lat' dir='ltr'><strong>possis</strong></span> 
     </span>
    </p>
   </div>
   <div class='ocr_carea' id='block_1_109' title="bbox 2311 4964 3920 5042">
    <p class='ocr_par' dir='ltr' id='par_1_109' title="bbox 2311 4964 3920 5042">
     <span class='ocr_line' id='line_1_109' title="bbox 2311 4964 3920 5042; baseline 0.006 -22"><span class='ocrx_word' id='word_1_766' title='bbox 2311 4967 2521 5030; x_wconf 89' lang='lat' dir='ltr'><strong>audire,</strong></span> <span class='ocrx_word' id='word_1_767' title='bbox 2550 4966 2644 5021; x_wconf 88' lang='lat' dir='ltr'><strong>sed</strong></span> <span class='ocrx_word' id='word_1_768' title='bbox 2675 4964 2820 5019; x_wconf 91' lang='lat' dir='ltr'><strong>nulla</strong></span> <span class='ocrx_word' id='word_1_769' title='bbox 2854 4964 3037 5020; x_wconf 83' lang='lat' dir='ltr'><strong>valeas</strong></span> <span class='ocrx_word' id='word_1_770' title='bbox 3066 4966 3540 5026; x_wconf 88' lang='lat' dir='ltr'><strong>animadversione</strong></span> <span class='ocrx_word' id='word_1_771' title='bbox 3571 4973 3790 5042; x_wconf 92' lang='lat' dir='ltr'><strong>punire;</strong></span> <span class='ocrx_word' id='word_1_772' title='bbox 3829 4975 3920 5030; x_wconf 90' lang='lat' dir='ltr'><strong>ille</strong></span> 
     </span>
    </p>
   </div>
   <div class='ocr_carea' id='block_1_110' title="bbox 2307 5058 3921 5137">
    <p class='ocr_par' dir='ltr' id='par_1_110' title="bbox 2307 5058 3921 5137">
     <span class='ocr_line' id='line_1_110' title="bbox 2307 5058 3921 5137; baseline 0.007 -25"><span class='ocrx_word' id='word_1_773' title='bbox 2307 5059 2585 5120; x_wconf 87' lang='lat' dir='ltr'><strong>videlicet.</strong></span> <span class='ocrx_word' id='word_1_774' title='bbox 2611 5058 2701 5120; x_wconf 83' lang='lat' dir='ltr'><strong>qui</strong></span> <span class='ocrx_word' id='word_1_775' title='bbox 2731 5059 3013 5129; x_wconf 91' lang='lat' dir='ltr'><strong>discipulis</strong></span> <span class='ocrx_word' id='word_1_776' title='bbox 3042 5061 3156 5115; x_wconf 90' lang='lat' dir='ltr'><strong>suis</strong></span> <span class='ocrx_word' id='word_1_777' title='bbox 3186 5061 3318 5115; x_wconf 91' lang='lat' dir='ltr'><strong>dicit</strong></span> <span class='ocrx_word' id='word_1_778' title='bbox 3351 5081 3362 5116; x_wconf 86' lang='lat'>:</span> <span class='ocrx_word' id='word_1_779' title='bbox 3404 5083 3420 5113; x_wconf 72' lang='grc' dir='ltr'>ε</span> <span class='ocrx_word' id='word_1_780' title='bbox 3457 5064 3572 5137; x_wconf 83' lang='lat' dir='ltr'><strong>Ego</strong></span> <span class='ocrx_word' id='word_1_781' title='bbox 3600 5067 3741 5122; x_wconf 86' lang='lat' dir='ltr'><strong>dabo</strong></span> <span class='ocrx_word' id='word_1_782' title='bbox 3767 5069 3921 5123; x_wconf 87' lang='lat' dir='ltr'><strong>vobis</strong></span> 
     </span>
    </p>
   </div>
   <div class='ocr_carea' id='block_1_111' title="bbox 2307 5151 3916 5225">
    <p class='ocr_par' dir='ltr' id='par_1_111' title="bbox 2307 5151 3916 5225">
     <span class='ocr_line' id='line_1_111' title="bbox 2307 5151 3916 5225; baseline 0.003 -17"><span class='ocrx_word' id='word_1_783' title='bbox 2307 5169 2368 5210; x_wconf 84' lang='lat' dir='ltr'><strong>os</strong></span> <span class='ocrx_word' id='word_1_784' title='bbox 2397 5160 2452 5207; x_wconf 91' lang='lat' dir='ltr'><strong>et</strong></span> <span class='ocrx_word' id='word_1_785' title='bbox 2474 5151 2820 5222; x_wconf 84' lang='lat' dir='ltr'><strong>sapientiam,</strong></span> <span class='ocrx_word' id='word_1_786' title='bbox 2850 5152 2935 5205; x_wconf 91' lang='lat' dir='ltr'><strong>cui</strong></span> <span class='ocrx_word' id='word_1_787' title='bbox 2967 5167 3072 5206; x_wconf 92' lang='lat' dir='ltr'><strong>non</strong></span> <span class='ocrx_word' id='word_1_788' title='bbox 3102 5163 3357 5222; x_wconf 88' lang='lat' dir='ltr'><strong>poterunt</strong></span> <span class='ocrx_word' id='word_1_789' title='bbox 3388 5157 3667 5225; x_wconf 79' lang='lat' dir='ltr'><strong>resistere,</strong></span> <span class='ocrx_word' id='word_1_790' title='bbox 3699 5169 3756 5214; x_wconf 88' lang='lat' dir='ltr'><strong>et</strong></span> <span class='ocrx_word' id='word_1_791' title='bbox 3787 5176 3916 5216; x_wconf 86' lang='lat' dir='ltr'><strong>con-</strong></span> 
     </span>
    </p>
   </div>
   <div class='ocr_carea' id='block_1_112' title="bbox 2312 5242 3919 5320">
    <p class='ocr_par' dir='ltr' id='par_1_112' title="bbox 2312 5242 3919 5320">
     <span class='ocr_line' id='line_1_112' title="bbox 2312 5242 3919 5320; baseline 0.004 -23"><span class='ocrx_word' id='word_1_792' title='bbox 2312 5243 2582 5298; x_wconf 82' lang='lat' dir='ltr'><strong>tradicere</strong></span> <span class='ocrx_word' id='word_1_793' title='bbox 2611 5257 2804 5296; x_wconf 90' lang='lat' dir='ltr'><strong>omnes</strong></span> <span class='ocrx_word' id='word_1_794' title='bbox 2835 5242 3132 5295; x_wconf 80' lang='lat' dir='ltr'><strong>adversarii</strong></span> <span class='ocrx_word' id='word_1_795' title='bbox 3168 5246 3335 5298; x_wconf 88' lang='lat' dir='ltr'><strong>vestri</strong></span> <span class='ocrx_word' id='word_1_796' title='bbox 3367 5245 3518 5320; x_wconf 55' lang='lat' dir='ltr'><strong>(bac.</strong></span> <span class='ocrx_word' id='word_1_797' title='bbox 3559 5248 3697 5320; x_wconf 70' lang='grc' dir='ltr'><strong>χχι).</strong></span> <span class='ocrx_word' id='word_1_798' title='bbox 3733 5269 3751 5301; x_wconf 70' lang='grc' dir='ltr'><strong><em>ι</em></strong></span> <span class='ocrx_word' id='word_1_799' title='bbox 3800 5250 3919 5316; x_wconf 91' lang='lat' dir='ltr'><strong>llle,</strong></span> 
     </span>
    </p>
   </div>
   <div class='ocr_carea' id='block_1_113' title="bbox 2311 5314 3915 5411">
    <p class='ocr_par' dir='ltr' id='par_1_113' title="bbox 2311 5314 3915 5411">
     <span class='ocr_line' id='line_1_113' title="bbox 2311 5314 3915 5411; baseline 0.002 -18"><span class='ocrx_word' id='word_1_800' title='bbox 2311 5339 2552 5408; x_wconf 88' lang='lat' dir='ltr'><strong>inquam,</strong></span> <span class='ocrx_word' id='word_1_801' title='bbox 2581 5339 2672 5407; x_wconf 88' lang='lat' dir='ltr'><strong>qui</strong></span> <span class='ocrx_word' id='word_1_802' title='bbox 2703 5338 2834 5392; x_wconf 91' lang='lat' dir='ltr'><strong>dicit</strong></span> <span class='ocrx_word' id='word_1_803' title='bbox 2868 5353 2883 5391; x_wconf 84' lang='lat'><strong>:</strong></span> <span class='ocrx_word' id='word_1_804' title='bbox 2917 5355 2935 5388; x_wconf 74' lang='grc' dir='ltr'>ι</span> <span class='ocrx_word' id='word_1_805' title='bbox 2966 5336 3081 5392; x_wconf 83' lang='grc' dir='ltr'><strong>Νυη</strong></span> <span class='ocrx_word' id='word_1_806' title='bbox 3117 5353 3211 5392; x_wconf 88' lang='lat' dir='ltr'><strong>vos</strong></span> <span class='ocrx_word' id='word_1_807' title='bbox 3243 5314 3381 5393; x_wconf 87' lang='lat' dir='ltr'><strong>estis</strong></span> <span class='ocrx_word' id='word_1_808' title='bbox 3405 5314 3430 5404; x_wconf 55' lang='grc' dir='ltr'><em>ξ</em></span> <span class='ocrx_word' id='word_1_809' title='bbox 3466 5340 3556 5408; x_wconf 94' lang='lat' dir='ltr'><strong>qui</strong></span> <span class='ocrx_word' id='word_1_810' title='bbox 3607 5314 3915 5411; x_wconf 81' lang='lat' dir='ltr'><strong>loquimini,</strong></span> 
     </span>
    </p>
   </div>
   <div class='ocr_carea' id='block_1_114' title="bbox 2309 5426 3920 5500">
    <p class='ocr_par' dir='ltr' id='par_1_114' title="bbox 2309 5426 3920 5500">
     <span class='ocr_line' id='line_1_114' title="bbox 2309 5426 3920 5500; baseline 0.004 -18"><span class='ocrx_word' id='word_1_811' title='bbox 2309 5429 2406 5483; x_wconf 86' lang='lat' dir='ltr'><strong>sed</strong></span> <span class='ocrx_word' id='word_1_812' title='bbox 2456 5427 2694 5498; x_wconf 90' lang='lat' dir='ltr'><strong>Spiritus</strong></span> <span class='ocrx_word' id='word_1_813' title='bbox 2751 5426 2930 5482; x_wconf 86' lang='lat' dir='ltr'><strong>Patris</strong></span> <span class='ocrx_word' id='word_1_814' title='bbox 2986 5429 3152 5483; x_wconf 88' lang='lat' dir='ltr'><strong>vestri</strong></span> <span class='ocrx_word' id='word_1_815' title='bbox 3224 5430 3314 5500; x_wconf 92' lang='lat' dir='ltr'><strong>qui</strong></span> <span class='ocrx_word' id='word_1_816' title='bbox 3355 5429 3598 5500; x_wconf 88' lang='lat' dir='ltr'><strong>loquitur</strong></span> <span class='ocrx_word' id='word_1_817' title='bbox 3652 5431 3708 5488; x_wconf 87' lang='lat' dir='ltr'><strong>in</strong></span> <span class='ocrx_word' id='word_1_818' title='bbox 3766 5433 3920 5488; x_wconf 87' lang='lat' dir='ltr'><strong>vobis</strong></span> 
     </span>
    </p>
   </div>
   <div class='ocr_carea' id='block_1_115' title="bbox 2314 5519 2697 5588">
    <p class='ocr_par' dir='ltr' id='par_1_115' title="bbox 2314 5519 2697 5588">
     <span class='ocr_line' id='line_1_115' title="bbox 2314 5519 2697 5588; baseline 0.008 -20"><span class='ocrx_word' id='word_1_819' title='bbox 2314 5519 2530 5574; x_wconf 75' lang='lat' dir='ltr'><strong>(Matth.</strong></span> <span class='ocrx_word' id='word_1_820' title='bbox 2565 5520 2641 5588; x_wconf 87' lang='grc' dir='ltr'><strong>ι).</strong></span> <span class='ocrx_word' id='word_1_821' title='bbox 2679 5539 2697 5571; x_wconf 72' lang='grc' dir='ltr'><strong><em>ι</em></strong></span> 
     </span>
    </p>
   </div>
   <div class='ocr_carea' id='block_1_116' title="bbox 2385 5613 3903 5688">
    <p class='ocr_par' dir='ltr' id='par_1_116' title="bbox 2385 5613 3903 5688">
     <span class='ocr_line' id='line_1_116' title="bbox 2385 5613 3903 5688; baseline 0 -19"><span class='ocrx_word' id='word_1_822' title='bbox 2385 5613 2491 5669; x_wconf 89' lang='lat' dir='ltr'><strong>Sed</strong></span> <span class='ocrx_word' id='word_1_823' title='bbox 2522 5614 2719 5668; x_wconf 87' lang='lat' dir='ltr'><strong>iterum</strong></span> <span class='ocrx_word' id='word_1_824' title='bbox 2755 5614 2807 5666; x_wconf 91' lang='lat' dir='ltr'><strong>in</strong></span> <span class='ocrx_word' id='word_1_825' title='bbox 2841 5627 3063 5668; x_wconf 90' lang='lat' dir='ltr'><strong>carcere</strong></span> <span class='ocrx_word' id='word_1_826' title='bbox 3093 5613 3354 5667; x_wconf 86' lang='lat' dir='ltr'><strong>horrifico</strong></span> <span class='ocrx_word' id='word_1_827' title='bbox 3380 5615 3674 5682; x_wconf 88' lang='lat' dir='ltr'><strong>clauditur,</strong></span> <span class='ocrx_word' id='word_1_828' title='bbox 3703 5616 3903 5688; x_wconf 88' lang='lat' dir='ltr'><strong>gravis-</strong></span> 
     </span>
    </p>
   </div>
   <div class='ocr_carea' id='block_1_117' title="bbox 2313 5705 3918 5776">
    <p class='ocr_par' dir='ltr' id='par_1_117' title="bbox 2313 5705 3918 5776">
     <span class='ocr_line' id='line_1_117' title="bbox 2313 5705 3918 5776; baseline -0.001 -14"><span class='ocrx_word' id='word_1_829' title='bbox 2313 5707 2452 5762; x_wconf 87' lang='lat' dir='ltr'><strong>simo</strong></span> <span class='ocrx_word' id='word_1_830' title='bbox 2481 5716 2800 5761; x_wconf 89' lang='lat' dir='ltr'><strong>catenarum</strong></span> <span class='ocrx_word' id='word_1_831' title='bbox 2831 5706 3071 5773; x_wconf 81' lang='lat' dir='ltr'><strong>pondere</strong></span> <span class='ocrx_word' id='word_1_832' title='bbox 3116 5705 3429 5775; x_wconf 90' lang='lat' dir='ltr'><strong>impeditur,</strong></span> <span class='ocrx_word' id='word_1_833' title='bbox 3467 5707 3518 5760; x_wconf 93' lang='lat' dir='ltr'><strong>in</strong></span> <span class='ocrx_word' id='word_1_834' title='bbox 3551 5707 3698 5776; x_wconf 83' lang='lat' dir='ltr'><strong>ligno</strong></span> <span class='ocrx_word' id='word_1_835' title='bbox 3727 5717 3918 5763; x_wconf 75' lang='lat' dir='ltr'><strong>exten-</strong></span> 
     </span>
    </p>
   </div>
   <div class='ocr_carea' id='block_1_118' title="bbox 2314 5799 3919 5871">
    <p class='ocr_par' dir='ltr' id='par_1_118' title="bbox 2314 5799 3919 5871">
     <span class='ocr_line' id='line_1_118' title="bbox 2314 5799 3919 5871; baseline 0.001 -15"><span class='ocrx_word' id='word_1_836' title='bbox 2314 5800 2480 5865; x_wconf 85' lang='lat' dir='ltr'><strong>ditur,</strong></span> <span class='ocrx_word' id='word_1_837' title='bbox 2514 5800 2661 5855; x_wconf 84' lang='lat' dir='ltr'><strong>omni</strong></span> <span class='ocrx_word' id='word_1_838' title='bbox 2696 5799 3080 5856; x_wconf 77' lang='lat' dir='ltr'><strong>alimentorum</strong></span> <span class='ocrx_word' id='word_1_839' title='bbox 3107 5800 3513 5856; x_wconf 83' lang='lat' dir='ltr'><strong>sustentatione</strong></span> <span class='ocrx_word' id='word_1_840' title='bbox 3541 5801 3801 5871; x_wconf 90' lang='lat' dir='ltr'><strong>privatur.</strong></span> <span class='ocrx_word' id='word_1_841' title='bbox 3835 5802 3919 5858; x_wconf 75' lang='lat' dir='ltr'><strong>Ad</strong></span> 
     </span>
    </p>
   </div>
  </div>
