5232 6476
679 399 764 456 677
1935 386 2170 445 SERMO
2206 389 2423 448 XXXII.

3835 381 3943 442 678

669 526 745 566 sas
785 518 834 567 et
860 509 1169 566 innumeras
1199 513 1402 564 mortes
1454 520 1620 579 regna
1650 504 1863 562 siderea
1894 505 2220 576 penetravit.
2253 511 2303 570 Α
2333 513 2416 561 tes
2442 517 2692 576 proprias
2721 503 2778 560 in
2807 501 3059 559 omnibus
3093 501 3366 574 frangere,
3397 511 3453 557 et
3499 499 3727 571 majoris
3758 499 3938 571 impeo

668 603 748 660 Sic
772 603 817 660 in
841 604 1042 658 sanctis
1081 602 1200 656 luce
1246 590 1448 656 ciarius
1496 599 1910 664 manifestatur,
1953 597 2099 668 quod
2129 611 2228 667 per

667 695 932 750 Veritatem
961 695 1011 749 in
1041 693 1334 764 Evangelia
1363 693 1600 748 dicitur:
1635 710 1655 744 ι
1685 689 1823 758 Quia
1856 705 2083 760 regnum
2112 702 2229 743 cte-

663 782 817 839 lorum
878 784 986 837 vim
1051 783 1300 853 patitur,
1374 793 1429 837 et
1489 780 1712 838 violenti
1773 781 2040 852 diripiunt
2097 778 2230 835 illud

664 874 855 945 (Matth.
894 872 994 942 ιι).
1036 890 1054 924 ι

724 964 890 1034 Neque
921 969 1102 1017 tamen
1133 961 1235 1017 hoc
1262 961 1513 1029 dicimus,
1543 973 1603 1018 ut
1630 961 1707 1017 illi
1739 962 2084 1018 solummodo
2114 974 2228 1016 etn-

659 1053 859 1110 lestibus
887 1053 1030 1122 digni
1064 1051 1298 1122 praemiis
1324 1051 1649 1117 habeantur,
1683 1052 1774 1122 qui
1813 1059 2228 1122 persecutorum

659 1143 836 1218 gladiis
857 1143 1141 1199 feriuntur.
1176 1143 1332 1213 Saepe
1354 1145 1502 1198 enim
1536 1145 1689 1199 multi
1721 1143 1980 1214 perfecta:
2031 1152 2087 1198 et
2117 1142 2234 1198 lau-

656 1238 835 1294 dabilis
876 1239 1000 1293 vitae
1041 1237 1147 1293 viri
1196 1247 1313 1293 toto
1353 1239 1550 1294 mentis
1587 1239 1860 1294 desiderio
1888 1238 1954 1292 ad
1986 1237 2232 1308 martyrii

659 1325 924 1383 voluerunt
951 1327 1162 1383 culmen
1191 1328 1494 1398 attingere;
1538 1329 1632 1383 sed
1674 1329 1800 1399 quia
1833 1328 2014 1382 divina
2050 1329 2236 1398 provi-

657 1415 823 1471 dentia
864 1415 1022 1472 aliter
1055 1416 1248 1480 sensit,
1278 1417 1332 1472 in
1371 1431 1472 1472 suo
1498 1417 1670 1489 gradu
1700 1418 1876 1472 coacti
1899 1426 2026 1472 sunt
2055 1432 2233 1471 rema-

654 1519 806 1574 nere;
833 1509 919 1579 qui
942 1507 1153 1563 etiamsi
1181 1523 1523 1577 nequaquam
1554 1507 1758 1563 fuerint
1787 1522 1888 1577 per
1908 1507 2234 1584 martyrium

654 1600 1020 1668 consummati,
1063 1615 1092 1655 a
1123 1600 1369 1672 martyrii
1419 1609 1600 1655 tamen
1632 1600 1802 1671 gloria
1853 1600 2076 1654 minime
2107 1607 2236 1654 sunt

655 1681 828 1748 alieni.
853 1683 983 1747 Nam
1016 1701 1071 1748 et
1099 1692 1275 1748 sancti
1299 1691 1550 1763 discipuli
1581 1692 1642 1746 Β.
1677 1691 2023 1761 Apollinaris,
2056 1690 2235 1746 Adhe-

654 1787 786 1842 ritus
807 1785 1052 1841 videlicet
1088 1794 1143 1841 et
1185 1785 1500 1851 Calocerus,
1544 1785 1853 1841 Marcianus
1881 1795 1936 1840 et
1965 1783 2235 1838 Elcucha-

2335 594 2419 650 rio
2449 593 2732 649 humiliter
2776 591 3022 649 obedire.
3078 592 3337 662 Quisquis
3386 600 3566 646 autem
3605 605 3705 662 per
3729 589 3938 660 proprii

2334 682 2547 738 arbitrii
2584 682 2929 739 latitudinem
2961 679 3171 750 defluit,
3201 683 3395 752 pedem
3429 681 3630 736 mentis
3671 680 3740 735 ab
3768 695 3943 749 angu-

2334 786 2432 833 sta:
2460 777 2562 832 vim
2588 777 2784 832 semita
2814 776 3127 833 declinavit.
3163 775 3270 832 Sed
3306 783 3458 830 tanto
3485 791 3584 845 per
3612 775 3754 830 hanc
3778 787 3941 830 suum

2333 865 2442 922 iter
2465 865 2678 936 plenius
2704 865 2912 937 dirigit,
2942 876 3150 936 quanto
3178 881 3238 922 se
3258 867 3466 920 arctius
3495 864 3554 920 in
3583 863 3732 936 ligno
3761 863 3945 920 cordis

2335 957 2506 1015 clavis
2533 956 2856 1012 obedientia:
2886 956 3177 1028 crucifigit.

2408 1046 2516 1104 Sed
2546 1047 2676 1118 quia
2705 1048 2772 1103 ad
2814 1047 3235 1103 mdiiicationem
3274 1061 3546 1110 noswam,
3578 1041 3940 1110 dilectissimi,

2337 1141 2499 1214 hujus
2531 1153 2640 1197 tam
2665 1141 2954 1212 praecipuae
3001 1142 3222 1196 virtutis
3251 1139 3568 1210 exemplum
3600 1154 3807 1208 ponere
3840 1154 3942 1194 vo-

2339 1235 2539 1299 lumus,
2571 1235 2699 1304 quia
2733 1234 2801 1289 de
2849 1232 2998 1288 nullo
3047 1229 3212 1288 citius
3257 1233 3524 1295 occurrit,
3555 1231 3684 1287 hinc
3730 1231 3797 1287 de
3837 1247 3946 1301 quo

2338 1326 2540 1395 agitur,
2570 1320 2629 1378 Β.
2663 1323 3036 1394 Apollinarem
3073 1324 3142 1378 ad
3187 1323 3429 1379 medium
3457 1322 3814 1378 deducamus.
3874 1319 3946 1376 Ut

2337 1417 2483 1472 enim
2514 1415 2630 1484 jam
2664 1415 2917 1480 audistis,
2959 1414 3014 1468 in
3049 1415 3166 1484 ipso
3192 1423 3470 1486 gestorum
3516 1413 3661 1469 illius
3687 1422 3947 1468 narratur

2336 1509 2584 1575 exordio,
2611 1508 2738 1579 quia
2769 1508 2830 1563 Β.
2859 1508 3055 1564 Petrus
3081 1507 3363 1578 apostolus
3395 1506 3474 1562 ait
3512 1507 3816 1578 Apollinari
3864 1506 3949 1563 di-

2337 1599 2545 1673 scipqu
2576 1617 2674 1657 suo
2699 1616 2713 1656 :
2745 1600 2886 1670 Quid
2908 1601 3068 1656 sedes
3092 1600 3415 1656 nobiscum?
3442 1600 3587 1656 Ecce
3609 1601 3860 1656 eruditus
3886 1613 3946 1655 es

2336 1695 2404 1751 de
2434 1695 2687 1751 onmibus
2715 1710 2838 1766 quae
2881 1693 3012 1750 fecit
3031 1692 3211 1749 Jesus.
3246 1691 3440 1764 Surge,
3465 1693 3654 1762 accipe
3680 1692 3949 1764 Spiritum

2337 1792 2610 1851 sanctum,
2641 1785 2914 1856 simulque
2943 1784 3347 1856 pontificatum.
3385 1795 3439 1839 et
3465 1799 3632 1856 perge
3662 1784 3730 1838 ad
3756 1783 3948 1842 urbem
3981 1784 3984 1786 ⁷

649 1877 784 1944 dius,
819 1876 943 1932 licet
991 1892 1330 1947 nequaquam
1369 1876 1689 1932 carnificum
1734 1874 1915 1948 gladio
1962 1874 2073 1930 sint
2112 1889 2233 1945 per-
2263 1879 2310 1941 Β
2336 1892 2458 1948 qua:
2482 1886 2712 1932 vocatur
2737 1867 3024 1932 Ravenna.
3055 1875 3352 1931 Multitudo
3401 1879 3550 1931 enim
3597 1875 3779 1946 populi
3835 1872 3949 1930 illic

645 1967 807 2033 cussi,
853 1982 881 2021 a
931 1967 1183 2038 martyrii
1231 1978 1412 2022 tamen
1463 1965 1735 2022 desiderio
1771 1964 2086 2019 nullatenus
2111 1977 2232 2018 cre-

644 2058 836 2112 duntur
859 2056 1027 2113 fuisse
1075 2058 1340 2121 extranei,
1380 2056 1476 2112 sed
1507 2057 1857 2127 omnipotens
1904 2055 2088 2120 Deus,
2135 2053 2230 2124 qui

639 2165 736 2205 eos
764 2159 884 2206 ante
926 2149 1120 2205 saecula
1151 2149 1448 2205 clementer
1473 2149 1657 2218 elegit,
1708 2149 1764 2203 in
1793 2163 1904 2219 quo
1936 2147 2106 2202 voluit
2134 2161 2228 2202 or-

639 2241 789 2306 dine,
819 2239 1084 2311 profunda
1115 2240 1328 2295 consilii
1357 2240 1439 2294 sui
1474 2239 1884 2310 dispensatione
1909 2238 2227 2304 constituit;

636 2340 763 2401 qua:
789 2332 1033 2402 quamvis
1073 2341 1145 2386 δη
1187 2331 1345 2386 nobis
1374 2330 1586 2385 occulta
1614 2372 1628 2398 ,
1674 2330 1826 2385 nullo
1855 2330 2018 2385 modo
2046 2339 2231 2384 tamen

635 2417 787 2478 credi
815 2425 974 2479 debet
999 2420 1232 2490 iniusta;
1268 2423 1517 2492 quamvis
1544 2423 1620 2476 sit
1646 2419 2228 2492 incomprehensibilis,

635 2514 789 2568 nullo
819 2513 976 2569 modo
1005 2523 1186 2569 tamen
1211 2515 1482 2569 censenda
1515 2513 1984 2584 reprehensibilis.
2029 2513 2120 2568 Sic
2143 2527 2233 2567 ar-

634 2606 907 2661 chitectus
953 2620 1079 2660 cum
1131 2605 1396 2676 parietem
1429 2606 1621 2661 domus
1665 2605 1936 2671 aedificat,
1980 2605 2116 2662 alios
2156 2605 2236 2660 la-

629 2694 868 2765 pitles'in
901 2694 1025 2750 imis
1049 2694 1332 2765 aequaliter
1357 2695 1662 2762 construit,
1714 2695 1852 2751 alios
1902 2697 1956 2751 in
2002 2696 2233 2752 summis

630 2786 925 2842 artificiosa
954 2787 1285 2842 sublimitate
1313 2789 1614 2857 componit.
1659 2787 1771 2843 Sed
1801 2785 1931 2841 dum
1958 2786 2035 2842 illi
2065 2802 2232 2857 supe-

627 2882 754 2936 rius
781 2882 1042 2948 eminent,
1075 2881 1167 2936 isti
1203 2881 1430 2937 inferius
1464 2881 1675 2950 jacent,
1711 2883 1969 2938 concordi
1999 2881 2231 2938 diversi»

628 2983 747 3028 tate
795 2990 961 3029 unum
1009 2965 1170 3030 simul
1219 2974 1480 3044 parietem
1532 2975 1829 3046 complent.
1875 2973 1968 3030 Sic
2019 2974 2230 3045 peritus

623 3052 831 3120 artifex
887 3080 1010 3120 cum
1057 3080 1244 3132 aurea,
1297 3065 1383 3119 vel
1432 3078 1688 3134 argentea
1731 3080 1860 3120 vasa
1926 3063 2228 3134 componit,

621 3158 761 3212 aliis
791 3156 1039 3212 diversas
1062 3158 1372 3228 scnlptnras
1419 3166 1475 3210 ct
1509 3158 1774 3228 imagines
1809 3157 2094 3227 imprimit,
2123 3156 2229 3211 alia

621 3261 766 3302 vero
816 3246 1156 3302 solummodo
1204 3247 1370 3317 polita
1423 3261 1490 3301 ex
1537 3248 1719 3302 studio
1758 3246 2121 3314 derelinquit;
2174 3256 2233 3301 ut

622 3340 770 3394 dum
799 3339 855 3393 in
883 3338 990 3404 his,
1020 3339 1124 3394 hoc
1155 3349 1235 3394 est
1267 3338 1623 3409 simplicibus,
1658 3338 1920 3394 naturalis
1950 3353 2101 3393 conor
2125 3337 2232 3392 cla-

616 3431 748 3485 rius
781 3429 1000 3496 rutilat;
1051 3431 1104 3485 in
1139 3431 1245 3487 illis
1293 3445 1445 3498 vero,
1479 3431 1531 3486 id
1570 3439 1672 3498 est,
1713 3431 2057 3502 anaglyphis,
2102 3445 2234 3484 ana-

613 3521 816 3592 glyphi
847 3521 1140 3591 sculptoris
1163 3523 1438 3589 ingenium
1468 3537 1560 3575 ars
1590 3521 1830 3577 Studiosa
1861 3523 2230 3586 commendat,

609 3613 996 3683 Spectantium
1040 3613 1229 3668 oculos
1275 3613 1500 3682 pulchra
1546 3613 1613 3667 ad
1664 3629 1723 3668 se
1767 3628 1950 3668 rerum
1994 3613 2233 3668 varietas

609 3705 840 3760 trahat.
873 3703 1318 3760 lndumentorum
1351 3721 1567 3775 quoque
1600 3705 1862 3777 regalium
1907 3706 2011 3760 alia
2042 3707 2230 3759 viden-

606 3805 718 3851 tur
752 3795 1048 3867 conchylii,
1080 3797 1165 3850 vel
1193 3797 1417 3850 muricis
1444 3797 1742 3867 sanguineo
1767 3798 1966 3852 rubore
1985 3796 2229 3868 perfusa,

600 3887 735 3942 alia
765 3901 898 3941 vero
927 3887 1068 3941 nivei
1101 3886 1301 3941 coloris
1333 3888 1508 3940 nitore
1541 3887 1852 3942 candentia.

693 3976 814 4032 Sed
843 3978 970 4032 dum
993 3991 1080 4043 ex,
1101 3979 1321 4049 propria
1354 3978 1618 4049 qualitate
1653 3979 1796 4036 inter
1833 3995 1894 4036 se
1939 3979 2230 4036 admodum

597 4067 912 4133 differunt,
946 4084 1106 4124 unam
1135 4079 1312 4125 tamen
1341 4071 1656 4140 dignitatem
1687 4070 1754 4125 de
1784 4086 1869 4137 eo,
1900 4071 2061 4144 164
2088 4073 2234 4142 quod

593 4160 1000 4216 communiter
1028 4170 1343 4230 contegunt,
1372 4177 1602 4231 corpore
1633 4163 1780 4234 regis
1833 4165 2081 4218 trahunt.
2139 4163 2233 4220 Sic

591 4241 922 4320 riimirum,
966 4253 1046 4308 sic
1074 4255 1420 4322 omnipotens
1444 4255 1587 4311 Deus
1612 4256 1738 4310 dum
1769 4254 1971 4310 electos
2007 4271 2134 4311 suos
2163 4257 2231 4312 ad

588 4345 795 4404 unius
823 4344 1102 4401 felicitatis
1128 4348 1352 4416 gradum
1385 4346 1654 4418 provehit,
1687 4348 1946 4404 Ecclesia:
1971 4365 2085 4404 sua:
2114 4366 2233 4406 cor-

584 4453 724 4511 pus
756 4450 864 4507 per
915 4439 1067 4492 varia
1121 4439 1490 4495 membrorum
1541 4440 1870 4498 lineamenta
1920 4443 2229 4515 distinguit.

584 4533 768 4588 Hinc
796 4540 885 4586 est
912 4531 1077 4597 enim,
1112 4532 1254 4601 quod
1300 4548 1398 4603 per
1427 4534 1747 4604 Apostolum
1798 4535 2001 4591 dicitur
2025 4552 2039 4590 :
2067 4557 2085 4588 ι
2115 4537 2233 4608 lpse

577 4623 777 4681 dedit
827 4623 1093 4693 quosdam
1142 4625 1360 4695 quidem
1411 4625 1711 4696 apostolos,
1739 4627 2006 4696 quosdam
2049 4637 2232 4682 autem

573 4717 954 4791 prophetas.
987 4718 1122 4774 alios
1156 4733 1288 4774 vero
1338 4719 1720 4791 evangelistas,
1755 4721 1888 4777 alios
1917 4731 2098 4776 autem
2144 4737 2237 4791 pa-

574 4823 807 4870 stores
828 4816 887 4863 et
915 4809 1193 4875 doctores,
1237 4809 1304 4864 ad
1328 4813 1858 4868 consummationem
1889 4821 2229 4879 sanctorum,

574 4905 647 4960 in
706 4915 864 4970 opus
889 4899 1204 4963 ministerii,
1245 4900 1298 4955 in
1323 4902 1739 4958 :ediﬂcationem
1786 4903 2034 4974 corporis
2075 4903 2206 4958 Chri

574 4993 662 5050 sti
713 4986 950 5059 (Ephes.
979 4991 1077 5063 tv).
1111 5010 1129 5044 ι
1161 4990 1266 5046 Sed
1296 4991 1424 5046 licet
1454 4993 1603 5047 varia
1634 4993 1705 5047 sit
1733 4993 2022 5049 diversitas
2049 5005 2231 5049 trans-

574 5083 905 5148 euntium,
937 5099 1041 5138 una
1074 5093 1254 5139 tamen
1285 5093 1370 5140 est
1416 5085 1526 5152 via,
1580 5101 1677 5156 per
1706 5102 1869 5157 quam
1921 5088 2185 5142 transitur
2217 5105 2228 5140 :

574 5180 697 5235 illa
742 5175 1040 5241 nimirum,
1070 5192 1235 5246 quam
1281 5175 1499 5233 Veritas
1537 5193 1595 5234 se
1624 5179 1980 5248 sequentibus
2023 5187 2234 5234 sterne-

574 5273 732 5329 bat,
780 5279 916 5319 cum
947 5265 1155 5321 diceret
1188 5283 1200 5319 :
1247 5285 1265 5317 ι
1297 5267 1542 5337 Angusta
1572 5276 1655 5323 est
1687 5269 1796 5333 via,
1846 5284 1966 5338 qum
1988 5268 2136 5322 ducit
2167 5269 2234 5323 ad

574 5363 841 5423 vitam;
888 5367 945 5413 et
1004 5361 1159 5429 pauci
1199 5371 1346 5423 sunt,
1400 5362 1489 5430 qui
1539 5361 1913 5432 ingrediantur
1963 5379 2062 5432 per
2109 5377 2230 5417 eam

574 5449 848 5506 'Maltlt.
876 5449 1000 5518 vn).
1030 5469 1050 5502 ι
1085 5448 1236 5504 Hane
1266 5450 1404 5502 viam
1440 5451 1553 5519 ipse
1581 5451 1840 5506 Dominus
1893 5455 2090 5516 tenuit;
2139 5469 2233 5522 per

574 5554 760 5597 mne
799 5538 1116 5609 quicunque
1145 5554 1268 5593 eum
1310 5540 1459 5609 sequi
1493 5541 1739 5603 Volucrit,
1769 5543 2022 5598 incedere
2045 5542 2228 5610 jussit.

581 5631 776 5685 lano
809 5625 960 5680 viam
987 5629 1158 5682 sancti
1206 5637 1475 5700 martyres
1516 5631 1666 5686 omni
1695 5632 1878 5687 studio
1918 5641 2228 5696 tenuerunt,

574 5730 929 5787 intequam
1002 5718 1068 5772 ad
1136 5719 1461 5788 martyrium
1517 5722 1831 5792 pertingere
1881 5722 2228 5777 meruissent.

574 5815 939 5880 uigttstam
966 5806 1162 5876 quippe
1195 5808 1334 5862 viam
1364 5809 1605 5879 perfecte
1637 5821 1820 5869 tenere
1851 5821 1934 5872 est
1987 5811 2233 5868 volunta-

2336 1978 2608 2036 moratur,
2653 1965 2893 2039 pmdica
2933 1967 3015 2023 eis
3039 1968 3108 2023 de
3136 1981 3359 2023 nomine
3388 1966 3541 2032 Jesu,
3575 1976 3630 2022 et
3658 1981 3728 2021 ne
3755 1964 3950 2020 formi-

2335 2061 2574 2117 daveris.
2644 2059 2711 2116 Et
2760 2060 2924 2132 paulo
2954 2069 3081 2130 post
3127 2057 3476 2131 subjuugitur
3517 2077 3530 2112 :
3587 2058 3655 2113 Et
3693 2057 3952 2113 osculans

2334 2169 2481 2220 eum,
2534 2153 2722 2210 emisit
2773 2169 2803 2208 a
2833 2167 2913 2208 se.
2959 2152 3310 2224 Perpentlite,
3363 2150 3563 2206 fratres
3598 2151 3731 2217 mei,
3784 2165 3949 2221 quam

2334 2246 2506 2304 libera
2535 2247 2590 2302 in
2617 2245 2883 2317 magistro
2908 2244 3262 2316 praecipiendi
3289 2243 3608 2307 auctoritas,
3647 2257 3814 2313 quam
3856 2242 3952 2298 de-

2333 2347 2461 2393 vota
2498 2338 2554 2392 in
2584 2337 2854 2408 discipulo
2883 2335 3178 2392 obediendi
3213 2335 3494 2390 humilitas
3522 2349 3536 2388 :
3568 2349 3734 2404 quam
3773 2347 3952 2404 prom-

2333 2412 2572 2504 ptusille
2601 2430 2705 2486 fuit
2729 2431 2797 2486 ad
2827 2429 3218 2500 imponendum
3265 2427 3481 2498 imperii
3521 2425 3736 2497 jngum,
3777 2439 3946 2497 quam

2335 2523 2440 2579 iste
2487 2532 2715 2594 paratus
2764 2521 2976 2576 exstitit
3021 2521 3090 2576 ad
3135 2518 3567 2576 submittendum
3618 2515 3948 2572 ohetlientim

2335 2611 2554 2668 collum.
2596 2612 2690 2667 ille
2736 2611 3003 2681 jussionis
3051 2626 3164 2667 suae
3211 2610 3568 2666 severitatem
3615 2606 3950 2666 1:!andiendo
4001 2597 4005 2600 ’

2334 2721 2444 2761 non
2475 2714 2766 2776 temperat,
2799 2704 2889 2760 ille
2915 2703 3050 2759 tanti
3083 2703 3289 2760 laboris
3319 2702 3507 2759 subire
3536 2700 3814 2756 sarcinam
3841 2715 3952 2757 non

2335 2806 2570 2851 recusat.

2409 2887 2600 2942 Solcnt
2654 2887 2931 2942 mundana
2981 2885 3294 2956 eloquentia
3365 2884 3570 2942 eruditi
3613 2881 3949 2941 locutionent

2337 2993 2491 3034 suam
2550 2980 2808 3034 rhetorici
2858 2977 3062 3034 coloris
3138 2977 3412 3034 suavitate
3485 2989 3842 3046 componere,
3893 2980 3950 3029 et

2336 3083 2568 3139 quaeque
2599 3067 2861 3135 difﬁcilia,
2899 3083 3023 3124 cum
3054 3067 3266 3131 volunt,
3296 3066 3512 3120 blandis
3564 3075 3619 3120 et
3661 3064 3949 3135 exquisitis

2340 3161 2522 3217 verbis
2552 3161 2690 3216 levia
2716 3161 3125 3230 demonstrare,
3154 3169 3214 3214 ut
3237 3159 3280 3214 si
3310 3168 3530 3230 quando
3553 3173 3717 3228 grave
3745 3156 3948 3226 aliquid

2260 3223 2305 3285 (ἶ
2341 3253 2634 3322 imperant,
2662 3223 2968 3307 auditorem
2997 3253 3064 3306 ad
3092 3223 3342 3306 suavota
3371 3223 3715 3312 convertant.
3749 3223 3949 3302 Beatus

2339 3355 2470 3394 vero
2497 3341 2778 3411 apostolus
2800 3357 2908 3395 non
2939 3340 3136 3394 blanda
3167 3339 3333 3393 verba
3359 3338 3689 3407 composuit,
3722 3353 3830 3391 non
3868 3337 3948 3391 rei

2336 3437 2593 3484 eventum
2629 3444 2950 3500 prOSpei-um
2995 3429 3337 3499 repromisit,
3374 3427 3466 3484 sed
3511 3444 3624 3482 rem
3672 3426 3950 3482 difﬁcilem

2337 3523 2670 3591 simpliciter
2723 3522 3035 3592 imperavit.
3103 3519 3250 3574 inter
3300 3519 3414 3572 haec
3466 3517 3597 3572 illud
3650 3518 3816 3572 etiam
3882 3532 3912 3571 a

2337 3618 2573 3689 mentem
2631 3615 2796 3680 redit,
2888 3614 3033 3685 quod
3085 3613 3352 3667 Dominus
3392 3611 3628 3666 Abrahae
3682 3611 3955 3666 dissimila‘

2336 3711 2581 3780 quidem,
2618 3709 2711 3764 sed
2737 3724 2843 3762 non
2878 3705 3222 3761 dissimiliter
3244 3705 3451 3775 jussit:
3490 3724 3508 3754 ‹
3543 3703 3712 3768 Tolle,
3749 3703 3947 3773 inquit,

2338 3801 2507 3855 lilium
2541 3809 2715 3863 tuum,
2744 3813 2908 3867 quem
2941 3797 3123 3868 diligis
3150 3797 3319 3859 Isaac,
3351 3805 3408 3850 et
3437 3793 3574 3849 olIer
3612 3794 3763 3848 illum
3808 3795 3948 3849 mihi

2337 3891 2390 3945 in
2420 3889 2794 3946 holocaustum
2822 3887 2978 3957 (Gen.
3001 3887 3143 3959 ιιι).
3177 3907 3196 3939 ι
3247 3885 3533 3942 Sullieeret
3568 3901 3808 3955 namque
3839 3886 3947 3942 Do-

2337 3984 2484 4037 mino
2508 3983 2710 4047 dicere,
2741 3981 2869 4037 tolle
2905 3980 3078 4036 filium
3105 3987 3295 4046 tuum;
3332 3979 3429 4034 sed
3473 3979 3746 4049 adjungit,
3784 3995 3947 4049 quem

2337 4073 2520 4145 diligis
2550 4074 2718 4136 lsaac,
2768 4083 2828 4127 ut
2868 4073 3091 4128 reducti
3140 4071 3280 4143 patri
3327 4071 3392 4125 ad
3447 4087 3610 4126 aures
3654 4071 3950 4128 dilectione

2338 4163 2476 4229 lilii,
2515 4164 2847 4234 probaretur
2893 4163 2949 4217 in
3001 4163 3185 4218 animo
3219 4171 3475 4241 quantus
3535 4162 3744 4217 viveret
3793 4177 3951 4217 amor

2337 4249 2463 4322 Dei;
2498 4265 2787 4326 quatenus,
2813 4255 3000 4310 audita
3039 4254 3260 4310 dilectio
3299 4253 3392 4308 filii
3437 4262 3726 4323 paternum
3757 4264 3949 4324 pectus

2338 4350 2704 4415 accenderet;
2752 4342 2854 4404 sed
2889 4364 3082 4403 rursus
3127 4348 3497 4418 exsuperante
3538 4346 3708 4400 divini
3742 4347 3948 4404 amoris

2342 4435 2501 4510 165
2547 4435 2784 4503 ﬂamma,
2839 4437 3194 4507 semetipsum
3240 4435 3566 4492 obedientiae
3606 4436 3790 4507 gladio
3832 4451 3948 4492 ma-

2337 4540 2515 4596 ctans,
2567 4529 2620 4584 in
2651 4544 2748 4584 ara
2783 4529 2966 4585 cordis
2999 4530 3184 4586 verius
3234 4525 3571 4586 immolaret.
3622 4529 3737 4586 Hoc
3778 4531 3945 4586 etiam

2340 4623 2502 4678 modo
2537 4615 2729 4678 beatus
2763 4622 3045 4693 apostolus
3073 4638 3198 4678 cum
3245 4623 3514 4693 discipulo
3557 4638 3656 4678 suo
3701 4623 3943 4679 diceret:

2339 4712 2510 4786 Perge
2535 4713 2877 4780 Ravennam,
2903 4729 2967 4769 ac
2991 4715 3036 4769 si
3061 4723 3334 4770 terrorem
3355 4714 3458 4769 sibi
3493 4713 3655 4768 vellet
3675 4715 3947 4779 incutere,

2338 4804 2589 4876 protinus
2627 4804 2876 4860 addidit:
2907 4804 3198 4863 Multitudo
3244 4806 3390 4862 enim
3441 4805 3623 4880 populi
3668 4804 3780 4862 illic
3830 4821 3949 4863 mo-

2339 4905 2514 4950 ratur.

2413 4986 2634 5042 Poterat
2662 4977 2845 5043 au'tem
2873 4987 2939 5044 Β.
2970 4988 3311 5060 Apollinaris
3343 4989 3614 5060 magistro
3645 5004 3746 5046 suo
3775 4990 3929 5048 verbi

2341 5076 2656 5146 huiusmodi
2697 5079 3072 5150 respondere:
3117 5080 3521 5137 Multitudinem
3555 5080 3740 5154 populi
3786 5081 3945 5147 dicis,

2340 5181 2397 5226 et
2439 5187 2608 5227 unum
2650 5180 2844 5227 contra
2897 5173 3304 5228 multitudinem
3356 5173 3567 5245 dirigis.
3617 5173 3784 5228 Multa
3824 5188 3947 5229 esse

2342 5259 2582 5317 hostium
2616 5264 2835 5333 agmina
2866 5264 2981 5334 ipse
3009 5279 3114 5319 non
3158 5280 3361 5336 negas;
3392 5273 3448 5320 et
3479 5281 3647 5320 unum
3676 5265 3946 5328 inermem

2339 5354 2616 5409 hominem
2656 5364 2849 5410 contra
2893 5372 2989 5411 eos
3033 5357 3252 5412 mittere
3302 5372 3410 5412 non
3459 5355 3760 5413 formidas?
3802 5356 3948 5423 Quo-

2343 5446 2504 5500 modo
2533 5446 2796 5515 pugnabit
2824 5447 2964 5500 nuda
3010 5446 3190 5516 lingua
3223 5448 3385 5503 unius
3415 5447 3651 5502 hominis
3683 5447 3946 5502 adversus

2345 5544 2587 5590 armatas
2617 5553 2810 5591 manus
2835 5539 3170 5592 adversaria:
3193 5538 3597 5594 multitudinis?
3623 5539 3763 5606 Quid
3791 5547 3944 5608 pote-

2345 5630 2410 5683 rit
2447 5627 2677 5682 imbellis
2705 5629 2978 5699 peregrini
3025 5645 3259 5699 persona
3295 5630 3559 5686 adversus
3593 5639 3673 5686 tot
3702 5630 3946 5683 fremenv:

2345 5716 2479 5772 tium
2516 5717 2718 5772 civium
2759 5719 3014 5790 agmina?
3042 5717 3158 5774 Non
3206 5720 3343 5776 bene
3387 5731 3706 5792 coaequatur
3742 5733 3942 5790 pugna,

2342 5813 2434 5867 ubi
2470 5827 2536 5866 ex
2569 5827 2673 5865 una
2707 5812 2888 5886 lingua
2910 5811 3195 5882 jaciuntur
3231 5815 3422 5882 verba,
3447 5823 3500 5870 et
3541 5828 3610 5870 ex
3640 5811 3947 5870 innumeris
