5232 6510
50 1088 53 1097 Α

68 1128 75 1137 4

55 1170 83 1192 ι
116 1176 121 1179 “

70 1212 75 1229 1
128 1208 137 1219 ,η

25 1299 32 1304 ,
70 1292 77 1301 ρ

35 1379 38 1382 ’
136 1382 145 1395 ς

66 1428 147 1467 ιβ’

15 1479 50 1508 Τ
74 1474 149 1507 Ἰγᾲίνι

33 1505 91 1539 i‘

64 1555 154 1587 si;

27 1699 64 1740 ᾖ
142 1720 147 1729 ι

35 1785 141 1820 ,Ην

17 1821 68 1840 -.ι;

0 1933 30 1955 ἑ,
90 1938 93 1941 .

1919 477 2022 534 079

2517 476 2573 531 S.
2615 476 2815 530 PETRI
2855 476 3135 531 DAIIANI
3172 477 3321 533 OPP.
3366 474 3546 530 PARS
3583 473 3711 530 SEU
3751 474 3988 531 TOMUS
4019 476 4080 530 Il.
4121 506 4192 517 —
4233 475 4619 534 SERMONES.

4930 144 5203 162 _—--.-

5039 479 5121 536 6&0

1921 590 2169 646 manibus
2215 589 2546 652 incutiuntur
2573 589 2795 642 verbera
2825 609 2836 641 :
2884 590 2970 644 ubi
3003 589 3128 643 hinc
3166 592 3486 643 emittuntur
3517 592 3560 651 Α
3594 588 3790 642 habere
3814 605 3935 640 eum
3963 589 4050 643 Dei
4083 590 4349 657 adiutorio
4379 606 4682 660 possumus.
4723 593 4905 664 Neque
4929 597 5048 650 enim
5070 598 5125 653 de

1923 695 2220 743 sermones,
2264 679 2386 732 inde
2425 677 2637 732 evolant
2674 687 2873 732 vectes.
2920 676 3120 732 Saltem
3154 695 3316 730 unuin
3357 678 3486 730 inihi

1919 772 2122 828 socium
2148 771 2325 832 dares,
2360 769 2608 823 solatium
2641 779 2750 822 tam
2788 769 3146 823 irremeabilis
3178 768 3488 836 peregrina-

1919 861 2104 926 tionis,
2127 859 2211 914 vel
2243 860 2406 913 etiam
2438 859 2605 928 ipsius
2631 859 3029 928 praedicationis
3053 857 3352 924 adiutorem
3383 861 3486 910 im-

1919 954 2197 1022 penderes.
2232 951 2363 1004 Nam
2392 961 2446 1005 et
2474 952 2587 1020 ipse
2617 951 2872 1020 magister
2901 961 3022 1003 tuus
3049 949 3306 1003 Dominus
3331 947 3488 1002 Jcsus

1915 1043 2158 1098 Christus
2183 1058 2304 1096 cum
2336 1056 2429 1095 vos
2459 1043 2524 1094 ad
2553 1037 2949 1108 praedicandum
2979 1043 3218 1093 mitteret
3251 1055 3481 1108 semper,

1915 1145 2075 1208 prout
2100 1151 2236 1205 opus
2275 1144 2414 1196 erat,
2449 1134 2599 1188 vobis
2628 1133 2873 1187 solatium
2903 1133 3209 1187 adhibebat.
3249 1133 3484 1199 Evange-

1915 1227 2036 1278 lista
2057 1239 2302 1294 quoque,
2333 1223 2600 1294 quiillum
2627 1224 2963 1291 septuaginta
3009 1225 3143 1276 duos
3185 1224 3484 1276 destinasse

1917 1316 1981 1369 ad
2024 1315 2423 1383 pnedicandum
2461 1322 2671 1378 narrat,
2705 1328 2809 1366 non
2853 1328 3010 1375 unos,
3043 1314 3134 1366 sed
3176 1314 3330 1366 binos
3359 1323 3483 1364 ante

1913 1394 2103 1459 faciem
2131 1419 2280 1456 suam
2304 1403 2515 1456 misisse
2542 1404 2853 1471 pronuntiat
2881 1403 3031 1471 (Luc.
3069 1405 3143 1472 ι).

1980 1494 2126 1559 Hac,
2150 1503 2205 1549 et
2230 1493 2394 1549 multa
2426 1492 2732 1561 huiusmodi
2764 1495 3128 1548 excusationis
3157 1494 3322 1547 verba
3351 1493 3480 1547 bea-

1911 1596 1996 1641 tus
2019 1595 2227 1656 martyr
2254 1587 2519 1655 potuisset
2549 1573 2861 1644 obtendere,
2902 1585 2945 1638 si
2983 1585 3242 1638 indomita
3273 1587 3482 1640 cervice

1907 1677 2126 1740 mentis,
2158 1674 2343 1746 iugum
2375 1675 2636 1754 voluisset
2665 1675 2984 1730 obedientiae
3016 1676 3338 1730 detractare.
3381 1677 3482 1730 Ve—

1906 1778 2214 1823 rumtamen
2251 1779 2356 1821 non
2399 1767 2624 1832 restitit,
2668 1782 2773 1821 non
2801 1767 3160 1830 contradixit;
3205 1770 3296 1821 sed
3334 1782 3476 1830 mox,

1907 1866 1968 1911 ut
2003 1856 2244 1925 iubentis
2287 1857 2494 1926 accepit
2535 1857 2843 1926 imperium,
2876 1856 3095 1910 omnino
3129 1857 3358 1911 credidit
3387 1874 3478 1911 ne-

3588 677 4116 731 abrennntiatoribus
4163 679 4290 732 Saul
4323 679 4516 740 fuerat.
4563 682 4654 750 qui
4692 683 4762 736 ab
4810 685 4942 738 irato
4967 698 5121 740 contra

3587 779 3706 815 eum
3755 763 4003 819 Satnucle
4050 767 4339 821 audiebat:
4389 789 4406 820 ι
4446 768 4696 840 Nunquid
4751 771 4864 825 vult
4908 771 5127 832 Dominus

3589 852 3898 906 holocausta
3927 867 3977 908 et
4032 858 4304 920 victimas,
4333 868 4386 911 et
4417 875 4522 912 non
4553 861 4752 928 potius,
4791 871 4849 914 ut
4879 863 5127 920 obediatur

3587 944 3701 996 voci
3753 944 4000 997 Domini?
4047 945 4235 1002 Melior
4281 957 4364 1003 est
4415 950 4558 1002 cnim
4609 951 4946 1017 obedientia,
4990 970 5127 1025 quam

3588 1033 3815 1088 \ictimm
3844 1034 3927 1098 (11
3955 1034 4076 1105 ηις.
4111 1039 4223 1104 xv).
4256 1059 4274 1088 ι

3657 1123 3907 1192 Quisquis
3937 1141 4064 1194 ergo
4091 1128 4327 1196 perfecte
4355 1128 4434 1184 vis
4471 1146 4608 1186 nanc
4645 1132 4851 1188 habere
4881 1136 5126 1200 virtutem,

3584 1221 3701 1266 esto
3723 1217 3979 1270 obediens
4017 1217 4146 1279 Deo,
4172 1234 4272 1273 nec
4308 1229 4486 1274 tamen
4529 1222 4604 1276 sis
4633 1222 4947 1278 inobediens
4975 1231 5132 1296 proxi-

3585 1318 3689 1352 ino.
3741 1301 3829 1356 Vis
3876 1308 4063 1359 audire
4105 1309 4339 1376 qualiter
4368 1311 4590 1365 obedias
4647 1312 4792 1367 Deo?
4835 1313 4975 1370 Cave
5012 1321 5132 1386 quod

3585 1397 3861 1463 prohibet;
3900 1399 4058 1467 imple
4086 1401 4227 1469 quod
4262 1400 4433 1469 jubet.
4469 1401 4649 1473 Neque
4675 1406 4818 1459 enim
4848 1422 5007 1462 unum
5035 1411 5134 1464 sine

3582 1488 3752 1541 altero
3781 1490 3923 1543 valet
3953 1473 4071 1546 esse
4105 1495 4423 1561 perfectum.
4459 1495 4551 1550 Vis
4589 1498 4750 1551 etiam
4808 1500 4992 1554 audire
5021 1517 5134 1568 qna-

3584 1578 3702 1631 liter
3729 1580 3947 1634 obedias
3977 1585 4258 1651 proximo?
4298 1585 4430 1639 Cum
4461 1594 4512 1641 te
4557 1587 4724 1641 frater
4769 1600 4896 1644 tuus
4933 1591 5066 1645 videt
5095 1595 5135 1644 in

3583 1667 3795 1735 aliquod
3844 1672 4028 1724 vitium
4071 1673 4430 1739 delabentem,
4479 1686 4535 1732 et
4565 1679 4791 1746 corripit
4837 1689 4887 1735 te
4926 1683 4974 1734 in
5017 1683 5138 1735 bono

3581 1773 3742 1824 opere
3775 1761 4032 1828 tepidum,
4063 1764 4214 1818 efad
4243 1765 4508 1820 fervorem
4540 1777 4589 1821 te
4616 1770 4796 1823 verbis
4823 1773 5138 1826 charitatiu:

3579 1848 3972 1902 exhortationis
4002 1854 4274 1917 accendit,
4303 1854 4346 1908 si
4391 1871 4497 1909 non
4528 1857 4759 1919 resistis,
4793 1860 4836 1911 si
4884 1877 4986 1913 non
5030 1879 5138 1914 con-

1903 1947 2221 2011 oessarium,
2249 1946 2389 2016 quod
2410 1946 2511 2001 sibi
2535 1958 2633 2014 per
2659 1961 2721 2000 os
2742 1945 2983 2015 magistri
3015 1946 3082 1998 ab
3110 1947 3225 2014 ipso
3249 1945 3474 2000 Domino
3510 1950 3550 2007 Β
3582 1937 3820 1996 "adicis.
3854 1941 3943 1990 sed

3072 1963 3082 1997 ,
3110 1947 3225 2014 ipso
3249 1945 3474 2000 Domino
3510 1950 3550 2007 Β
3582 1937 3820 1996 tradicis,
3854 1941 3943 1990 sed
3979 1941 4254 1996 humiliter
4281 1944 4454 2006 audis.
4486 1951 4540 2000 et
4571 1955 4622 2000 te
4648 1949 4713 2000 ad
4744 1949 4796 2001 id
4827 1951 4968 2018 quod
4999 1966 5138 2004 voca-

1908 2037 2155 2108 cognovit
2181 2036 2496 2104 iniunctum.
2531 2036 2595 2090 Et
2620 2045 2678 2090 ut
2706 2051 2799 2106 per
2827 2037 3008 2090 omnia
3034 2036 3085 2090 in
3119 2037 3318 2090 virtute
3345 2039 3474 2091 obe-

1905 2125 2120 2181 dientia:
2138 2125 2198 2179 Β.
2222 2125 2547 2196 Apollinaris
2567 2126 2800 2181 Abraha:
2822 2126 3014 2181 similis
3036 2127 3306 2190 videatur,
3337 2129 3476 2180 sicut

1903 2218 1978 2273 illi
2009 2219 2152 2274 Deus
2173 2220 2447 2288 praecepit,
2477 2220 2699 2274 dicens:
2739 2235 2757 2269 ι
2789 2219 2885 2272 Exi
2912 2219 2978 2273 de
3015 2231 3155 2274 terra
3186 2229 3295 2282 tua,
3327 2229 3379 2272 et
3411 2221 3475 2273 de

1902 2310 2223 2378 cognatione
2264 2318 2387 2374 tua,
2427 2318 2479 2363 et
2515 2310 2581 2363 de
2621 2309 2782 2362 domo
2817 2310 2988 2379 patris
3022 2309 3121 2371 tui,
3165 2318 3219 2363 et
3260 2311 3377 2362 veni
3423 2310 3474 2361 in

1903 2407 2128 2462 terram,
2175 2413 2335 2468 quam
2385 2409 2759 2454 monstravere
2808 2397 2901 2454 tibi
2958 2398 3108 2468 (Gen.
3157 2401 3278 2468 xu),
3311 2421 3328 2452 ι
3384 2401 3472 2468 qui

1900 2486 2035 2540 nihil
2083 2487 2335 2541 basitans
2382 2489 2596 2556 paruit;
2650 2490 2730 2543 sic
2772 2497 2826 2544 et
2871 2489 2973 2543 iste
3019 2506 3162 2553 mox,
3209 2500 3265 2546 ut
3310 2491 3471 2543 verba

1899 2574 2205 2644 apostolicae
2243 2573 2505 2643 iussionis
2540 2578 2768 2648 accepit,
2812 2579 3055 2647 protinus
3103 2579 3170 2632 ad
3213 2579 3468 2633 obediene

1903 2666 2028 2722 dum
2057 2684 2150 2738 spe
2176 2678 2320 2723 certa
2350 2670 2586 2724 animum
2620 2669 2913 2725 roboravit.
2945 2671 3010 2726 Et
3037 2671 3183 2740 quod
3212 2671 3470 2725 docturus

1908 2765 2024 2811 erat
2049 2759 2238 2815 verbo.
2263 2761 2440 2828 operis
2467 2761 2900 2828 praemonstravit
2926 2761 3190 2830 exemplo.
3232 2761 3346 2815 Hoc
3375 2765 3438 2816 de

1898 2844 2059 2914 nique
2107 2847 2314 2901 studuit
2360 2848 2634 2904 humiliter
2681 2851 2938 2905 exhibere
2995 2851 3284 2917 subjectis,
3326 2852 3468 2921 quod

1889 2935 2037 3005 iuste
2063 2949 2385 3008 accepturus
2408 2951 2546 3005 erat,
2577 2951 2633 2998 et
2664 2942 2779 3012 ipse
2818 2944 3090 3013 praelatus.
3121 2945 3206 3008 Et,
3238 2946 3374 3000 sicut
3403 2946 3468 2999 de

1889 3028 2118 3084 Domino
2150 3029 2344 3100 legitur
2389 3049 2410 3081 ‹
2435 3032 2583 3101 prius
2611 3034 2780 3102 cepit
2820 3032 2999 3089 facere
3048 3043 3102 3089 et
3137 3045 3322 3103 postea
3368 3037 3465 3090 do-

1891 3135 2016 3175 cere
2055 3121 2193 3190 (Act.
2222 3121 2294 3190 i);
2327 3139 2344 3172 ι
2394 3132 2455 3176 ιιι
2490 3123 2542 3176 in
2579 3123 2870 3193 semetipso
2904 3133 3159 3194 expertus
3209 3127 3460 3190 disceret,

1891 3209 2122 3277 qualiter
2163 3220 2388 3282 accepta
2434 3213 2716 3282 potestatis
2759 3216 3098 3281 aucmritate,
3132 3215 3251 3271 aliis
3287 3217 3459 3286 impe-

1889 3308 2053 3354 raret.

1958 3387 2064 3443 Sed
2093 3404 2252 3459 quam
2284 3391 2509 3459 pulcher
2538 3391 2735 3446 divinae
2763 3391 3180 3462 dispensationis
3205 3396 3336 3449 ordo
3368 3409 3459 3448 co-

1888 3480 2183 3549 gnoscitur,
2216 3481 2261 3536 si
2291 3483 2449 3552 hujus
2493 3485 2568 3539 rei
2598 3483 2831 3554 dignitas
2870 3499 2967 3553 pro
3008 3487 3090 3540 sui
3122 3487 3314 3541 merito
3342 3496 3458 3540 stu-

1885 3569 2035 3625 diose
2063 3581 2339 3640 pensetur.
2386 3572 2541 3637 Nam,
2578 3574 2672 3643 qui
2712 3575 2780 3628 ab
2807 3575 2976 3629 A‘dam
3013 3577 3244 3646 primum
3280 3579 3458 3632 inobe-

1887 3659 2100 3714 dientite
2149 3663 2337 3715 vitium
2386 3664 2523 3718 male
2575 3664 2823 3720 instructi
2870 3666 3176 3730 didicimus,
3227 3669 3455 3737 primam

1882 3751 2201 3808 obedientize
2253 3755 2507 3808 virtutem
2561 3756 2631 3811 ab
2685 3755 2789 3812 hoc
2848 3757 3160 3813 beatissimo
3220 3771 3456 3829 martyre

1883 3841 2060 3894 edocti
2108 3857 2312 3896 sumus.
2365 3844 2430 3896 Et
2455 3845 2594 3898 sicut
2638 3845 2727 3899 ille
2773 3846 2916 3900 inter
2962 3857 3155 3901 cetera
3201 3849 3452 3902 vitiorum

1884 3931 2126 3998 germina
2158 3933 2385 4002 primam
2433 3935 2872 4000 inobedientiam,
2904 3953 3008 3993 non
3042 3937 3330 4009 loquendo,
3361 3941 3453 3994 sed

1882 4021 2310 4088 prmvaricando,
2357 4024 2629 4077 carnalem
2678 4025 2915 4081 sobolem
2961 4027 3169 4092 docuit;
3229 4029 3301 4081 ita
3355 4030 3454 4082 iste

1881 4109 2023 4166 inter
2067 4111 2167 4164 alia
2208 4112 2526 4167 documenta
2567 4116 2860 4178 virtutum,
2923 4117 3168 4187 inprimis
3197 4119 3450 4174 obedien—

1880 4199 2034 4261 tiam,
2068 4216 2170 4254 non
2215 4201 2502 4270 loquendo,
2537 4205 2630 4260 sed
2669 4204 2934 4272 faciendo,
2970 4203 3112 4262 ﬁlios
3147 4209 3454 4277 spirituales

1880 4289 2153 4344 instruxit.
2192 4291 2294 4358 Qui
2333 4307 2463 4363 ergo
2512 4294 2868 4350 inobediendo
2920 4313 2949 4350 a
2988 4313 3232 4368 superna:
3267 4303 3452 4368 patriae

1875 4379 2206 4438 sublimitate
2235 4382 2551 4449 cecidimus,
2583 4385 2650 4438 ad
2692 4386 2832 4441 hanc
2871 4388 3043 4442 versis
3076 4390 3322 4459 vestigiis
3354 4406 3450 4460 per

1877 4469 2242 4524 obedientiam
2269 4471 2336 4526 de
2377 4473 2548 4527 exsilii
2589 4474 2890 4544 dejectione
2922 4477 3178 4532 redimus.
3208 4477 3342 4533 Hinc
3369 4492 3450 4536 est

1873 4559 2045 4621 enim,
2089 4560 2225 4627 quod
2265 4575 2361 4629 per
2392 4561 2691 4618 Veritatem
2737 4566 2972 4634 dicitur:
3019 4586 3037 4618 ι
3075 4566 3264 4632 Omne,
3308 4571 3448 4638 quod

3584 2027 3673 2086 llS,
3707 2029 3963 2097 accingis,
3996 2047 4116 2086 mox
4166 2034 4393 2087 reditum
4441 2047 4588 2090 tuuin
4621 2038 4686 2090 ιιι
4728 2041 4985 2107 patriam,
5017 2047 5142 2096 unde

3581 2117 3893 2173 inohediens
3922 2120 4159 2187 deiectus
4195 2124 4393 2187 fueras,
4425 2143 4518 2196 per
4551 2129 4806 2184 virtutem
4837 2134 5142 2188 obedientia:

3581 2206 3920 2263 reformabis.
3953 2211 4062 2266 lloc
4092 2214 4271 2283 itaque
4303 2216 4460 2270 modo
4487 2219 4650 2272 etiam
4677 2222 4719 2274 si
4751 2237 4858 2275 non
4894 2225 5035 2279 vales
5060 2242 5144 2293 pro

3579 2298 3687 2352 Deo
3726 2311 3952 2356 mortem
3985 2305 4187 2369 subire,
4227 2307 4373 2362 vales
4405 2315 4582 2364 tamen
4630 2313 4793 2366 vitam
4824 2314 4935 2370 Deo
4972 2318 5140 2386 placa-

3575 2390 3737 2446 bilem
3767 2397 3982 2450 ducere.
4011 2397 4260 2467 Magnum
4285 2402 4480 2472 quippe
4506 2413 4584 2458 est
4607 2407 4742 2461 mori
4791 2424 4891 2477 pro
4916 2411 5143 2474 Christo,

3574 2486 3665 2538 sed
3692 2503 3795 2540 non
3826 2499 3908 2543 est
3940 2491 4164 2547 inferius
4197 2496 4375 2549 vivere
4399 2496 4635 2553 Christo.
4673 2500 4980 2571 Utrumque
5008 2511 5144 2561 enim

3574 2581 3773 2628 statera
3805 2578 4003 2636 Paulus
4028 2599 4182 2653 aqua
4213 2585 4368 2642 lance
4397 2589 4660 2657 pendeba-
4714 2607 4838 2647 cum
4901 2597 5104 2652 diceret
5131 2645 5136 2651 .

3578 2684 3594 2714 ι
3631 2666 3755 2720 Sive
3787 2672 3929 2725 enim
3977 2674 4225 2743 vivimus,
4257 2661 4485 2736 Domino
4529 2683 4788 2748 vivimus;
4825 2689 4943 2742 sive
4985 2694 5143 2744 mori-

3575 2772 3712 2820 mur,
3742 2759 3968 2816 Domino
3998 2766 4276 2821 morimur.
4309 2768 4434 2825 Sive
4460 2786 4587 2842 ergo
4616 2774 4869 2840 vivimus,
4899 2779 5014 2835 sive
5042 2799 5146 2836 meo

3576 2846 3759 2908 rimur,
3793 2847 4010 2905 Domini
4028 2869 4213 2909 sumus
4235 2854 4412 2926 (Rom.
4441 2862 4580 2931 xiv);
4605 2882 4622 2916 ι
4657 2862 4805 2920 Dicis
4833 2869 4992 2932 ibi,
5025 2873 5143 2941 quia

3571 2951 3672 2989 non
3699 2954 3914 3006 possum
3940 2943 4183 2999 invenire
4207 2951 4554 3020 martyrium;
4586 2954 4783 3010 exhibe
4810 2967 4860 3011 te
4888 2964 5146 3030 martyrio

3568 3024 3810 3118 dignum.
3843 3042 3895 3084 et
3937 3036 4183 3104 martyrii
4214 3042 4564 3109 consequeris
4593 3045 4781 3112 procul
4818 3048 4987 3103 dubio

3569 3116 3753 3169 inium.
3789 3118 3901 3173 Non
3935 3130 4084 3188 potes
4130 3128 4446 3196 sanguinem
4480 3130 4724 3198 fundere,
4767 3146 4927 3204 potes
4961 3116 5146 3193 teme;-

3569 3204 3741 3271 Ipsum
3773 3209 4103 3274 paenitentia
4149 3213 4250 3268 telo
4279 3229 4581 3285 percutere,
4621 3229 4674 3275 et
4703 3224 4754 3276 in
4789 3226 4978 3280 cordis
5021 3243 5145 3282 eon-

3487 3289 3531 3350 C
3567 3292 3785 3348 tritionc
3815 3309 4072 3354 mactare.
4108 3300 4448 3374 Praeparetur
4472 3310 4538 3363 ad
4571 3309 4875 3368 feriendum
4904 3316 5142 3387 iugulus.

3565 3397 3672 3435 non
3704 3384 3875 3441 deerit
3923 3401 4311 3459 remuneratur,
4366 3397 4575 3453 etiamsi
4623 3401 4854 3457 defuerit
4914 3384 5144 3478 gladius.

3566 3470 3725 3523 Deest
3756 3476 4015 3542 carnifex,
4065 3482 4154 3548 qui
4199 3486 4439 3540 cervices
4486 3491 4722 3544 exterius
4767 3470 4970 3558 feriai;
5003 3499 5148 3550 ades:

3565 3557 3756 3638 Iudex,
3787 3568 3875 3633 qui
3904 3567 4054 3623 bona:
4077 3573 4333 3629 voluntati
4359 3580 4634 3646 pratmium
4661 3583 4872 3638 reddat.
4912 3606 4930 3638 s
4966 3587 5150 3641 Glorza

3562 3655 3704 3707 enim
3757 3657 3806 3710 in
3855 3661 4083 3715 excelsis
4121 3664 4249 3728 beo,
4291 3677 4343 3721 et
4391 3670 4443 3721 in
4488 3680 4630 3725 terra
4671 3689 4775 3743 pax
4831 3677 5151 3735 hominibus

3562 3742 3712 3796 bona:
3741 3747 4024 3802 voluntatis
4057 3752 4205 3822 (Luc.
4237 3757 4316 3823 ιι).
4351 3776 4366 3806 ι
4395 3759 4583 3813 Amen.

4099 3845 4329 3903 SERSIO
4369 3849 4599 3905 XXXIII.

3738 3947 3799 3983 ur.
3837 3947 3881 3984 s.
3924 3949 4327 3993 custsvoruono
4366 3956 4611 3996 usa-rm:
4639 3945 4767 4012 (xxv
4796 3954 4965 4018 “1.).

3631 4017 3762 4071 Dum
3790 4024 4064 4092 cupimus,-
4085 4028 4442 4096 dilectissimi,
4467 4035 4532 4085 de
4559 4036 4874 4106 triumphali
4907 4042 4971 4094 Β.
4997 4043 5152 4099 Chri-

3559 4109 3798 4177 s10phori
3848 4119 4100 4184 martyris
4143 4119 4367 4175 victoria
4417 4123 4712 4193 disputare,
4756 4131 4946 4198 primo
4995 4139 5152 4189 nobis

3557 4199 3672 4267 eius
3695 4217 3886 4256 nomen
3913 4210 4177 4261 occurrit:
4206 4227 4343 4279 quos
4376 4213 4418 4266 si
4442 4215 4693 4280 sollicita,
4722 4233 4898 4288 prout
4921 4225 5158 4295 dignum

3556 4301 3658 4354 est,
3695 4293 4034 4365 indagatione
4075 4302 4415 4370 discutimus,
4451 4323 4555 4362 non
4603 4310 4654 4363 in
4683 4311 4789 4367 line
4823 4293 5008 4371 divini
5047 4322 5156 4374 dis-

3555 4387 3870 4450 pensatione
3935 4393 4180 4461 praesagii
4227 4395 4328 4448 sibi
4367 4405 4492 4452 tunc
4537 4400 4763 4458 inditum
4809 4411 5154 4478 reperimus.

3555 4475 3596 4525 Δ
3629 4478 3846 4531 Christo
3883 4482 4133 4536 nimirum
4175 4485 4598 4558 Christ-opborus
4646 4475 4963 4555 derivatur.
5003 4504 5162 4559 lla-lc

3557 4581 3747 4636 sponsa
3796 4571 3991 4626 dilecto
4028 4589 4125 4626 suo
4154 4575 4285 4630 dicit
4313 4579 4364 4631 in
4397 4579 4634 4636 Canticis
4659 4624 4671 4635 .
4731 4605 4748 4636 ι
4779 4587 4986 4644 Oleum
5027 4594 5148 4646 εσυ-

1875 4645 1968 4702 ιιιιι
2006 4645 2135 4700 mihi
2162 4627 2346 4713 Pater,
2377 4653 2442 4704 ad
2472 4667 2556 4706 me
2583 4655 2791 4719 veniet;
2825 4664 2880 4710 et
2909 4669 3050 4722 eum,
3077 4658 3168 4727 qui
3209 4661 3355 4713 venit
3385 4663 3450 4716 ad
3479 4627 3529 4686 D
3557 4675 3673 4712 sum
3714 4677 3906 4716 nomen
3936 4674 4080 4719 tuum
4107 4667 4281 4736 (Cant.
4309 4671 4376 4740 i);
4410 4691 4427 4724 ι
4456 4673 4701 4730 Chrisma
4731 4679 4980 4745 scilicet,
5013 4690 5158 4738 unde

1879 4749 1991 4800 me,
2037 4750 2143 4792 non
2184 4737 2394 4807 eiiciam
2445 4739 2588 4793 foras
2637 4741 2818 4811 (Joan.
2850 4746 2948 4813 vi).
2986 4764 3004 4796 ι
3051 4745 3151 4813 Qui
3197 4749 3338 4803 enim
3386 4750 3449 4804 ad

1873 4828 2108 4893 primum
2134 4828 2302 4882 Adam
2349 4832 2587 4896 veniunt,
2630 4834 2698 4886 ab
2727 4834 2933 4891 intimis
2963 4838 3112 4893 exire
3142 4855 3237 4908 per
3266 4841 3446 4896 inobe-

1875 4916 2133 4969 dicntiam
2163 4918 2318 4990 166
2359 4921 2590 4975 discunt.
2630 4922 2916 4980 Secundus
2956 4941 3085 4984 vero
3109 4929 3277 4984 Adam
3312 4951 3328 4980 ι
3362 4930 3443 4985 fa-

1871 5012 1992 5058 ctus
2038 5006 2294 5061 obediens
2333 5024 2500 5079 usque
2553 5011 2622 5065 ad
2674 5023 2936 5078 mortem,
2990 5028 3219 5074 mortem
3263 5031 3443 5076 autem

1873 5096 2049 5150 crucis
2080 5093 2298 5165 (Philip.
2338 5101 2421 5166 ιι),
2459 5118 2475 5149 ι
2511 5101 2564 5153 in
2594 5116 2680 5166 eo,
2723 5105 2864 5171 quod
2901 5106 2968 5160 ad
3006 5122 3064 5160 se
3101 5110 3439 5166 venientibus

1871 5186 2173 5254 exemplum
2204 5187 2525 5244 obedientite
2551 5193 2761 5258 tribuit,
2797 5211 2891 5250 eos
2911 5211 2941 5250 a
2969 5201 3204 5268 paradisi
3234 5204 3440 5272 gaudiis

1873 5290 1978 5329 non
2000 5276 2235 5344 expellit.

1945 5365 2024 5418 Ad
2071 5366 2182 5420 haec
2213 5368 2433 5437 gaudia.
2476 5369 2836 5439 dilectissimi,
2884 5379 3059 5433 redire
3099 5379 3439 5445 festinemus,

1875 5469 1977 5509 non
2011 5458 2256 5523 passibus
2286 5459 2514 5528 pedum,
2532 5461 2623 5517 sed
2662 5465 2925 5521 bonorum
2958 5471 3287 5538 profectibus
3316 5489 3442 5543 ope-

1874 5560 2012 5598 rum.
2043 5545 2286 5603 Nondum
2313 5552 2565 5606 saeculum
2593 5556 2820 5613 fortasse
2846 5561 3178 5630 reliquimus,
3208 5567 3441 5622 nondum

1876 5634 2375 5693 abrenuntiatorum
2408 5657 2575 5708 more,
2610 5661 2773 5700 unum
2804 5663 2911 5717 pra:
2942 5655 3164 5717 cunctis,
3200 5657 3283 5709 cui
3317 5658 3444 5712 obc-

1877 5723 1991 5776 dirc
2014 5726 2322 5794 debeamus,
2351 5731 2608 5802 elegimus
2633 5755 2644 5790 :
2679 5739 2816 5794 hanc
2843 5751 3019 5797 tamen
3045 5748 3318 5812 virtutem,
3350 5766 3444 5819 per

1881 5827 2042 5880 quam
2064 5823 2328 5889 prmcipue
2355 5824 2420 5876 ad
2451 5827 2644 5881 celum
2672 5833 2892 5900 reditur,
2918 5837 3276 5894 obedientiam
3299 5842 3438 5906 dim,

3554 4748 3801 4805 Christus
3829 4756 4010 4808 unctio
4036 4757 4251 4813 dicitur.
4281 4760 4383 4815 Per
4401 4763 4576 4819 oleum
4609 4783 4740 4824 vero
4765 4787 5012 4830 sanctus
5039 4778 5159 4845 Spf-

3552 4839 3686 4893 ritus
3718 4845 3941 4912 mystice
3984 4847 4314 4919 designatur.
4345 4852 4456 4910 Hoc
4499 4857 4617 4911 oleo
4662 4859 4934 4919 Salvator
4967 4839 5158 4920 nosi-r:

3549 4931 3919 5001 principaliter
3956 4947 4148 4994 unctus
4184 4951 4287 5006 est,
4327 4958 4448 4998 cum
4495 4948 4745 5016 baptismi
4785 4969 5158 5010 sacramenta

3546 5023 3802 5089 suscepit,
3838 5024 3992 5095 167
4027 5033 4079 5081 et
4125 5045 4248 5084 mox
4287 5048 4450 5102 super
4477 5052 4598 5090 eum
4631 5037 4881 5108 Spiritus
4921 5061 5160 5102 saueius

3548 5108 3600 5161 in
3632 5112 3891 5167 columba:
3925 5116 4095 5184 ﬁgura
4147 5119 4424 5176 descendit
4453 5124 4665 5192 (Matth.
4699 5135 4806 5199 ιιι).
4839 5132 5018 5191 [nde
5073 5153 5158 5206 pes

3547 5199 3868 5272 Prophetam
3917 5207 4152 5264 dicitur:
4188 5231 4205 5264 ι
4241 5213 4402 5270 Unin
4445 5228 4497 5273 te
4523 5219 4684 5286 Deus,
4721 5225 4872 5282 Deus
4915 5199 5086 5290 tuus;

3548 5301 3666 5355 oleo
3689 5302 3885 5357 ltetitia:
3906 5303 4076 5374 (Psal.
4101 5315 4269 5378 xuv).
4293 5330 4309 5362 ι
4329 5311 4439 5368 Hoc
4455 5315 4630 5370 oleum
4653 5319 4902 5377 elusum
4921 5339 5016 5380 est
5039 5342 5158 5378 cum

3550 5394 3720 5459 gratia
3773 5397 3941 5448 sancti
3988 5397 4240 5465 Spiritus,
4280 5419 4438 5471 quam
4485 5409 4843 5477 singulariter
4889 5415 5156 5471 Οἴει-ἰδίω

3551 5486 3776 5550 accepit,
3814 5486 3999 5540 electis
4030 5491 4279 5544 omnibus
4311 5495 4668 5563 dispensativa
4718 5507 4802 5556 sui
4837 5512 5152 5573 panici-:4-

3550 5572 3694 5627 tione
3725 5580 4013 5633 concessit.
4041 5581 4400 5647 Quamobrem
4433 5588 4560 5642 dicit
4583 5572 4889 5660 Apostolus
4921 5619 4932 5649 :
4973 5621 4992 5648 ι
5029 5601 5054 5653 ι

3547 5663 3740 5733 cuique
3770 5677 4011 5723 nostrum
4039 5673 4162 5727 data
4184 5685 4266 5729 est
4288 5679 4457 5746 gratia
4483 5686 4782 5739 secundum
4813 5705 5150 5747 mensura-1-

3547 5751 3853 5812 donationis
3887 5759 4087 5816 Christi
4130 5763 4344 5834 (Ephes.
4373 5767 4467 5837 iv).
4504 5789 4520 5819 ι
4566 5771 4716 5830 Unde
4747 5788 4804 5832 et
4849 5797 4888 5834 a
4931 5783 5152 5838 clm“.

3552 5845 3782 5901 dicimur
3833 5849 4154 5920 Christiani,
4206 5859 4456 5924 quoniam
4512 5864 4697 5919 eodem
4750 5870 4885 5928 oleo
4939 5892 5148 5929 mm
