5232 6444
859 389 934 465 σει

2176 402 2423 485 εδειιιιι)
2463 399 2700 460 xxxm.

4025 395 4137 453 632

851 524 952 591 ipso
988 518 1259 591 largiente,
1291 512 1564 588 peruncti.
1602 510 1722 575 Hoc
1767 527 2103 589 unguentum
2139 526 2196 573 et
2239 518 2413 572 David
2443 520 2493 580 Α
2524 528 2698 584 aquas
2738 528 2803 568 ex
2835 512 3046 584 puteis;
3071 512 3166 570 via
3207 512 3350 583 regia
3377 510 3710 580 gradiemur,
3740 508 3914 566 donec
3952 516 4136 564 trans-

859 608 1189 688 promitlebat,
1230 623 1354 663 cum
1397 605 1654 665 diceret:
1709 629 1727 660 ι
1767 607 1922 663 Sicut
1970 618 2308 678 unguentum
2363 608 2416 662 iu

845 702 1020 773 capite,
1064 701 1208 772 quod
1237 701 1523 758 descendit
1559 699 1611 758 in
1645 692 1895 764 barbam,
1939 700 2166 756 barbam
2198 701 2414 765 Aaron;

851 793 928 862 qui
946 790 1204 848 descendit
1221 791 1275 844 in
1290 804 1452 848 oram
1465 792 1780 848 vestimenti
1803 791 1921 861 ejus
1945 789 2119 860 (Psal.
2139 788 2372 868 exuti).
2393 807 2413 841 ι

848 874 1159 952 Unguentum
1192 878 1410 939 scilicet
1441 883 1495 937 in
1527 882 1706 952 capite
1735 881 1975 951 Spiritus
2002 889 2229 936 sanctus
2245 890 2335 935 est
2362 881 2415 934 in

842 972 1118 1035 Salvatore,
1139 956 1236 1040 qui
1265 971 1531 1028 nimirum
1564 987 1663 1044 per
1689 972 1872 1027 Aaron
1903 973 2132 1044 mystice
2163 973 2419 1042 designa-

838 1073 939 1126 tur,
958 1061 1036 1132 qui
1059 1076 1216 1116 mons
1255 1061 1598 1120 fortitudinis
1627 1061 2012 1135 dicituraCum
2042 1062 2211 1132 igitur
2232 1063 2417 1116 Aaron

841 1172 980 1214 mons
1001 1155 1068 1211 sit
1108 1154 1472 1222 fortitudinis,
1501 1159 1670 1214 barba
1695 1173 1913 1229 quoque
1937 1145 2151 1228 signum
2179 1166 2265 1212 est
2289 1156 2419 1210 viri-

833 1247 1005 1304 litatis.
1029 1245 1205 1315 Hujus
1229 1265 1361 1322 ergo
1398 1251 1578 1304 Aaron
1607 1251 1774 1306 barba
1807 1250 1979 1306 sancti
2014 1249 2240 1319 apostoli
2269 1256 2414 1313 sunt,

835 1339 924 1411 qui
953 1340 1222 1398 virilitatis
1261 1359 1372 1398 sua:
1411 1345 1640 1407 robore,
1682 1342 1825 1412 quod
1869 1343 1936 1398 de
1969 1342 2142 1397 sancti
2181 1340 2419 1411 Spiritus

840 1430 1076 1489 uhctioue
1105 1442 1496 1504 conceperant,
1545 1433 1730 1487 omnia
1775 1429 2070 1486 furentium
2104 1437 2418 1500 perseeuto-

833 1532 945 1574 rum
968 1521 1101 1579 bella
1118 1523 1388 1584 vicerunt,
1412 1529 1467 1575 et
1490 1520 1674 1575 mundi
1699 1521 1998 1592 principem
2022 1528 2280 1589 tanquam
2309 1518 2420 1573 leo-

836 1625 954 1668 nem
992 1615 1244 1670 adversus
1290 1603 1673 1687 oives’Cbrisu'
1724 1612 2038 1667 immaniter
2076 1612 2412 1682 rugientem,

833 1714 952 1761 tum
980 1704 1144 1776 gloria
1185 1704 1610 1774 triumpharunt.
1647 1703 1802 1759 Unde
1846 1702 2084 1757 Petrus:
2135 1720 2152 1752 ι
2185 1701 2283 1756 Cui
2331 1717 2418 1757 re-

2519 621 2708 661 eamus
2751 605 3014 660 terminos
3043 614 3163 659 tuos
3204 601 3394 676 (Nam.
3429 603 3568 673 xu).
3601 621 3619 656 ι
3671 601 3773 670 Qui
3817 601 4128 658 concedere

2520 696 2691 752 noluit
2721 703 2780 749 ut
2809 683 3072 750 transiret
3098 695 3264 750 Israel
3287 710 3386 764 per
3416 693 3552 748 lines
3580 708 3729 752 suos.
3757 693 3890 762 quin
3915 693 4127 764 potius,

2514 793 2581 838 ut
2603 784 2795 840 eadem
2823 799 2984 840 sacra
3017 792 3251 840 testatur
3283 783 3535 847 historia,
3570 802 3589 834 ι
3623 783 3870 838 exercitu
3899 798 4133 856 congre-

2520 884 2669 947 gato,
2701 873 2844 930 Seon
2869 890 3122 946 egressus
3143 883 3228 931 est
3253 875 3470 929 obviam
3499 875 3552 930 in
3578 876 3882 942 desertum,
3906 885 3961 932 et
3981 877 4133 933 venit

2509 965 2583 1020 'in
2625 964 2781 1019 Isaar
2825 962 3021 1037 [Jasa],
3071 965 3438 1036 pugnavitque
3481 975 3670 1020 contra
3716 965 3908 1030 Israel,
3948 975 3977 1021 ‘a
4019 967 4131 1037 quo

2505 1047 2816 1124 percussus
2848 1063 2933 1110 est
2977 1055 3032 1108 in
3080 1071 3177 1110 ore
3209 1054 3406 1126 gladii,
3453 1064 3507 1109 et
3549 1070 3805 1126 possessa
3849 1067 3940 1113 est
3981 1068 4132 1114 terra

2520 1142 2638 1230 ejus
2664 1144 2733 1198 ah
2759 1144 2989 1232 lsrael.i
3019 1144 3128 1200 Sed
3159 1145 3460 1232 quod‘tuuc
3485 1148 3586 1201 sub
3609 1146 3794 1219 Moyse
3823 1146 3925 1204 l‘uit
3953 1148 4130 1208 histo-

2512 1226 2736 1292 rialiter
2779 1228 3008 1302 factum,
3046 1237 3150 1299 sub
3184 1226 3409 1293 Christo
3451 1237 3695 1308 quotidie
3737 1239 3797 1294 Iit
3824 1256 3924 1310 per
3965 1241 4130 1312 spiris

2523 1326 2683 1382 tualis
2707 1326 2916 1382 militia
2945 1337 3377 1383 sacramentum.
3411 1327 3564 1384 Hanc
3592 1329 3744 1385 enim.
3768 1340 4006 1402 pugnam
4037 1331 4131 1387 ille

2523 1420 2898 1491 tum'populus
2925 1421 3312 1489 adumbrabat,
3354 1438 3462 1492 qua
3490 1429 3636 1479 nunc
3664 1429 3862 1480 sancta
3888 1425 4130 1501 Ecclesia

2484 1519 2489 1576 ᾖ
2513 1505 2722 1583 iugiter
2751 1522 2941 1569 contra
2985 1513 3260 1568 diabolum
3307 1515 3554 1572 dimicat.
3595 1515 3739 1573 Seon
3776 1519 3977 1592 quippe
4021 1522 4129 1575 du-

2522 1605 2718 1675 plicem
2766 1605 2932 1662 habet
2966 1606 3507 1677 interpretationem.
3543 1607 3756 1665 Dicitur
3783 1612 3929 1666 enim
3968 1613 4131 1668 arbor

2509 1697 2889 1766 infructuosa,
2943 1698 3148 1754 dicitur
3192 1709 3248 1754 et
3295 1699 3488 1757 elatus.
3536 1700 3671 1769 Quis
3716 1703 3863 1777 enim
3903 1704 3987 1760 es!
4026 1705 4133 1761 iste

837 1796 1018 1864 sistite,
1064 1796 1262 1865 inquit,
1305 1795 1474 1849 fortes
1520 1795 1572 1849 iu
1616 1794 1720 1848 [ide
1766 1791 1818 1863 (1
1847 1790 1992 1846 Pelr.
2040 1791 2114 1863 v).
2155 1811 2171 1844 ι
2215 1792 2418 1847 Paulus
2523 1785 2718 1850 elatus,
2770 1788 2896 1858 quis
2942 1798 3028 1842 est
3074 1789 3177 1844 iste
3222 1789 3525 1860 superbus,
3563 1792 3674 1848 nisi
3728 1794 3993 1864 reprobus
4043 1797 4135 1850 ille

834 1862 990 1942 eum
1020 1862 1194 1952 ⁸δίελέ,
1245 1903 1265 1937 ε
1295 1885 1462 1940 Arma
1506 1886 1717 1941 ιηίιίιίω
1749 1862 1951 1940 absim
1990 1862 2098 1940 nou
2147 1873 2413 1950 ελι-ηειιίεέ
2447 1871 2492 1930 Β
2521 1879 2770 1948 spiritus,
2804 1879 2896 1948 qui
2943 1881 3107 1936 dicit:
3151 1899 3170 1931 ι
3205 1880 3260 1934 1η
3295 1881 3496 1936 celum
3536 1885 4137 1957 conscendam,super

839 1975 938 2032 sed.
949 1975 1182 2047 potentia
1204 1974 1320 2030 Deo
1339 1975 1467 2030 sunt
1487 1976 1554 2030 ad
1578 1977 2004 2030 destructionem
2029 1977 2411 2042 munitionum,

780 2061 785 2065 ”
821 2067 1042 2124 consilia
1071 2068 1319 2137 corporis
1351 2069 1717 2128 destruentes,
1747 2077 1801 2121 et
1827 2082 2043 2126 omnem
2071 2068 2412 2122 altitudinem

819 2159 1164 2216 extollentem
1182 2175 1257 2216 -se
1284 2162 1550 2216 adversus
1596 2161 1883 2216 scientiam
1924 2162 2041 2227 Dei,
2071 2172 2124 2216 et
2158 2162 2210 2216 in
2241 2162 2417 2231 capti-

827 2251 1038 2318 vitalem
1061 2241 1373 2321 redig‘entes
1398 2267 1614 2307 omnem
1641 2251 1977 2306 intellectum
2008 2252 2059 2305 in
2091 2251 2415 2321 obsequium

815 2340 1019 2397 Christi
1047 2340 1132 2414 (II
1158 2328 1282 2397 Cur.
1313 2342 1393 2415 Σ).
1427 2363 1447 2395 .

885 2433 974 2488 ~Ab
1005 2434 1104 2489 hac
1145 2448 1278 2505 ergo
1319 2435 1487 2490 barba
1528 2435 1725 2490 summi
1770 2435 2049 2505 pontificis
2092 2439 2276 2498 Aaron
2312 2451 2418 2500 un-

818 2534 1073 2598 guentum
1101 2526 1153 2580 in
1181 2541 1336 2580 oram
1363 2527 1675 2583 vestimenti
1703 2527 1820 2598 ejus
1848 2527 2106 2594 instillat;
2137 2529 2263 2598 quia
2293 2528 2417 2598 post

799 2593 1006 2672 'beatos
1034 2618 1326 2688 apostolos,
1354 2628 1760 2689 consequenter
1785 2629 1840 2675 et
1870 2629 2091 2675 sanctos
2117 2631 2292 2691 marty
2304 2635 2412 2684 rcs,

781 2709 783 2711 ’
813 2721 892 2762 ac
921 2707 1169 2779 deinceps
1207 2717 1376 2764 totam
1425 2710 1589 2764 simul
1619 2710 1955 2783 Ecclesium,
1985 2710 2192 2768 ﬂuento
2237 2712 2413 2767 sancti

816 2797 1062 2869 Spiritus
1110 2800 1320 2869 irrigat.
1367 2801 1424 2855 In
1479 2817 1586 2871 qua
1632 2802 1889 2856 nimirum
1932 2796 2034 2858 'ora
2084 2803 2298 2875 rir-ystici
2350 2819 2416 2858 ac.

808 2881 1171 2944 sacerdotalis
1217 2890 1522 2946 indumenti
1570 2891 1630 2945 Β.
1670 2890 2118 2961 Christophorus,
2162 2894 2264 2948 hoc
2307 2901 2411 2955 est,

805 2977 1094 3035 Christum
1135 2978 1338 3047 ferens,
1385 2983 1590 3038 meruit
1620 2983 1946 3053 nuncupari.
1981 2983 2258 3038 Christum
2300 2985 2413 3038 sci-

822 3069 951 3125 licet
980 3068 1191 3125 I'erebat
1217 3071 1270 3124 in
1299 3072 1486 3137 corde,
1517 3071 1796 3127 Christum
1822 3071 2142 3141 proferebat
2168 3073 2222 3127 in
2257 3088 2408 3128 voce.

800 3159 1014 3217 Gratia
1043 3161 1310 3232 siquidem
1339 3163 1582 3219 caelestis
1613 3164 1736 3220 oleo
1763 3164 2056 3230 delibutus,
2090 3174 2146 3220 et
2174 3181 2408 3222 onerosa

811 3238 1044 3307 terrena
1073 3252 1528 3323 concupiscentia:
1555 3263 1704 3310 veste
1735 3255 1992 3318 nudatus,
2031 3263 2289 3325 tanquam
2315 3271 2411 3323 pa-

798 3341 1034 3410 lastrita
1065 3343 1334 3402 mirabilis
1360 3345 1580 3415 prosilit
1615 3347 1670 3401 in
1703 3361 1948 3411 arenam,
1976 3356 2033 3402 et
2059 3349 2255 3418 arripit
2283 3364 2408 3403 cer—

805 3431 1033 3490 taminis
1061 3431 1305 3489 Iuctam.‘
1321 3433 1502 3492 Novus
1527 3436 1708 3493 adhuc
1731 3437 1885 3493 miles
1911 3439 2145 3508 corripit
2170 3439 2407 3511 gladium

801 3523 1057 3596 spiritus,
1087 3523 1243 3596 quod
1271 3528 1609 3594 estverhum
1641 3527 1738 3584 Dei
1773 3527 1993 3602 (Ephes;
2025 3531 2125 3602 vn),
2153 3541 2209 3587 et
2237 3533 2409 3603 proti-

800 3631 914 3672 nus
953 3615 1011 3671 in
1059 3616 1201 3672 bella
1233 3619 1611 3689 congreditur,
1643 3629 1700 3676 et
1746 3615 1828 3677 sic
1871 3622 2134 3678 adversus
2186 3623 2408 3678 humani

785 3708 1030 3779 generis
1075 3708 1358 3768 inimicum
1400 3709 1766 3783 infmderahili
1801 3705 2104 3770 certamine
2147 3714 2409 3792 collucta-

793 3807 912 3854 tur.
966 3797 1165 3855 Vibrat
1206 3800 1516 3871 ancipitem.
1546 3801 1810 3872 gladium,
1854 3805 1945 3874 qui
1988 3806 2056 3860 de
2105 3795 2409 3862 Saluatoris

777 3903 895 3945 ore
935 3892 1208 3961 procedit,
1249 3899 1304 3946 et
1351 3892 1592 3948 fervidus
1641 3894 1871 3952 bellator
1895 3912 2019 3952 cum
2047 3898 2209 3954 hoste
2245 3915 2404 3954 com-

777 3980 996 4047 mittit,
1040 3983 1314 4040 consertis
1356 3982 1530 4040 armis
1575 3986 1825 4043 cominus
1871 3982 2119 4051 dimicat.
2162 4000 2218 4046 et
2243 3991 2404 4047 obvia

770 4085 1033 4145 quaeque
1064 4089 1220 4131 mens
1252 4065 1520 4145 superbas
1567 4077 1976 4135 adversantium
2008 4079 2248 4136 hostium
2279 4098 2404 4138 cer-

778 4163 944 4220 vices
973 4163 1290 4224 obtruncat.
1319 4164 1474 4222 Fidei
1501 4167 1704 4238 quippe
1724 4167 1903 4224 .IOrica
1931 4171 2196 4236 munitus,
2227 4181 2284 4229 et
2303 4188 2409 4228 exs

773 4251 939 4308 celsa
989 4255 1345 4332 non_montis
1382 4257 1479 4312 sed
1523 4257 1725 4312 mentis
1757 4273 1890 4314 arce
1932 4260 2223 4334 subnixus,
2269 4261 2404 4318 licet

762 4345 1041 4415 undique
1081 4344 1280 4402 fremat
1306 4362 1380 4404 ac
1422 4347 1672 4407 frendeat
1707 4350 1857 4407 acies
1903 4352 2174 4419 hostium,
2219 4357 2404 4412 nescit

765 4434 998 4496 athleta
1018 4434 1366 4502 fortissimus
1397 4439 1658 4512 impetum
1683 4440 1993 4502 formidare
2013 4446 2310 4516 bellorum;
2343 4457 2402 4504 et

754 4524 1167 4583 exterioribus
1191 4529 1414 4598 quidem
1459 4532 1744 4602 suppliciis
1777 4549 1979 4606 corpus
2010 4541 2256 4608 exponit,
2302 4542 2398 4598 sed

748 4618 974 4683 atomo,
1002 4618 1100 4689 qui
1120 4610 1532 4689 latet'interior,
1557 4623 1722 4681 illatae
1744 4629 2139 4696 persecutionis
2153 4630 2396 4701 jaculum

754 4723 884 4765 non
927 4708 1209 4766 admittit.
1232 4710 1457 4770 Terram
1503 4717 1943 4786 repromissionis
1968 4721 2174 4792 ingredi
2207 4739 2402 4796 prope-

749 4806 876 4864 rat,
905 4800 1017 4855 sed
1045 4799 1254 4857 huicin
1284 4806 1730 4876 persequentium
1755 4809 1904 4865 rabie
1930 4795 2200 4874 veternosi
2227 4795 2401 4872 hostis

737 4891 1093 4964 phalanges
1120 4905 1435 4963 occurrunt,
1462 4899 1554 4969 qui
1583 4909 1762 4958 tamen
1783 4901 1904 4972 ejus
1932 4904 2038 4960 iter
2065 4906 2191 4962 dum
2219 4908 2398 4979 impe-

743 4981 889 5037 dire
917 4981 1207 5056 nituntur,
1233 4987 1548 5056 expediunt.
1574 4989 1735 5056 Nam,
1758 4992 1888 5048 dum
1913 5007 2113 5066 parant
2139 4999 2395 5069 obruere,
2451 5011 2466 5026 ί

731 5082 1085 5138 comunt;
1127 5073 1254 5130 dum
1295 5078 1546 5135 occidere
1589 5092 1882 5150 conantur,
1917 5086 2223 5153 intereunt;
2267 5091 2395 5148 dum

736 5161 1109 5231 intorquent
1127 5161 1330 5232 jacula,
1351 5165 1550 5236 iaculis
1579 5172 1882 5230 acrioribus
1902 5178 2318 5249 transﬁguntur.

827 5249 1036 5323 Hujus
1095 5255 1396 5324 spiritualis
1429 5262 1752 5320 certaminis
1785 5263 2014 5337 ﬁguram
2054 5268 2394 5330 Israeliticus

735 5342 943 5414 ιω
996 5344 1095 5402 ille
1131 5349 1368 5419 papulns
1410 5353 1604 5419 tenuit,
1642 5355 1727 5410 cui
1773 5359 1979 5427 petenti
2007 5371 2064 5415 et
2110 5361 2392 5420 humiliter

725 5437 1088 5507 postulanti
1151 5439 1295 5500 Seon
1350 5460 1448 5500 rex
1495 5447 1942 5528 dmorrbmorum
1995 5455 2236 5510 transire
2292 5473 2390 5528 per

724 5542 893 5585 suos
944 5533 1229 5592 terminos
1276 5525 1387 5592 non
1438 5525 1707 5609 permisit.
1753 5540 1912 5608 Nam,
1970 5543 2257 5616 Scriptura
2292 5525 2392 5606 te-

724 5635 949 5683 stante
983 5645 1000 5682 :
1043 5646 1065 5680 ι
1105 5629 1247 5687 Misit
1265 5631 1432 5690 Israel
1465 5637 1686 5692 nuntios
1711 5639 1780 5694 ad
1813 5639 1979 5706 Seon,
2016 5643 2242 5700 dicens:
2279 5647 2387 5703 0b-

724 5732 922 5773 βασι-ο
959 5729 1035 5775 ut
1069 5723 1309 5783 transire
1333 5726 1466 5782 mihi
1502 5727 1665 5802 liccat
1692 5745 1792 5801 per
1830 5739 2033 5790 terram
2068 5746 2243 5802 tuam;
2278 5754 2386 5794 non

724 5809 1192 5869 declinabimus
1221 5815 1275 5870 in
1320 5833 1484 5882 agros
1520 5831 1576 5874 et
1619 5821 1673 5877 in
1720 5823 1928 5892 vineas,
1973 5841 2084 5884 non
2135 5827 2384 5884 bibemus

1014 5907 1313 5970 ,Ρη-ιω..
1353 5919 1640 5988 cxuv,

2520 1977 2668 2035 astra
2715 1969 2839 2025 cmli
2893 1971 3151 2026 exaltabo
3195 1972 3394 2027 solium
3444 1976 3660 2042 meum;
3704 1977 3998 2038 ascendam
4036 1994 4136 2050 per

2520 2058 2866 2114 altitudinem
2932 2062 3196 2129 nubium,
3262 2073 3321 2136 et
3379 2064 3579 2121 similis
3639 2081 3738 2122 ero
3804 2067 4136 2127 Altissimo?

2519 2148 2656 2219 (Isa.
2700 2151 2836 2229 xiv.)
2869 2171 2887 2204 ι
2925 2151 3081 2220 Quis,
3134 2155 3382 2226 inquam,
3411 2156 3517 2212 iste
3552 2158 3732 2214 elatus
3767 2170 3870 2227 est,
3901 2163 4016 2219 nisi
4043 2163 4134 2220 ille

2517 2239 2584 2293 de
2612 2254 2722 2308 quo
2751 2239 3037 2312 Scriptura
3069 2244 3204 2300 dicit
3229 2263 3242 2299 :
3277 2249 3405 2315 quia
3436 2247 3553 2316 ipse
3581 2259 3670 2304 est
3697 2265 3790 2306 rex
3814 2268 3983 2323 super
4005 2270 4143 2310 om-
4175 2318 4179 2322 ,

2518 2346 2616 2384 nes
2641 2330 2782 2388 ﬁlios
2801 2335 3109 2404 superbiae?
3136 2334 3624 2410 (Jobxu.)vAdco,
3672 2351 3730 2394 ut
3767 2340 3924 2411 juxta
3965 2345 4125 2416 Apo-

2516 2425 2718 2480 stolum
2750 2443 2764 2480 :
2795 2426 2856 2481 In
2893 2427 3098 2498 templo
3122 2428 3222 2483 Dei
3267 2429 3566 2499 aliquando
3593 2431 3806 2500 sedeat,
3835 2436 4143 2495 ostendens.

2517 2531 2576 2572 se
2606 2517 2871 2588 tanquam
2901 2518 2975 2575 sit
2998 2519 3144 2574 Deus
3175 2518 3264 2591 (II
3288 2518 3472 2575 Thess.
3506 2520 3605 2593 ιι).-

2484 2637 2493 2648 ι
2549 2616 2555 2621 ·
2588 2608 2744 2676 Quod
2770 2618 2954 2666 autem
3002 2611 3145 2666 idem
3177 2613 3249 2667 sit
3294 2611 3462 2668 arbor
3501 2613 4138 2691 inhuctuosayexposh

2510 2701 2668 2757 tione
2694 2716 2801 2756 non
2831 2701 3060 2772 indiget,
3088 2704 3215 2757 dum
3243 2705 3360 2773 ipse
3385 2713 3648 2776 tanquam
3678 2707 3886 2777 lignum
3914 2711 4132 2767 aridum

2513 2790 2739 2847 aiternis
2770 2791 2841 2846 sit
2884 2793 3103 2863 igninus
3134 2795 3452 2873 de'putatus.
3488 2784 3586 2851 llic
3625 2798 3817 2869 itaque
3847 2798 3992 2860 Seon
4029 2817 4132 2859 ,τοι

2515 2889 2601 2936 est
2651 2882 3121 2949 Amorrhzeorum,
3171 2885 3266 2954 qui
3313 2894 3370 2941 et
3421 2888 3527 2959 ipsi
3561 2889 4010 2966 interpretantur
4050 2895 4134 2950 lo-

2513 2983 2761 3044 quentes,
2822 2975 2910 3029 vel
2950 2977 3026 3031 in
3091 2979 3510 3035 amaritudinem
3581 2967 3926 3039 adducentes.
3983 2979 4136 3052 Nam.

2513 3067 2832 3137 quicunqtte
2856 3068 3096 3141 maligno
3124 3071 3342 3141 spiritui
3369 3087 3468 3143 per
3490 3075 3780 3151 reprobam
3806 3077 3970 3132 vitam
3999 3081 4138 3134 sub-.

2509 3155 2988 3241 jatent,_ejusque
3029 3162 3258 3219 ditionis
3306 3162 3518 3235 legibus
3556 3176 3784 3237 parent,
3837 3168 4130 3241 loquentes

2437 3235 2482 3297 C
2515 3239 2737 3318 quidem
2775 3258 2923 3314 sunt,
2951 3251 3069 3306 sed
3118 3268 3227 3308 non
3270 3235 3573 3325 sapientes.
3613 3255 3870 3330 l‘lcrique
3911 3235 4132 3338 scilicet

2513 3348 2823 3396 amatorum
2868 3343 3082 3409 mundi,
3124 3345 3255 3415 dum
3305 3346 3360 3400 in
3409 3356 3627 3404 terrena
3675 3359 3806 3407 sunt
3854 3354 4145 3424 sapientia-

2513 3433 2693 3498 vacui,
2707 3430 2811 3504 per
2828 3433 3390 3505 leporemexterioris
3412 3439 3741 3513 eloquentiae
3756 3454 3886 3500 sunt
3905 3438 4127 3503 diserti.

2511 3525 2592 3581 De
2629 3527 2832 3597 quibus
2865 3543 2965 3598 per
2999 3529 3352 3586 Salomonem
3393 3533 3636 3589 dicitur:
3683 3555 3702 3587 ι
3738 3536 3934 3596 Omnis
3974 3539 4136 3596 labor

2515 3618 2566 3672 in
2617 3633 2714 3674 ore
2766 3619 3028 3686 hominis,
3082 3625 3180 3678 sed
3231 3623 3418 3679 anima
3473 3626 3596 3697 ejus
3651 3643 3760 3686 non
3809 3630 4131 3703 implebitur

2513 3709 2716 3781 (επις.
2753 3711 2853 3784 vi).
2885 3731 2905 3764 ι
2946 3713 3274 3770 Sanctorum
3311 3724 3498 3773 autem
3542 3735 3769 3792 regnum
3810 3739 3920 3779 non
3953 3705 4038 3782 est
4068 3727 4126 3800 in

2510 3817 2788 3870 sermone,
2816 3805 2912 3860 sed
2945 3806 3000 3861 in
3038 3809 3260 3864 virtute.
3359 3809 3362 3812 ’
3631 3837 3634 3839 λ
4137 3869 4144 3874 .

2585 3893 2692 3951 Sed
2723 3884 2819 3966 qui
2856 3908 2986 3953 sunt
3014 3897 3326 3970 loquentes,
3365 3901 3533 3960 iidem
3581 3915 3708 3964 sunt
3744 3916 3802 3963 et
3829 3908 3888 3963 in
3914 3905 4126 3965 amaris

2511 3985 2754 4042 tudinem
2800 3988 3160 4065 adducentes.
3195 3990 3334 4060 Quia
3373 3995 3517 4052 sicut
3567 3997 3748 4053 sancti
3779 4000 3984 4072 quique
4009 4016 4130 4059 etn-

2509 4077 2663 4134 lestis
2699 4079 2905 4151 eloquii
2951 4077 3112 4164 mella
3163 4084 3466 4154 distillant,
3506 4089 3590 4146 sic
3629 4092 3854 4162 reprobi
3891 4093 4124 4164 quilibet

2507 4169 2622 4225 suis
2647 4171 2997 4230 auditoribus
3027 4160 3181 4231 virus
3226 4186 3460 4234 terrenae
3501 4160 3761 4237 versutia:
3795 4160 4125 4240 amaritudi-

2505 4277 2743 4332 nemque
2787 4267 3104 4337 prepinanu
3153 4267 3282 4325 Istis
3327 4271 3477 4326 enim
3536 4273 3600 4329 in
3639 4289 3875 4346 persona
3918 4287 4128 4338 sanctae

2503 4353 2767 4412 Ecclesia:
2789 4357 3028 4416 dicitur:
3058 4380 3078 4412 ι
3108 4359 3292 4417 Favus
3315 4363 3589 4425 distillans
3611 4366 3751 4423 labia
3778 4377 3889 4435 tua,
3917 4385 4122 4441 sponsa

2505 4445 2687 4517 (Cant.
2718 4451 2820 4522 vs).
2848 4469 2874 4502 -ι
2910 4449 3014 4519 Qui
3058 4454 3226 4509 etiam
3257 4454 3537 4530 inﬁgura
3581 4459 3826 4529 ejusdem
3864 4462 4126 4519 Eclesias

2506 4539 2808 4619 concinunt
2841 4560 2925 4597 τοι
2965 4542 3144 4612 Quam
3183 4547 3367 4602 dulcia
3416 4547 3675 4608 faucibus
3721 4544 3861 4617 meis
3901 4554 4125 4626 eloquia

2512 4639 2625 4722 tua,
2667 4647 2834 4703 super
2871 4636 2981 4692 mel
3020 4648 3074 4715 et
3112 4637 3300 4694 favum
3335 4641 3420 4696 ori
3462 4643 3813 4718 meb‘(Psal.
3843 4651 4057 4722 (ιιι-ιιι).
4095 4670 4116 4704 ι

2510 4720 2586 4777 De
2612 4738 2844 4792 quorum
2882 4728 3051 4783 etiam
3087 4730 3314 4787 doctore
3344 4748 3550 4804 sponsa
3581 4735 3718 4793 dicit
3751 4739 3804 4793 in
3833 4720 4075 4798 Cantieis
4095 4760 4116 4798 :

2513 4835 2533 4868 ‹
2563 4814 2767 4872 Guttur
2804 4817 2924 4889 ejus
2969 4821 3308 4891 dulcedines,
3360 4834 3417 4881 et
3472 4835 3618 4885 totus
3665 4833 4120 4903 concupiscentia

2508 4907 2686 4979 (Cant.
2717 4910 2792 4978 v).
2817 4931 2836 4963 ι
2863 4912 2943 4967 De
2964 4912 3072 4968 illis
3102 4926 3286 4970 autem
3313 4932 3343 4973 e
3364 4920 3649 4976 contrario
3674 4915 3904 4979 dicitur:
3933 4943 3952 4976 ι
3976 4922 4118 4993 Quia

2506 4999 2708 5070 linguis
2737 5004 2853 5059 suis
2889 5005 3077 5062 dolose
3115 5011 3376 5079 agebant,
3407 5027 3679 5071 venenum
3723 5018 4118 5087 aspidum’sub

2505 5092 2667 5151 labiis
2686 5111 2879 5152 eorum
2905 5098 3080 5170 (Psal.
3107 5102 3252 5176 xm).
3281 5121 3300 5156 ι
3331 5104 3435 5161 Ubi
3460 5122 3587 5163 mox
3612 5111 3893 5181 sequitur:
3919 5130 3940 5166 ι
3969 5111 4116 5181 Quo-

2503 5202 2638 5242 rum.
2670 5203 2734 5244 os
2789 5190 3176 5250 maledictione
3229 5206 3288 5252 et
3333 5201 3710 5275 amaritudine.
3753 5204 3976 5274 plenum
4026 5219 4114 5264 est

2501 5280 2638 5355 (lsa.
2667 5281 2749 5354 v).
2790 5303 2808 5336 ι
2847 5282 3002 5342 Unde
3026 5294 3084 5342 et
3111 5289 3332 5346 vineam
3369 5291 3520 5348 illam
3553 5280 3822 5353 Dotninus
3852 5313 3953 5368 per
3980 5316 4108 5372 pro-

2494 5373 2718 5441 phetam
2765 5380 3126 5446 conqueritur
3161 5381 3215 5436 in
3257 5385 3684 5442 amaritudinem
3722 5404 3847 5446 esse
3882 5409 4112 5448 conver-

2496 5479 2635 5528 sam,
2676 5482 2799 5538 qua:
2846 5470 3106 5526 nimirum
3166 5473 3240 5528 illi
3282 5462 3311 5528 ιι
3357 5492 3468 5548 quo
3525 5479 3729 5536 dudum
3781 5495 4107 5555 perceperat

2490 5565 2700 5613 terram
2731 5558 2890 5615 lactis
2921 5569 2977 5616 et
3015 5563 3212 5632 mellis,
3267 5556 3614 5636 posimodum
3659 5575 3858 5630 obtulit
3892 5580 4107 5631 amari-

2493 5650 2738 5705 tudinem
2784 5653 2952 5720 aceti,
3002 5654 3166 5711 simul
3210 5668 3268 5715 et
3313 5659 3455 5718 fellis
3502 5662 3640 5735 (Jer.
3692 5682 3764 5732 tt;
3814 5667 3970 5724 Deut.
4015 5687 4104 5738 si;

2493 5740 2689 5797 Matth.
2715 5745 2912 5815 xxv").

2562 5833 2766 5892 Horum
2795 5839 2995 5911 .itaque
3033 5842 3397 5916 loquentium,
3449 5851 3533 5904 vel
3573 5853 3626 5907 in
3671 5855 4100 5924 amaritudinem

3492 5941 3571 6005 22
