5232 6532
1655 470 1760 524 685

2240 469 2299 523 S.
2337 467 2537 522 PETR.‘
2573 465 2854 522 DAMIANI
2895 463 3044 520 OPP.
3087 463 3268 518 PARS
3304 461 3433 518 SEU
3471 461 3707 517 TOHUS
3745 460 3810 515 ll.
3853 491 3919 501 —
3954 459 4340 517 SERMONES.

4810 459 4900 518 σει

1656 580 2038 634 adducentium
2067 578 2208 632 Seon
2235 592 2327 632 rex
2356 587 2460 641 est,
2485 577 2575 645 qui
2602 575 2776 628 elatus
2801 576 3080 635 asseritur.
3107 575 3234 644 quia
3269 591 3310 642 Α
3342 571 3610 642 pollicitus
3631 613 3644 636 ,
3694 572 3992 642 gradiatur.
4026 591 4044 624 ι
4094 573 4222 636 Via,
4267 569 4472 643 inquit,
4521 574 4664 645 regia
4707 577 4902 647 gradia-

1658 669 1963 738 vaniloquis
1986 680 2041 720 et
2065 667 2264 720 amaris
2290 665 2451 733 hujus
2479 665 2665 722 mundi
2713 665 3046 717 amatoribus
3076 664 3237 733 169

1661 746 1900 814 diabolus
1923 765 2110 810 auctor
2151 755 2420 824 superbia:
2457 753 2816 823 principatur.
2849 753 3000 807 Unde
3037 762 3092 806 et
3122 769 3238 820 ipse

1660 851 1907 920 princeps
1954 847 2136 901 mundi
2169 846 2385 909 dicitur,
2418 845 2562 900 illius
2607 845 2862 900 videlicet
2881 843 2949 898 de
2975 858 3080 912 quo
3106 845 3238 898 dicit

1661 940 1937 996 Joannes:
1975 957 1992 990 ι
2023 937 2251 992 Mundus
2288 937 2343 990 in
2395 937 2632 1006 maligno
2664 936 2872 1005 positus
2925 944 3008 987 est
3054 934 3234 1000 (Joan.

1662 1047 1763 1095 xii,
1807 1031 1943 1101 xiv).
1977 1050 1995 1082 ι
2049 1030 2116 1084 Et
2164 1028 2425 1084 Dominus
2469 1028 2736 1098 promittit
2783 1026 2933 1079 illum
2961 1024 3240 1094 discipulis

1662 1121 1925 1191 Spiritum
1976 1134 2097 1174 esse
2147 1117 2471 1172 mittendum
2525 1115 2574 1184 (I
2607 1113 2770 1167 Joan.
2819 1115 2896 1182 v),
2945 1128 3104 1181 quem
3151 1113 3240 1166 hic

1636 1210 1894 1264 mundus
1925 1225 2033 1265 non
2060 1217 2236 1281 potest
2291 1192 2534 1276 accipere
2563 1203 2743 1275 (Joan.
2777 1205 2912 1273 xiv).
2947 1203 3083 1256 Dicit
3110 1217 3239 1272 ergo

1654 1300 1828 1356 lsrael
1856 1302 1924 1355 ad
1953 1300 2133 1355 Seon:
2192 1317 2211 1348 ι
2244 1298 2506 1352 Transire
2540 1309 2640 1350 nos
2693 1295 2854 1349 liceat
2888 1308 2983 1363 per
3036 1303 3237 1347 terram

1661 1405 1831 1458 tuam,
1852 1408 1982 1454 .non
2021 1390 2412 1446 declinabimus
2464 1389 2518 1442 in
2558 1401 2720 1457 agros
2749 1397 2803 1440 et
2833 1387 3017 1440 vineas
3048 1383 3236 1454 (Nam.

1661 1487 1799 1554 xxi).
1825 1503 1842 1534 ι
1884 1482 1995 1536 Nos
2017 1481 2198 1551 plane,
2225 1493 2324 1532 nos
2351 1492 2557 1540 sumus,
2607 1476 2700 1546 qui
2740 1489 2839 1546 per
2888 1476 3030 1529 hunc
3087 1489 3241 1526 mun—

1659 1576 1788 1629 dum
1816 1574 1882 1628 ad
1908 1583 2110 1627 terram
2157 1569 2406 1640 cupimus
2455 1568 2686 1622 transire
2741 1565 3059 1620 viventium.
3112 1563 3238 1624 bos,

1656 1673 1904 1736 inquam,
1936 1679 2036 1736 per
2072 1662 2334 1718 terminos
2381 1657 2601 1729 superbi
2657 1657 2800 1726 regis
2846 1655 3124 1710 humiliter
3162 1655 3240 1705 in-

1658 1762 1855 1818 cedere
1892 1757 2137 1812 volumus
2188 1753 2257 1807 ad
2305 1750 2537 1821 patriam
2592 1747 2787 1803 divina:
2845 1745 3235 1816 promissionis.

1635 1853 1726 1907 ιΕι
1771 1847 2022 1920 quoniam
2064 1843 2323 1899 Hebraeus
2365 1841 2758 1910 interpretatur
2804 1848 3083 1900 transiens,
3142 1849 3238 1887 nos

3343 680 3480 717 mur.
3514 683 3530 714 ι
3575 664 3704 729 Qua:
3728 674 3810 717 est
3832 675 4013 717 autem
4037 664 4182 734 regia
4213 665 4319 729 via,
4362 665 4464 718 nisi
4489 665 4577 719 illa
4602 681 4722 734 quae
4741 667 4860 722 dicit
4885 685 4898 720 :

3345 771 3362 801 ι
3403 751 3511 820 Ego
3541 767 3657 805 sum
3706 753 3791 805 via
3824 751 4008 809 (Joan.
4037 755 4167 822 xiv).
4195 773 4212 804 ι
4249 753 4351 820 Qui
4383 755 4547 809 etiam
4580 756 4632 809 in
4662 757 4782 826 ipso
4804 772 4902 812 sua

3341 843 3605 912 passionis
3628 842 3854 897 articulo
3879 859 3938 898 se
3983 859 4164 914 regem
4191 846 4460 914 perbibet,
4491 862 4612 900 cum
4639 850 4716 902 ait
4742 867 4756 901 :
4788 868 4806 901 s
4831 849 4902 904 'l'I

3341 934 3476 987 dicis
3502 949 3515 985 :
3545 931 3682 998 Quia
3717 949 3810 989 rex
3835 950 3953 989 sum
3982 951 4080 1004 ego
4110 934 4292 1005 (locis.
4319 939 4495 1008 xviii).
4518 958 4536 990 ι
4567 937 4904 998 Promisimns

3340 1038 3467 1092 ergo
3514 1027 3749 1093 superbo
3804 1027 3916 1095 regi
3966 1024 4108 1080 Seon
4138 1025 4255 1094 ejus
4309 1026 4509 1082 ﬂuenta
4557 1046 4662 1084 non
4711 1032 4902 1096 bibere,

3341 1128 3445 1166 non
3501 1113 3553 1166 in
3605 1129 3766 1183 agros
3813 1114 3899 1168 vel
3941 1116 4129 1170 vineas
4172 1117 4467 1184 declinare,
4506 1122 4650 1192 regia
4705 1122 4789 1177 via
4816 1136 4906 1179 nos

3340 1201 3611 1268 incedere,
3641 1204 3742 1258 hoc
3789 1213 3893 1268 est,
3943 1207 4010 1259 ad
4063 1206 4338 1262 Christum
4376 1225 4471 1278 per
4507 1211 4682 1280 ipsum
4727 1227 4907 1284 prope-

3340 1305 3540 1356 rantes,
3572 1295 3641 1349 ab
3661 1296 3910 1350 omnibus
3935 1299 4132 1353 diaboli
4161 1301 4373 1370 pompis
4399 1310 4455 1354 et
4479 1303 4737 1372 operibus
4762 1303 4908 1375 11o

3347 1391 3639 1445 abstinere.
3673 1391 3778 1445 Sed
3806 1391 3982 1447 elatus
4013 1394 4100 1448 ille
4125 1392 4270 1449 Seon
4296 1396 4596 1450 exercitum
4617 1398 4838 1468 colligit,
4859 1408 4910 1454 et

3339 1480 3499 1535 lsrael
3530 1497 3625 1550 per
3647 1499 3773 1537 suos
3795 1484 3926 1538 lines
3952 1484 4154 1541 habere
4181 1488 4466 1541 transitum
4499 1502 4604 1541 non
4634 1489 4907 1556 permittit.

3410 1572 3539 1638 Quis
3561 1584 3639 1628 est
3668 1585 3845 1628 autem
3876 1574 4104 1644 populus
4151 1576 4239 1631 ille
4277 1591 4437 1647 quem
4465 1577 4607 1632 Seon
4630 1588 4912 1650 congregat

3341 1663 3604 1717 adversus
3659 1663 3846 1728 lsrael,
3911 1665 4012 1718 nisi
4065 1667 4278 1736 reprobi
4321 1668 4542 1737 quique,
4594 1669 4684 1738 qui
4741 1683 4911 1738 perse-

3341 1767 3583 1825 quuntur
3616 1756 3956 1811 Ecclesium?
3988 1756 4061 1811 Ex
4114 1757 4199 1812 his
4225 1769 4350 1813 sunt
4384 1761 4626 1829 tyranni,
4653 1762 4818 1815 duces
4853 1775 4912 1815 ac

3340 1847 3611 1916 principes
3640 1848 3847 1910 mundi,
3880 1847 3968 1916 qui
4015 1847 4097 1900 vel
4123 1847 4408 1903 catholicis
4433 1850 4562 1903 viris
4604 1864 4701 1919 per
4745 1852 4912 1904 btre-

1660 1944 1755 2014 qui
1791 1937 2037 2010 discipuli
2097 1950 2286 1992 sumus
2333 1932 2476 1988 illius
2517 1932 2611 2002 qui
2646 1945 2751 1985 non
2805 1931 3091 1992 habitavit,
3137 1927 3232 1980 sed
3263 1943 3308 2002 Β
3341 1939 3500 1992 ricam
3547 1941 3864 2009 pravitatem
3914 1952 4191 2009 opponum
4245 1942 4694 1998 ςοηιηάίςιεοηί.
4739 1944 4914 1998 om-

1660 2031 2012 2104 pertransivit
2048 2024 2434 2082 benefaciendo
2461 2063 2476 2086 ,
2517 2031 2573 2079 et
2622 2022 2866 2076 sanando
2905 2034 3093 2074 omnes
3135 2032 3233 2086 op—

1660 2138 1882 2195 pressos
1912 2137 1941 2174 a
1974 2118 2185 2174 diabolo
2211 2116 2348 2185 (Act.
2382 2115 2460 2183 x),
2511 2113 2765 2182 quoniam
2798 2111 2939 2166 Deus
2962 2119 3080 2164 eiat
3117 2123 3238 2161 cuni

1662 2216 1761 2271 illo
1787 2230 1799 2280 ;
1834 2224 2106 2280 nunquam
2136 2221 2236 2260 nos
2272 2204 2608 2258 babitaturos
2635 2218 2756 2256 cum
2796 2200 2938 2255 Seon
2967 2216 3094 2270 rege
3117 2214 3240 2269 pro-

1664 2306 1955 2369 mittimus,
2002 2302 2098 2357 sed
2142 2300 2227 2353 via
2279 2297 2648 2350 tantummodo
2696 2296 2844 2365 regia
2885 2305 3238 2364 processuros

1664 2416 1765 2455 nos
1792 2411 1912 2452 esse
1940 2393 2286 2465 spondemus.
2323 2387 2428 2443 Sed
2450 2387 2665 2457 quando
2695 2401 2794 2440 nos
2829 2385 2938 2453 regi
2967 2383 3108 2438 Seon
3136 2383 3237 2436 ista

1663 2485 2055 2559 promisimus?
2091 2481 2317 2550 Quando
2352 2477 2740 2533 cohabitationi
2789 2473 2906 2543 ejus
2955 2473 3236 2543 repudium

1668 2581 1932 2641 dedimus,
1965 2576 2181 2647 quando
2223 2571 2504 2632 divisionis
2542 2577 2762 2624 eterna:
2801 2568 2978 2622 [trdus
3006 2581 3127 2621 cum
3171 2582 3237 2620 eo

1661 2674 1807 2744 pacti
1828 2686 2034 2726 sumus.

1739 2763 2057 2820 ltecolamns
2099 2761 2284 2829 itaque
2309 2757 2448 2814 diem
2477 2756 2618 2812 sacri
2658 2752 3018 2824 baptismatis,
3059 2750 3235 2820 ipsum

1665 2869 1818 2912 nova:
1845 2851 2266 2922 regenerationis
2309 2847 2589 2903 exordium
2619 2845 2686 2899 ad
2731 2843 3050 2899 memoriam
3081 2849 3237 2894 rettu-

1664 2961 1895 3010 camus;
1926 2953 1980 2999 et
2008 2943 2081 2996 ibi
2108 2956 2208 2994 nos
2233 2938 2424 3009 procul
2450 2937 2614 2990 dubio
2654 2934 2991 2988 renuntiasse
3025 2930 3238 2985 diabolo

1665 3054 1733 3093 ac
1778 3035 1987 3090 cunctis
2044 3032 2162 3101 ejus
2211 3027 2421 3100 pompis
2469 3036 2526 3082 et
2575 3025 2829 3095 operibus
2879 3022 3234 3077 inveniemus.

1665 3129 2069 3183 Commemoret
2087 3120 2458 3187 unusquisque
2498 3116 2734 3170 ﬂdelium
2767 3128 2888 3168 cum
2913 3115 3147 3182 primum
3171 3111 3238 3165 ad

1663 3221 1868 3274 fontem
1918 3213 2119 3268 lavacri
2163 3209 2416 3266 salutaris
2473 3206 2739 3268 accessit,
2791 3218 2916 3258 cum
2960 3202 3236 3272 signacula

3343 2029 3482 2090 cula,
3520 2030 3600 2080 vel
3627 2030 3829 2082 sanctis
3858 2029 4189 2099 martyribus
4230 2030 4524 2085 moliuntur
4571 2031 4775 2086 inferre
4812 2041 4915 2086 tor-

3342 2130 3541 2172 mcnta.
3576 2119 3681 2173 Sed
3714 2118 3842 2188 quid
3873 2120 3936 2171 ad
3963 2122 4078 2173 haec
4110 2118 4240 2174 facit
4283 2119 4492 2174 Israel?
4523 2121 4917 2191 Interrngemus

3342 2210 3682 2263 historiaan
3726 2209 3905 2272 Venit,
3939 2208 4134 2277 inquit.
4187 2209 4239 2263 in
4268 2208 4443 2264 lssaar
4492 2207 4692 2281 [Jasa],
4741 2219 4916 2279 etpo~

3340 2303 3523 2368 gnavit
3545 2309 3732 2351 contra
3757 2314 3900 2352 eum.
3926 2299 3965 2351 Α
3998 2314 4105 2368 quo
4127 2313 4417 2368 percussus
4443 2307 4526 2354 est
4563 2297 4708 2353 Seon
4739 2300 4792 2352 in
4826 2314 4918 2353 ore

3340 2387 3500 2453 gladii
3537 2406 3548 2440 :
3593 2397 3642 2440 et
3700 2401 3945 2456 possessa
3977 2396 4059 2440 est
4110 2397 4251 2441 terra
4281 2385 4397 2455 ejus
4424 2389 4491 2442 ab
4533 2387 4722 2442 Arnon
4751 2402 4918 2456 usque

3337 2475 3553 2530 LabOcli
3587 2474 3794 2548 [Jeboc]
3842 2474 4032 2545 (Nam.
4059 2477 4194 2545 xxi).
4220 2496 4238 2527 ι
4279 2475 4418 2531 Ecce
4446 2477 4734 2547 superbus,
4787 2491 4914 2530 ecce

3337 2567 3512 2621 elatus
3565 2582 3888 2637 congressus
3933 2575 4036 2631 est,
4091 2565 4185 2621 sed
4235 2568 4501 2622 contritus
4542 2567 4819 2622 commisit
4864 2577 4918 2620 et

3337 2659 3609 2726 perdidit;
3642 2659 3694 2711 in
3735 2673 3886 2711 arma
3917 2658 4166 2726 prosiluit
4200 2666 4255 2712 et
4278 2657 4582 2712 succubuit.
4608 2658 4712 2724 Qui
4743 2659 4916 2713 noluit

3337 2752 3468 2805 dare
3495 2753 3654 2812 viam,
3683 2751 3914 2819 perdidit
3940 2751 4100 2802 vitam
4129 2766 4143 2814 ;
4193 2760 4248 2803 et
4274 2753 4400 2804 dum
4441 2751 4770 2818 contempsit
4823 2765 4918 2802 an-

3341 2857 3507 2895 nuere
3544 2841 3770 2911 publica:
3803 2840 3901 2893 via:
3935 2841 4238 2904 transitum,
4283 2842 4466 2896 amisit
4506 2843 4786 2911 proprium
4838 2858 4918 2897 re-

3342 2932 3475 2999 galis
3499 2930 3679 2999 gloria:
3716 2922 4098 2998 principatum.
4137 2928 4300 2982 Israel
4351 2941 4553 2995 autem,
4597 2931 4690 2998 qui
4741 2942 4918 2984 trans-

3342 3020 3477 3073 itum
3507 3036 3611 3073 non
3641 3019 3897 3083 obtinuit,
3928 3019 3991 3072 ad
4021 3020 4374 3074 hereditaria
4417 3019 4776 3089 possessionis
4798 3020 4917 3088 jura

3340 3113 3585 3181 pervenit
3615 3127 3629 3176 ;
3667 3121 3720 3166 et
3745 3110 3832 3165 cui
3865 3110 4096 3166 transire
4134 3125 4242 3166 non
4275 3111 4446 3177 licuit,
4477 3110 4542 3165 de
4572 3112 4656 3164 via
4683 3113 4918 3181 patriam

3341 3205 3488 3260 fecit.

1646 3313 1790 3372 .iidei
1819 3309 1993 3380 prima
2027 3303 2286 3372 suscepit.
2339 3299 2528 3354 Νοωθ
2572 3313 2671 3368 Per
2713 3295 3101 3350 θείεεδίδωυω
3150 3285 3308 3388 se"?
3413 3316 3518 3371 Sed
3548 3317 3659 3380 ubi,
3684 3332 3888 3387 quaeso,
3929 3316 4125 3373 fratres
4148 3334 4276 3384 mei,
4300 3319 4391 3374 ubi
4433 3319 4546 3374 haec
4584 3329 4668 3374 est
4699 3331 4921 3388 peracta

1662 3399 1956 3457 'ccrdotalis
1985 3395 2144 3451 oﬂicii
2191 3395 2277 3449 his
2326 3406 2456 3448 usus
2507 3401 2593 3445 est
2624 3389 2804 3444 verbis
2831 3388 3028 3459 quibus
3078 3401 3136 3440 se
3165 3385 3236 3438 si-

1667 3492 1950 3564 gnificaret
1977 3487 2216 3542 letiferas
2241 3482 2428 3538 mundi
2450 3479 2609 3549 hujus
2630 3479 2957 3549 cupiditates
2981 3477 3236 3546 abjicere,

1669 3597 1736 3636 ac
1781 3576 2059 3634 diabolica:
2111 3571 2389 3630 societatis
2434 3567 2850 3625 contubernium
2896 3571 3240 3638 proﬁteretur

1669 3655 1792 3728 azse
1817 3669 2062 3724 funditus
2089 3662 2383 3721 abdicare!
2426 3660 2493 3716 Et
2533 3661 2634 3715 hoc
2669 3667 2754 3713 est
2779 3660 2922 3728 quod
2969 3658 3021 3710 in
3069 3657 3238 3710 histo-

1671 3763 1769 3818 ria
1791 3757 2130 3824 sermonibus
2155 3752 2528 3813 adumbratnr,
2560 3749 2686 3819 quia
2735 3763 2841 3802 non
2890 3746 3124 3801 declinet
3171 3746 3244 3800 ls-

1667 3851 1784 3908 rael
1811 3863 1984 3918 neque
2016 3847 2070 3901 in
2101 3857 2288 3916 agrum
2326 3842 2470 3912 regis
2497 3839 2660 3904 Seou,
2690 3852 2865 3908 neque
2914 3838 2968 3891 in
3005 3839 3237 3901 vineam,

1670 3959 1848 4014 neque
1875 3942 1942 3996 de
1995 3941 2112 3992 lacu
2143 3938 2258 4006 ejus
2291 3948 2350 3990 se
2395 3932 2678 4002 pollicetur
2729 3931 2910 4000 aliquo
2959 3930 3116 3983 modo
3145 3943 3238 3998 ρος

1671 4044 1931 4087 tnturum.
1983 4027 2086 4082 Per
2140 4039 2327 4096 agrum
2371 4021 2598 4086 scilicet,
2653 4022 2837 4090 operis
2890 4019 3230 4082 exercitium;

1667 4135 1768 4192 per
1820 4119 2030 4172 vineam
2073 4123 2129 4169 et
2176 4113 2379 4176 lacum,
2413 4124 2673 4164 vanarum
2700 4109 2896 4161 artium
2924 4106 3239 4174 intelligitur

1668 4209 1962 4281 poculum;
2000 4202 2307 4272 astrologia:
2337 4199 2565 4262 scilicet,
2596 4198 2804 4266 magiae,
2838 4195 3237 4258 necromantiae,

1668 4310 1727 4356 et
1750 4295 2009 4368 quidquid
2036 4301 2120 4348 est
2167 4291 2310 4361 quod
2338 4303 2534 4343 vanum
2575 4288 2777 4356 aliquid
2809 4287 2889 4340 vel
2918 4286 3238 4354 sacrilegum

1669 4374 2002 4459 dogtnatiZat
2055 4390 2240 4436 contra
2303 4377 2585 4433 catholica
2645 4376 2771 4430 lidei
2833 4376 3110 4444 pietatem.
3163 4371 3240 4427 De

1668 4480 1866 4549 quibus
1896 4475 2078 4543 utique
2123 4469 2498 4541 pestilentibus
2543 4466 2748 4537 poculis
2779 4475 2968 4520 contra
3020 4478 3241 4532 perver-

1667 4585 1792 4626 sum
1815 4565 2065 4638 populum
2111 4577 2204 4634 per
2232 4561 2521 4617 Jeremiam
2570 4558 2827 4612 Dominus
2868 4557 3236 4624 conqueritur,

3340 3407 3567 3462 victoria
3590 3408 3612 3460 ?
3640 3406 3788 3461 Felix
3818 3408 4025 3463 scilicet
4072 3407 4243 3474 locus,
4269 3409 4360 3479 qui
4388 3418 4551 3464 tanta:
4593 3409 4781 3480 gloria:
4811 3424 4924 3464 me-

3343 3499 3452 3551 ruit
3479 3499 3661 3552 videre
3691 3498 4056 3567 triumphum!
4094 3497 4218 3565 Ubi,
4248 3500 4487 3569 inquam,
4514 3499 4814 3568 superbum
4841 3513 4928 3553 re-

3340 3601 3460 3658 gem
3491 3587 3724 3641 obtinuit
3749 3587 3913 3642 lsrael
3942 3588 3965 3640 ?
3996 3588 4051 3642 ln
4093 3587 4288 3641 lssaar.
4337 3589 4512 3642 lssaar
4540 3598 4723 3640 autem
4753 3587 4929 3640 inter-

3341 3686 3585 3746 pretatur
3611 3677 3848 3729 mandati
3875 3676 4194 3745 adimpletio.
4215 3677 4280 3731 Et
4301 3692 4400 3732 nos
4421 3677 4465 3732 si
4485 3678 4548 3730 ad
4568 3677 4714 3730 hunc
4742 3676 4927 3730 locum

3344 3765 3454 3821 Deo
3490 3767 3625 3822 duce
3649 3767 4026 3837 pertingimus,
4055 3767 4325 3820 diabolum
4375 3767 4564 3836 procul
4600 3767 4789 3831 dubio,
4831 3767 4930 3836 qui

3340 3867 3500 3926 caput
3519 3866 3605 3912 est
3630 3867 3684 3912 et
3710 3858 3862 3927 origo
3885 3858 4169 3928 superbire,
4199 3873 4537 3928 superamus.
4569 3855 4725 3911 Tunc
4768 3859 4928 3911 enim

3340 3946 3612 4001 diabolum
3644 3948 3927 4013 vincimus,
3977 3964 4100 4003 cum
4154 3949 4534 4019 Redemptoris
4564 3948 4739 4002 nostri
4770 3963 4932 4001 man.

3342 4035 3464 4088 data
3508 4037 3862 4106 complemns.
3909 4037 4263 4108 Quanquam,
4321 4038 4463 4107 quod
4509 4047 4594 4092 est
4638 4037 4932 4091 diabolum

3343 4127 3581 4190 vincere,
3627 4129 3740 4181 hoc"
3774 4129 3947 4198 ipsum
3989 4131 4054 4184 sit
4089 4130 4272 4184 divina
4325 4131 4578 4185 mandata
4623 4131 4929 4200 complere.

3343 4213 3501 4280 Nam,
3533 4216 3659 4270 dum
3687 4219 3869 4272 carnis
3898 4218 4181 4274 illecebras
4208 4218 4506 4290 frangimus
4533 4236 4546 4285 ;
4579 4221 4710 4274 dum
4737 4223 4934 4291 pravis

3344 4308 3614 4361 viscerum
3647 4303 3989 4378 passionibus
4037 4311 4389 4377 reluctamur,
4429 4314 4555 4367 dum
4585 4315 4783 4368 divina
4813 4313 4934 4382 jus»

3342 4397 3513 4452 sionis
3558 4401 3784 4468 imperio
3818 4403 4117 4467 subdimur,
4165 4413 4220 4457 et
4248 4419 4354 4458 non
4400 4415 4583 4459 nostra
4632 4416 4780 4471 vota,
4831 4408 4934 4462 sed

3343 4489 3486 4544 illius
3516 4489 3668 4557 jussa
3727 4506 4004 4548 servamus
4033 4533 4049 4558 ,
4093 4505 4222 4549 tunc
4271 4496 4474 4565 absque
4524 4494 4688 4549 dubio
4736 4497 4936 4550 mundi

3346 4582 3643 4650 principem
3671 4591 3725 4635 et
3768 4585 3932 4638 totius
3977 4586 4233 4654 nequitia
4259 4585 4594 4641 debellamus
4618 4596 4934 4642 auctorem.

1671 4660 1861 4714 dicens
1886 4675 1899 4711 :
1929 4674 1949 4708 ι
1978 4655 2091 4710 Duo
2120 4653 2258 4709 mala
2306 4651 2436 4707 fecit
2464 4650 2692 4748 populus
2726 4663 2892 4748 .metts
2921 4663 3060 4748 :un'ie
3081 4648 3242 4748 dere—
3267 4641 3320 4700 D
3347 4641 3496 4728 inme
3523 4641 3737 4742 'aposwll

2867 4663 2892 4703 Β
2921 4663 3060 4748 inille
3081 4648 3242 4748 fiere'
3267 4641 3320 4700 D
3347 4641 3496 4728 :I'nnc
3523 4641 3815 4742 ipostolica
3850 4675 3935 4728 illa
3974 4641 4148 4731 oratio
4178 4679 4477 4747 completur
4512 4679 4565 4731 in
4608 4677 4785 4742 nobis,
4818 4694 4933 4748 qua

1670 4751 1968 4820 liquerunt,
1994 4744 2194 4799 fontem
2218 4756 2374 4812 aqua:
2397 4742 2552 4805 τίνω,
2575 4750 2630 4794 et
2651 4738 2904 4794 foderunt
2921 4738 3021 4792 sibi
3046 4738 3240 4791 cister-

1672 4856 1792 4904 nas,
1824 4839 2086 4894 cisternas
2130 4833 2440 4903 dissipatas,
2471 4845 2590 4901 qua:
2615 4830 2894 4886 continere
2932 4843 3037 4883 non
3063 4829 3244 4883 valent

1667 4946 1845 5000 aquas
1865 4930 2000 4999 (λεν.
2026 4927 2145 4997 11).)
2181 4927 2258 4982 De
2303 4925 2522 4997 quibus.
2549 4936 2606 4978 et
2649 4935 2748 4994 per
2793 4921 3138 4977 Salomonem
3163 4921 3243 4975 di-

3347 4761 3540 4814 dicitnr
3569 4780 3580 4814 :
3621 4780 3638 4811 ι
3675 4762 3813 4817 Deus
3855 4774 4035 4817 autem
4065 4765 4216 4834 pacis
4244 4775 4490 4821 conterat
4522 4766 4784 4820 Satanam
4827 4769 4940 4822 sub

3344 4850 3572 4919 pedibus
3602 4853 3798 4906 vestris
3828 4850 4048 4922 (Rom).
4085 4873 4103 4905 i
4135 4855 4202 4908 Et
4244 4855 4378 4910 illud
4427 4856 4583 4935 nobis
4636 4857 4932 4918 Dominus.

3343 4941 3486 5008 quod
3525 4942 3798 5010 promisit,
3850 4942 4136 5011 impertit:
4175 4962 4192 4995 ι
4225 4943 4367 4999 Ecce
4417 4945 4538 4999 dedi
4569 4946 4729 5000 vobis
4771 4957 4936 5016 pote-

1661 5021 1823 5079 .citur
1847 5037 1861 5073 :
1889 5039 1908 5071 s
1934 5020 2098 5087 Aqua:
2127 5017 2341 5071 furtiva:
2367 5015 2642 5070 dulciores
2681 5022 2810 5069 sunt
2845 5011 3028 5084 (Prov.
3055 5011 3190 5082 vni).
3215 5031 3235 5065 ι
3342 5039 3538 5085 “atem
3591 5031 3727 5085 eam

2871 5011 3028 5067 Ρνου-
3055 5011 3190 5082 VU)-
3215 5031 3235 5065 ⁸
3342 5039 3538 5085 statem
3591 5031 3834 5086 calcandi
3880 5048 4040 5102 supra
4072 5044 4353 5104 serpentes
4393 5043 4450 5088 et
4497 5011 4848 5104 scorpiones,
4879 5045 4935 5091 et

1665 5112 1852 5171 habet
1876 5117 2054 5165 autem
2098 5107 2262 5162 Israel
2289 5108 2466 5163 fontes
2502 5122 2649 5164 suos.
2683 5127 2701 5159 ι
2741 5106 2799 5161 ιιι
2825 5107 3126 5172 Ἐςοιεείἱδ,
3157 5107 3238 5160 in-

1675 5203 1830 5277 quit,
1883 5199 2184 5256 benedicite
2238 5195 2349 5252 Deo
2396 5197 2624 5279 Domino
2669 5199 2738 5254 de
2784 5199 3024 5255 fontibus
3072 5199 3239 5254 Israel

1673 5291 1853 5369 (Paul.
1907 5291 2095 5362 ιινιι).
2131 5309 2150 5343 ι
2213 5287 2444 5362 Superbi
2492 5304 2624 5360 ergo
2681 5291 2824 5360 regis
2887 5291 3028 5345 Seon
3073 5307 3240 5362 aquas

1676 5385 1933 5453 respuat,
1981 5381 2358 5438 hareticorum
2413 5381 2722 5462 dogmatum
2790 5382 2992 5440 ﬂuenta
3054 5383 3242 5445 'conte-

1677 5486 1870 5542 mnat;
1923 5485 1978 5529 et
2020 5473 2235 5531 hauriat
2283 5460 2454 5546 aquas
2517 5460 2597 5531 ἱει-
2625 5476 2824 5546 gaudio
2880 5477 2948 5533 de
3007 5478 3244 5536 fontibus

1675 5563 1974 5627 Salvatoris
1995 5561 2130 5631 (lsa.
2154 5562 2275 5634 xit).
2301 5561 2403 5630 Qui
2428 5562 2572 5617 enim
2598 5566 2800 5636 dirupit
2840 5567 3020 5624 fontes
3048 5577 3101 5624 et
3134 5580 3245 5625 tor-

1668 5664 1862 5738 rentes
1877 5654 2046 5726 (Psal.
2071 5662 2290 5728 sunt),
2313 5655 2401 5711 hic
2422 5656 2475 5710 in
2496 5656 2786 5729 Evangelia
2802 5661 2932 5714 dicit
2956 5679 2970 5714 :
2992 5678 3010 5712 ι
3031 5660 3134 5728 Qui
3166 5663 3248 5717 bi-

1680 5746 1826 5802 berit
1836 5762 2026 5816 aquam
2041 5762 2208 5818 quam
2220 5764 2320 5820 ego
2332 5750 2420 5815 do,
2436 5748 2660 5806 ﬂumina
2672 5751 2738 5807 de
2752 5764 2941 5810 ventre
2953 5754 3070 5825 ejus
3081 5752 3250 5810 ﬂuent

1683 5849 1838 5914 aqua
1869 5838 2001 5893 viva
2026 5837 2210 5918 (locis.
2233 5841 2352 5910 vn).
2374 5859 2394 5894 ι
2427 5839 2535 5898 Sed
2570 5853 2626 5898 et
2664 5844 2750 5899 via
2792 5845 2959 5919 regia,
2993 5846 3132 5904 sicut
3164 5856 3253 5905 est

3345 5137 3507 5191 super
3531 5136 3745 5176 omnem
3790 5123 4044 5176 virtutem
4082 5124 4307 5188 inimici,
4351 5136 4408 5178 et
4447 5125 4580 5179 nihil
4620 5127 4776 5180 vobis
4833 5142 4940 5182 ns»

3345 5213 3490 5267 cebit
3512 5209 3661 5282 κιαι.
3691 5217 3769 5274 x).
3795 5232 3813 5264 i
3855 5212 3960 5268 Sed
3998 5230 4119 5268 cum
4165 5214 4308 5270 Seon
4333 5216 4600 5284 exprimat
4635 5220 4936 5286 antiquum

3347 5303 3580 5365 hostem,
3610 5304 3839 5372 populus
3891 5313 4070 5359 autem
4100 5306 4220 5375 ejus
4240 5319 4481 5376 quosque
4525 5308 4816 5375 reprobos,
4847 5307 4939 5361 vel

3348 5392 3602 5448 Ecclesia:
3630 5404 4026 5463 persecutores,
4060 5398 4152 5467 qui
4175 5398 4344 5453 armis
4384 5398 4452 5453 ab
4480 5397 4666 5459 lsrael.
4694 5397 4802 5454 hoc
4825 5411 4939 5460 ω,

3349 5499 3380 5537 a
3410 5485 3615 5538 sanctis
3647 5486 4093 5553 pitedicatoribus
4131 5499 4262 5544 sunt
4315 5489 4610 5559 prostrati,
4656 5506 4776 5562 quo
4825 5509 4942 5546 sna-

3348 5588 3513 5628 crone
3559 5573 3811 5642 perfossi,
3847 5590 3957 5644 quo
3982 5577 4211 5646 denique
4240 5575 4417 5647 gladio
4461 5587 4588 5632 sunt
4615 5583 4943 5651 perempti?

3349 5664 3591 5726 Sedaudi
3613 5663 3922 5735 Apostolum
3941 5668 4242 5737 spiritualis
4265 5670 4449 5738 utique
4471 5668 4684 5725 militia:
4709 5673 4942 5732 duom.

3347 5762 3717 5809 et-strennum
3759 5756 4000 5816 intestini
4057 5760 4225 5828 prmlii
4277 5760 4638 5816 bellatorem:
4689 5783 4712 5814 s
4763 5761 4942 5818 Vivus

3351 5857 3452 5917 est,
3501 5849 3694 5921 inquit,
3729 5865 3909 5910 sermo
3950 5852 4066 5919 Dei,
4099 5861 4153 5908 et
4182 5853 4392 5921 enicas,
4443 5863 4502 5912 et
4533 5858 4946 5928 penetrabilis»-
