5232 6506
719 506 807 563 685

2089 481 2331 541 sanna
2384 480 2620 537 xxxnt
2722 454 2725 455 ί

3890 472 4008 529 I386

718 618 842 676 unmi
864 612 1040 684 gladio
1062 608 1309 680 ancipiti,
1339 605 1659 679 pertingens
1676 614 1851 673 usque
1869 598 1938 655 ad
1966 581 2291 654 divisionem
2321 602 2370 661 Α
2398 594 2543 663 quod
2572 593 2966 662 interpretatur
2998 588 3285 684 luctamen.
3592 594 3675 639 est
3706 585 3853 684 enim
3875 604 4007 684 Auni.

717 709 886 765 animae
934 718 999 759 ac
1025 702 1273 774 spiritus,
1317 709 1641 767 compagum
1674 704 1894 763 quoque
1938 696 1994 744 et
2022 684 2288 742 medulla-

716 813 836 857 rum,
865 804 918 851 et
961 794 1230 848 discretor
1262 786 1661 859 cogitationum
1689 790 1745 837 et
1779 780 2147 835 intentionum
2168 791 2287 832 cor-

710 891 788 946 dis
812 886 988 958 (Hebr.
1016 884 1113 955 tv).
1141 902 1161 935 ι
1201 881 1356 936 Ilunc
1384 875 1670 935 divisionis
1699 872 1938 946 gladium
1960 868 2287 942 evaginabat

713 980 810 1035 dux
828 988 876 1033 et
919 984 1113 1031 auctor
1139 972 1232 1027 ille
1260 968 1648 1034 certaminum,
1697 980 1761 1021 ac
1809 963 2066 1020 dominus
2110 959 2289 1015 bella-

710 1078 888 1129 torum,
914 1078 1040 1119 cum
1073 1061 1289 1117 dicebat
1320 1077 1333 1113 :
1364 1077 1384 1110 ι
1426 1057 1605 1113 Nolite
1630 1063 1827 1126 putare
1851 1052 1979 1123 quia
2010 1049 2135 1105 veni
2168 1048 2291 1103 mit-

711 1169 816 1215 tere
837 1170 1018 1227 pacem
1043 1153 1096 1209 in
1120 1162 1345 1207 terram.
1378 1148 1496 1204 Non
1516 1147 1668 1203 enim
1687 1144 1809 1202 veni
1834 1150 2027 1215 pacem“
2049 1141 2287 1205 mittere,

706 1249 794 1305 sed
818 1246 1045 1319 gladium
1081 1242 1301 1315 (Matth.
1325 1240 1404 1309 χ).
1443 1259 1463 1292 ι

768 1334 972 1392 Audisti
1021 1332 1259 1405 gladium
1307 1330 1662 1394 dividentem,
1715 1326 1843 1383 audi
1889 1329 2293 1395 consequenter

706 1434 772 1487 et,
801 1425 964 1496 ipsam
997 1422 1356 1479 divisionem:
1409 1438 1428 1471 ε
1462 1417 1621 1483 Veni,
1672 1417 1869 1487 inquit,
1906 1430 2164 1486 separare
2193 1414 2294 1468 ho-

700 1514 890 1572 minem
927 1512 1191 1568 adversus
1244 1520 1455 1580 patrem
1499 1523 1685 1572 suum,
1730 1516 1786 1562 et
1818 1506 1985 1560 tiliam
2029 1504 2293 1560 adversus

698 1615 920 1663 matrem
972 1619 1154 1667 suam,
1205 1610 1261 1656 et
1311 1615 1512 1655 nurum
1552 1600 1823 1656 adversus
1855 1612 2071 1653 socrum
2110 1612 2290 1665 suam,

698 1707 749 1754 et
778 1695 974 1752 inimici
1003 1692 1240 1749 hominis
1275 1689 1561 1745 domestici
1587 1689 1708 1760 ejus
1749 1687 1960 1761 (lbid.).
1992 1706 2011 1740 ι
2048 1686 2163 1742 Hoc
2185 1688 2293 1742 ita-

696 1805 801 1862 que
826 1786 1002 1860 gladio
1051 1794 1107 1841 et
1164 1782 1309 1839 Seon
1337 1792 1425 1838 est
1471 1790 1806 1852 peremptus,
1852 1789 1910 1834 et
1964 1780 2146 1834 omnis
2172 1776 2291 1847 ejus

695 1881 960 1936 exercitus
993 1877 1149 1947 171
1183 1872 1459 1929 communi
1485 1873 1635 1929 caede
1678 1880 2007 1944 prostratus.
2047 1868 2186 1937 Quia
2210 1869 2293 1924 ni-

2389 700 2491 741 nes
2517 685 2609 756 qui
2642 684 2835 738 volunt
2871 682 3025 738 exire
3054 680 3121 734 de
3158 691 3329 749 regno
3369 674 3569 732 diaboli
3619 686 3677 731 et
3706 675 3832 746 ejus
3869 676 4009 733 fines

2389 775 2643 838 evadere,
2690 772 3053 827 tentatiouum
3104 768 3475 840 ingruentium
3520 769 3825 823 certamina
3867 770 4010 826 tole-

2391 882 2537 923 rare.
2563 866 2719 934 Quod
2749 868 2796 920 si
2839 864 3130 935 quisquam
3178 862 3423 933 legitime
3472 863 3791 928 certaverit,
3839 873 3897 919 et
3924 864 4009 919 vi-

2390 959 2569 1014 riliter
2610 956 2923 1023 obluctatus
2965 954 3212 1016 eviecrit,
3244 951 3360 1020 jam
3388 966 3497 1007 non
3527 952 3632 1006 erit
3671 951 3889 1009 Laboch
3918 955 4006 1010 cio

2389 1050 2533 1105 vitas
2588 1046 2756 1111 Seon,
2812 1046 2907 1101 sed
2962 1044 3160 1101 civitas
3214 1044 3417 1109 Israel;
3474 1058 3583 1097 non
3640 1042 3855 1099 scilicet
3906 1046 4005 1116 qui

2391 1144 2447 1199 in
2485 1156 2655 1198 carne
2687 1140 2761 1195 sit
2787 1138 2996 1205 Israel;
3031 1153 3133 1193 nec
3169 1137 3225 1191 in
3273 1134 3568 1192 manifesto
3602 1135 3870 1203 Judzeus‘;
3904 1144 4004 1195 sed

2390 1233 2482 1304 qui
2528 1233 2581 1288 in
2624 1230 2845 1288 Christo
2897 1230 2970 1285 sit
3021 1226 3211 1294 Israel,
3259 1226 3619 1282 circumcisus
3660 1225 3847 1294 corde,
3895 1244 4008 1283 non

2391 1341 2578 1385 carne.

2466 1416 2593 1472 Ilaec
2614 1414 2790 1481 vobis,
2824 1413 3024 1469 fratres
3041 1410 3378 1479 charissimi,
3402 1409 3561 1483 quasi
3585 1425 3683 1483 per
3709 1425 4003 1467 excessum

2392 1506 2653 1573 diximus,
2701 1515 2762 1562 ut
2788 1506 3071 1576 spirituale
3104 1514 3383 1562 certamen
3414 1504 3472 1561 in
3502 1519 3612 1576 quo
3641 1500 3704 1559 BI
3748 1504 4005 1561 Christo-

2392 1599 2861 1672 phorusiusignis
2914 1597 3284 1669 triumphator
3311 1595 3531 1661 enituit,
3575 1595 3743 1651 etiam
3790 1611 3890 1667 per
3918 1612 4007 1651 sa-

2394 1710 2503 1750 crae
2530 1692 2777 1749 historiae
2826 1692 3145 1763 mysterium
3191 1690 3509 1746 doceamus.
3540 1687 3655 1744 Nec
3684 1688 3848 1744 debet
3896 1690 4002 1743 mi-

2396 1801 2517 1840 rum
2548 1786 2723 1841 videri
2776 1787 2822 1840 si
2872 1799 3044 1839 sacra:
3082 1798 3276 1855 pugna:
3319 1764 3685 1861 describimus
3731 1781 4005 1845 ordinem,

2394 1879 2489 1949 qui
2539 1887 2825 1934 strenuum
2878 1876 3105 1932 laudare
3150 1875 3402 1946 cupimus
3449 1882 3835 1944 pugnatorem.
3887 1874 4008 1945 Ipse

694 1970 887 2025 mirum
909 1968 1087 2039 gladio
1121 1964 1369 2037 spiritus,
1397 1963 1650 2035 quodest
1676 1961 1902 2018 verbum
1934 1960 2029 2016 Dei
2062 1959 2281 2032 (ΕΡΙιιεσ
2311 1959 2362 2020 Β
2390 1970 2670 2037 nimirum,
2704 1978 2964 2039 tanquam
3006 1983 3171 2024 verus
3223 1976 3280 2021 et
3317 1966 3477 2022 fortis
3510 1965 3783 2029 Israelita,
3832 1964 4008 2038 Egy-

692 2065 793 2133 vr),
816 2073 872 2118 et
919 2059 1168 2117 diabolus
1220 2060 1454 2124 corruit,
1485 2065 1544 2113 et
1599 2053 1880 2125 subjectus
1921 2053 2023 2109 sibi
2054 2053 2286 2124 p0pulus

691 2158 761 2212 ab
790 2153 1129 2210 infidelitatis
1177 2166 1291 2207 suae
1340 2150 1453 2205 vita
1480 2148 1702 2205 defecit.
1736 2146 1874 2203 Cum
1905 2146 2089 2217 itaque
2138 2144 2289 2201 Scri-

688 2256 851 2317 ptura
896 2245 1184 2316 perhibent
1209 2242 1351 2313 quod
1380 2242 1456 2297 illi
1496 2242 1551 2296 in
1577 2256 1673 2296 ore
1703 2241 1869 2311 gladii
1919 2250 2288 2311 suntperem-

686 2338 814 2409 pti;
852 2336 919 2391 de
971 2336 1093 2390 istis
1142 2349 1252 2389 non
1290 2333 1589 2404 incongrue
1636 2331 1746 2386 diei
1801 2340 1983 2403 potest
2026 2331 2287 2400 quoniam

688 2424 966 2482 interfecti
997 2433 1124 2479 sunt
1154 2422 1335 2495 gladio
1375 2421 1510 2477 oris.
1552 2420 1620 2475 Et
1657 2435 1781 2475 cum
1809 2420 2073 2476 Dominus
2091 2418 2240 2474 dicat
2273 2437 2286 2472 :

693 2536 713 2568 ι
745 2516 885 2584 Quia
925 2514 1179 2585 princeps
1208 2512 1391 2567 mundi
1428 2510 1678 2581 ejicietur
1704 2509 1852 2566 foras
1899 2509 2084 2582 (Joan.
2106 2510 2227 2580 xu),
2266 2527 2285 2562 ι

687 2590 821 2662 mox
850 2614 910 2660 ut
935 2604 1079 2660 Seon
1106 2603 1343 2674 ejicitur,
1374 2602 1521 2657 illico
1564 2616 1662 2673 per
1689 2616 1907 2657 omnem
1948 2600 2139 2656 mundi
2170 2599 2292 2654 lali-

687 2696 937 2751 tudinem
986 2693 1173 2758 Israel,
1209 2693 1263 2748 id
1296 2704 1401 2758 est,
1431 2702 1619 2747 sancta
1639 2690 1905 2765 .Ecclesia
1936 2698 2285 2762 prapagatur.

684 2787 819 2842 liox
848 2785 992 2841 enim
1048 2794 1108 2838 ut
1138 2799 1261 2839 cum
1294 2784 1541 2854 principe
1572 2797 1673 2837 suo
1701 2780 1992 2837 inﬁdelitas
2021 2783 2294 2837 exstincta
2330 2774 2344 2820 ἱ

685 2876 1003 2939 collabitur,
1025 2874 1170 2929 fides
1200 2873 1585 2945 triumphantis
1615 2872 1875 2939 Ecclesia:
1902 2871 2183 2927 dilatatur.
2227 2870 2296 2925 Et

682 2968 786 3041 qui
845 2967 1059 3021 fuerant
1104 2974 1333 3021 eatenus
1360 2964 1601 3031 exsules,
1652 2964 1788 3019 fiunt
1834 2972 1957 3048 post
2004 2963 2294 3019 victoriam

680 3070 1065 3131 possessores.
1119 3052 1274 3109 Unde
1325 3064 1381 3109 et
1433 3055 1610 3109 eidem
1656 3054 1917 3109 Ecclesiae
1964 3069 2063 3124 per
2097 3054 2295 3109 Isaiam

680 3149 906 3204 dicitur
932 3164 945 3200 :
979 3164 996 3197 ι
1031 3143 1265 3215 Populus
1292 3153 1473 3200 autem
1503 3154 1649 3211 tuus,
1677 3159 1870 3200 omnes
1894 3144 2051 3213 justi,
2087 3144 2141 3198 in
2171 3158 2297 3214 per-

677 3250 924 3312 petuum
972 3235 1370 3291 hmrcditahunt
1396 3243 1599 3290 terram
1631 3234 1767 3307 (Ira.
1803 3237 1952 3306 va).
2005 3254 2026 3287 ι
2067 3234 2143 3290 De
2185 3249 2295 3304 quo

2390 2070 2543 2131 ptum
2576 2075 2641 2116 ac
2689 2060 2884 2116 ferreae
2914 2059 3197 2115 servitutis
3219 2056 3347 2127 jura
3388 2056 3718 2128 contempsit
3748 2073 3764 2123 ;
3800 2067 3857 2113 et
3902 2073 4003 2127 per

2390 2150 2555 2215 bella,
2587 2166 2691 2223 per
2731 2151 2908 2221 ignes,
2958 2165 3057 2221 per
3111 2148 3347 2215 ferrum,
3385 2158 3617 2220 sagittas
3667 2158 3724 2203 et
3765 2149 4001 2221 gladios,

2394 2254 2601 2307 terram
2634 2243 3077 2315 repromissionis
3130 2241 3381 2297 intravit.
3437 2240 3545 2309 Qui
3593 2241 3854 2297 nimirum
3884 2251 4006 2296 tan-

2392 2351 2557 2406 quam
2599 2350 2723 2391 rosa
2750 2349 3023 2405 purpurea
3068 2334 3138 2390 de
3174 2332 3612 2389 Cbananmcrum
3653 2334 3827 2404 spinis
3851 2333 4008 2389 emo-

2395 2427 2528 2492 ruit,
2552 2435 2609 2483 et
2646 2427 2805 2497 quasi
2832 2428 2902 2481 de
2924 2426 3273 2483 silvestribus
3308 2425 3565 2482 oleastris
3612 2426 3833 2498 pinguis
3863 2426 4008 2483 oliva

2400 2517 2559 2589 172
2586 2518 2878 2593 processit,
2911 2517 3239 2574 Christiana:
3292 2517 3504 2573 militiae
3552 2518 3870 2573 tirocinium
3918 2532 4005 2587 pe.

2397 2610 2501 2674 tiit,
2534 2625 2598 2665 ac
2623 2625 2777 2666 nova:
2816 2609 2941 2665 tidei
2979 2609 3289 2665 rudimenta
3319 2610 3649 2681 suscipiens,
3694 2611 3749 2666 in
3790 2611 4006 2667 medios

2396 2701 2757 2757 certaminum
2806 2710 2973 2758 aestus
3023 2701 3266 2759 fervidus
3328 2717 3389 2759 se
3430 2702 3662 2759 bellator
3711 2704 4009 2760 immersit.

2397 2794 2570 2861 Quem
2600 2803 2865 2865 tyrannus
2890 2804 2952 2850 ut
2983 2796 3343 2866 praecinctum
3369 2796 3467 2853 Dei
3514 2797 3741 2853 militem
3771 2813 4012 2867 conspe-

2398 2885 2497 2949 xit,
2529 2885 2834 2952 infremuit,
2869 2901 3106 2956 eumque
3129 2888 3360 2942 diversis
3385 2887 3618 2945 telorum
3645 2888 3845 2955 modis,
3875 2889 4013 2944 mul-

2400 2976 2470 3031 tis
2520 2976 2786 3032 bellorum
2850 2978 3125 3034 machinis
3177 2992 3497 3050 oppugnare
3553 2981 3797 3036 tentavit.
3852 2980 4014 3036 Modo

2398 3067 2599 3139 quippe
2642 3067 2863 3123 molitur
2906 3084 3006 3139 per
3054 3069 3421 3125 leuoemantia
3468 3072 3822 3127 meretricum
3852 3072 4011 3127 hian-

2397 3161 2638 3216 dimenta
2670 3160 2765 3216 Dei
2814 3162 3041 3217 militem
3075 3162 3320 3227 flectere,
3377 3162 3541 3218 modo
3588 3163 3861 3219 minarum
3916 3164 4007 3220 in-

2399 3254 2707 3309 tonantium
2760 3255 3061 3324 asperitate
3107 3265 3336 3319 terrere,
3396 3256 3560 3310 modo
3588 3266 3745 3327 parat
3794 3258 4016 3330 sagittis

674 3330 899 3403 μοι»ωο
950 3327 1386 3399 δικροειηωδωΠ
1442 3326 1616 3381 diu“:
1663 3343 1682 3376 ‘
1730 3325 1799 3380 El
1848 3325 2192 3418 l'abiub‘m‘v
2240 3312 2368 3379 ac
2400 3346 2637 3411 insuere,
2683 3312 2846 3400 modo
2884 3344 3148 3401 ferventis
3175 3345 3283 3401 olei
3311 3312 4014 3418 flueribus'eliquare.v

669 3422 1031 3496 plantabunt
1092 3420 1318 3484 vineas,
1364 3428 1420 3473 et
1486 3417 1777 3473 comedent
1837 3415 2052 3472 fructus
2107 3430 2296 3470 earum

672 3516 731 3579 (1
743 3496 918 3584 054.).
948 3532 966 3564 ι
1001 3513 1191 3567 Adhuc
1227 3511 1391 3566 etiam
1442 3509 1585 3565 idem
1616 3510 1901 3581 prepheta,
1933 3510 2079 3580 quod
2108 3517 2298 3564 sancta

673 3607 867 3662 debet
896 3602 1138 3657 Ecclesia
1163 3616 1261 3672 per
1310 3602 1445 3655 lines
1472 3601 1716 3670 gentium
1747 3600 1986 3666 dilatari,
2013 3597 2300 3655 manifeste

669 3696 1031 3755 dermntiat:
1088 3711 1108 3746 ε
1140 3693 1341 3759 Dilata,
1390 3691 1589 3761 inquit,
1628 3690 1808 3748 locum
1855 3690 2075 3745 tentorii
2110 3690 2209 3758 tui,
2245 3701 2301 3745 et

664 3792 875 3866 pelles
906 3786 1377 3844 tabernaculorum
1412 3796 1625 3840 morum
1661 3786 1929 3850 extende;
1966 3800 2035 3839 ne
2065 3800 2294 3854 pareas;

663 3884 899 3953 longos
940 3877 1027 3933 fac
1065 3876 1333 3932 funiculos
1367 3885 1490 3931 tuos
1536 3885 1593 3931 et
1623 3874 1806 3931 clavos
1852 3884 1975 3930 tuos
2024 3874 2301 3930 consolida

664 3974 839 4043 (ιτα.
881 3971 1013 4039 Liv).
1054 3988 1073 4021 ι
1108 3968 1218 4022 Cur
1252 3976 1433 4020 autem
1466 3966 1581 4020 haec
1616 3980 1781 4037 agere
1827 3964 2048 4030 debeat,
2101 3966 2300 4035 aperit,

658 4077 820 4118 cum
854 4057 1139 4127 subjuugit
1173 4073 1187 4109 :
1226 4075 1246 4107 ι
1277 4055 1359 4109 Ad
1408 4055 1692 4109 dexteram
1723 4054 1873 4109 enim
1900 4063 1958 4111 et
2006 4054 2077 4109 ad
2110 4053 2301 4111 lavem

657 4147 1062 4225 penetrabis,
1114 4153 1171 4200 et
1233 4160 1422 4202 semen
1496 4154 1645 4199 tuum
1705 4152 1895 4217 gentes
1961 4147 2304 4202 hiereditabit

654 4247 719 4310 (1
730 4242 922 4311 θεώ).
948 4261 967 4294 ι
999 4240 1190 4297 Omnis
1234 4255 1366 4311 ergo
1418 4248 1565 4294 terra
1608 4236 1753 4294 Seon
1806 4238 2007 4294 cecidit
2051 4239 2105 4295 in
2129 4240 2303 4296 luere-

652 4340 936 4394 ditatem
978 4330 1145 4387 Israel
1193 4331 1398 4400 ;quia,
1444 4330 1570 4385 dttm
1625 4329 1879 4401 princeps
1927 4330 2111 4386 mundi
2144 4329 2306 4401 hujus

643 4428 890 4503 gladio
948 4422 1117 4478 divini
1178 4420 1328 4476 verbi
1394 4420 1680 4476 confossus
1740 4421 2066 4493 egreditur,
2117 4432 2305 4477 sancta

648 4513 1037 4576 universalis
1068 4512 1313 4569 Ecclesia
1364 4526 1465 4583 per
1507 4510 1754 4581 ejusdem
1799 4513 1989 4568 mundi
2039 4514 2308 4570 terminos

641 4613 991 4671 dilatatur.

737 4703 893 4759 Nec
925 4699 1361 4771 praetereundum
1410 4697 1649 4754 arbitror
1678 4713 1801 4755 esse
1863 4698 2008 4769 quod
2057 4700 2302 4757 dicitur:

634 4796 829 4869 Quin
868 4804 1131 4862 possessa
1154 4798 1240 4844 est
1263 4797 1407 4843 terra
1441 4787 1559 4859 ejus
1583 4788 1652 4845 ab
1676 4791 1863 4846 Arnon
1887 4807 2059 4860 usque
2086 4791 2307 4849 Laboeh

630 4879 948 4967 [Jeboc].
972 4881 1157 4936 Arnon
1191 4881 1393 4951 itaque,
1445 4897 1564 4952 qua:
1593 4890 1677 4937 est
1705 4881 1921 4937 initium
1951 4884 2105 4954 regni
2138 4882 2306 4949 Seon,

627 4982 1109 5048 interpretatur
1166 4973 1561 5029 maledictronea
1624 4991 1828 5031 eorum.
1906 4974 2099 5032 Omnis
2162 4978 2309 5033 enim

630 5069 974 5132 mundus,
1025 5066 1117 5136 qui
1144 5075 1271 5121 ante
1316 5066 1619 5124 Salvatoris
1643 5068 1935 5125 adventum
1964 5070 2066 5125 sub
2108 5070 2309 5131 diaboli

617 5158 1066 5242 premebatur
1118 5158 1367 5229 imperio,
1427 5160 1826 5240 malediCtionis
1862 5161 2102 5217 habebat
2142 5164 2311 5235 origi-

622 5276 839 5323 nem,
914 5253 1046 5321 quia
1092 5251 1494 5309 benedictionis
1542 5253 1830 5323 ignorabat
1863 5264 2191 5323 auctorem;
2244 5259 2311 5313 de

612 5370 777 5428 quo
833 5347 1125 5404 nimirum
1166 5358 1262 5416 per
1318 5344 1649 5415 Prophetam
1704 5346 1951 5403 dicitur;
2010 5366 2029 5400 ι
2080 5346 2314 5404 Benedi-

616 5450 960 5508 ctionem
1012 5436 1185 5503 dabit,
1220 5437 1313 5507 qui
1352 5436 1525 5506 legem
1583 5437 1736 5492 dedit
1781 5434 1957 5508 (Paul.
2002 5441 2257 5512 Lxxxut).
2291 5458 2309 5490 ι

608 5540 848 5602 Unde
880 5540 957 5588 et
981 5529 1273 5601 Apostolus
1314 5530 1427 5585 ait:
1475 5548 1493 5582 ε
1539 5529 1862 5601 Quicunque
1895 5533 2040 5586 enim
2089 5544 2158 5586 ex
2187 5548 2318 5603 ope-

602 5631 837 5688 ribus
892 5618 1044 5689 legis
1073 5626 1218 5681 sunt,
1252 5618 1352 5673 sub
1394 5618 1685 5675 maledicto
1716 5630 1864 5675 sunt.
1889 5640 1907 5672 ι
1939 5618 2021 5675 Αη
2050 5636 2157 5678 non
2196 5638 2314 5676 ma-

596 5712 1031 5783 ledictionis
1062 5711 1397 5769 habebamus
1451 5714 1689 5780 initium,
1730 5716 1799 5772 de
1833 5716 2033 5787 quibus
2081 5718 2311 5775 dicitur:

605 5837 633 5869 ε
683 5813 1032 5869 Erasmus,
1072 5801 1269 5873 inquit,
1310 5814 1504 5860 natura
1557 5805 1651 5862 lilii
1680 5806 1798 5872 iras,
1826 5809 1971 5864 sicut
2017 5818 2074 5864 et
2106 5813 2310 5866 caeteri.

595 5902 942 5981 (Εριιεσ.
970 5891 1034 5963 t.)
1076 5911 1095 5943 ι
1146 5891 1294 5951 Finis
1341 5906 1521 5954 autem
1556 5898 1709 5971 regni
1754 5898 1900 5957 illius
1934 5910 2021 5958 est
2067 5899 2310 5971 Labocu,

2400 3435 2798 3492 invictissimus
2841 3434 3049 3490 Christi
3106 3437 3261 3491 miles
3314 3445 3371 3492 et
3418 3438 3822 3508 imperterritus
3871 3455 4015 3509 pra:-

2398 3524 2605 3611 liator,_
2636 3540 2737 3581 nec
2783 3539 2884 3597 per
2938 3524 3312 3581 blandimenta
3364 3528 3575 3595 seduci,
3619 3544 3721 3584 nec
3773 3546 3872 3601 per
3918 3546 4011 3587 ex~

2398 3623 2601 3693 quisita
2646 3636 2932 3692 prensi-um
2981 3622 3247 3693 supplicia
3292 3623 3493 3695 frangi,
3544 3639 3645 3680 nec
3696 3641 3795 3696 per
3826 3625 4013 3683 furen-

2402 3722 2514 3767 tem
2567 3712 2896 3768 carnilicum
2947 3714 3157 3769 rabiem
3206 3728 3236 3769 a
3291 3723 3485 3771 sancto
3536 3715 3678 3773 valet
3726 3719 4012 3789 proposito

2401 3804 2666 3861 revocari.

2473 3897 2697 3952 Diversa
2732 3907 3129 3956 tormentorum
3162 3914 3360 3973 genera
3383 3901 3533 3957 circa
3554 3899 3758 3958 Christi
3782 3902 4016 3961 militem

2407 3995 2674 4057 tyrannus
2705 3999 3021 4060 exaggerat,
3051 3992 3147 4045 sed
3171 3991 3390 4046 invicta:
3414 3991 3545 4046 fidei
3593 3990 4015 4050 fundamentum

2404 4078 2685 4135 immobile
2732 4090 3072 4152 perseverat.
3129 4082 3381 4137 Flumina
3436 4082 3733 4139 tumefacta
3780 4085 4018 4141 circum-

2405 4176 2675 4240 strepunt,
2720 4172 2962 4240 spumosi
3016 4171 3382 4241 procellarnm
3440 4174 3649 4229 cumuli
3705 4176 4019 4247 praecipites

2406 4259 2642 4325 irruunt,
2675 4259 2913 4329 undique
2960 4262 3108 4317 venti
3156 4260 3402 4319 furentes
3431 4264 3761 4336 impingunt,
3791 4266 3887 4322 sed
3920 4282 4021 4322 ex-

2406 4350 2552 4405 celsa
2581 4349 2777 4407 domus
2800 4350 3029 4417 fabrica,
3053 4368 3177 4423 qum
3214 4352 3284 4408 de
3327 4352 3500 4409 firma:
3544 4364 3715 4425 petra:
3739 4354 4020 4412 soliditate

2407 4441 2708 4513 consurgit,
2759 4442 2826 4496 ad
2875 4442 3146 4498 violentire
3191 4442 3484 4511 cujuslibet
3522 4444 3785 4516 impetum
3817 4454 4018 4501 nutare

2411 4548 2518 4590 non
2546 4535 2715 4590 novit.
2746 4533 2911 4590 Stetit
2957 4535 3210 4592 columna
3261 4536 3359 4593 Dei
3410 4537 3569 4594 inter-
3600 4547 4017 4608 persecutorum

2335 4627 2657 4729 I)undique
2712 4629 3065 4713 stevientium‘
3099 4630 3347 4685 turbines
3392 4630 3722 4695 immobilis,
3780 4633 4024 4703 perstitit

2415 4716 2557 4774 inter
2585 4720 2911 4789 grandinum
2960 4722 3276 4778 immaniter
3322 4722 3694 4792 ingruentium
3726 4733 4025 4795 tempesta~

2414 4821 2517 4867 tes.
2550 4809 2703 4866 Miles
2734 4813 2881 4866 enim
2928 4810 3135 4868 Christi
3181 4813 3325 4868 inter
3368 4812 3595 4868 hostiles
3646 4814 3795 4869 acies
3821 4814 4021 4885 depre-

2414 4905 2640 4968 hensus,
2669 4918 2775 4959 non
2800 4903 2961 4960 modo
2989 4902 3135 4960 ﬂecti
3161 4903 3422 4960 caedendo
3452 4919 3560 4959 non
3601 4904 3799 4973 potuit,
3846 4904 3943 4960 sed
3964 4915 4024 4961 et

2414 5007 2620 5053 sanctae
2675 4996 3087 5066 praedicationis
3122 4994 3306 5066 jacula
3327 4994 3600 5077 .valenter
3628 4996 3892 5061 intorsit;
3926 5007 4021 5061 'et,

2416 5088 2559 5142 sicut
2582 5084 2813 5141 bellator
2836 5086 3157 5148 instructus.
3182 5085 3238 5141 in
3267 5086 3521 5157 proprios
3552 5101 3686 5143 usus
3706 5086 3883 5143 aliena
3914 5087 4024 5153 tela

2417 5177 2706 5233 convertit.
2763 5174 3095 5233 Persecutor
3142 5177 3289 5233 enim
3340 5176 3617 5233 steviendo
3660 5167 3912 5243 servivit,
3942 5192 4021 5244 et,

2418 5268 2548 5323 dum
2588 5282 2787 5324 nocere
2816 5268 3003 5334 voluit,
3048 5270 3300 5325 nesciens
3341 5268 3711 5335 ministravit;
3742 5269 3871 5340 quia
3910 5285 4024 5342 quo

2421 5362 2597 5433 magis
2619 5376 2744 5416 eum
2783 5362 2990 5432 reperit
3016 5362 3099 5416 sui
3154 5360 3356 5417 furoris
3409 5361 3675 5418 insaniam
3710 5364 4028 5433 aequanimi-

2424 5462 2508 5505 ter
2544 5450 2863 5521 patientem,
2891 5465 2957 5507 eo
2988 5450 3135 5507 velut
3162 5450 3284 5506 auri
3312 5450 3524 5508 decocti
3569 5452 3807 5524 speciem
3847 5453 4031 5508 reddi~

2424 5543 2505 5599 dit
2530 5542 2841 5600 clariorem.

2496 5634 2670 5706 Ilujus
2710 5634 2919 5705 itaque,
2973 5635 3173 5692 fratres
3223 5637 3357 5702 mei,
3411 5646 3522 5692 tam
3575 5635 3779 5708 egregii
3815 5634 4031 5706 praelia-

2424 5728 2559 5784 toris
2590 5728 2870 5785 imitemur
2899 5729 3235 5799 exemplum,
3270 5728 3427 5784 istius
3460 5727 3716 5794 formam,
3759 5728 3919 5782 istius
3948 5735 4033 5782 te-

2421 5830 2651 5873 neamus
2695 5815 2751 5871 in
2791 5825 2982 5873 nostra
3034 5818 3337 5875 tentatione
3374 5816 3707 5875 custodiam.
3748 5816 4033 5873 Adversus

2422 5909 2568 5965 hunc
2605 5916 2876 5978 tyrannus
2920 5911 3109 5967 omnia
3155 5910 3269 5970 fere
3300 5911 3570 5969 elementa
3613 5911 3932 5980 commovit,
3977 5919 4033 5966 et
