5232 6528
1809 513 1914 568 (587

2389 508 2445 564 S.
2485 507 2688 562 PETRI
2730 503 3010 560 DAMIANI
3050 501 3200 559 OPP.
3243 501 3421 554 PARS
3467 501 3596 555 SEU
3637 499 3874 557 TOMUS
3914 500 3975 554 Il.
4017 529 4086 541 —
4128 496 4512 552 SERMUNES.

4977 499 5072 552 688

1807 644 2072 700 superare
2099 643 2203 683 non
2233 609 2423 694 potuit.
2457 621 2567 676 Nos
2588 619 2776 675 saltem
2804 617 2984 672 carnis
3006 625 3206 669 nostra:
3250 611 3382 666 resi-
3412 612 3465 670 Δ
3491 609 3591 664 Pro
3631 610 3854 665 ruinalis
3900 611 4033 664 aula:
4065 610 4314 663 tricliniis
4342 617 4537 663 meruit
4563 611 4781 663 domum
4821 624 4928 665 non
4960 627 5069 664 ma-

1809 737 2018 782 stamus
2081 719 2388 780 illecebris,
2439 715 2796 784 reprimamus
2852 711 3010 772 iram,
3071 708 3383 762 studeamus

1809 821 2060 874 edomare
2097 809 2426 880 superbiam,
2451 805 2799 873 omniumque
2847 801 3100 854 vitiorum
3141 805 3380 849 monstra

1801 909 1927 965 ﬁdei
1947 907 2156 959 virtute
2177 900 2485 959 calcemus;
2516 905 2569 950 et
2603 895 2690 963 qui
2718 892 3007 964 gloriosum
3037 890 3177 942 hunc
3208 887 3379 939 virum

1801 999 2052 1055 novimus
2102 990 2384 1047 tormentis
2438 1002 2544 1041 non
2590 986 2820 1040 cessisse
2871 979 3186 1036 carnificum
3218 1017 3231 1040 ,
3285 993 3381 1029 nos

1802 1067 2004 1145 saltem
2028 1099 2134 1140 non
2167 1080 2574 1149 acquiesamus
2604 1072 2931 1129 titillantium
2972 1066 3239 1121 illecebris
3288 1082 3380 1117 vo-

1799 1183 2090 1251 luptatum,
2147 1175 2275 1228 licet
2327 1186 2428 1226 nec
2457 1171 2583 1222 dum
2627 1166 2901 1218 valeamus
2952 1161 3018 1214 ad
3072 1158 3377 1228 exemplum

1800 1275 1944 1332 beati
1971 1273 2131 1344 hujus
2159 1265 2410 1337 martyris
2457 1263 2624 1315 Deum
2679 1257 2916 1335 perfecte
2971 1253 3212 1344 diligere,
3260 1262 3374 1304 stu-

1801 1367 2028 1422 deamus
2049 1343 2172 1417 eum
2206 1357 2420 1412 interim
2451 1351 2680 1406 amando
2719 1349 2929 1410 timere,
2963 1343 3201 1397 timendo
3224 1356 3376 1394 man-

1802 1459 1940 1513 datis
1970 1454 2084 1522 ejus
2119 1451 2393 1510 insistere,
2423 1445 2610 1514 sicque
2637 1439 2891 1512 paulatim
2934 1437 2998 1488 ad
3032 1434 3232 1486 amoris
3258 1431 3374 1500 ejus

1802 1545 2096 1600 valebimus
2123 1539 2333 1595 culmen
2363 1532 2678 1590 as¢endere.
2723 1528 2855 1582 Nam
2885 1527 2927 1580 si
2955 1524 3240 1593 diligenter
3289 1523 3371 1574 iu-

1802 1633 2267 1699 tendimus,hunc
2313 1624 2688 1699 dispositionis
2713 1621 2956 1674 ordinem
3003 1625 3057 1670 et
3101 1616 3152 1667 in
3199 1613 3372 1682 ipsius

1784 1726 2010 1783 Domini
2039 1697 2381 1779 sermonibus
2431 1697 2753 1769 invenimus.
2798 1709 2929 1762 Nam
2958 1710 3009 1760 in
3041 1707 3369 1760 Deuterono-

1799 1817 1908 1870 ιηἰο
1929 1815 2129 1884 legitur
2158 1826 2171 1864 :
2207 1829 2225 1861 ι
2265 1809 2332 1863 Et
2360 1822 2502 1862 nunc
2553 1802 2739 1865 Israel,
2770 1801 2897 1870 quid
2946 1797 3202 1851 Dominus
3233 1793 3369 1847 Deus

1803 1917 1924 1964 tuus
1952 1906 2148 1977 quaerit
2193 1904 2291 1957 abs
2320 1909 2395 1965 te,
2437 1897 2539 1953 nisi
2575 1896 2856 1950 uttimeas
2890 1889 3172 1943 Dominum
3201 1885 3364 1939 Dcnm

3487 699 3777 765 nnfactam,
3805 710 4063 753 aeternam
4094 699 4144 751 in
4175 698 4349 753 ςωιίε.
4377 698 4442 751 Et
4461 713 4619 767 quam
4644 698 4868 768 pulchra
4893 711 5067 752 rerum

3486 793 3708 859 species,
3744 801 3796 843 ut
3830 792 3920 860 qui
3961 792 4111 859 prius
4139 781 4312 844 fuerat
4344 799 4601 859 tanquam
4651 789 4760 844 Leo
4809 790 5068 845 frendens

3485 886 3623 938 inter
3644 884 3808 939 lustra
3829 887 4084 950 ferarum,
4099 888 4210 956 jam
4239 888 4377 941 intra
4402 887 4583 942 caulas
4600 887 4877 950 Ecclesir,
4899 887 5068 941 factus

3485 975 3629 1027 mitis
3659 976 3960 1044 agniculus,
3995 977 4158 1030 ubera
4187 985 4402 1043 augeret
4423 976 4622 1029 ovium.

3557 1067 3648 1122 His
3671 1057 3799 1139 ergo
3838 1071 4047 1124 duabus
4071 1072 4276 1124 sanctis
4303 1070 4601 1139 virginibus
4625 1068 4912 1123 manifecte
4943 1084 5067 1123 con-

3483 1174 3688 1213 cessum
3734 1177 3854 1215 esse
3893 1163 4272 1231 perpendimus
4310 1163 4452 1232 quod
4484 1177 4694 1232 sponsa:
4744 1177 4974 1231 sponsus
5011 1164 5062 1215 in

3481 1249 3720 1304 Canticis
3759 1253 3984 1321 mystice
4021 1253 4300 1321 pollicetur
4331 1271 4343 1306 :
4379 1273 4395 1303 ι
4429 1253 4818 1316 Coronaberis,
4859 1254 5060 1322 inquit,

3481 1341 3546 1394 de
3575 1343 3776 1396 vertice
3806 1343 3993 1408 Sanir,
4042 1345 4107 1399 de
4142 1345 4318 1414 capite
4360 1345 4562 1398 Amana
4603 1357 4656 1398 et
4690 1343 4956 1406 Hermon,
4999 1349 5062 1398 de

3478 1431 3744 1485 cubilibus
3774 1433 4008 1498 leonum,
4027 1435 4092 1488 de
4115 1434 4389 1488 montibus
4411 1434 4698 1503 pardornm
4726 1434 4900 1502 (Cant.
4929 1439 5055 1502 tv)»

3477 1521 3683 1573 Amana
3735 1523 3998 1590 siquidem
4044 1540 4198 1579 mons
4242 1540 4361 1579 esse
4393 1525 4591 1579 Cilicia:
4620 1525 4836 1592 dicitur,
4876 1528 4967 1595 qui
5009 1536 5061 1580 et

3478 1610 3687 1665 Taurus
3709 1626 3736 1665 a
3766 1627 3882 1666 com
3895 1614 4134 1682 pluribus
4159 1615 4474 1684 appellatur.
4503 1615 4663 1669 Sanir
4687 1626 4814 1670 vero
4837 1627 4894 1671 et
4921 1615 5056 1670 Her-

3476 1716 3598 1754 mon
3629 1701 3863 1756 Iudaica:
3888 1714 4045 1758 terra:
4078 1717 4287 1760 montes
4317 1716 4460 1770 sunt,
4492 1709 4542 1760 in
4571 1709 4764 1776 quibus
4804 1708 4985 1763 leones
5007 1719 5059 1763 et

3474 1798 3624 1864 pardi
3650 1798 3891 1852 habitare
3914 1802 4226 1854 creduntur.
4256 1800 4356 1854 Ριϊ
4379 1801 4477 1854 hos
4497 1816 4626 1871 ergo
4665 1811 4877 1857 montes
4907 1818 5059 1873 reges

3473 1896 3521 1939 et
3573 1888 3842 1955 principes
3893 1889 4224 1957 diversmqne
4273 1888 4432 1957 hujus
4473 1891 4656 1944 mundi
4700 1891 5059 1962 intelligenda!

1797 2009 1966 2062 tuum,
1997 1993 2320 2050 et—ambules
2342 1992 2396 2045 in
2427 1990 2526 2043 viis
2547 1988 2683 2056 ejus,
2708 1995 2762 2039 et
2789 1983 2981 2051 diligas
3011 1979 3160 2033 eum?
3187 1977 3361 2046 (Deut.
3397 1987 3441 2046 Β
3471 1990 3595 2033 sunt
3646 1991 3961 2050 potestates,
4011 1998 4130 2051 qua:
4171 1983 4314 2036 velut
4351 1992 4560 2036 montes
4599 1998 4656 2037 se
4701 1985 4751 2036 in
4791 1986 5058 2053 superbia:

1793 2089 1877 2154 π.)
1925 2107 1943 2139 ›
1983 2085 2054 2140 Ut
2103 2081 2349 2137 videlicet
2394 2077 2706 2132 Creatorem
2753 2087 2905 2126 suum
2944 2084 3094 2121 mens
3133 2068 3362 2120 humana

1795 2178 1986 2231 timere
2020 2174 2170 2243 prius
2223 2168 2468 2237 incipiat,
2499 2164 2692 2220 deinde
2741 2162 2879 2216 sein
2932 2156 3200 2211 ntandatis
3249 2154 3362 2221 cjns

1794 2274 2063 2329 exerceat,
2096 2264 2173 2318 sic
2197 2270 2476 2332 postremo
2499 2256 2563 2310 ad
2586 2251 2990 2322 concipiendam
3021 2248 3188 2301 divini
3217 2262 3362 2299 amo-

1791 2360 1867 2413 ris
1905 2355 2244 2410 dulcedinem
2298 2349 2660 2405 convalescat.
2710 2345 2862 2398 IIunc
2909 2341 3115 2394 scilicet
3163 2338 3365 2392 intimae

1780 2446 2095 2502 dilectionis
2117 2441 2363 2496 ordinem
2387 2451 2580 2507 sponsa
2604 2433 2796 2504 quaerit
2818 2433 2870 2484 in
2893 2429 3175 2490 Canticis,:
3206 2445 3224 2476 ι
3261 2426 3363 2480 Or-

1780 2534 1995 2597 dinatc,
2021 2530 2212 2599 inquit,
2247 2528 2300 2581 in
2325 2541 2414 2581 me
2439 2524 2760 2579 cbaritatem
2790 2517 3061 2589 (Cant.n).
3087 2535 3104 2567 ι
3131 2515 3208 2568 Ad
3231 2517 3361 2568 cha-

1789 2623 2003 2674 ritatem
2032 2632 2183 2688 ergo,
2213 2612 2570 2674 dilectissimi,
2617 2610 2814 2663 mentis
2856 2616 3054 2660 nostra:
3095 2619 3151 2657 se
3183 2602 3364 2655 fervor

1787 2710 2072 2771 accendat,
2103 2721 2198 2776 per
2244 2717 2408 2773 quam
2439 2710 2493 2767 et
2542 2698 2754 2754 hostilis
2802 2695 3051 2749 versutia
3082 2691 3362 2746 machinas

1787 2809 2056 2871 respuat,
2105 2807 2160 2853 et
2221 2795 2430 2850 lubrica
2485 2789 2673 2847 mundi
2742 2787 2901 2856 huius
2961 2785 3360 2840 oblectamenta

1789 2891 1946 2962 173
1980 2894 2308 2962 contemnat.
2368 2884 2565 2937 Demus
2618 2877 2900 2948 repudium
2943 2875 3163 2936 mundo,
3220 2884 3359 2939 pne-

1782 2960 2008 3038 beamus
2037 2979 2089 3032 in
2131 2960 2330 3030 nostris
2359 2971 2658 3027 visceribus
2714 2963 3080 3022 habitaculum
3131 2962 3270 3024 Deo;
3304 2969 3364 3014 ut

1777 3073 1850 3134 si,
1899 3069 2054 3138 juxta
2095 3063 2402 3121 nomen-8.
2452 3059 2732 3131 martyris,
2781 3056 3058 3112 Christum
3109 3069 3252 3108 nunc
3305 3052 3359 3105 in

1780 3169 1969 3215 nostro
1994 3164 2209 3227 pectore
2227 3151 2479 3216 ferimus,
2497 3150 2563 3203 ad
2589 3163 2714 3202 eum
2745 3144 3086 3216 postmodum
3118 3141 3360 3212 angelico

1782 3249 2115 3304 subvehenle
2161 3242 2408 3312 remigio,
2437 3237 2764 3294 deferamur.
2799 3234 2918 3304 Ipse
2954 3240 3040 3287 est
3090 3231 3237 3285 enim
3264 3230 3356 3299 qui

3468 2086 3721 2124 cacumen
3767 2072 4052 2132 attollunt,
4085 2082 4138 2125 et
4170 2072 4418 2139 malignis
4460 2073 4741 2140 spiritibus
4798 2083 5055 2142 tanquam

3467 2162 3648 2230 pardis
3680 2171 3842 2230 atque
3882 2161 4128 2216 leonibus
4177 2163 4541 2216 habitaculum
4577 2161 4771 2216 ferunt.
4804 2162 5054 2218 Perversi

3467 2252 3664 2321 quippe
3688 2254 3909 2320 spiritus
3928 2252 4110 2305 leones
4132 2263 4387 2305 vocantur
4413 2263 4629 2322 propter
4641 2253 5050 2318 crudelitatem;

3468 2346 3616 2410 pardi
3668 2353 3845 2395 autem
3876 2384 3891 2406 ,
3933 2343 4058 2411 quia
4109 2343 4210 2395 huc
4266 2343 4465 2396 animal
4515 2344 4647 2396 varii
4689 2343 4890 2398 coloris
4935 2355 5051 2408 est,

3470 2441 3689 2502 propter
3737 2433 4066 2501 deceptionis
4135 2431 4200 2485 ac
4255 2432 4458 2487 fraudis
4530 2434 4900 2490 multimodam
4955 2450 5052 2487 va-

3470 2524 3737 2576 rietatem.

3541 2612 3613 2667 De
3649 2614 3733 2667 his
3770 2628 3902 2683 ergo
3935 2611 4206 2668 montibus
4250 2613 4333 2668 vel
4375 2627 4599 2682 quaeque
4648 2613 4820 2668 delis
4869 2616 5052 2668 anima

3468 2704 3547 2758 vel
3581 2714 3765 2758 sancta
3790 2713 4085 2758 coronatur
4115 2700 4374 2767 Ecclesia,
4404 2705 4617 2773 quando
4640 2704 4822 2758 saeculi
4847 2706 5053 2775 princi-

3467 2812 3562 2864 pes
3589 2797 3857 2850 convertit
3890 2799 3954 2850 ad
3984 2795 4172 2858 fidem.
4197 2795 4276 2850 vel
4299 2798 4367 2849 ad
4389 2807 4591 2850 sancta
4617 2797 5051 2850 conversationis

3466 2889 3651 2957 dirigit
3683 2889 4078 2942 rectitudinem.
4110 2886 4416 2943 Coronatur
4442 2896 4646 2950 autem,
4670 2888 4796 2956 quia
4836 2888 4920 2940 vel
4951 2903 5052 2957 pro

3466 2987 3748 3047 apportato
3774 2982 3958 3031 eorum
3989 2976 4140 3030 lucro
4173 2976 4333 3049 175
4360 2986 4736 3031 remuneratur
4757 2993 4786 3030 a
4808 2977 5050 3050 Christo.

3428 3063 3435 3069 ’
3467 3072 3547 3124 vel
3580 3071 3646 3124 ab
3673 3071 3875 3124 eisdem
3925 3068 4122 3138 quibus
4151 3079 4309 3122 antea
4353 3069 4722 3137 premebatur,
4749 3068 5052 3123 honoratur

3466 3162 3517 3214 in
3546 3161 3761 3214 saeculo.
3807 3160 4133 3220 Coronatur,
4167 3161 4408 3228 inquam,
4442 3159 4507 3212 de
4538 3159 4804 3214 cubilibus
4830 3159 5050 3214 leonum

3465 3265 3520 3306 et
3563 3253 3834 3305 montibus
3881 3251 4192 3320 pardorum.
4226 3251 4445 3318 quando
4497 3251 4758 3320 superbos
4799 3266 5050 3320 quosque

1779 3353 1834 3398 et
1859 3339 2063 3396 sanctis
2101 3337 2307 3407 praebet
2334 3329 2664 3402 martyribus
2701 3326 3042 3397 gloriampe‘
3075 3321 3354 3376 εοηνθτδίε
3377 3325 3428 3390 C
3459 3351 3620 3411 atque
3661 3342 3877 3396 dolosos
3906 3358 3934 3394 a
3967 3357 4061 3395 sua
4096 3342 4360 3410 pravitate
4389 3328 4684 3401 Convertit.
4717 3350 4770 3397 et
4800 3358 4901 3411 pro
4928 3359 5047 3398 cor-

1781 3429 2155 3503 peccatoribus
2198 3427 2364 3480 donat
2389 3422 2670 3478 olfensam.
2706 3417 2820 3487 Ipse
2849 3425 2935 3469 est
2958 3414 3048 3485 qui
3075 3422 3131 3468 et
3159 3412 3212 3466 in
3236 3426 3353 3466 cer-

1783 3522 2013 3576 tantium
2044 3516 2270 3573 victoria
2301 3519 2548 3584 superat,
2582 3519 2639 3565 et
2685 3511 2749 3563 de
2800 3504 3175 3576 paenitendum
3229 3518 3360 3557 cono

1779 3611 2028 3666 versione
2049 3606 2370 3674 triumphat,
2406 3603 2563 3658 Jesus
2589 3599 2836 3655 Christus
2864 3597 3121 3650 Dominus
3149 3605 3357 3656 noster,

1773 3681 1874 3770 qui
1901 3711 2024 3752 cum
2054 3694 2163 3749 Deo
2189 3692 2352 3746 Patre
2372 3701 2426 3747 et
2447 3687 2652 3758 Spiritu
2686 3693 2878 3748 sancto
2906 3683 3040 3736 vivit
3065 3690 3118 3736 et
3163 3680 3358 3751 gloria-

1777 3802 1872 3847 tur
1901 3789 1957 3844 in
1984 3785 2178 3846 saecula
2198 3783 2538 3841 saeculorum.
2569 3780 2760 3834 Amen.

2312 3891 2544 3950 SERMO
2584 3887 2822 3944 XXXIV.

1779 4005 1816 4048 Ι.
1834 4006 1914 4049 "DE
1939 4005 2012 4044 SS.
2045 4002 2216 4042 non
2235 4000 2306 4039 ιτ
2329 3994 2553 4040 ιυοιιιι
2579 3992 2792 4119 νςιιοιιιε
2823 3991 2890 4030 ΕΤ
2925 3989 3174 4029 ιιι-[ηε
3201 3973 3353 4042 (XXIX

2483 4067 2643 4105 ιῠι..

1768 4076 1772 4081 ·
2483 4067 2643 4105 ιῠιδ.

1847 4128 2175 4211 Gaudemus,
2207 4143 2405 4200 fratres
2429 4139 2757 4204 eharissimi,
2783 4137 3052 4206 virginum
3079 4123 3357 4191 celeoraro

1777 4241 2126 4311 triumphum,
2158 4234 2252 4307 qui
2293 4231 2608 4304 virginalem
2653 4239 2864 4300 partum
2896 4241 3003 4281 non
3035 4219 3359 4294 ambigimus

1776 4341 1980 4388 nostra:
2009 4324 2389 4397 redemptionis
2425 4320 2726 4379 exordium.
2776 4319 2981 4373 Auctor
3017 4316 3214 4386 quippe
3244 4315 3355 4370 vir-

1774 4423 2040 4498 ginitatis.
2086 4419 2180 4489 qui
2227 4431 2324 4487 per
2368 4413 2632 4484 virginem
2676 4411 2925 4482 dignatus
2974 4417 3059 4464 est
3097 4407 3150 4462 in
3194 4406 3354 4476 hujus

1777 4514 1961 4570 mundi
1987 4524 2234 4580 campum
2255 4505 2595 4578 pmhaturns
2614 4500 2891 4590 acoedere',
2917 4516 3012 4571 per
3026 4501 3208 4570 plures
3223 4515 3355 4570 quo-

1777 4619 1883 4675 que
1920 4601 2155 4671 virgines
2192 4596 2429 4652 victoria:
2458 4610 2572 4649 sua
2603 4593 2771 4648 voluit
2815 4591 3045 4660 insignia
3076 4605 3350 4661 reparare.

3463 3433 3628 3488 rectis
3663 3447 3850 3486 eorum
3878 3432 4122 3485 moribus
4149 3441 4352 3486 aeterna
4383 3432 4606 3502 praemia
4641 3432 4851 3501 recipit.
4891 3431 5049 3500 Quod

3460 3521 3706 3591 profecto
3735 3523 3819 3575 his
3843 3522 4017 3575 sacris
4045 3521 4345 3590 virginibus
4369 3522 4660 3589 contigisse
4685 3523 4966 3590 probatur.
4999 3525 5048 3578 si

3463 3622 3643 3666 tamen
3676 3613 3751 3668 rei
3782 3613 3914 3666 fides
3941 3620 4042 3666 aest
4077 3611 4382 3666 adhibenda
4429 3625 4549 3682 qua:
4577 3613 4795 3677 dicitur,
4825 3629 4948 3683 qua
4992 3625 5049 3668 et

3462 3700 3530 3754 de
3559 3701 3742 3768 iniquo
3763 3701 3913 3768 prius
3945 3715 4071 3770 rege
4115 3701 4359 3756 victoria:
4407 3702 4662 3772 palmam,
4714 3714 4769 3758 et
4801 3705 4869 3759 de
4919 3719 5048 3759 cori-

3463 3808 3619 3847 verso
3665 3793 4008 3862 postmodum
4055 3808 4118 3847 ac
4163 3791 4393 3848 feliciter
4437 3807 4813 3849 consummato
4854 3811 5048 3850 ροηδε»

3462 3891 3599 3938 cuia:
3628 3895 3751 3935 sunt
3772 3881 4014 3951 gloriam.
4043 3882 4230 3936 Dicant
4251 3897 4380 3954 ergo
4406 3881 4612 3937 etnlesti
4639 3883 4849 3952 Sponsa
4869 3884 5046 3941 beata

3463 3973 3700 4042 virgines
3716 3971 3862 4040 quod
3886 3972 3938 4024 in
3961 3971 4162 4025 eisdem
4187 3972 4412 4025 canticis
4435 3971 4634 4026 dicitur
4655 3988 4669 4025 :
4691 3989 4710 4022 ι
4735 3972 5046 4029 Exsultabi-

3461 4080 3596 4126 mus,
3622 4074 3677 4117 et
3701 4063 4001 4117 lmtabimur
4023 4063 4074 4117 in
4105 4073 4156 4116 te
4181 4063 4342 4132 (cant.
4375 4063 4436 4133 ι).
4463 4083 4481 4115 ι
4514 4061 4628 4118 Non
4657 4064 4709 4119 in
4733 4066 4912 4130 nobis,
4943 4081 5042 4123 aes.

3461 4155 3512 4208 in
3548 4163 3626 4216 te;
3660 4153 3784 4222 quia
3807 4155 3898 4222 qui
3927 4169 4024 4208 nos
4053 4155 4254 4209 dudum
4284 4155 4350 4210 ad
4383 4155 4554 4226 lucem
4579 4157 4824 4212 veritatis
4855 4159 5045 4221 tunde

3462 4244 3703 4298 tenebris
3745 4245 4002 4308 eduxisti,
4027 4260 4123 4313 per
4153 4261 4252 4300 nos
4274 4247 4438 4300 etiam
4470 4247 4536 4302 de
4559 4248 4879 4317 ignorantia
4904 4251 5040 4305 cali-

3459 4334 3583 4402 gine
3613 4333 3679 4387 ad
3709 4336 3958 4390 notitiam
4002 4335 4078 4389 tui
4116 4337 4353 4391 nominis
4377 4345 4433 4392 et
4465 4336 4601 4392 alios
4628 4343 4958 4407 provocasti,
4981 4351 5042 4395 ut

3459 4424 3553 4478 fiat
3580 4426 3720 4494 quod
3749 4426 3948 4480 dicitur
3973 4443 3984 4478 :
4011 4444 4030 4476 ι
4062 4425 4162 4493 Qui
4187 4426 4471 4496 gloriatur,
4504 4429 4556 4482 in
4590 4429 4819 4484 Domino
4844 4431 5044 4501 glorie-

3459 4524 3545 4570 tur
3567 4515 3617 4584 (Ι
3645 4513 3767 4570 Cor.
3798 4518 3856 4587 I).
3896 4537 3911 4568 ι
3945 4516 4064 4571 Jam
4095 4534 4246 4580 vero.
4293 4519 4435 4590 quod
4468 4519 4638 4591 stylus
4679 4523 4841 4576 tradit
4872 4524 5042 4578 histo-

3458 4608 3575 4670 riae,
3619 4607 3903 4662 Dominum
3948 4609 4157 4665 scilicet
4185 4610 4265 4665 eis
4311 4621 4574 4667 nocturno
4612 4612 4828 4668 silentio
4873 4612 5040 4671 fuisse

1780 4663 1859 4752 ἐς
1881 4696 2076 4766 quibus
2103 4691 2421 4747 nimirumet
2449 4689 2564 4744 ista:
2582 4685 2822 4755 virgines
2848 4693 3102 4754 tanquam
3127 4684 3354 4755 gemina:
3381 4663 3434 4724 D
3460 4699 3718 4762 locutum,
3754 4715 3956 4768 easque
3994 4701 4060 4753 ad
4112 4704 4594 4758 consummandum
4629 4704 4816 4760 Roma:
4844 4707 5039 4775 prove;

1776 4789 2055 4858 lampades
2075 4783 2408 4845 eﬂ'ulserunt,
2451 4785 2591 4850 quae,
2630 4779 2783 4849 juxta
2814 4775 3045 4832 nominis
3072 4776 3354 4845 utriusque

1776 4879 2116 4951 prtesagium,
2147 4889 2251 4929 una
2277 4872 2493 4942 quidem
2519 4869 2706 4925 liorem
2733 4869 2958 4932 redolet,
2990 4867 3156 4923 micat
3185 4867 3353 4922 altera

1778 4975 1972 5028 lucem.
1996 4970 2115 5024 Iste
2141 4967 2343 5036 itaque,
2373 4964 2516 5020 sicut
2540 4963 2592 5016 in
2620 4970 2863 5016 veterum
2899 4969 3173 5031 gestorum
3199 4974 3355 5029 repe-

1773 5065 1916 5118 ritur
1951 5059 2206 5121 historia,
2244 5058 2279 5110 'a
2317 5055 2550 5110 barbaro
2592 5053 2823 5125 quodam
2864 5065 2987 5123 rege
3021 5062 3212 5123 capue,
3253 5066 3354 5122 per

1773 5157 2042 5229 geminata
2071 5150 2315 5207 decennii
2365 5147 2634 5205 curricula
2687 5149 2785 5202 sub
2824 5147 3048 5203 honesta
3100 5148 3344 5203 custodia

1773 5255 1899 5303 sunt
1924 5239 2176 5298 detenta).
2223 5238 2337 5293 Rex
2379 5246 2560 5292 autem
2588 5237 2819 5306 primum
2850 5239 3069 5306 quidem
3111 5237 3350 5292 libidinis

1770 5328 1893 5408 igne
1923 5345 2214 5388 succensus
2237 5327 2503 5391 efferbuit,
2526 5326 2619 5382 sed
2645 5341 2830 5381 earum
2856 5329 3160 5382 constantia
3187 5330 3349 5383 vehe-

1771 5434 1986 5481 menter
2016 5422 2294 5486 infractus,
2330 5419 2543 5474 tandem
2573 5418 2841 5490 castitatis
2861 5417 3084 5472 consilio
3117 5418 3348 5472 salubri-

1773 5525 1854 5572 ter
1875 5512 2164 5582 acquievit.
2188 5511 2468 5566 Postremo
2496 5510 2686 5574 etiam,
2715 5509 2805 5578 qui
2832 5510 3073 5579 captivas
3093 5510 3343 5576 duxerat,

1771 5604 2124 5673 eoneaptivus
2150 5600 2323 5655 factus
2350 5594 2551 5671 regalia
2594 5607 2805 5669 sceptra
2837 5600 3112 5667 deposuit,
3144 5609 3197 5653 et
3225 5615 3346 5654 cum

1772 5695 1851 5749 eis
1878 5695 2038 5749 simul
2077 5708 2172 5763 per
2221 5693 2469 5762 martyrii
2512 5694 2746 5761 palmam
2796 5675 3067 5747 terrenum
3123 5708 3347 5762 regnum

1773 5783 2009 5841 calcatis
2038 5783 2249 5853 imperii
2275 5783 2441 5851 gloria
2488 5783 2831 5851 permutavit.
2875 5785 3132 5854 Deposuit
3161 5785 3350 5840 volati-

1775 5876 1892 5931 cam
1915 5889 2227 5947 purpuram,
2258 5883 2310 5930 et
2339 5875 2756 5929 immortalitatis
2776 5877 2996 5947 adeptus
3015 5889 3099 5934 est
3128 5880 3344 5936 stolam.

3458 4803 3611 4844 casse
3659 4791 3998 4860 martyrium.
4043 4789 4230 4844 Nonne
4261 4793 4472 4846 videtur
4510 4793 4578 4846 ad
4605 4793 4704 4848 hoc
4753 4797 5039 4852 manifeste

3457 4895 3758 4950 congruere
3787 4881 3931 4951 quod
3988 4882 4128 4936 inter
4156 4883 4371 4937 eosdem
4401 4898 4654 4953 sponsum
4699 4894 4762 4940 et
4782 4901 5038 4954 sponsam

3455 4989 3552 5044 per
3576 4974 3733 5044 typici
3769 4974 4020 5043 colloquii
4053 4977 4359 5030 conseritur
4397 4979 4838 5032 sacramentum?
4874 5001 4891 5031 ι
4923 4981 5037 5051 Ego

3457 5065 3688 5129 dormio,
3717 5075 3770 5121 et
3811 5081 3905 5120 cor
3941 5081 4117 5120 meum
4161 5067 4365 5138 vigilat.
4393 5065 4508 5123 Vox
4540 5068 4717 5123 dilecti
4771 5072 4876 5125 mei
4918 5073 5033 5142 pul-

3454 5158 3657 5213 santis:
3689 5158 3877 5228 Aperi,
3909 5173 4065 5212 soror
4088 5174 4226 5222 mea,
4255 5159 4427 5214 amica
4453 5176 4595 5224 mea,
4615 5162 4864 5217 columba
4893 5181 5032 5232 mea,

3455 5251 3797 5305 immaculata
3828 5266 3974 5315 mea;
4001 5252 4123 5320 quia
4148 5261 4306 5322 caput
4333 5268 4510 5309 meum
4533 5254 4749 5325 plenum
4774 5265 4859 5310 est
4889 5272 5031 5322 rore.

3455 5350 3509 5394 et
3537 5341 3772 5396 cincinni
3805 5341 3908 5394 mei
3946 5342 4113 5411 guttis
4137 5342 4373 5397 noctium
4398 5343 4558 5413 (cant.
4584 5345 4661 5414 v).
4692 5366 4710 5398 ι
4747 5345 5032 5418 Dicitergo

3456 5442 3687 5500 utraque
3713 5432 3867 5485 beata
3897 5433 4067 5502 virgo,
4095 5448 4322 5502 quarum
4362 5434 4569 5487 scilicet
4595 5447 4713 5489 erat
4743 5452 4840 5490 cor
4868 5455 5032 5492 unum

3454 5532 3507 5576 et
3529 5521 3708 5575 anima
3735 5537 3838 5574 una
3865 5540 3876 5573 :
3915 5539 3931 5572 ι
3968 5521 4079 5589 Ego
4104 5522 4333 5584 dormio,
4355 5531 4408 5576 et
4434 5537 4526 5576 tor
4557 5538 4734 5576 meum
4768 5525 4982 5595 vigilat;
5010 5545 5026 5576 ι

3452 5611 3577 5680 quia
3607 5609 3856 5664 videlicet
3885 5619 4071 5663 sancta
4108 5625 4260 5664 mens
4284 5626 4390 5678 quo
4417 5626 4474 5664 se
4504 5627 4532 5663 a
4565 5613 4790 5679 strepitu
4826 5623 5024 5685 tempo-

3453 5702 3581 5772 ralis
3617 5702 4070 5771 cOncupiscentiae
4115 5704 4444 5773 comprimit,
4499 5719 4564 5757 eo
4612 5707 4789 5756 verius
4822 5707 5026 5761 interna

3452 5793 3769 5861 cognoscit;
3806 5803 3861 5845 et
3904 5802 4054 5846 tanto
4078 5793 4143 5846 ad
4177 5793 4363 5847 intima
4393 5793 4596 5864 vigilat.
4634 5805 4837 5861 quanto
4867 5810 4926 5850 se
4961 5797 5019 5849 at

3453 5884 3706 5939 exteriori
3739 5883 4109 5952 inquietudine
4146 5885 4372 5938 solerter
4394 5884 4644 5939 occultat.
