5232 6470
707 388 812 445 689

2104 382 2343 441 διεπιΜο
2380 380 2622 440 XXXIV.

779 501 1130 559 Dormiebant
1157 498 1340 576 itaque
1366 507 1570 555 sanctae
1599 498 1719 554 ista:
1743 498 1989 571 virgines
2019 514 2048 553 a
2074 498 2308 570 negotiis
2336 500 2385 560 Α
2415 497 2695 554 satcularis
2719 497 2923 570 negotii
2971 495 3426 569 occupationibus
3473 493 3853 567 implicetur.-t
3887 494 4023 552 Lavi

706 605 764 649 et
810 586 1253 663 concupiscentia
1280 588 1488 654 saeculi,
1518 589 1616 645 sed
1661 598 1882 660 apertus
1930 598 2096 659 atque
2127 588 2308 661 pervi-

695 685 844 756 giles
869 684 1125 740 tenebant
1158 680 1350 738 oculos
1385 681 1439 736 in
1477 689 1614 737 aestu
1641 681 1848 736 amoris
1891 681 2009 737 Dei.
2041 680 2146 736 Sed
2179 681 2306 752 quia

707 793 816 832 non
853 786 939 833 est
962 776 1068 831 hoc
1098 782 1312 845 tempus
1363 773 1536 844 plena:
1565 774 1789 843 quietis,
1830 774 1926 829 sed
1977 772 2184 830 laboris
2212 788 2326 844 po--

708 869 818 922 titts
845 875 1007 944 atque
1041 864 1380 930 certaminis,
1412 872 1640 933 repente
1673 862 1907 922 dilectus
1944 865 2146 919 ostium
2185 864 2306 933 pul-

707 969 816 1024 sat,
863 973 1066 1030 easque
1116 959 1184 1015 ad
1238 957 1576 1029 procinctum
1640 959 1960 1015 conserendi
2021 958 2145 1014 belli
2193 958 2308 1014 suis

706 1049 1182 1108 exhortationibus
1225 1049 1470 1104 excitat:
1502 1066 1522 1100 ι
1555 1047 1695 1115 Vox,
1751 1049 1951 1120 inquit,
1988 1047 2172 1105 dilecti
2202 1049 2306 1104 mei

703 1140 975 1213 pulsantis
1003 1139 1191 1210 (Ibid).
1212 1159 1244 1207 ηρ
1294 1138 1483 1194 Pulsat
1513 1135 1766 1207 dilectus,
1811 1155 1933 1196 cum
1963 1140 2152 1197 ﬁdeles
2181 1155 2310 1197 suos

705 1239 968 1303 provocat
1007 1230 1260 1288 Christus
1292 1238 1388 1286 aut
1417 1230 1489 1286 ad
1515 1245 1742 1287 suarum
1771 1231 2110 1288 incrementa
2132 1232 2307 1296 virtu-

705 1331 847 1389 tum,
882 1331 976 1376 aut
1022 1328 1172 1376 certe
1200 1320 1264 1376 ad
1320 1320 1610 1377 lucraudas
1641 1322 1856 1378 animas
1907 1306 2309 1393 proximorum.

702 1411 870 1482 Aperi
903 1410 1058 1476 mihi,
1081 1409 1237 1467 soror
1252 1423 1392 1465 mea.
1420 1409 1594 1467 Soror
1621 1412 1827 1483 utique,
1867 1414 1996 1482 quia
2021 1414 2173 1483 regni
2202 1413 2308 1467 mei

704 1502 840 1557 mihi
865 1502 1107 1558 cobaeres
1134 1500 1349 1565 eﬂ‘ecta,
1369 1511 1423 1556 et
1446 1502 1500 1568 iu
1533 1502 1992 1558 necessitudinem
2035 1503 2170 1557 mihi
2199 1502 2310 1558 fra-

709 1587 878 1648 ternae
904 1591 1212 1661 adoptionis
1242 1592 1478 1648 adscita.
1516 1592 1707 1648 Amica
1744 1604 1886 1656 mea,
1913 1594 2042 1664 quia
2084 1594 2153 1649 de
2177 1594 2311 1665 jugo

706 1683 985 1737 servitutis
1021 1692 1234 1752 erepta,
1272 1671 1580 1756 cognovisti
1620 1695 1764 1752 tuere
1795 1685 2046 1740 veritatis
2084 1701 2305 1740 arcana.

704 1770 967 1828 Columba
1015 1785 1156 1836 mea,
1201 1772 1353 1840 quia~
1388 1770 1531 1827 fellis
1580 1773 1948 1856 amaritudine
2004 1789 2196 1840 vacua,
2255 1782 2310 1828 et

2410 589 2577 659 pedes
2607 602 2779 656 meos,
2802 589 3080 659 quomodo
3117 588 3421 658 inquinabo
3466 586 3627 644 illos?
3661 585 3843 660 (Cant.
3887 586 3967 656 v).
4000 606 4021 638 ι

2410 678 2463 734 id
2495 688 2579 735 est
2623 694 2860 750 gressus.
2882 679 2988 735 mei
3013 678 3198 749 operis
3222 679 3291 734 ab
3321 677 3642 748 aspersione
3673 677 3878 733 terreni
3906 676 4049 748 pulp.

2406 773 2553 827 veris
2612 772 2790 843 dignis
2835 771 3173 843 paenitentia:
3217 768 3436 826 ﬂetibus
3473 767 3644 834 ablui,
3702 782 3814 838 quo
3862 776 4026 839 pacto

2403 863 2516 934 jam
2548 865 2767 933 potero,
2800 845 2933 932 nisi,-
2959 862 3160 934 quibus
3194 870 3413 917 assueta
3444 875 3591 928 sum,
3619 859 3869 917 ctelestla
3911 875 4024 915 me-

2410 953 2609 1014 ditari?
2631 953 2997 1012 Vernutameu
3027 955 3204 1011 beatae
3231 952 3471 1026 virgines
3498 953 3640 1020 istai,
3663 952 3828 1008 Flora
3863 951 4018 1008 vides

2409 1049 2605 1105 licetet
2627 1047 2856 1114 Lucilla,
2887 1053 3219 1119 postpouunt
3241 1044 3722 1116 contemplationis
3746 1044 4022 1116 requiem,

2409 1155 2537 1197 cum
2569 1140 2758 1210 quain
2794 1139 2918 1195 aula
2974 1139 3129 1210 regni
3161 1147 3422 1210 tanquam
3468 1139 3524 1193 iu
3570 1153 3759 1195 eremo
3785 1149 4026 1196 eatenus

2410 1233 2692 1298 vixerant;
2743 1241 2822 1297 et,
2855 1230 2922 1285 ad
2965 1229 3588 1300 Salvatori'simperium
3638 1230 4041 1300 procedentes,

2411 1323 2614 1394 quietis
2641 1322 2860 1388 amissa:
2907 1322 3166 1378 damnum
3223 1321 3492 1377 subeundi
3541 1321 3795 1394 martyrii
3849 1317 4046 1391 gloria

2413 1421 2859 1485 recompensaut.
2884 1412 2988 1482 Qui
3011 1412 3158 1468 enim
3183 1413 3266 1468 eis
3293 1412 3460 1470 verba
3487 1412 3796 1474 forinsecus
3828 1413 4020 1476 dabat.

2413 1504 2530 1574 ipse
2577 1505 2749 1560 etiam
2794 1511 3009 1558 mentes
3040 1516 3233 1557 earum
3263 1503 3332 1576 ad
3369 1499 3642 1566 fervorem
3675 1501 4022 1559 'obedientia

2413 1597 2745 1653 intrinsecus
2791 1594 3148 1651 accendebat.
3209 1593 3364 1650 Unde
3409 1604 3660 1665 utrasque
3686 1593 4027 1662 beatissimo

2412 1687 2654 1760 virgines
2689 1687 2859 1744 veluti
2889 1686 3150 1758 uuiloqua
3192 1685 3487 1758 perhibent
3531 1699 3692 1751 voce,
3732 1683 4024 1742 dicentes:

2419 1801 2436 1832 ι
2470 1779 2710 1836 Dilectus
2730 1793 2886 1834 meus
2914 1769 3310 1854 misitmanum
3340 1791 3499 1832 suam
3518 1791 3634 1854 per
3655 1776 3933 1841 foramen,
3973 1783 4037 1830 et

705 1858 930 1940 spiritus
959 1870 1062 1924 mei
1092 1871 1182 1940 qui
1222 1870 1274 1924 in
1304 1869 1558 1930 columba
1584 1871 1891 1936 descendit,
1925 1851 2072 1926 dono
2109 1872 2303 1926 ditata.
2341 1862 2384 1919 Β
2413 1881 2604 1928 venter
2633 1887 2790 1927 meus
2833 1871 3120 1926 intremuit
3146 1871 3216 1925 ad
3254 1851 3464 1926 tactum
3490 1851 3614 1939 ejus
3641 1868 3835 1942 (Ibid).
3875 1888 3895 1921 ι
3927 1866 4029 1925 Di-

708 1961 1059 2016 lmmaculata
1093 1976 1234 2026 mea,
1286 1963 1415 2030 quia
1447 1959 1712 2016 eﬂ‘usioue
1764 1963 1872 2017 mei
1927 1961 2210 2033 sanguinis
2240 1963 2313 2016 ab

702 2052 854 2106 omni
905 2059 1254 2121 peccatorum
1303 2061 1521 2106 tuorum
1574 2051 1696 2107 labe
1751 2061 1981 2124 purgata
2028 2067 2110 2108 es.
2143 2053 2308 2122 Aperi

708 2139 893 2210 itaque
915 2141 1071 2208 mihi,
1117 2143 1220 2197 hoc
1269 2151 1371 2208 est,
1406 2142 1474 2196 de
1504 2143 1687 2210 quiete
1719 2151 1776 2196 et
1805 2143 1920 2198 otio
1970 2135 2181 2199 dilecta
2213 2143 2315 2197 tibi.

707 2232 1191 2304 contemplationis
1229 2233 1514 2304 egredere,
1549 2242 1604 2288 et
1631 2235 1699 2288 ad
1733 2234 2133 2305 perhibendum
2165 2233 2313 2288 veri-

709 2328 808 2383 tati
850 2342 982 2383 mea:
1013 2325 1387 2384 testimonium
1416 2327 1821 2384 ferventissime
1861 2337 1916 2384 te
1965 2337 2021 2384 et
2049 2337 2310 2384 constan-

707 2427 796 2475 ter
825 2419 1074 2489 impende
1103 2433 1119 2473 :
1149 2437 1170 2470 ι
1201 2418 1340 2487 Quia
1378 2428 1544 2488 caput
1575 2434 1755 2474 meum
1789 2418 2011 2488 plenum
2047 2426 2129 2474 est
2159 2423 2314 2486 rore,

708 2519 768 2564 et
793 2507 1030 2566 cincinni
1068 2511 1174 2565 mei
1208 2511 1374 2581 guttis
1407 2510 1650 2566 noctium
1683 2509 1752 2580 (I
1777 2509 1901 2564 Cor.
1934 2511 2034 2576 ιι).
2075 2530 2094 2562 ι
2135 2509 2315 2580 Caput

707 2602 916 2658 Christi
965 2603 1110 2658 Deus
1148 2611 1255 2668 est,
1285 2610 1344 2657 ut
1389 2601 1871 2668 dicit‘Apostolus.
1898 2601 2148 2658 Cincinni
2180 2617 2312 2656 vero

710 2693 918 2749 intima:
947 2703 1266 2749 sanctorum
1312 2679 1672 2763 cogitationes
1703 2702 1851 2758 sunt,
1895 2708 2017 2762 quae
2045 2708 2150 2748 non
2177 2692 2314 2746 laxae

711 2785 881 2840 ﬂuunt
909 2793 966 2840 et
995 2785 1290 2851 dissolutae,
1340 2786 1435 2840 sed
1479 2786 1691 2840 timoris
1719 2795 1774 2840 et
1813 2787 2020 2841 amoris
2063 2787 2162 2842 Dei
2185 2795 2314 2840 sunt

709 2877 928 2933 vinculo
977 2877 1263 2950 colligata.
1314 2877 1637 2943 Enimvero,
1680 2879 1828 2948 ~quid
1879 2893 1978 2947 per
2027 2892 2208 2933 rorem
2241 2887 2314 2953 et

710 2981 893 3044 guttas
923 2971 1186 3037 noctium,
1221 2971 1324 3026 nisi
1357 2970 1674 3055 tenebrosae
1716 2979 1772 3025 et
1798 2970 2314 3055 frigidaslquorum-

710 3067 835 3120 dam
867 3063 1224 3133 reproborum
1249 3072 1462 3118 mentes
1495 3034 1835 3132 ademimus?

715 3176 720 3180 ο
780 3152 1111 3226 Caput'ergo
1147 3154 1331 3225 sponsi
1374 3153 1430 3208 in
1487 3153 1736 3223 reprobis
1763 3154 1981 3222 plenum
2028 3161 2115 3208 est
2163 3168 2309 3218 rore,

713 3246 873 3318 175
901 3261 1023 3302 cum
1058 3245 1347 3301 saeculares
1380 3244 1581 3315 quippe
1622 3258 1651 3297 a
1701 3243 1795 3298 Dei
1826 3245 2096 3299 charitate
2127 3254 2309 3314 torpe-

709 3347 888 3402 scunt,
920 3347 975 3394 et
992 3353 1090 3407 per
1114 3337 1452 3406 voluptatum
1484 3351 1707 3391 suarum
1734 3336 2014 3392 lasciviam
2047 3335 2310 3392 deﬂuunt.

707 3425 872 3482 Juxta
899 3427 952 3481 id
976 3427 1118 3496 quod
1145 3425 1403 3479 Dominus
1426 3425 1561 3480 dicit
1593 3443 1606 3478 :
1637 3444 1655 3479 ι
1687 3424 2004 3482 Abundabit
2027 3427 2310 3497 iniquitas,

710 3526 769 3570 et
815 3514 1137 3584 refrigescet
1191 3514 1430 3569 cbaritas
1475 3513 1770 3569 multorum
1813 3513 2040 3586 (Matth.
2077 3518 2308 3587 xxiv).i

713 3604 1033 3674 Huiusmodi
1073 3604 1233 3674 plane
1257 3620 1380 3659 cum
1415 3613 1637 3660 sanctos
1678 3604 1775 3659 Dei
1823 3617 2233 3677 persequuntur
2257 3618 2314 3662 et

709 3697 924 3761 odiuut,
961 3699 1013 3750 iu
1064 3696 1280 3750 illorum
1329 3696 1590 3751 cordibus
1644 3699 1800 3766 quasi
1841 3697 2082 3752 cincinni
2127 3700 2313 3768 sponsi

711 3786 877 3856 guttis
911 3787 1149 3841 noctium
1201 3786 1344 3856 pleni
1377 3795 1524 3841 sunt.
1577 3786 1822 3857 Cumque
1871 3790 2008 3843 tales
2055 3790 2311 3859 multipli-

714 3883 907 3931 cantur
960 3887 1016 3930 et
1071 3876 1372 3931 Ecclesiam
1435 3878 1918 3946 persecutionibus
1966 3892 2310 3952 aggravant,

714 3977 844 4023 tunc
866 3984 1094 4037 sponsus
1136 3984 1392 4040 sponsam
1424 3971 1752 4025 exhortatur
1791 3980 1852 4026 ut
1882 3983 2073 4043 surgat
2108 3983 2165 4028 et
2191 3982 2310 4028 stu-

713 4059 808 4112 dio
854 4059 1259 4129 praedicationis
1306 4060 1550 4116 valenter
1586 4061 1824 4117 insistat.
1872 4062 2011 4118 Hinc
2052 4051 2134 4118 est
2165 4065 2312 4134 quod

714 4147 872 4202 Flora
923 4159 978 4204 et
1031 4150 1258 4204 Lucilla'
1294 4152 1625 4207 beatissima:
1670 4153 1912 4224 virgines
1946 4169 2042 4224 per
2093 4165 2310 4210 noctem

713 4239 970 4295 divinitus
999 4241 1360 4295 admonentur
1389 4253 1448 4296 ut
1476 4241 1708 4297 Romam
1755 4245 1997 4310 redeant,
2051 4256 2216 4314 atque
2243 4247 2311 4300 ad

716 4333 965 4402 martyrii
1024 4344 1300 4387 certamen
1361 4335 1624 4408 accedere
1691 4335 2000 4392 nullatenus
2051 4339 2314 4407 pertime-

715 4429 891 4475 scant.
922 4421 1022 4477 Ubi
1053 4423 1200 4476 enim
1233 4423 1368 4477 vidit
1393 4426 1742 4495 omnipotens
1783 4427 1924 4481 Deus
1970 4429 2308 4498 persecutio-

717 4513 803 4565 nis
830 4521 1016 4567 aestum
1044 4511 1343 4568 ferventius
1383 4515 1632 4579 ebullire,
1665 4516 1775 4572 illic
1800 4517 2042 4572 decrevit
2073 4533 2172 4588 per
2199 4519 2311 4573 fra-

713 4602 879 4672 gilem
913 4613 1098 4657 sexum
1125 4603 1407 4674 gloriosius
1441 4605 1793 4675 triumphare.

789 4693 894 4748 Sed
941 4704 999 4749 ut
1026 4697 1091 4750 ad
1133 4696 1414 4750 Canticum
1458 4698 1693 4762 redeam,
1737 4706 1968 4769 utraque
2001 4700 2118 4756 haec
2147 4715 2309 4755 vene-

716 4785 906 4839 rabilis
933 4786 1085 4857 virgo
1118 4797 1374 4856 tanquam
1399 4787 1663 4858 singulari
1685 4859 1687 4861 1
1706 4791 1947 4845 unimodi
1974 4790 2088 4846 oris
2114 4791 2310 4861 depro-

715 4874 818 4929 mit
840 4875 1092 4946 eloquio:
1154 4897 1172 4929 ‹
1228 4878 1534 4946 Exspoliavi
1585 4896 1690 4944 me,
1723 4881 1920 4950 inquit,
1949 4883 2128 4936 tunica
2165 4898 2307 4946 mea,

714 4968 986 5036 quomodo
1044 4966 1236 5022 induar
1287 4968 1518 5022 illam?»
1557 4970 1736 5041 (Cant.
1777 4971 1855 5042 v.)
1908 4975 1986 5027 Ac
2041 4973 2084 5027 si
2124 4973 2306 5028 dicat:

713 5054 854 5133 ἰᾷιυὶ
886 5071 971 5111 me
1011 5059 1159 5112 curis
1210 5066 1264 5112 et
1292 5061 1743 5129 occupationibus
1771 5063 1974 5130 saeculi,
2008 5073 2064 5118 et
2094 5063 2146 5118 in
2195 5065 2311 5120 solo

714 5162 807 5202 me
827 5157 929 5204 tuae
950 5151 1422 5218 contemplationis
1453 5167 1638 5207 amore
1669 5155 1996 5209 constrinxi.
2026 5154 2312 5222 Quomodo

715 5239 904 5308 itaque
939 5243 1499 5304 nuuc'discursionis
1547 5247 1651 5300 iter
1693 5248 1994 5316 arripiam?
2026 5250 2311 5320 Quomodo

714 5335 975 5403 strepitus
1020 5343 1075 5389 et
1115 5335 1384 5391 luctamen
1425 5338 1836 5407 obloquentium
1896 5316 2120 5394 feram?
2154 5341 2310 5406 Quod

715 5434 896 5480 autem
925 5442 1021 5496 per
1058 5428 1269 5482 tunicas
1299 5443 1458 5483 curas
1483 5429 1985 5499 sollicitudinesque
2014 5431 2307 5498 signiticet,

710 5519 956 5572 ostendit
1003 5521 1282 5582 Dominus.
1336 5536 1459 5575 cum
1508 5521 1640 5574 dicit
1672 5539 1684 5574 :
1724 5538 1742 5570 t
1780 5520 1882 5588 Qui
1921 5522 1974 5575 in
2026 5531 2170 5592 tecto
2202 5533 2307 5586 est,

678 5647 691 5655 ο
714 5622 824 5662 non
854 5607 1148 5665 descendat
1178 5611 1366 5667 tollere
1394 5613 1630 5667 tunicam
1655 5628 1810 5668 suam
1834 5613 2054 5682 (Matth.
2087 5613 2261 5684 xxiv).
2286 5635 2302 5665 ι

711 5699 872 5766 Quod
900 5710 981 5755 est
1012 5711 1197 5772 aperte
1226 5703 1425 5766 dicere,
1459 5705 1549 5773 qui
1579 5705 1798 5760 sublimi
1829 5705 2310 5776 contemplationis

715 5807 846 5846 arce
888 5795 1220 5860 subnititur,
1247 5812 1584 5867 nequaquam
1637 5799 1966 5864 descendat,
2017 5809 2075 5854 ut
2111 5801 2308 5856 iterum

2339 4570 2392 4629 D

2325 4604 2391 4629 ν
2417 4627 2482 4667 ac
2509 4626 2886 4683 pressurarum
2921 4609 3163 4680 pondere
3193 4607 3560 4675 desudaruut;
3592 4607 3644 4661 in
3670 4604 3827 4675 cujus
3859 4607 4024 4661 nimi-

2414 1965 2588 2020 lectus
2615 1963 2779 2034 plane
2813 1977 3037 2018 manum
3068 1976 3173 2031 per
3197 1960 3455 2032 foramen,
3477 1961 3664 2027 mittit,
3695 1967 4031 2030 etventrcm

2417 2058 2611 2128 tangit,
2639 2071 2766 2112 cum
2786 2055 3001 2119 occulta
3032 2054 3298 2111 Conditor
3328 2041 3689 2125 inspiratione
3718 2069 3821 2110 cor
3839 2055 4034 2120 visitet

2414 2158 2579 2219 atque
2629 2148 2698 2203 ad
2735 2161 2964 2220 agonem
3001 2146 3328 2203 certaminis
3360 2156 3418 2202 et
3461 2147 3638 2201 sancti
3687 2145 3897 2202 laboris
3945 2147 4034 2201 in-

2414 2235 2676 2310 ﬂammat.
2725 2239 2884 2307 Nam,
2915 2239 3060 2310 quod
3088 2248 3283 2294 venter
3311 2253 3410 2293 cor
3450 2236 3748 2310 signiticet,
3790 2237 4036 2293 ostendit

2415 2331 2682 2402 pmpheta
2736 2345 2861 2386 cum
2915 2331 3103 2386 dicit:
3163 2349 3183 2382 ι
3216 2327 3484 2385 Ventrem
3555 2345 3738 2386 meum
3793 2327 3973 2385 doleo.
4005 2349 4026 2382 ι

2415 2420 2570 2488 Quod
2611 2421 2856 2492 profecto
2904 2421 3036 2492 quid
3093 2431 3266 2486 esset,
3299 2421 3499 2492 aperit,
3545 2435 3672 2475 cum
3715 2419 4036 2491 subiungit:

2420 2534 2439 2566 ι
2477 2513 2685 2570 Sensus
2720 2513 2903 2570 cordis
2930 2515 3036 2569 mei
3085 2513 3336 2584 dissipati
3369 2522 3502 2572 sunt
3527 2513 3665 2588 (der.
3697 2512 3798 2584 tv).
3843 2531 3862 2564 ι
3898 2511 4036 2567 Bea-

2417 2617 2596 2660 tarum
2625 2620 2755 2676 ergo
2803 2606 3104 2676 virginum,
3161 2604 3340 2660 Flora:
3376 2604 3638 2660 videlicet
3681 2613 3739 2658 et
3785 2603 4051 2668 Lucina,

2415 2705 2607 2750 venter
2633 2695 3105 2760 intremuit,.cum
3135 2695 3368 2750 dilectus
3392 2709 3616 2748 manum
3641 2692 3792 2748 misit
3821 2700 3878 2747 et
3903 2692 4055 2746 tetio.

2415 2787 2512 2857 git.
2547 2786 2851 2853 Quiamox
2885 2793 2941 2841 et
2970 2800 3160 2840 earum
3207 2800 3305 2840 cor
3329 2785 3528 2850 divina
3562 2773 3832 2856 jdssionis
3875 2798 4036 2837 mau-

2415 2878 2546 2931 data'
2578 2877 2850 2945 concepit,
2889 2891 2949 2931 se
2986 2876 3209 2945 sibimet
3241 2877 3544 2944 abnegaus,
3577 2875 3714 2930 nihil
3748 2889 3848 2928 suo
3881 2873 4037 2927 dein-

2415 2984 2546 3040 ceps
2568 2969 2799 3024 arbitrio
2823 2967 3146 3023 reservavit.
3191 2966 3351 3023 Unde
3395 2975 3631 3036 utraque
3660 2965 3844 3021 adhuc
3875 2963 4036 3033 quasi

2416 3061 2767 3135 singulariter
2801 3062 2972 3118 dicit:
3048 3082 3065 3112 ι
3097 3060 3350 3128 Surrexi,
3405 3045 3784 3131 ut.aperirem
3833 3057 4037 3112 dilecto

2419 3172 2540 3212 meo
2582 3155 2772 3228 .(Cant.
2798 3155 2928 3226 ν).›
2985 3153 3364 3210 Snrrexeruut
3404 3138 3612 3219 sancta;
3656 3151 3925 3223 virgines,
3973 3159 4036 3204 ut

2419 3245 2620 3301 dilecto
2651 3260 2778 3299 mox
2808 3246 3121 3318 aperirent;
3161 3244 3292 3319 quia
3324 3243 3736 3314 promptissimo
3770 3241 4036 3296 decreve-

2417 3348 2547 3394 runt
2606 3338 2791 3393 animo
2846 3345 2907 3392 ut
2978 3337 3262 3392 humiliter
3318 3337 3628 3392 obedirent.
3680 3335 4035 3406 Aperuerunt

2416 3443 2612 3499 nempe
2645 3426 2869 3492 dilecto,
2903 3442 3049 3490 cum,
3089 3426 3364 3482 cervicem
3400 3424 3582 3482 cordis
3613 3425 3682 3480 ad
3712 3416 3830 3493 eius
3859 3424 4035 3494 impe-

2418 3521 2557 3573 rium
2610 3519 2964 3583 inclinantes,
3016 3516 3369 3588 calcaverunt
3415 3516 3719 3585 propriam,
3796 3513 4036 3585 totisque

2415 3611 2626 3665 viribus
2666 3608 3002 3664 voluntatem
3021 3606 3327 3679 implevere
3362 3606 3632 3661 divinam.
3659 3664 3664 3668 ,

2492 3701 2656 3772 176
2693 3699 2800 3754 Sed
2829 3714 2931 3754 uos
2953 3697 3096 3754 forte
3121 3698 3246 3767 quis
3268 3706 3462 3769 arguat
3492 3712 3610 3762 cur,
3649 3695 3858 3756 relictis
3882 3693 4036 3751 Scri-

2413 3802 2700 3863 pturarum
2742 3790 3058 3862 patentibus
3115 3790 3347 3860 campis,
3405 3787 3473 3845 de
3513 3789 3631 3844 solo
3683 3788 4032 3844 canticorum

2414 3867 2614 3954 angulo
2675 3882 2873 3937 ﬂorum
2924 3882 3284 3938 odoramenta
3332 3881 3696 3951 decerpimus,
3750 3869 3810 3937 ut
3857 3881 4033 3936 sacris

2412 3973 2716 4044 virginibus
2746 3981 2953 4043 sertum
3007 3971 3196 4043 gloriae
3243 3972 3680 4043 compingamus,
3710 3969 3870 4038 Quod
3916 3970 4030 4026 uti-

2414 4079 2544 4134 que,
2580 4065 2779 4119 t‘ratres‘
2808 4065 2938 4128 mei,
2968 4062 3165 4128 fateor,
3194 4079 3262 4119 ex
3293 4062 3564 4118 industria
3607 4061 3860 4127 facimus,
3896 4062 4030 4132 quia

2413 4156 2543 4210 nulli
2608 4155 2802 4211 melius
2841 4155 3193 4210 arbitramur
3261 4153 3534 4210 canticum
3596 4153 3841 4225 nuptiale
3892 4169 4029 4210 cou-

2412 4264 2626 4319 gruere,
2663 4264 2830 4319 quam
2882 4249 3057 4302 sacris
3096 4248 3217 4302 istis
3259 4245 3583 4318 virginibus.
3629 4259 3750 4315 quae
3787 4240 4034 4316 celestis

2415 4341 2604 4410 sponsi.
2669 4339 2940 4394 thalamos
2988 4352 3086 4408 per
3134 4338 3403 4409 insignem
3446 4335 3706 4407 martyrii
3738 4335 4040 4410 victoriam

2414 4412 2884 4493 conscenderunt;
2917 4428 2972 4482 in
3029 4426 3176 4481 illius
3226 4441 3371 4482 nunc
3428 4425 3616 4505 sponsi
3646 4425 4032 4495 complexibus

2419 4520 2791 4590 requiescunt,
2845 4533 2946 4587 pro
2985 4518 3142 4588 cujus
3193 4531 3406 4582 amore,
3457 4501 3560 4571 sub
3607 4501 3747 4570 duro
3776 4516 4029 4572 laborum

2418 4719 2540 4757 rum
2599 4699 2829 4770 nuptiali
2861 4699 3066 4754 foedere
3110 4714 3218 4754 non
3253 4699 3431 4753 locum
3465 4698 3750 4768 corruptio
3794 4699 4023 4767 reperit,

2417 4796 2512 4849 sed
2536 4791 2820 4863 virginalis
2847 4791 3141 4871 integritas
3163 4791 3362 4845 crevit.

2492 4885 2796 4954 Sequamur
2832 4884 3036 4953 itaque,
3077 4881 3441 4946 dilectissimi,
3475 4882 3881 4938 sacratissimas
3913 4882 4031 4936 vir-

2419 4976 2576 5047 gines
2624 4975 2678 5028 in
2734 4974 2818 5027 via
2866 4973 3117 5028 laborum
3174 4982 3341 5042 atque
3392 4974 3792 5038 certaminum;
3849 4973 3907 5027 ut
3948 4974 4028 5028 eis

2420 5066 2654 5122 exbemi
2685 5065 2903 5132 saltem,
2937 5075 2990 5120 et
3015 5064 3191 5120 ultimi
3231 5063 3390 5136 jungi
3441 5079 3756 5121 mereamur
3788 5066 3839 5119 in
3869 5067 4028 5120 retri-

2419 5156 2736 5212 butionibus
2766 5153 3354 5235 meritorum.‘Pudeat
3397 5155 3547 5212 viros
3597 5155 3919 5211 carnalibus
3965 5157 4041 5212 ila.

2419 5248 2651 5303 lecebris
2683 5247 2980 5310 deservire,
3010 5246 3103 5317 qui
3137 5244 3382 5316 fragilem
3419 5262 3613 5302 sexum
3636 5246 3886 5303 videmus
3929 5262 4025 5319 per

2420 5339 2632 5393 diversa
2689 5346 2981 5401 tormenta,
3033 5351 3131 5406 per
3184 5335 3415 5401 ferrum,
3463 5352 3560 5408 per
3598 5337 3812 5408 gladios
3861 5353 4020 5409 regna

2419 5429 2661 5484 caelestia
2723 5438 3037 5499 penetrare.
3101 5430 3405 5485 Erubescat
3436 5431 3521 5485 vir
3569 5430 3681 5487 sub.
3735 5431 4030 5502 degeneris

2415 5523 2510 5576 otii
2544 5524 2736 5576 umbra
2764 5532 3096 5593 torpescere,
3127 5525 3222 5594 qui
3253 5524 3461 5593 puellas
3490 5526 3675 5580 videat
3703 5527 3804 5580 sub
3834 5540 4022 5595 persc-

2413 5612 2831 5669 cutiduis-mstu
2889 5617 2942 5670 iu
2999 5617 3190 5687 agonis
3238 5615 3416 5670 stadio
3446 5616 3680 5685 viriliter
3717 5617 4019 5671 decertare.

2415 5706 2508 5759 Sic
2567 5706 2750 5775 itaque
2797 5721 2944 5764 nunc
2997 5720 3280 5762 sacrarum
3309 5706 3604 5779 virginum.
3659 5708 3711 5761 in
3757 5717 4022 5776 quantum

2414 5811 2727 5866 possumus,
2756 5797 3035 5853 imitemur
3059 5797 3366 5868 exemplum
3387 5838 3401 5864 ,
3430 5806 3488 5852 ut
3519 5814 3642 5854 cum
3665 5798 3747 5853 eis
3779 5799 4022 5871 quando-
