5232 6518
1769 383 1873 440 69!

2374 373 2431 430 S.
2458 370 2661 427 PETRI
2699 365 2985 425 DAIIANI
3007 361 3161 424 OPP.
3191 355 3375 415 PARS
3410 353 3541 414 εει]
3582 356 3821 415 τοιωε
3848 354 3909 411 ιι.
3943 383 4011 395 -—
4052 346 4440 407 SEltHONES.

4934 340 5042 398 69!

1768 513 1875 563 que
1920 494 2278 565 perducamur
2308 490 2376 543 ad
2418 485 2742 559 virginitatis
2793 496 3074 538 auctorem
3108 474 3347 548 Virginis
3371 474 3421 533 Α
3448 473 3561 530 sui.
3595 474 3904 529 actionibus
3932 486 3991 527 se
4019 468 4162 525 velut
4189 468 4517 523 exstinctum
4547 463 4819 535 prmbeus,
4856 462 5037 517 multi-

1767 586 1998 648 Filium;
2039 582 2129 651 qui
2166 596 2287 634 eum
2321 578 2431 633 Deo
2477 577 2639 630 Patre
2666 585 2723 628 et
2760 571 2972 643 Spiritu
3000 578 3191 624 sancto
3219 567 3347 620 vivit

1767 685 1825 732 et
1852 682 2045 745 regnat
2071 674 2126 729 in
2158 670 2353 727 sreeula
2380 666 2721 724 seculorum.
2738 663 2949 717 (Amen.

2309 797 2545 856 SERMO
2582 794 2802 852 XXXV.

1806 936 1869 978 ιι.
1907 936 1975 975 ιιι
2012 936 2087 975 SS.
2131 931 2321 976 ηομ.
2350 929 2571 969 ιυειιιι
2601 922 2903 965 ηιςικιιυε
2940 921 3008 961 ετ
3050 919 3315 959 ΙΑΙτῐιΙο

2300 1000 2418 1039 sus.
2449 989 2604 1055 (aut
2644 978 2810 1049 IIII“).

1840 1122 2051 1187 Adhuc,
2096 1112 2461 1180 dilectissimi,
2507 1113 2780 1184 virgineus
2816 1110 3087 1182 germinat
3134 1115 3347 1179 partus,

1769 1216 1948 1271 adhuc
1978 1211 2254 1283 virginalis
2303 1208 2394 1264 illa
2421 1206 2723 1263 fecunditas
2757 1204 3061 1260 calestium
3102 1212 3346 1272 segetum

1769 1306 1983 1362 fructus
2028 1302 2353 1365 accumulat,
2408 1313 2530 1353 cum
2574 1296 2854 1352 muliebris
2905 1294 3194 1349 inﬁrmitas
3241 1307 3347 1347 nou

1770 1402 1933 1456 modo
1957 1413 2145 1455 sexum
2166 1383 2410 1466 superat,
2457 1392 2550 1448 sed
2574 1400 2630 1446 et
2653 1388 2839 1444 mundi
2868 1387 3030 1457 huius
3050 1386 3347 1456 principem

1769 1486 2120 1559 insuperabili
2168 1483 2367 1539 mentis
2411 1479 2853 1551 magnanimitate
2899 1475 3214 1545 triumphat.
3268 1472 3351 1527 Ad

1773 1583 1877 1638 hoc
1903 1594 2135 1649 namque
2163 1577 2256 1632 Dei
2282 1575 2455 1631 Filius
2484 1571 2761 1629 vernantis
2784 1569 2955 1625 vulva:
2981 1568 3115 1622 flore
3152 1580 3350 1621 conce-

1772 1681 1899 1741 ptus
1920 1681 2027 1733 est,
2058 1678 2117 1723 ut
2134 1667 2459 1724 fermentum
2481 1672 2636 1719 vetus
2665 1663 2724 1717 in
2741 1674 2988 1732 asymam
3011 1665 3271 1720 verteret,
3295 1664 3353 1710 et

1662 1814 1665 1817 η
1774 1778 1870 1834 per
1888 1775 2133 1825 carnem,
2162 1774 2282 1830 qua:
2301 1758 2446 1812 victa
2481 1756 2677 1821 fuerat,
2707 1754 2945 1809 humano
2969 1750 3152 1821 generi
3182 1750 3353 1804 victo-

3449 566 3644 636 pliccm
3667 563 4068 634 quodammodo
4096 556 4533 614 mortificationis
4552 555 4755 610 Christi
4786 553 5037 623 manipu—

3449 656 3558 711 lam
3604 654 3828 725 colligit.
3877 651 4179 707 Concinant
4221 661 4355 717 ergo
4392 644 4726 701 beatissima
4772 642 5035 713 virgines,

3448 762 3587 818 qua),
3611 759 3774 798 unum
3801 757 4058 811 sponsum
4086 740 4370 801 habentes,
4396 732 4720 807 zelotypiam
4742 748 4851 789 non
4875 747 5039 787 nove-

3451 843 3596 899 runt,
3627 844 3684 890 et
3710 833 3849 887 sicut
3874 845 3970 899 per
3996 827 4283 883 cbaritatis
4309 824 4575 897 glutiuum
4610 837 4772 885 unum
4802 837 4871 877 es
4899 819 5034 874 dua-

3449 927 3549 981 bus
3578 925 3813 979 animam
3843 919 4101 983 conﬂant,
4135 918 4209 971 ita
4247 916 4393 971 velut
4422 928 4529 968 uno
4559 928 4657 968 ore
4687 910 5039 981 singulariter

3450 1021 3632 1075 dicant
3660 1034 3673 1072 :
3704 1037 3722 1069 ε
3758 1013 4070 1072 Fasciculus
4098 1011 4332 1083 myrrha
4361 1006 4588 1063 dilectus
4632 1020 4789 1061 meus
4815 1003 4970 1058 mihi.
5008 1020 5032 1056 ›

3455 1111 3552 1167 libi
3582 1120 3637 1164 et
3674 1091 3798 1179 apte
3819 1104 4198 1173 subiungitur:
4235 1119 4254 1153 ε
4284 1100 4430 1155 Inter
4459 1099 4626 1153 ubera
4650 1109 4769 1150 mea
4797 1108 5039 1150 commo-

3452 1203 3677 1257 rabitur.
3719 1221 3738 1253 ι
3802 1199 3969 1254 Nemo
4008 1195 4221 1252 dubitat
4250 1193 4393 1248 inter
4429 1190 4599 1246 ubera
4634 1184 4874 1259 pecteris
4919 1198 5039 1240 esse

3449 1292 3628 1349 locum
3662 1291 3863 1346 cordis.

3522 1383 3761 1439 Dilectus
3790 1395 3921 1452 ergo
3957 1379 4101 1434 inter
4126 1375 4412 1446 utriusque
4434 1370 4667 1444 virginis
4692 1368 4862 1426 ubera
4889 1380 5041 1421 eom-

3449 1484 3717 1537 moratur,
3746 1472 3872 1543 quia
3908 1469 4223 1526 indeliciens
4248 1468 4369 1538 ejus
4416 1479 4571 1519 amor
4602 1477 4668 1518 ac
4707 1457 5043 1516 desiderium

3450 1584 3516 1624 es
3546 1581 3736 1623 earum
3776 1563 4038 1619 memoria
4069 1576 4176 1617 non
4206 1558 4438 1616 deletur.
4487 1574 4508 1609 ι
4556 1555 4703 1611 Inter
4723 1553 4891 1607 ubera
4922 1562 5045 1605 mea

3451 1658 3900 1720 commorabitur,
3936 1674 3958 1706 ι
3988 1663 4244 1722 tanquam
4268 1649 4520 1727 diceret;
4553 1644 4659 1713 Qui
4707 1642 4840 1698 mihi
4882 1639 5042 1695 fasci-

3452 1750 3607 1806 culus
3629 1749 3865 1819 myrrha:
3885 1745 4069 1800 factus
4084 1751 4169 1797 est
4185 1743 4283 1811 per
4299 1736 4719 1793 amaritudinem
4747 1730 5040 1803 passionis,

1775 1820 1910 1909 riam
1933 1820 2251 1913 reportaret.
2288 1850 2537 1905 Loricam
2560 1848 2759 1919 quippe
2788 1847 2890 1902 sibi
2918 1820 2989 1901 de
3022 1855 3210 1900 nostra
3240 1842 3348 1898 fra-
3379 1820 3425 1880 Β
3454 1841 3600 1895 inter
3625 1839 3791 1893 ubera
3816 1850 3934 1891 mea
3948 1833 4152 1905 iugiter
4178 1834 4547 1887 commentor
4580 1840 4676 1896 per

1773 1944 1983 2013 gilitate
2030 1941 2354 2013 composuit,
2398 1941 2450 1994 in
2476 1953 2580 2009 qua
2603 1936 2883 1993 exsultans
2910 1946 2970 1991 ut
2996 1936 3150 2007 gigas
3177 1931 3351 2003 (Paul.

1772 2032 1959 2104 svnt),
1985 2040 2041 2086 et
2069 2042 2257 2102 potens
2282 2045 2347 2086 ac
2380 2028 2535 2101 fortis
2594 2030 2649 2083 in
2698 2026 2903 2099 praelio,
2936 2033 3234 2097 potestates
3259 2037 3358 2078 ae-

1772 2138 1899 2180 reas
1938 2122 2243 2180 debellavit.
2878 2104 2881 2105 ν

1847 2215 1942 2271 Sic
1972 2216 2157 2285 itaque
2191 2214 2260 2271 de
2303 2215 2618 2271 inﬁmitate
2668 2214 2994 2280 constantia,
3025 2212 3092 2267 de
3128 2209 3357 2281 captivi-

1774 2303 2171 2371 tatevictoria,
2196 2302 2263 2356 de
2291 2303 2448 2357 ruina
2478 2312 2561 2358 est
2585 2302 2833 2357 ascensio
2871 2308 3183 2371 procurata.
3216 2295 3354 2351 llinc

1772 2393 2044 2464 “intidem
2069 2393 2265 2449 factum
2292 2403 2377 2451 est
2402 2402 2462 2448 ut
2499 2394 2752 2463 antiquus
2772 2392 2961 2455 hostis,
2990 2391 3081 2459 qui
3098 2390 3198 2445 sibi
3230 2400 3356 2458 pro-

1774 2485 1991 2540 venisse
2025 2485 2305 2540 victoriam
2333 2500 2432 2555 per
2456 2485 2616 2540 unius
2662 2482 2874 2539 femina
2911 2482 3220 2538 vecordiam
3260 2496 3356 2551 ap-

1780 2575 2097 2645 plaudchat,
2128 2590 2225 2646 per
2258 2576 2458 2630 multas
2490 2590 2549 2630 se
2579 2573 2693 2643 jam
2724 2574 2995 2628 devictum
3036 2583 3199 2642 atque
3227 2586 3358 2626 con-

1780 2666 1961 2721 fusum
2026 2663 2253 2719 feminas
2293 2664 2599 2719 erubescat.
2655 2662 2794 2725 Hinc
2817 2670 2903 2716 est
2936 2670 2992 2716 et
3025 2661 3169 2729 quod
3216 2675 3358 2715 nunc

1778 2762 2030 2810 versatur
2074 2754 2129 2808 in
2178 2754 2449 2819 manibus,
2498 2755 2623 2825 quia
2677 2752 2926 2809 videlicet
2974 2743 3356 2807 sacratissima:

1774 2846 1903 2899 istm
1947 2844 2210 2920 virgines,
2266 2844 2429 2899 Flora
2470 2844 2677 2899 scilicet
2711 2852 2767 2898 et
2823 2842 3049 2907 Lucilla,
3096 2851 3152 2897 et
3207 2842 3358 2911 prius

1773 2935 2059 3011 illecebras
2111 2934 2463 3004 voluptatum,
2520 2944 2574 2989 et
2604 2934 2947 3004 postmodum
2996 2933 3200 3004 gladios
3229 2932 3358 2989 con-

1774 3035 2050 3095 tempsere
2073 3033 2358 3081 tortorum.
2378 3024 2615 3097 Quaeque
2639 3026 2942 3081 diutissime
2965 3027 3115 3095 prius
3141 3024 3359 3080 fuerant

1774 3125 2045 3186 martyres
2076 3117 2129 3170 in
2168 3114 2404 3180 occulto‘,
2434 3116 2747 3172 claruerunt
2796 3116 3137 3187 postmodum
3169 3114 3355 3169 victri-

1775 3221 1868 3261 ces
1892 3208 1945 3261 in
1976 3206 2208 3277 publico.
2232 3207 2438 3274 Quibus
2460 3208 2715 3262 nimirum
2750 3208 2879 3262 illud
2911 3207 3192 3277 aptissime
3219 3221 3348 3261 con-

1778 3297 1925 3366 gruit
1958 3298 2104 3368 quod
2145 3312 2340 3366 sponsa
2382 3297 2514 3352 dicit
2562 3298 2616 3352 in
2663 3296 2941 3353 Canticis:
2990 3315 3009 3348 ι
3045 3295 3357 3351 Fasciculus

1779 3388 2015 3457 myrrha:
2047 3388 2275 3443 dilectus
2306 3402 2459 3443 meus
2506 3389 2658 3453 mihi,
2700 3389 2841 3443 inter
2870 3388 3034 3442 ubera
3063 3402 3183 3442 mea
3210 3401 3359 3441 cum-

1780 3482 2081 3535 merabitur
2113 3480 2288 3551 (Cant.
2321 3480 2386 3550 ι).
2421 3500 2440 3532 ι
2471 3480 2684 3551 Myrrha
2706 3471 2864 3550 plane
2892 3480 3104 3549 species
3127 3488 3211 3534 est
3231 3494 3356 3533 aro—

1779 3574 1977 3628 ntatica
2007 3574 2187 3627 nimia
2217 3573 2610 3638 amaritudinis,
2660 3588 2767 3644 qua
2818 3582 3155 3627 mortuorum
3197 3572 3359 3627 cada-

1784 3678 1913 3718 vera
1946 3665 2287 3728 condiuntur,
2323 3679 2391 3719 ne
2416 3663 2575 3720 facile
2614 3672 3070 3734 computrean
3100 3662 3239 3717 Hinc
3276 3670 3361 3717 est

1788 3755 1929 3824 quod
1961 3765 2016 3810 et
2041 3756 2207 3825 ipsius
2232 3757 2416 3826 sponsi
2446 3772 2640 3827 corpus
2674 3772 2703 3810 a
2734 3755 3027 3812 Nicodemo
3050 3765 3105 3810 et
3136 3755 3358 3825 Ioseph,

1790 3848 1855 3901 de
1885 3862 2049 3903 cruce
2090 3836 2426 3917 depositum}
2474 3848 2689 3918 myrrha
2741 3856 2798 3901 et
2839 3847 2959 3902 aloe
3001 3846 3272 3920 conditur,
3306 3854 3363 3899 et

1787 3936 1969 3993 linteis
1996 3938 2290 3993 involutum
2311 3938 2600 4008 sepultura:
2619 3940 2980 3993 eommitthur
3006 3938 3191 4010 (Joan.
3222 3940 3359 4007 sis).

1863 4030 2022 4107 177
2044 4030 2179 4097 Quid
2200 4046 2328 4102 ergo
2352 4046 2450 4102 per
2472 4032 2707 4103 myrrha:
2738 4031 3077 4096 fasciculum,
3093 4032 3194 4087 nisi
3225 4030 3364 4087 mul-

1712 4118 1713 4121 “
1787 4121 1951 4193 tiplex
1980 4121 2323 4179 mortiﬁcatio
2346 4123 2693 4191 designatur?
2739 4110 2852 4177 Non
2883 4123 3027 4177 enim
3052 4121 3203 4186 dicit,
3245 4137 3364 4175 sur-

1785 4214 1940 4269 culus
1961 4214 2221 4284 myrrhae,
2230 4213 2312 4268 vel
2327 4213 2660 4269 ramusculus
2673 4214 2923 4284 myrrhae,
2938 4213 3032 4268 sed
3055 4212 3363 4277 fasciculus,

1787 4303 1987 4371 inquit,
2013 4303 2246 4378 myrrhae
2268 4302 2497 4361 dilectus
2525 4317 2679 4357 meus
2709 4301 2861 4355 mihi.
2905 4302 2981 4356 Ac
3003 4303 3047 4355 si
3074 4301 3219 4355 dicat
3240 4302 3366 4369 quia

1788 4392 1846 4445 in
1876 4392 2024 4449 omni
2075 4406 2161 4447 me
2206 4404 2322 4445 mea
2350 4391 2758 4446 conversatione
2785 4389 3070 4452 mortiflco,
3106 4397 3162 4442 et
3206 4390 3368 4443 nullis

1784 4486 1895 4556 jam
1924 4484 2156 4554 propriae
2177 4482 2468 4538 voluntatis
2490 4482 2743 4552 operibus
2772 4480 2913 4545 vivo,
2958 4480 3188 4534 dilectus
3216 4494 3367 4533 meus

1789 4588 1899 4628 non
1951 4574 2084 4628 mihi
2134 4573 2356 4641 simplex
2405 4572 2576 4625 factus
2612 4579 2693 4625 est
2734 4585 2938 4634 ramus,
2998 4568 3090 4623 sed
3134 4569 3367 4639 myrrha

1790 4665 2097 4721 fasciculus.
2154 4664 2304 4720 Unde
2343 4672 2396 4716 et
2445 4663 2767 4734 praedicator
2800 4660 3033 4715 eximius
3078 4676 3089 4712 :
3153 4676 3171 4709 ι
3233 4658 3364 4725 Ego,

1791 4756 1993 4823 inquit,
2008 4755 2255 4823 stigmata
2271 4753 2397 4807 Jesu
2415 4753 2466 4805 in
2488 4767 2717 4821 corpore
2734 4766 2850 4806 meo
2874 4759 3028 4814 porto
3052 4746 3193 4819 (Cal.
3214 4750 3310 4817 vi).
3343 4768 3361 4798 ι

1793 4846 1877 4901 Ad
1914 4862 2074 4915 quam
2111 4845 2361 4899 videlicet
2398 4843 2744 4912 multiplicem
2789 4842 3281 4902 mortificationem,
3314 4851 3367 4895 et

1793 4953 1896 4993 nos
1923 4952 2105 4991 secum
2144 4937 2414 4999 hortatur,
2440 4936 2624 4989 dicens
2648 4952 2663 4987 :
2701 4952 2723 4987 ε,
2751 4933 2975 5001 Semper
3000 4933 3370 4991 mortificatio-

1794 5046 1920 5087 nem
1959 5029 2084 5085 Jesu
2118 5030 2169 5083 in
2212 5043 2441 5096 corpore
2472 5036 2657 5082 nostro
2686 5025 3147 5086 circumferentes,
3210 5006 3271 5079 ιιῖ
3314 5031 3370 5079 et

1792 5120 1903 5179 vita
1928 5117 2053 5173 Jesu
2092 5111 2467 5173 manifestclur
2496 5117 2548 5171 in
2590 5131 2755 5170 carne
2799 5126 2981 5170 nostra
3024 5114 3233 5169 mortali
3283 5115 3367 5183 (11

1794 5208 1920 5267 Car.
1949 5210 2044 5277 iv).
2086 5229 2104 5260 ι
2139 5209 2219 5263 Ab
2256 5224 2321 5262 eo
2352 5223 2583 5276 namque
2607 5207 2751 5274 quod
2781 5221 3008 5276 corpore
3037 5216 3226 5261 nostro
3266 5208 3373 5261 cir-

1795 5300 2173 5364 cuniferimus,
2214 5299 2413 5351 nullam
2438 5297 2680 5363 corporis
2716 5306 2922 5363 partem
2952 5310 3171 5349 vacuam
3200 5310 3371 5349 reser-

1794 5406 2009 5449 vamus.
2059 5388 2150 5443 ille
2184 5403 2312 5457 ergo
2361 5385 2824 5439 mortificationem
2872 5384 2995 5439 Jesu
3047 5385 3097 5439 in
3146 5401 3371 5455 corpore

1794 5499 1895 5541 suo
1942 5479 2276 5542 circumfert,
2312 5478 2403 5547 qui
2436 5478 2502 5529 de
2536 5491 2594 5529 se
2631 5476 2734 5529 sibi
2778 5474 2911 5528 nihil
2958 5475 3235 5544 relinquit,
3278 5478 3368 5543 qui

1794 5591 1905 5633 non
1949 5573 2048 5626 sibi
2095 5570 2433 5627 sedChristo
2470 5570 2520 5621 in
2557 5566 2809 5621 omnibus
2832 5566 2993 5627 vivit;
3025 5569 3113 5634 qui
3141 5580 3287 5621 certe
3316 5582 3373 5622 se

1800 5680 1830 5722 a
1862 5662 2225 5723 voluntatibus
2258 5660 2491 5729 propriis
2533 5658 2771 5726 undique
2801 5654 3087 5725 crucifigit.
3132 5654 3228 5709 llic
3274 5657 3373 5709 ita-

1801 5767 1909 5819 que
1933 5752 2157 5807 dilectus
2201 5751 2436 5809 myrrha:
2472 5748 2758 5804 fasciculus
2789 5749 2881 5815 fit,
2911 5750 3037 5817 quia
3083 5750 3135 5801 in
3165 5752 3373 5805 cunctis

3457 1929 3661 1992 cordis,
3695 1938 3749 1983 et
3777 1927 3868 1997 qui
3902 1939 3988 1980 me
4012 1921 4356 1979 extrinsecus
4394 1932 4491 1989 per
4514 1914 4821 1986 esemplum
4852 1924 5041 1967 suaes-

3457 2031 3563 2091 ptae
3615 2018 3807 2073 mortis
3860 2020 4167 2085 exasperat.
4223 2024 4323 2080 per
4386 2006 4617 2062 infusam
4672 2002 4906 2075 gratiam
4954 2013 5043 2056 me

3458 2112 3660 2167 intima:
3677 2106 3961 2164 suavitatis
3984 2102 4279 2177 obdnlcat’;
4311 2100 4454 2157 sicut
4502 2099 4569 2153 de
4606 2095 4795 2152 eodem
4842 2107 5044 2165 sponsa

3457 2204 3652 2259 iterum
3677 2200 3849 2254 dicit:
3885 2217 3903 2249 ι
3943 2196 4180 2250 Dilectus
4208 2206 4360 2247 meus
4388 2187 4650 2246 candidus
4688 2198 4745 2241 et
4788 2183 5049 2241 rubicun-

3456 2296 3578 2358 dus,
3609 2294 3813 2347 eiectus
3840 2305 3905 2344 es
3936 2285 4171 2342 millibus
4202 2281 4382 2354 (Cant.
4412 2282 4488 2351 v).
4523 2299 4543 2332 ο
4591 2278 4870 2349 Candidus
4892 2276 5045 2331 vide-

3456 2386 3585 2440 licet
3620 2398 3687 2438 ει
3736 2380 3907 2452 gloria
3955 2376 4277 2441 divinitatis,
4330 2371 4661 2428 rubicundus
4710 2377 4892 2423 autem
4949 2380 5047 2437 per

3455 2476 3774 2547 sanguinem
3800 2472 4090 2543 passionis.
4119 2467 4345 2523 Electus
4361 2478 4493 2521 vero
4515 2478 4579 2517 es
4620 2460 4861 2516 millibus
4897 2457 5047 2513 dici-

3458 2546 3579 2629 tur,
3603 2566 3730 2635 quia
3771 2580 3839 2617 ex
3872 2562 4018 2617 omni
4050 2566 4365 2614 sanctorum
4399 2551 4750 2608 multitudine
4783 2546 4933 2603 solus
4960 2554 5049 2601 est

3458 2660 3549 2730 qui
3581 2658 3773 2727 dignus
3806 2655 3908 2708 fuit
3936 2651 4163 2705 audire:
4199 2665 4219 2698 ι
4257 2645 4357 2700 llic
4386 2652 4471 2698 est
4515 2642 4685 2696 Filius
4723 2639 4885 2695 'meus
4909 2636 5047 2692 dile.

3456 2769 3617 2819 ctus,
3669 2756 3721 2809 in
3782 2766 3892 2822 quo
3945 2748 4078 2805 mihi
4130 2745 4268 2801 bene
4314 2740 4617 2813 complacui
4674 2736 4900 2810 (leua.
4955 2751 5045 2800 tu,

3457 2846 3622 2911 xvii).
3674 2864 3693 2896 ι

3529 2936 3679 2989 lianc
3700 2932 3879 2988 dilecti
3913 2926 4374 3000 pulchritudinem
4410 2920 4747 2978 venerabiles
4780 2918 4899 2972 ista:
4934 2916 5048 2971 vir-

3458 3027 3611 3098 gines
3656 3022 3759 3077 nisi
3803 3020 3978 3075 oculis
4021 3017 4143 3071 fidei
4177 3015 4546 3070 indesinenter
4586 3011 4915 3080 aspicerent,
4968 3014 5049 3061 tot

3457 3096 3730 3175 {erumnas
3757 3126 3918 3183 atque
3945 3124 4233 3182 pressurus
4255 3106 4403 3161 velut
4426 3118 4670 3159 amarum
4716 3110 4881 3170 atque
4910 3096 5051 3153 mul-

3462 3209 3700 3279 tiplicem
3734 3206 3967 3277 myrrhae
3986 3200 4301 3257 fasciculum
4337 3197 4645 3252 nullatenus
4670 3191 5046 3263 pertulissent.

3460 3301 3627 3357 Plane
3670 3299 3774 3353 nisi
3807 3296 3871 3350 ad
3915 3296 4059 3348 illius
4089 3306 4313 3348 summa
4340 3286 4758 3361 pulchritudinis
4783 3284 5051 3339 accendeo

3465 3399 3654 3446 rentur
3675 3389 3977 3459 amplexus,
4013 3399 4355 3453 nequaquam
4382 3382 4450 3436 de
4480 3379 4603 3434 aula
4630 3378 4773 3449 regis
4797 3390 5047 3433 eremum

3463 3484 3727 3545 facerent,
3749 3490 3824 3543 et,
3838 3481 3977 3533 inter
3988 3475 4235 3530 carnales
4254 3472 4556 3527 etlubrieos
4577 3470 4846 3531 homines,
4858 3481 5051 3521 omnes

3463 3572 3644 3627 carnis
3673 3569 3959 3624 illecebras
3987 3575 4214 3636 pertres
4244 3562 4356 3617 fere
4383 3576 4647 3616 annorum
4679 3555 5050 3613 hebdomadas

3457 3660 3605 3731 iugis
3628 3658 3977 3713 continentia:
4001 3667 4261 3708 mucrone
4277 3658 4611 3705 truncarent.
4637 3646 4927 3702 Eratenim
4945 3644 5048 3705 eis.

3464 3752 3605 3806 sicut
3632 3750 3834 3803 dicitur
3862 3765 3874 3799 :
3911 3766 3929 3797 ι
3963 3753 4149 3815 guttur
4172 3742 4357 3813 sponsi
4385 3739 4789 3799 suavissimum,
4820 3744 4878 3790 et
4902 3743 5050 3788 totus

3465 3839 3838 3897 desiderabilis
3866 3835 4043 3907 (Cant.
4073 3834 4148 3905 v).
4170 3853 4189 3885 ι
4215 3831 4609 3887 Suavissimum
4633 3827 4814 3898 sponsi
4838 3833 5048 3897 guttur.

3466 3929 3695 3985 interior
3740 3936 3824 3981 est
3872 3924 4101 3981 dulcedo
4154 3922 4459 3977 verborum.
4514 3919 4570 3973 In
4623 3918 4804 3972 verbis
4847 3916 5050 3970 etenim

3465 4021 3667 4078 Christi
3710 4018 4059 4089 quamplures
4108 4014 4417 4084 intelligunt
4470 4011 4628 4066 facile
4678 4007 5047 4080 superﬁciem,

3466 4119 3655 4191 paucis
3675 4130 3806 4170 vero
3835 4116 4021 4168 datum
4049 4120 4133 4167 est
4172 4111 4485 4165 interiorem
4535 4116 4819 4178 penetrare
4860 4103 5049 4160 dulce-

3467 4210 3669 4270 dinem,
3702 4209 3767 4261 de
3797 4221 3901 4275 qua
3938 4219 4033 4273 per
4062 4203 4387 4274 Pmphetam
4429 4201 4671 4256 dicitur:
4724 4217 4744 4251 σ
4797 4197 5046 4262 Gustate,

3466 4309 3521 4354 et
3543 4300 3718 4351 videte
3741 4298 3993 4366 quoniam
4019 4295 4203 4348 suavis
4222 4301 4307 4347 est
4320 4287 4767 4359 Dominus(Psat.
4782 4288 5001 4359 nam).
5024 4306 5043 4338 ι

3471 4389 3575 4443 Sed
3603 4388 3693 4457 qui
3727 4388 3908 4441 suavis
3932 4395 4016 4439 est
4044 4387 4097 4439 in
4124 4393 4364 4453 gutture.
4395 4395 4640 4435 amarum
4673 4380 4815 4449 sapit
4851 4378 4906 4432 in
4927 4392 5047 4433 ore.

3472 4480 3625 4535 Unde
3652 4479 3912 4546 scriptum
3940 4485 4025 4530 est
4053 4494 4065 4527 :
4122 4492 4139 4525 ι
4174 4474 4340 4527 Labia
4386 4471 4531 4526 illius
4565 4469 4706 4523 labia
4734 4466 5051 4527 distillasstia

3396 4535 3444 4593 υ
3474 4574 3636 4644 178
3669 4535 3943 4642 myirham
3967 4570 4192 4640 primaut
4213 4564 4389 4635 (Cant.
4409 4564 4487 4635 v).
4511 4582 4528 4613 δ
4560 4562 4661 4617 Per
4690 4560 4832 4615 labia
4858 4575 5054 4630 ueinpe

3470 4666 3523 4717 in
3566 4673 3749 4729 guttur
3776 4677 3899 4715 esca
3930 4658 4217 4727 trajicitur.
4248 4655 4413 4709 Lahia
4455 4653 4622 4725 igitur
4657 4651 4861 4722 sponsi,
4889 4652 5051 4705 verba

3469 4766 3595 4809 sunt
3619 4754 4013 4823 Redemptoris.
4041 4753 4171 4817 Qum
4195 4748 4438 4819 profecto
4469 4746 4743 4817 myrrham
4765 4743 5051 4823 distillant,

3466 4850 3595 4917 quia
3637 4862 3731 4914 per
3779 4844 4254 4899 iriortiticationem
4306 4850 4360 4894 et
4407 4814 4823 4892 amaritudinem
4869 4814 5055 4890 carnis

3468 4936 3889 5007 perveniendum
3920 4947 4041 4988 esse
4081 4932 4279 4986 docent
4331 4928 4401 4983 ad
4447 4928 4767 4983 suavitatem
4826 4927 5054 4982 interna

3470 5026 3789 5080 dulcedinis.

3542 5118 3645 5171 Pw
3694 5118 3830 5171 hanc
3871 5112 4247 5168 amaritudinis
4275 5112 4441 5171 viam,
4489 5108 4687 5163 fratres
4720 5106 5052 5167 charissimi,

3472 5222 3616 5262 nunc
3648 5223 3771 5260 cum
3803 5206 3976 5259 beatis
4005 5204 4304 5274 virginibus
4330 5199 4642 5255 studeamus
4673 5198 4948 5261 incedere,
4998 5208 5054 5252 ut

3474 5310 3594 5350 cum
3625 5295 3824 5347 eisdem
3866 5294 4205 5363 postmodum
4252 5289 4318 5343 ad
4368 5287 4575 5357 regales
4628 5286 4817 5340 merui
4872 5288 5053 5354 sponsi

3480 5386 3692 5453 nuptias
3722 5400 4031 5437 nu:reamur
4073 5397 4194 5435 cum
4227 5379 4601 5434 benedictione
4643 5374 4947 5430 dulcedinis
4972 5377 5055 5430 in-

3480 5478 3663 5531 t;oire.
3710 5477 3792 5529 Ab
3830 5474 3986 5542 hujus
4026 5489 4122 5527 nos
4156 5472 4341 5525 (sterni
4376 5468 4629 5523 aviditate
4670 5466 4907 5520 convivii
4947 5482 5053 5520 non

3480 5568 3608 5619 falsa
3666 5568 3843 5619 carnis
3882 5564 4107 5619 dulcedo
4160 5561 4482 5619 demulceat.
4533 5573 4637 5611 non
4680 5554 4923 5609 laborum
4970 5558 5053 5609 in-

3481 5660 3784 5727 gruentium
3842 5658 4105 5724 asperitas
4140 5654 4397 5722 frangat,
4451 5663 4557 5703 non
4609 5646 4821 5701 sarcina
4875 5661 5053 5700 rerum

3484 5747 3858 5816 temporalium
3913 5756 4203 5815 aggravet,
4246 5759 4349 5796 non
4396 5739 4627 5794 ﬁliorum
4674 5734 4921 5799 affectus.
4972 5736 5056 5791 vel

5052 0 5226 41 'igi
