5232 6448
906 396 1013 453 695

2313 382 2550 440 SERMO
2584 380 2824 438 XXXVI.

4108 349 4233 413 σοι

906 514 1201 568 charorum
1260 503 1631 581 quorumlibet
1684 504 2030 562 necessuudo
2067 498 2343 567 retentet,
2390 515 2499 556 non
2528 507 2577 562 Α
2608 497 2890 567 dignitatis
2934 502 3073 550 utet
3118 506 3375 581 coronam
3415 490 3854 581 vitmperpetua:
3899 489 3955 536 el
3990 479 4229 581 in)???

903 601 1267 677 implacabilis
1313 614 1442 671 erga
1496 599 1805 672 proximum
1860 599 1941 653 ira
1996 594 2337 667 pra'pediat,
2391 606 2502 645 non

904 695 1252 766 acquirenda:
1276 691 1357 747 vel
1404 684 1691 761 acquisita:
1734 689 1816 745 rei
1846 686 2159 743 sollicitudo
2187 682 2501 753 restringat.

798 800 809 809 '
902 787 1263 859 Amputemus
1287 800 1317 839 a
1357 783 1517 839 nobis
1544 774 1738 837 omnes
1766 780 2022 835 vitiorum
2054 776 2197 833 male
2233 772 2505 845 pullulane

906 880 1042 935 tium
1075 878 1281 949 spinas,
1313 876 1593 949 abigamus
1620 874 1688 930 ah
1716 872 1891 930 oculis
1920 870 2353 927 cordisterreua:
2372 879 2503 920 con-

904 967 1255 1036 cupiscentiae
1284 964 1631 1029 tenebras,ut
1654 978 1778 1019 cum
1801 961 1977 1018 beatis
1992 956 2318 1028 virginibus,
2344 954 2504 1010 Flora
2526 968 2532 973 ‘

903 1057 1117 1115 scilicet
1147 1069 1202 1113 et
1228 1056 1456 1121 Lucilla,
1480 1054 1830 1112 elaboremus
1858 1050 2051 1108 ﬂorere
2090 1048 2405 1111 virtutibus,
2450 1053 2507 1102 et

904 1147 965 1204 in
999 1148 1264 1205 bonorum
1306 1161 1533 1219 operum
1586 1144 1707 1200 luce
1757 1144 2039 1208 vivamus,
2095 1148 2367 1211 quatenus
2405 1150 2507 1208 per

854 1294 857 1295 ν
901 1256 1096 1299 earum
1120 1242 1348 1321 vestigia
1371 1240 1705 1313 gradientes,
1736 1238 1864 1294 dum
1892 1251 1999 1293 non
2026 1236 2301 1291 haeremus
2324 1240 2503 1287 trans-

903 1333 1122 1401 itoriis,
1175 1335 1475 1391 inferamur
1510 1331 1779 1388 attentis:
1825 1339 1882 1385 et
1925 1330 2053 1385 dum
2104 1324 2505 1415 contemnimus

902 1426 1189 1492 mundum,
1218 1425 1602 1496 perveniamus
1647 1424 1716 1478 ad
1747 1422 2047 1478 Christum.
2078 1420 2181 1487 Qui
2220 1434 2346 1474 cum
2394 1417 2504 1473 Deo

901 1515 1069 1574 Patre
1087 1528 1145 1574 et
1170 1516 1374 1589 Spiritu
1399 1526 1590 1573 sancto
1622 1515 1756 1572 vivit
1781 1522 1836 1570 et
1864 1520 2059 1585 regnat
2085 1512 2138 1567 in
2165 1508 2367 1567 sarcula
2398 1523 2501 1564 sa:-

903 1594 1178 1664 culorum.
1206 1609 1401 1665 Amen.

1036 1690 1039 1693 ’
1441 1698 1679 1758 SERMO
1722 1696 1963 1755 XXXVI.

1113 1788 1180 1865 ne
1208 1808 1414 1851 suc-ro
1442 1809 1671 1850 nurrtxo
1700 1807 1975 1848 marrae.
2011 1789 2144 1862 (xxx
2166 1786 2309 1861 ιω.)

2609 563 2833 642 talitatis
2862 584 3058 640 stolam
3082 597 3207 637 cum
3234 580 3351 637 suis
3374 570 3667 633 animabus
3692 573 3802 628 sint
3844 563 4218 623 communiter

2607 686 2925 749 receptura;
2958 673 3092 746 quid
3132 672 3334 728 mirum
3377 669 3425 725 si
3472 681 3619 722 nunc
3667 660 4017 749 omnipotens
4069 656 4217 710 Deus

2605 746 2750 843 aptat
2785 770 2894 826 illis
2943 767 3063 824 loca
3112 762 3421 836 provideat,
3469 766 3527 814 et
3566 768 3759 813 eorum
3811 746 4050 847 tumulps
4088 756 4216 847 Anon

2604 838 2808 935 passim
2852 860 2940 917 vel
2968 875 3067 931 per
3098 870 3289 913 casum
3315 852 3460 918 ﬁeri,
3505 848 3715 939 sedeat
3758 857 3872 899 sum
3906 838 4217 939 voluntatis

2605 952 2875 1011 electione
2895 947 3184 1022 disponat?
3205 945 3501 1003 Enimvero
3514 948 3571 997 et
3585 936 3718 995 illud
3743 947 3887 1003 szepe
3908 945 4020 986 non
4038 936 4217 1032 otiose

2604 1046 2872 1125 quaeritur
2919 1059 3021 1100 cur
3052 1041 3355 1102 Abraham,
3412 1035 3508 1106 qui
3560 1047 3622 1125 se
3668 1045 3738 1086 ex
3770 1036 3929 1125 par-nte
3963 1035 4220 1125 corporis

2604 1109 2884 1209 pulverem
2912 1149 3035 1190 esse
3082 1129 3379 1213 conﬁtetur
3424 1135 3482 1183 et
3531 1124 3776 1213 cinerem
3826 1109 4217 1213 (damnvm),

2606 1203 2717 1283 tam
2745 1225 3095 1281 ambitiosam
3119 1207 3413 1293 sepultura:
3439 1229 3553 1272 sua
3573 1206 3974 1284 providentiam
3998 1203 4216 1266 habuit,

2605 1329 2666 1376 ut
2716 1334 2785 1375 ex
2832 1302 2982 1374 omni
3018 1309 3480 1386 peregrinationis
3523 1320 3637 1363 suae
3688 1298 3979 1397 latitudine
4036 1294 4216 1397 solam

2605 1409 2846 1475 Hebron,
2868 1405 3251 1464 Chananitidis
3278 1400 3535 1458 videlicet
3560 1390 3823 1466 regionis,
3866 1390 4116 1460 eligeret,
4156 1390 4215 1441 in

2603 1518 2711 1577 qua
2733 1503 2902 1561 etiam
2936 1516 3043 1558 non
3076 1513 3243 1572 parva
3272 1509 3485 1553 summa
3533 1489 3852 1584 speluncam
3884 1482 3989 1540 sibi
4036 1477 4215 1584 dupli-

2603 1570 2722 1652 cem
2760 1570 3157 1662 compararet?
3183 1586 3335 1661 (Gen.
3366 1582 3553 1655 xxm.)
3590 1578 3762 1637 Jacoh
3786 1586 4007 1647 quoque
4049 1570 4212 1635 filios,

2603 1692 2661 1741 et
2691 1660 2902 1756 Iosephi
2919 1682 3121 1738 fratres
3148 1678 3307 1746 suos,
3334 1677 3679 1734 obtestantes
3726 1668 3984 1740 adiurant
4018 1672 4079 1721 ut
4114 1678 4217 1721 eo-

2606 1799 2728 1840 rum
2748 1796 2875 1839 ossa
2894 1779 2961 1836 ad
2974 1778 3221 1836 eamdem
3246 1775 3565 1848 speluncam
3589 1777 3715 1842 post
3732 1767 3944 1824 abitum
3972 1758 4213 1819 transfe-

977 1861 1182 1950 Nostis,
1211 1883 1408 1941 fratres
1436 1884 1772 1950 charissimi,
1800 1884 1944 1940 sicut
1966 1852 2031 1939 ex
2061 1852 2349 1937 catholica:
2372 1876 2497 1932 fidei
2530 1870 2574 1930 Β
2604 1883 2729 1932 rant
2758 1873 2915 1947 (Gen.
2941 1871 3113 1943 xux).
3141 1868 3283 1938 Quid
3311 1875 3399 1924 est
3423 1880 3555 1937 ergo
3576 1859 3723 1934 quod
3747 1857 3922 1950 sancti
3938 1854 4075 1950 ‘viri,
4096 1852 4213 1950 _qui

904 1975 1220 2048 magisterio
1266 1976 1558 2044 didicistis,
1606 1976 1733 2047 quia
1781 1975 1837 2031 in
1889 1973 2093 2029 ultima:
2145 1966 2503 2055 discussionis

903 2067 1182 2133 examine,
1214 2082 1406 2123 omnes
1457 2067 1618 2123 simul
1645 2075 1701 2123 et
1736 2076 2054 2137 peccatores
2098 2073 2155 2119 et
2190 2061 2322 2133 justi
2374 2068 2504 2116 ante

905 2155 1146 2212 tribunal
1175 2157 1364 2212 κιεγηί
1396 2155 1605 2213 Judicis
1658 2172 1784 2212 cum
1837 2156 1953 2212 suis
2008 2163 2136 2211 sunt
2180 2152 2533 2223 corporibus.

904 2249 1218 2313 exhibendi,
1245 2249 1509 2321 Apostolo
1531 2257 1791 2314 testante,
1833 2248 1927 2320 qui
1954 2247 2031 2303 ait
2064 2264 2078 2301 :
2118 2264 2137 2298 ι
2170 2244 2374 2303 Omnes
2403 2257 2503 2298 nos

904 2345 1122 2409 oportet
1148 2338 1489 2394 manifestari
1518 2347 1646 2395 ante
1675 2338 1914 2393 tribunal
1942 2336 2167 2399 Christi,
2207 2342 2269 2389 ut
2298 2331 2504 2388 referat

903 2430 1276 2502 unusquisque
1333 2431 1552 2502 propria
1620 2429 1905 2502 corporis,
1954 2436 2117 2500 prout
2163 2424 2333 2498 gessit
2384 2424 2501 2480 sive

904 2520 1105 2577 bonum
1142 2522 1256 2578 sive
1284 2522 1485 2577 malum
1515 2520 1599 2594 (11
1628 2520 1764 2577 Cor.‘
1788 2521 1864 2593 v).
1898 2540 1916 2573 ι
1944 2520 2013 2576 Ει
2034 2512 2251 2591 reprobi
2280 2513 2498 2586 quidem

902 2611 974 2665 ad
1017 2612 1120 2668 hoc
1144 2622 1224 2678 ut,
1256 2614 1383 2683 quia
1417 2613 1508 2669 hic
1531 2628 1655 2669 cum
1686 2627 1854 2669 carne
1882 2612 2044 2669 simul
2069 2622 2125 2667 et
2156 2609 2335 2665 anima
2360 2606 2501 2663 Con-

903 2698 1098 2757 ditoris
1140 2702 1542 2772 sui-praecepta
1586 2701 1957 2769 calcaverunt,
2004 2717 2129 2759 cum
2161 2703 2350 2756 eadem
2389 2697 2501 2754 illic

902 2800 1137 2863 utraque
1194 2794 1501 2850 substantia
1550 2795 1876 2850 sententiam
1918 2792 2079 2863 justa:
2134 2792 2500 2849 damnationis

899 2884 1196 2954 excipiant,
1229 2894 1395 2955 atque
1435 2887 1727 2958 utrobique
1786 2886 2046 2957 deinceps
2092 2874 2499 2956 suppliciorum

901 2973 1319 3030 amaritudinem
1359 2976 1618 3038 sentiant,
1652 2978 1767 3047 qui,
1799 2978 1926 3032 dum
1977 2977 2251 3043 viverent,
2313 2975 2499 3047 pravis

899 3061 1016 3118 suis
1052 3062 1511 3131 delectationibus
1557 3082 1622 3123 ex
1664 3078 1898 3137 utroque
1942 3068 2273 3124 serviebant.
2323 3066 2496 3122 Electi

900 3157 1083 3205 autem
1111 3161 1189 3219 ut,
1210 3155 1337 3224 quia
1357 3170 1579 3213 carnem
1602 3172 1758 3213 suam
1792 3172 1938 3213 nunc
1959 3174 2082 3214 cum
2106 3157 2259 3213 vitiis
2290 3164 2345 3213 et
2370 3172 2498 3211 con-

2605 1976 2661 2023 et
2690 1942 3015 2038 praesentem
3030 1942 3199 2017 vitam
3223 1970 3278 2015 et
3293 1970 3512 2013 omnem
3530 1952 3716 2010 mundi
3741 1949 3969 2048 gloriam
3992 1942 4214 2048 sublimi

2603 2057 2805 2113 mentis
2850 2068 2978 2111 arce
3026 2052 3414 2123 despexerant,
3457 2055 3568 2101 tam
3610 2042 3825 2115 cupide,
3864 2046 3973 2094 tam
4026 2042 4211 2099 anxie,

2603 2158 2714 2206 tam
2745 2150 2987 2205 studiose
3036 2146 3105 2203 de
3131 2145 3253 2201 loco
3298 2142 3393 2200 ubi
3436 2155 3628 2198 eorum
3659 2136 4031 2195 conderentur
4055 2133 4213 2189 cine-

2602 2257 2714 2308 res,
2746 2240 3055 2311 litigabant,
3083 2237 3193 2294 nisi
3220 2236 3348 2308 quia
3378 2250 3481 2307 per
3519 2232 3799 2314 propheta:
3826 2227 4077 2329 spiritum
4108 2237 4217 2329 no-

2602 2343 2797 2391 verant
2828 2332 3166 2390 Salvatorem
3198 2328 3387 2386 mundi
3419 2328 3533 2383 illic
3563 2327 3630 2383 de
3670 2340 3770 2381 suo
3795 2322 4007 2378 semine
4034 2322 4218 2375 nasci-

2602 2402 2808 2495 turum,
2861 2430 2918 2478 et
2951 2422 3275 2492 sanguinem
3332 2418 3427 2490 qui
3465 2416 3654 2472 mundi
3694 2420 3925 2485 peccata
3975 2410 4225 2467 dilueret

2602 2518 2655 2573 in
2699 2517 2786 2573 illa
2826 2515 3144 2589 specialiter
3194 2513 3421 2585 regione
3470 2507 3854 2566 fundendum?
3902 2505 4058 2561 Sicut
4111 2518 4224 2575 pen

2598 2606 2947 2663 Psalmistam
2972 2606 3177 2662 dicitur
3202 2624 3217 2659 :
3255 2625 3273 2657 ι
3307 2603 3446 2675 Quia
3470 2602 3618 2659 Deus
3644 2607 3833 2655 noster
3862 2606 3989 2652 ante
4011 2594 4224 2652 saecula

2598 2708 2856 2771 operatus
2885 2707 2973 2756 est
2992 2697 3226 2754 salutem
3250 2697 3303 2752 in
3331 2695 3512 2752 medio
3534 2704 3693 2749 terrm
3717 2688 3893 2764 (Psaf.
3925 2686 4141 2757 ιχχιιι).
4183 2706 4203 2739 ι

2599 2791 2755 2859 Quod
2786 2792 3045 2848 nimirum
3089 2805 3406 2863 quanquam
3448 2790 3517 2844 de
3568 2787 3687 2860 ipso
3720 2782 3935 2840 Domini
3979 2795 4220 2852 corpore

2597 2883 2911 2952 specialiter
2954 2882 3130 2954 possit
3186 2881 3447 2954 intelligi,
3500 2883 3568 2937 de
3602 2880 3829 2951 regione
3887 2886 4068 2933 tamen
4114 2876 4217 2931 illa

2597 2988 2815 3045 quoque
2861 2974 2955 3029 ubi
3010 2974 3124 3046 pati
3184 2972 3444 3045 dignatus
3491 2982 3598 3037 est,
3639 2987 3763 3042 qua:
3813 2979 3966 3026 certe
4015 2967 4223 3023 mundi

2599 3064 2960 3121 meditullium
2986 3073 3092 3132 est,
3122 3081 3230 3121 non
3254 3065 3555 3137 incongrue
3579 3064 3686 3131 dici
3713 3063 3951 3120 videtur.

2666 3154 2725 3210 ln
2771 3154 3096 3215 Chananaeze
3147 3157 3314 3226 igitur
3371 3165 3519 3213 terra
3572 3153 3981 3215 sanctiPatres
4029 3154 4223 3210 nostris

898 3241 1245 3312 eupiscentiis
1271 3246 1590 3318 crucifigere
1605 3246 1811 3326 (Calai.
1834 3249 1889 3320 v)
1918 3263 2024 3303 non
2055 3249 2344 3313 desistunt,
2364 3263 2491 3303 eum
2520 3226 2567 3287 (ἶ
2600 3247 2835 3303 tumulos
2865 3247 3172 3318 elegerunt,
3206 3256 3267 3303 ut
3312 3247 3439 3304 inde
3482 3248 3558 3303 illi
3588 3254 3937 3303 mererentur
3960 3245 4219 3317 quando-

900 3329 1032 3400 ipsis
1051 3334 1164 3389 suis
1184 3338 1526 3405 corporibus,
1541 3339 1739 3409 quibus
1759 3339 2015 3395 videlicet
2035 3350 2293 3411 tanquam
2310 3340 2493 3395 taber-

866 3412 867 3415 “
900 3424 1110 3481 naculis
1134 3427 1187 3482 in
1218 3428 1398 3483 divina
1427 3430 1621 3485 militia
1649 3430 1730 3486 usi
1761 3441 1912 3498 sunt,
1944 3430 2011 3485 ad
2053 3445 2302 3501 superna:
2330 3429 2493 3486 clari-

836 3552 839 3553 ν
899 3516 1031 3572 tatis
1050 3518 1271 3588 gloriam
1300 3524 1702 3592 provehantur;
1729 3531 1807 3587 ut,
1830 3523 2010 3580 soluto
2025 3523 2232 3580 militiae
2253 3524 2487 3595 cingulo,

896 3620 1063 3663 unum
1117 3618 1243 3666 tunc
1294 3612 1525 3669 interior
1576 3624 1632 3669 et
1678 3615 1923 3671 exterior
1977 3615 2141 3671 homo
2188 3615 2492 3671 sortiantur

899 3695 1103 3765 quietis
1129 3709 1403 3769 perpetua:
1432 3702 1807 3773 municipium,
1854 3703 1946 3774 qui
1979 3704 2048 3759 ad
2079 3718 2247 3759 unum
2299 3718 2492 3773 perve-

897 3797 1094 3843 nerunt
1134 3805 1229 3860 per
1264 3792 1571 3846 communia
1601 3793 1741 3847 bella
1778 3794 2134 3864 triumphum.
2166 3793 2235 3849 Et
2290 3793 2489 3863 quibus

894 3889 1007 3930 una
1043 3875 1144 3945 fuit
1181 3893 1383 3950 pugna,
1434 3882 1625 3937 eadem
1663 3883 1739 3938 sit
1768 3883 2128 3939 nihilominus
2175 3892 2232 3939 et
2260 3900 2485 3941 corona.

892 3965 1027 4022 Illud
1054 3969 1210 4038 plane
1236 3972 1342 4027 erit
1361 3971 1657 4028 Sabbatum
1677 3984 1945 4041 nostrum,
1961 3975 2051 4035 ille
2072 3976 2335 4044 septimus
2356 3976 2489 4046 legis

890 4071 1091 4123 annus,
1121 4061 1208 4115 ille
1231 4062 1497 4118 veraciter
1521 4061 1978 4137 Jubilaausweut.
2006 4081 2105 4133 xv;
2138 4064 2304 4122 Leuit.
2330 4068 2484 4139 xxv).

892 4144 1193 4206 Sabbaturn
1214 4150 1414 4224 quippe
1436 4153 1690 4210 feriatum
1712 4171 1832 4212 esse
1854 4158 2187 4228 praecipitur,
2206 4166 2266 4213 ιιι
2284 4169 2487 4215 eterna

892 4251 992 4310 per
1039 4240 1148 4296 ilud
1196 4244 1411 4313 requies
1463 4244 1746 4316 figuretur.
1808 4247 1923 4304 Sub
1977 4248 2223 4319 ejusdem
2272 4267 2488 4323 quoque

890 4330 1092 4401 quietis
1122 4344 1339 4391 aeterna:
1368 4336 1451 4392 vel
1505 4340 1925 4395 resurrectionis
1972 4341 2321 4414 designanda:
2370 4361 2491 4418 my.

891 4424 1079 4492 sterio,
1113 4427 1167 4481 in
1196 4429 1429 4498 septimo
1459 4446 1604 4485 anno
1635 4431 1860 4488 libertas
1891 4434 2157 4490 redditur.
2185 4435 2239 4491 lu
2262 4436 2487 4494 .lubilreo

890 4522 1072 4569 autem
1098 4518 1241 4573 tubis
1280 4519 1558 4592 clangitur
1590 4532 1649 4577 ut
1678 4526 2053 4595 unusquisque
2082 4527 2150 4581 ad
2182 4531 2484 4597 possessio-

888 4618 1015 4662 nem
1043 4610 1317 4680 propriam
1346 4623 1676 4670 revertatur.
1711 4636 1729 4667 ι
1770 4616 1939 4673 Cauet
1962 4618 2107 4672 enim
2150 4621 2298 4686 tuba,
2346 4624 2486 4678 sicut

887 4698 1022 4755 dicit
1050 4704 1358 4773 Apostolus,
1388 4718 1443 4763 et
1470 4710 1692 4777 mortui,
1732 4714 1823 4782 qui
1863 4713 1916 4767 in
1959 4713 2181 4770 Christo
2215 4725 2362 4782 sunt,
2400 4732 2485 4771 rev

878 4805 1113 4873 surgent
1138 4795 1189 4868 (I
1221 4796 1346 4854 Car.
1372 4800 1485 4871 xv).
1528 4821 1545 4852 ι

959 4885 1038 4939 Ad
1065 4890 1433 4955 possessiones
1462 4907 1595 4963 ergo
1622 4896 1873 4966 prOprias
1899 4914 2089 4954 omnes
2134 4908 2261 4955 tunc
2300 4915 2482 4957 rever-

886 4980 1095 5042 tuntur,
1142 4977 1303 5049 179
1345 4980 1467 5049 quia
1503 4982 1554 5036 in
1587 4983 1677 5038 illo
1714 4986 1918 5041 ultimzc
1950 4991 2367 5045 resurrectionis
2394 4991 2482 5047 die

882 5066 1256 5137 unusquisque
1285 5073 1565 5142 proprium
1593 5090 1791 5146 corpus
1824 5080 2040 5151 recipit,
2088 5081 2140 5135 in
2168 5097 2305 5152 quo,
2352 5083 2479 5138 dum

879 5168 1206 5225 prtesentean
1233 5162 1399 5217 vitam
1446 5164 1692 5233 duceret,
1746 5169 2026 5225 habitavit.
2085 5172 2239 5230 Tunc
2281 5174 2477 5241 Adam,

882 5252 1016 5299 tunc
1054 5245 1187 5313 Noe,
1231 5259 1359 5307 tunc
1406 5269 1598 5311 omnes
1644 5260 1853 5330 antiqui
1904 5262 2115 5329 Patres,
2150 5265 2259 5320 imo
2288 5282 2480 5324 omnes

879 5334 1188 5391 mortalium
1217 5340 1411 5397 anima:
1441 5347 1507 5399 ad
1560 5348 1820 5403 amissam
1866 5353 2049 5407 carnis
2104 5369 2217 5410 sum
2258 5364 2469 5413 oterrant

881 5422 1129 5491 redeunt,
1155 5429 1244 5496 qui
1275 5443 1492 5502 recepta
1522 5452 1753 5506 corpora
1782 5454 1880 5494 sua
1910 5442 1963 5496 iu
1994 5453 2316 5514 perpetuum
2353 5462 2480 5517 pos,

875 5512 1151 5581 sidebunt,
1182 5528 1236 5572 et
1264 5522 1504 5590 perducti
1541 5526 1591 5580 in
1619 5526 1921 5585 libertatem
1952 5512 2184 5589 filiorum
2216 5535 2334 5601 Dei,
2354 5512 2473 5606 jam

876 5617 1070 5659 secure
1096 5609 1410 5678 gaudebunt
1436 5630 1627 5673 oumcs
1655 5620 1839 5675 servili
1871 5623 2475 5697 vinetdocom'uptitmis

875 5694 1129 5775 humanae
1150 5701 1333 5757 soluti.
2273 5694 2289 5697 ⁷
2318 5704 2321 5709 ί

948 5784 1080 5843 Cum
1122 5805 1254 5863 ergo
1310 5808 1622 5857 sanctorum
1674 5819 1903 5876 corpora
1955 5817 2116 5867 tanta:
2154 5810 2334 5866 futura
2366 5812 2473 5868 sint

2600 3354 2706 3410 que
2740 3354 3050 3411 resurgere,
3082 3339 3173 3395 ubi
3202 3338 3319 3417 ipse
3348 3338 3772 3396 resurrectionis
3816 3346 4030 3402 auctor,
4088 3336 4209 3393 Pri-

2599 3432 2908 3503 mogenitus
2957 3432 3213 3488 videlicet
3259 3433 3509 3488 vivorum
3562 3444 3617 3487 et
3666 3440 4009 3488 mortuorum
4042 3430 4095 3487 in
4145 3446 4213 3488 se

2597 3525 2852 3598 dignatus
2899 3535 2984 3583 est
3028 3526 3451 3583 resurrectionis
3502 3527 3747 3600 gloriam
3786 3527 4087 3585 declarare.
4139 3528 4218 3584 Et

2595 3614 2726 3687 quid
2754 3614 2986 3685 amplius
3011 3614 3190 3671 dicam
3223 3615 3290 3673 de
3335 3616 3561 3683 honore,
3599 3632 3763 3689 quem
3806 3618 4078 3674 bonorum
4117 3634 4209 3675 re—

2583 3714 2915 3785 imunerator
2938 3705 3089 3763 Deus
3102 3715 3420 3765 sanctorum
3448 3723 3674 3764 suorum
3694 3709 4023 3781 corporibus
4045 3710 4207 3766 exhi-

2596 3796 2723 3852 bet?
2751 3795 3198 3868 quandoquidem
3245 3798 3364 3869 ipse
3400 3798 3549 3866 Deus
3596 3800 3948 3871 omnipotens
3999 3800 4205 3874 Moysis

2596 3902 2795 3957 corpus
2826 3888 3081 3960 dignatus
3119 3899 3204 3946 est
3230 3890 3463 3962 sepelire
3499 3891 3682 3969 (Deut.
3714 3894 3928 3965 xxxrv),
3959 3904 4016 3951 et
4039 3894 4203 3951 Elisei

2594 3976 2848 4045 cadaver,
2881 3989 3156 4035 mortuum
3200 3981 3398 4053 legitur
3426 3985 3723 4041 suscitasse
3760 3984 3809 4057 (1
3827 3984 4021 4063 V’Rep.
4055 3988 4213 4055 xm).

2592 4068 2727 4137 lmo,
2743 4081 2802 4125 ut
2817 4085 3007 4127 verum
3032 4070 3228 4142 fatear,
3252 4077 3396 4147 quod
3418 4076 3470 4131 in
3485 4091 3653 4134 carne
3669 4078 3977 4136 viventibus
3993 4082 4203 4136 sanctis

2594 4160 2820 4216 minime
2836 4162 3085 4228 contulit,
3110 4164 3215 4219 hoc
3236 4180 3379 4236 saepe
3398 4166 3581 4222 divina
3607 4169 3946 4241 dispensatio
3968 4173 4203 4228 mortuis

2592 4252 2937 4323 prmrogavit.
2980 4252 3133 4324 Quod
3166 4256 3217 4311 in
3262 4258 3416 4312 Abdo
3459 4259 3671 4316 scilicet
3710 4260 3827 4315 viro
3872 4262 3976 4317 Dei
3997 4264 4206 4333 liquido

2591 4344 2963 4413 perpenditur,
2996 4361 3159 4417 quem
3185 4347 3457 4404 viventem
3494 4352 3716 4421 quidem
3742 4352 3826 4408 leo
3854 4356 4031 4425 potuit
4053 4357 4204 4411 occi-

2592 4449 2755 4490 surus
2794 4436 3068 4503 invadere,
3108 4439 3204 4494 sed
3250 4440 3486 4497 cadaver
3515 4440 3634 4510 ejus
3683 4459 4030 4517 nequaquam
4080 4465 4205 4518 per-

2594 4526 2793 4581 missus
2818 4536 2902 4582 est
2936 4529 3281 4600 aliquatenus
3314 4534 3519 4592 violare
3544 4535 3817 4608 (III'Reg.
3850 4540 3993 4609 xm).
4036 4558 4053 4592 ι
4079 4541 4204 4597 Pre-

2593 4616 2729 4672 tiosa
2760 4619 3017 4674 nimirum
3046 4622 3098 4679 in
3123 4634 3422 4694 conspectu
3453 4624 3667 4681 Domini
3702 4643 3852 4684 mors
3879 4639 4200 4687 sanctorum

2589 4706 2907 4777 cius(Psal.
2948 4715 3097 4783 cxv).
3137 4734 3155 4765 ι
3202 4713 3320 4769 Non
3370 4730 3503 4788 ergo
3553 4719 3754 4772 mirum
3809 4720 3852 4774 si
3903 4721 4086 4776 divina
4120 4723 4201 4777 di-

2586 4802 2864 4869 spensatio
2887 4817 3128 4874 congrua
3154 4814 3473 4860 sanctorum
3505 4807 3833 4878 corporibus
3862 4808 3977 4864 loca
4008 4809 4200 4867 distri-

2588 4892 2724 4957 buit,
2751 4900 2804 4947 et
2829 4908 2973 4948 nunc
3004 4895 3160 4964 quasi
3184 4897 3460 4965 quoddam
3489 4897 3801 4967 depositum
3835 4909 3997 4956 terrm
4039 4917 4196 4958 com-

2586 4984 2828 5049 mendat,
2871 5000 2992 5055 quae
3037 4988 3382 5056 postmodum
3423 4990 3609 5061 regnis
3659 4991 3977 5048 caelestibus
4011 5003 4195 5052 trans-

2585 5071 2808 5129 ferenda
2847 5076 3121 5132 restituat.
3170 5078 3278 5134 Sed
3303 5080 3437 5150 jam,
3464 5090 3691 5152 propter
3737 5085 3882 5155 quod
3921 5086 4021 5140 ista
4052 5102 4194 5155 pra:-

2586 5167 2857 5234 misimus,
2914 5170 2981 5225 de
3031 5171 3089 5225 Β.
3138 5171 3334 5229 Rquini
3381 5175 3662 5232 miraculis
3716 5178 3959 5233 breviter
4011 5179 4192 5252 aliqua

2583 5260 3034 5329 perstringamus.

2658 5351 2820 5423 180
2854 5352 3004 5410 Beati
3049 5356 3215 5427 igitur
3243 5359 3402 5429 hujus
3431 5364 3690 5434 martyris
3711 5380 3910 5435 corpus
3940 5367 4005 5421 de
4045 5366 4185 5422 Suh-

2582 5443 2738 5499 urbio
2772 5445 3097 5503 Assisiensis
3123 5452 3326 5521 oppidi,
3360 5454 3447 5508 ubi
3496 5457 3795 5525 antiquitus
3843 5458 4020 5513 fuerat
4050 5462 4189 5530 posi-

2583 5543 2719 5601 tum,
2756 5536 2895 5591 intra
2944 5542 3145 5596 mcenia
3190 5545 3537 5611 postmodum
3580 5547 3928 5619 fuitgentilis
3958 5550 4189 5619 impetus

2582 5633 2790 5680 terrore
2818 5630 3163 5685 translatum.
3191 5632 3431 5689 Labrum
3461 5648 3644 5693 autem
3676 5640 3969 5710 lapideum,
4005 5642 4057 5697 in
4080 5660 4189 5714 quo

2579 5718 2899 5789 przedictum
2931 5738 3130 5794 corpus
3160 5736 3287 5783 ante
3320 5726 3708 5803 jacuerat,per
3730 5733 3948 5804 longum
3978 5744 4185 5805 tempus

2580 5824 2733 5871 extra
2752 5831 2938 5875 muros
2968 5818 3145 5877 fuerat
3175 5823 3519 5883 derelictum.
3537 5826 3613 5885 De
3627 5843 3735 5901 quo
3758 5830 4017 5887 nimirum
4048 5831 4183 5886 inter
