5232 6516
1773 384 1885 441 ‘05

2427 377 2485 431 S.
2528 374 2734 430 PETRI
2772 369 3053 427 DAIIANI
3091 367 3240 425 OPP.
3281 364 3461 421 PARS
3502 362 3629 418 SEU
3674 357 3910 415 TOMUS
3947 354 4008 414 ΙΙ.
4051 385 4119 397 -
4156 350 4547 410 SERIONES.

1777 497 2030 566 populum
2056 503 2108 547 et
2154 492 2394 560 ligonem
2421 489 2661 557 ejusdem
2708 496 2835 541 tunc
2868 484 3014 539 sedis
3042 481 3352 551 episcopum
3383 485 3428 539 Α
3458 493 3576 531 rum
3607 474 4097 566 telis_opponerem,
4143 483 4335 538 magna
4366 466 4670 566 htmtin-um'
4681 471 4907 566 strages
4928 459 5033 566 fuat

1775 585 1956 657 gravis
1978 593 2063 638 est
2087 591 2207 636 orta
2224 580 2436 643 seditio.
2468 578 2769 647 Episcopus
2795 574 3062 645 siquidem
3085 571 3154 625 ad
3180 567 3354 624 eccle-

1774 674 1910 727 siam
1948 668 2007 721 B.
2037 659 2221 721 Ilarize
2250 682 2465 736 semper
2489 664 2737 733 virginis.
2776 678 2897 732 qua:
2937 676 3005 716 eo
3041 660 3147 715 loci
3179 659 3355 729 prima

1768 746 1932 829 sedes
1957 768 2072 825 est,
2111 756 2459 813 deferendum
2498 769 2619 813 esse
2659 754 2939 817 censebat,
2982 766 3051 805 eo
3102 750 3358 816 nimirum

1774 851 2001 908 consilio
2029 859 2087 904 ut
2109 850 2253 919 quod
2283 859 2459 904 mater
2492 846 2723 903 ecclesia
2749 858 2947 912 corpus
2972 843 3229 911 martyris
3252 856 3356 894 non

1774 942 2022 1013 haberet,
2058 941 2301 1009 quodam.
2317 938 2512 995 saltem
2536 936 2698 993 vacui
2726 934 2955 1005 sepulcri
2986 931 3179 986 solatio
3208 946 3357 985 com-

1773 1038 2048 1101 pensaret.
2100 1029 2333 1085 Ecoutra
2387 1027 2616 1099 populus
2665 1018 2946 1079 asserebat
2988 1022 3129 1075 inter
3174 1035 3357 1076 sacras

1774 1120 2037 1190 reliquias
2062 1120 2416 1190 etproprium
2448 1118 2709 1173 tumulum
2749 1114 3067 1170 divisionem
3103 1112 3219 1167 fleri
3250 1128 3354 1168 non

1775 1212 1993 1277 debere,
2036 1226 2138 1266 nec
2178 1210 2432 1265 humanis
2460 1223 2603 1264 nunc
2639 1203 3113 1261 adinventionibus
3138 1218 3358 1273 permu-

1775 1304 2021 1366 tandum,
2050 1302 2194 1371 quod
2210 1302 2281 1357 ab
2306 1302 2424 1371 ipso
2447 1296 2674 1370 gloriosi
2696 1296 2957 1367 martyris
2978 1303 3355 1350 consummato

1774 1394 2048 1464 triumpho
2100 1393 2379 1447 videretur
2438 1390 2703 1445 divinitus
2759 1388 3086 1441 institutum.
3149 1384 3356 1440 Taliter

1776 1486 1942 1555 igitur
1968 1484 2097 1540 hinc
2119 1495 2282 1554 atque
2307 1484 2434 1540 inde
2458 1483 2797 1538 certantibus
2826 1482 3035 1536 labrum
3081 1480 3354 1534 moenibus

1774 1576 1923 1631 urbis
1944 1574 2198 1642 infertur,
2226 1585 2283 1631 et
2300 1577 2370 1631 ab
2399 1576 2649 1645 utrisque
2676 1572 2837 1627 simul
2864 1570 3108 1642 partibus
3133 1568 3198 1624 ad
3221 1569 3352 1625 bivii

1767 1665 2046 1735 cuiusdam
2076 1666 2371 1737 compitum
2406 1664 2740 1735 pervenitur.
3148 1712 3153 1715 _

1836 1755 1951 1815 Illic
1976 1756 2159 1825 itaque
2202 1770 2326 1811 eum
2366 1755 2610 1810 fautores
2646 1752 2883 1823 episcopi
2927 1751 2995 1805 ad
3034 1749 3092 1803 S.
3142 1748 3346 1811 Mariae.

3451 567 3685 637 iaceret.
3710 561 3815 617 Sed
3844 577 3967 616 eunt
4008 560 4292 631 episcopus
4327 555 4505 610 adhuc
4541 553 4821 617 hasitans,
4857 564 4922 605 ne
4964 548 5033 603 1ιί)

3458 654 3675 724 quidem
3706 651 3887 706 verbis
3910 648 4209 721 presbyteri
4239 646 4395 701 fidem
4427 640 4840 699 accommodare
4866 640 5025 709 dispo

3458 753 3630 807 nerei,
3649 757 3773 797 ecce
3794 742 4037 812 quidam,
4058 740 4153 810 qui
4174 747 4488 794 contractus
4512 735 4710 801 fuerat,
4730 732 4978 805 gaudens
4990 743 5033 785 e'

3446 831 3731 887 exsultans
3770 829 3961 885 eodem
4013 828 4100 884 die
4144 843 4175 882 a
4218 825 4380 881 beato
4406 838 4468 880 se
4508 821 4720 879 [ulline
4773 820 5035 876 fatebatur

3457 932 3718 987 erectum,
3746 921 3958 992 sibique
3986 921 4053 975 ab
4073 919 4262 975 eodem
4290 917 4452 974 beato
4483 924 4721 986 martyre
4752 915 4857 969 hec
4888 926 5013 967 man

3456 1018 3639 1069 datum
3657 1013 3973 1083 perhibebat
4003 1012 4326 1082 iniunctum,
4357 1018 4416 1064 ut
4446 1008 4562 1067 hac
4592 1008 4705 1079 ipsa
4722 1015 4915 1062 cuncta
4943 1019 5031 1075 pel

3455 1108 3731 1169 ordinem,
3786 1122 3907 1177 qua:
3976 1105 4258 1176 presbyter
4309 1102 4608 1163 asserebat.
4664 1100 4782 1171 ipse
4824 1111 5036 1169 quoque

3458 1198 3803 1252 nihilominus
3838 1196 4093 1267 episcopo
4137 1194 4425 1250 nuntiaret.
4462 1191 4700 1248 Tandem
4730 1192 5037 1261 episcopus,

3455 1289 3597 1344 omni
3642 1287 3895 1358 scrupulo
3917 1287 4210 1343 dubietatis
4252 1294 4455 1351 amoto,
4493 1283 4635 1354 quod
4672 1282 4777 1338 sibi
4806 1282 5030 1350 impera-

3456 1390 3566 1433 tum
3595 1389 3676 1434 est
3719 1380 4097 1435 incunctanter
4121 1378 4460 1448 exsequitur,
4501 1386 4663 1446 atque
4705 1374 4761 1429 in
4808 1373 5039 1445 gratiam

3455 1488 3551 1526 suo
3581 1471 3774 1541 populo
3800 1471 4015 1525 donatis
4034 1470 4418 1524 oﬂ‘ensionibus
4442 1466 4758 1523 fmderatur.

3526 1561 3653 1623 Sed,
3678 1575 3747 1615 ne
3791 1561 3932 1630 apud
3961 1560 4194 1629 aliquem
4233 1558 4481 1613 fortassis
4506 1556 4794 1626 episcopus
4824 1568 5041 1608 navum

3454 1652 3889 1719 reprehensionis
3914 1650 4287 1718 incurratquia
4310 1648 4378 1703 ab
4397 1647 4621 1703 ecclesia
4642 1659 4741 1700 sua
4759 1647 4825 1699 ad
4846 1642 5038 1699 horam

3454 1742 3721 1796 dissidens
3765 1751 3951 1801 contra
4001 1741 4093 1796 Dei
4133 1740 4396 1811 judicium
4435 1738 4723 1803 sentiebat,
4768 1735 4922 1790 Isaac
4966 1733 5035 1788 ad

1764 1849 1977 1918 neliqua
2006 1823 2185 1904 autem
2216 1864 2343 1919 pars
2382 1848 2561 1919 populi
2610 1848 2677 1901 ad
2725 1845 2784 1899 Β,
2835 1844 3029 1899 [totum
3069 1844 3346 1898 basilicam
3384 1835 3424 1893 Β
3455 1832 3769 1885 memoriam
3797 1831 4134 1885 reducendus
4159 1840 4262 1890 est.
4294 1829 4385 1899 qui
4418 1843 4523 1882 non
4552 1825 4715 1890 Esau,
4742 1841 4773 1879 a
4801 1840 4859 1879 se
4882 1823 5036 1878 vide-

1764 1952 1982 1995 sacrum
2013 1938 2287 1993 vasculum
2319 1939 2639 2008 pertrahere
2668 1936 3019 1999 molirentur;
3060 1934 3144 1988 bis
3184 1945 3345 2002 atque

1762 2028 1869 2082 illis
1900 2028 1951 2081 in
1981 2028 2193 2083 diversa
2218 2028 2534 2093 nitentibus,
2560 2036 2838 2081 crescente
2859 2022 3063 2096 iurgio,
3086 2039 3154 2079 eo
3175 2040 3345 2091 usque

1761 2134 2071 2190 processum
2102 2130 2208 2183 est,
2233 2130 2291 2173 ut
2318 2118 2556 2174 furentes
2578 2133 2730 2172 arma
2755 2118 3117 2185 corriperent,
3145 2128 3202 2169 et
3226 2132 3343 2169 mu-

1762 2222 1882 2267 tuos
1925 2213 2065 2267 inter
2095 2227 2154 2266 se
2188 2213 2325 2266 ictus
2360 2213 2557 2265 amissa
2606 2209 2848 2265 confusae
2882 2208 3082 2262 mentis
3134 2206 3341 2260 ratione

1761 2303 2067 2358 miscerent.
2100 2302 2342 2356 Vibratis
2365 2286 2545 2370 itaque
2570 2300 2769 2370 gladiis
2811 2299 3059 2353 cominus
3087 2298 3340 2365 utrinque

1756 2395 2185 2459 concurritur,et
2211 2384 2369 2447 acres
2392 2392 2706 2447 ardentibus
2737 2390 2931 2445 animis
2959 2390 3026 2443 ad
3056 2388 3340 2457 inﬂigcnda

1754 2494 1940 2539 mutuo
1990 2483 2213 2537 vulnera
2253 2483 2676 2537 debacchantur.
2735 2481 2861 2543 Sed,
2910 2495 2943 2533 o
2997 2479 3335 2547 praedicanda

1752 2575 1934 2629 divina
1962 2560 2271 2636 clementia,
2302 2588 2424 2642 qua:
2452 2571 2705 2627 humanis
2728 2570 3017 2623 miseretur
3035 2568 3333 2633 erroribus,

1752 2672 1802 2717 et
1845 2678 1985 2733 sape
2009 2663 2191 2739 pravis
2235 2662 2434 2716 nostris
2483 2660 2855 2715 voluntatibus
2908 2660 3109 2721 obviat,
3147 2666 3208 2712 ut
3266 2659 3335 2711 ad

1752 2752 1922 2808 bonos
1943 2753 2122 2808 exitus
2150 2753 2267 2821 ipsa
2301 2752 2463 2806 etiam
2489 2752 2627 2805 male
2656 2760 2833 2819 coepta
2869 2750 3161 2819 perducat!
3196 2748 3334 2815 Quid

1750 2842 1933 2897 multis
1964 2841 2181 2896 morer?
2210 2839 2398 2895 Nullus
2424 2840 2533 2894 illic
2560 2839 2901 2901 vulneratur,
2928 2837 3073 2891 nulla
3103 2838 3334 2905 denique

1745 2946 1846 2987 nec
1873 2930 2048 2985 tenuis
2075 2930 2295 2999 quidem
2321 2938 2469 2999 gutta
2515 2928 2797 2998 sanguinis
2834 2926 3095 2990 funditur,
3145 2938 3331 2996 atque,

1744 3029 1805 3074 ut
1837 3019 2174 3074 mirabilibus
2223 3020 2403 3073 adhuc
2442 3017 2775 3071 mirabiliora
2818 3016 3131 3079 succedant,
3174 3032 3333 3069 sexa-

1742 3110 1887 3180 ginta
1908 3107 2022 3163 fere
2051 3108 2235 3188 viriex
2262 3116 2415 3177 parte
2438 3106 2679 3178 episcOpi
2706 3107 3025 3176 praedictum
3048 3107 3326 3160 vasculum

3451 1922 3571 1975 licet
3599 1921 3851 1983 electum,
3884 1921 3976 1975 sed
4005 1919 4170 1974 Iacob
4200 1919 4376 1988 potius
4403 1916 4471 1971 ab
4498 1931 4667 1970 uxore
4691 1914 5031 1985 suppositum

3449 2014 3719 2067 benedixit
3754 2010 3906 2079 (Ceu.
3939 2010 4130 2081 xxvu).
4152 2010 4216 2064 Et
4248 2009 4355 2063 illic
4378 2022 4507 2075 ergo
4530 2005 4763 2061 carnalis
4786 2019 4945 2067 uxor,
4979 2010 5037 2057 et

3448 2105 3533 2158 hic
3560 2102 3855 2171 spiritualis
3889 2117 4084 2171 sponsa
4114 2101 4245 2155 viris
4271 2100 4384 2154 suis
4410 2098 4462 2151 in
4491 2097 4724 2166 propria
4748 2096 5035 2151 sententia:

3445 2197 3759 2251 diversitate
3787 2194 4088 2262 praevaluit,
4115 2193 4239 2262 quia
4268 2192 4359 2262 qui
4384 2191 4565 2244 mutuli
4600 2189 4812 2244 infirma
4843 2187 5035 2257 elegit,

3444 2298 3503 2341 ut
3528 2287 3824 2340 c0ufundat
3858 2286 4014 2339 fortia
4048 2283 4099 2353 (I
4131 2283 4251 2337 Cor.
4284 2285 4347 2353 t),
4379 2282 4519 2350 Deus
4546 2281 4764 2351 utrique
4790 2293 5028 2335 consen-

3442 2377 3530 2430 sit.
3562 2375 3831 2445 Propheta
3858 2390 4072 2445 quoque
4102 2374 4269 2429 David
4296 2385 4613 2427 construere
4653 2370 4913 2440 templum
4934 2384 5025 2425 vo-

3442 2468 3538 2521 luit
3567 2466 3651 2537 (ll
3684 2466 3813 2536 Reg.
3838 2468 3957 2533 vlt),
4000 2467 4093 2521 sed
4133 2466 4235 2521 hoc
4258 2464 4331 2519 illi
4358 2479 4589 2533 superna
4612 2461 4897 2532 dispositio
4920 2475 5032 2516 non

3439 2558 3700 2624 permisit.
3748 2556 3894 2611 Inter
3942 2556 4166 2610 Paulum
4218 2571 4432 2625 quoque
4479 2564 4534 2610 et
4578 2552 4882 2608 Barnaham
4930 2567 5035 2623 pro

3438 2647 3644 2703 Joanne
3669 2649 3937 2718 quoddam
3955 2649 4181 2717 legimus
4210 2648 4559 2703 intervenisse
4583 2646 4864 2703 dissidium
4884 2648 5027 2717 (Acr.

3440 2742 3551 2807 xv),
3577 2749 3795 2809 propter
3814 2742 3955 2809 quod
3974 2752 4149 2795 tamen
4177 2755 4283 2794 non
4309 2739 4482 2794 solum
4498 2739 4775 2808 utriusque
4791 2737 5029 2808 apostoli

3439 2845 3543 2883 non
3578 2830 3920 2883 imminutum
3948 2839 4032 2884 est
4060 2831 4335 2892 meritum,
4366 2829 4460 2884 sed
4486 2830 4598 2898 ipse
4624 2841 4839 2898 quoque
4862 2826 5029 2880 disci-

3437 2920 3593 2987 pulus
3613 2921 3680 2973 ab
3706 2920 4016 2990 apostolica:
4038 2920 4337 2990 disciplina!
4362 2919 4511 2997 linea.
4528 2935 4634 2973 non
4659 2917 4883 2974 erravit.
4905 2914 5027 2970 Non

3435 3023 3563 3077 ergo
3578 3009 3772 3062 mirum
3796 3010 3840 3063 si
3866 3026 4008 3063 nunc
4026 3011 4185 3064 homo
4207 3008 4498 3079 aliquando
4515 3009 4721 3063 inscius
4742 3023 4773 3061 a
4797 3008 5029 3063 veritate

3437 3098 3739 3161 dissentiat,
3773 3114 3896 3152 cum
3924 3111 3978 3154 et
4013 3100 4142 3169 ipsis
4177 3099 4460 3169 apostolis,
4491 3108 4546 3154 et
4580 3100 4880 3170 prophetis.
4924 3099 5025 3153 hu—

1742 3176 1810 3257 ad
1834 3197 2129 3253 ecclesiam
2154 3176 2225 3249 'B.
2266 3176 2448 3251 hiat-ia:
2472 3176 2837 3251 conabantur
2885 3194 3185 3259 attrahere,
3237 3196 3331 3248 sed
3360 3176 3404 3237 C
3439 3188 3711 3241 manitatis
3745 3189 3948 3258 aliquid
3980 3190 4239 3245 accidisse
4281 3188 4683 3259 Scripturarum
4727 3188 5030 3243 auctoritas

1745 3286 1911 3341 nullis
1938 3286 2066 3341 illud
2092 3287 2303 3341 nisibus
2325 3286 2392 3341 de
2418 3287 2519 3341 loci
2547 3286 2630 3340 sui
2655 3286 2762 3339 lixa
2784 3295 3075 3355 potuerunt
3096 3286 3330 3340 statione

1739 3391 1979 3432 movere.
2008 3376 2087 3431 Ilii
2124 3376 2288 3447 igitur
2329 3392 2453 3431 eum
2478 3376 2591 3445 jam
2637 3392 2749 3445 pra:
2803 3374 3119 3431 lassitudine
3173 3376 3328 3430 fracti

1743 3467 1968 3523 omnino
2008 3466 2323 3530 deficerent,
2377 3468 2785 3522 et.vehiculum
2835 3468 3032 3537 lapidis
3088 3467 3329 3524 funditus

1745 3556 2117 3627 desperarent,
2144 3566 2274 3611 tunc
2297 3570 2366 3610 ex
2387 3555 2557 3619 altera
2581 3566 2735 3625 parte
2747 3556 2833 3609 vix
2850 3566 3057 3625 septem
3079 3557 3329 3612 homines

1737 3662 1926 3700 urnam
1958 3647 2337 3717 corripientes,
2368 3648 2435 3701 ad
2484 3647 2543 3701 S.
2587 3644 2781 3701 Bullini
2836 3648 3119 3702 basilicam
3175 3656 3325 3702 tanta

1740 3737 1887 3793 illam
1916 3738 2165 3807 permissi
2196 3747 2323 3793 sunt
2348 3738 2629 3794 celeritate
2655 3740 2973 3810 pervehere,
3022 3756 3086 3795 ac
3134 3741 3179 3795 si
3214 3756 3321 3795 non

1738 3825 1996 3897 lapidem,
2024 3830 2119 3882 sed
2146 3828 2425 3898 palearum
2449 3830 2630 3897 potius
2659 3830 2972 3883 viderentur
3008 3831 3324 3885 fasciculum

1734 3918 2008 3973 detulisse.
2042 3917 2187 3973 Illico
2226 3918 2408 3989 pepuli
2450 3923 2659 3974 clamor
2684 3920 3008 3973 exsultantis
3036 3920 3320 3985 attollitur,

1736 4007 2033 4075 gratiarum
2083 4008 2231 4063 actio
2288 4007 2487 4063 fautori
2533 4009 2644 4063 Deo
2694 4008 2813 4062 lteta
2866 4010 3217 4078 persolvitur,
3270 4021 3324 4067 et

3432 3279 3643 3346 ρτυικι.
3698 3280 3804 3334 Sed
3861 3282 3973 3335 lucc
4036 3280 4204 3345 alias,
4252 3294 4395 3333 nunc
4446 3268 4834 3349 ad‘proposita
4892 3278 5021 3333 red-

3430 3384 3634 3425 eamus.

3500 3460 3670 3515 Porro
3699 3463 3886 3517 eodem
3915 3464 4003 3519 die
4032 3465 4136 3517 duo
4181 3462 4307 3519 caci
4360 3463 4425 3517 ad
4472 3463 4642 3517 altare
4694 3464 4834 3518 beati
4869 3479 5025 3519 mar-

3432 3553 3567 3621 tyris
3643 3552 3928 3607 illuminati
4003 3563 4148 3608 sunt.
4215 3552 4322 3608 Sed
4374 3563 4429 3608 et
4505 3553 4643 3609 alius
4706 3553 5021 3610 debilitatus

3430 3641 3691 3697 membris
3742 3654 3798 3697 et
3846 3645 4162 3714 gibberosus
4211 3654 4423 3700 erectus
4481 3655 4567 3701 est
4612 3653 4667 3699 et
4713 3645 4873 3701 saluti
4920 3661 5023 3716 per

3425 3733 3605 3786 omnia
3656 3735 3957 3790 restitutus.
4013 3735 4088 3791 De
4122 3737 4319 3805 quibus
4347 3750 4509 3805 porro
4552 3736 4836 3792 miraculis
4877 3738 5018 3792 dun-

3427 3832 3577 3876 taxat
3611 3826 3736 3893 quid
3770 3825 3970 3878 factum
4000 3826 4090 3890 sit,
4125 3825 4281 3881 nobis
4324 3825 4528 3882 referre
4558 3826 4821 3893 sufﬁciat;
4852 3842 4923 3883 ne
4969 3829 5017 3884 si

3423 3914 3658 3982 qualiter
3682 3916 3821 3970 facta
3855 3917 4065 3987 singula
4098 3933 4195 3987 per
4221 3919 4298 3973 rei
4325 3928 4489 3988 gesta:
4514 3906 4762 3974 ordinem
4805 3918 5013 3975 referre

3426 4007 3822 4067 contendimus,
3867 4009 4144 4063 auditores
4180 4007 4436 4074 fortasse,
4469 4010 4617 4079 quod
4657 4010 4832 4065 absit!
4879 4010 5015 4067 laci-

1732 4097 1856 4167 quia
1882 4098 2001 4168 plus
2027 4099 2171 4161 Deus
2214 4115 2379 4154 unum
2428 4109 2548 4155 cum
2600 4100 2798 4170 populo
2840 4117 2938 4155 suo
2991 4103 3224 4157 senserit
3254 4102 3322 4155 ab
3423 4096 3562 4151 niosi
3604 4098 3727 4167 styli
3761 4099 4071 4167 prolixitate
4096 4115 4405 4169 gravemus.
4443 4099 4560 4171 Ipsa
4606 4116 4822 4172 quoque
4846 4103 5021 4158 min-

1732 4191 1984 4257 omnibus
2012 4189 2267 4246 alacriter
2294 4191 2621 4263 divulgatur.
2669 4192 2822 4246 Tunc
2850 4193 3083 4263 denique
3130 4194 3320 4264 proba-
3420 4184 3537 4240 cuia
3572 4189 3967 4250 enumeranda.
3999 4184 4252 4257 persequi
4284 4197 4480 4243 cuncta
4527 4190 4869 4262 negligimus,
4914 4192 5014 4246 sed

1731 4292 1847 4335 tum
1871 4290 1957 4336 est
1982 4296 2168 4336 verum
2196 4295 2316 4337 esse
2354 4281 2496 4351 quod
2527 4282 2725 4336 dicitur
2753 4300 2767 4334 :
2805 4281 2915 4336 Vox
2964 4282 3165 4352 populi,
3216 4298 3319 4337 vox
3422 4277 3567 4330 velut
3590 4291 3656 4330 ex
3691 4292 3885 4347 magno
3910 4278 4141 4347 quodam
4164 4277 4383 4333 ﬂumine
4409 4280 4665 4350 cyathum
4695 4280 5017 4336 haurientes

1732 4370 1848 4424 Dei.
2030 4446 2037 4450 .
3423 4367 3708 4431 trahimus,
3746 4383 3904 4435 quem
3938 4384 4100 4438 super
4144 4384 4386 4424 mensam
4428 4368 4630 4424 Christi
4673 4368 5015 4425 convivanti-

1760 4495 1767 4500 -
1799 4463 2043 4519 Accessit
2082 4471 2273 4517 autem-
2294 4461 2363 4516 ad
2396 4462 2469 4517 rei
2497 4461 2883 4517 certitudinem
2930 4471 2989 4517 et
3014 4465 3317 4534 ‘presliyter
3348 4516 3392 4534 ἢ
3423 4458 3519 4512 bus
3541 4457 3828 4512 salubriter
3848 4459 4214 4527 propinemus,
4254 4474 4321 4514 ne
4348 4460 4545 4513 mentis
4570 4460 4885 4515 stomachus
4920 4459 5009 4517 ia-

1732 4516 1989 4624 quidam,
2034 4554 2102 4607 ab
2156 4554 2272 4622 ipso
2301 4516 2559 4609 videlicet
2596 4553 2659 4608 B.
2718 4516 2951 4608 liuﬂinoi
2988 4516 3055 4608 ad
3106 4516 3320 4623 episco-
3348 4516 3395 4573 θ
3420 4550 3781 4619 surgitalione
3825 4516 4063 4619 gravari.
4092 4516 4420 4605 sed'sohrio
4468 4560 4597 4619 potu
4634 4553 5017 4609 tantummodo

1733 4658 1852 4711 pum
1880 4643 2098 4698 missus.
2128 4643 2263 4698 Nam
2300 4659 2431 4699 cum
2450 4644 2712 4717 pmfatus
2740 4646 3025 4715 episcopus
3052 4647 3315 4703 adversus
3420 4641 3539 4694 sitis
3566 4642 3737 4711 possit
3773 4641 3995 4696 auferri.
4036 4642 4114 4695 Ad
4161 4640 4265 4696 alia
4297 4641 4463 4712 igitur
4504 4641 5011 4699 adhucenarranda

1733 4748 1821 4789 eos
1878 4734 1969 4803 qui
2024 4735 2126 4789 sibi
2190 4724 2542 4799 restiterant,
2595 4752 2707 4791 non
2766 4736 2958 4795 leviter
3010 4750 3313 4795 wtnmotus
3421 4730 3701 4794 ιιιίτθουῙιιι
3730 4747 3799 4800 ιιυ

2943 4755 2958 4790 π
3010 4750 3313 4795 wtnmotus
3421 4730 3701 4794 miracula,
3730 4746 3975 4805 qureper
4004 4732 4255 4787 eumdem
4295 4732 4666 4788 beatissimum
4703 4723 5009 4804 martyre-

1734 4830 1907 4886 esset,
1968 4832 2133 4892 atque
2192 4822 2268 4877 illi
2318 4834 2581 4893 pararent
2612 4826 2721 4901 sibi
2763 4824 2921 4895 digne
2974 4826 3321 4895 satisfacere,
3418 4822 3676 4876 divinitus
3699 4833 3825 4877 sunt
3856 4833 4096 4888 ostensa.
4127 4839 4415 4895 pergamus
4642 4839 4651 4846 δ

1732 4922 1783 4967 et
1847 4912 2039 4975 devota
2090 4913 2242 4968 illum
2299 4913 2607 4970 humilitate
2680 4915 2931 4985 placare,
2994 4920 3311 4989 presbytero
3488 4913 3591 4968 Per
3623 4916 3761 4969 idem
3789 4916 3967 4985 itaque
3999 4926 4208 4986 tempus
4238 4917 4323 4971 vir
4348 4917 4566 4985 quidam
4606 4932 4715 4973 non
4765 4917 5009 4976 ferenda

1733 5017 1880 5073 prem
1935 5004 2213 5079 diximus,
2272 5020 2370 5075 per
2422 5007 2598 5060 visum
2652 5005 2842 5061 beatus
2894 5018 3101 5078 martyr
3148 5024 3311 5077 appa-
3414 5006 3652 5059 vesaniae
3692 5007 3927 5060 crudelis
3972 5018 4023 5059 et
4061 5006 4265 5075 rigidus
4308 5006 4647 5077 paupercula:
4678 5007 4888 5064 mulieri
4932 5010 5007 5067 de

1732 5091 1854 5158 .uit,
1911 5094 2072 5164 eique
2125 5095 2506 5179 dixit:Vadc.
2549 5104 2606 5150 et
2656 5096 2746 5151 dic
2793 5098 3066 5167 episcopo,
3119 5100 3167 5157 si
3224 5116 3310 5155 me
3414 5096 3496 5149 sui
3538 5094 3676 5162 juris
3720 5112 3849 5165 agro
3904 5097 4208 5150 chartulam
4253 5096 4478 5163 fecerat,
4522 5114 4685 5168 quam
4714 5108 4844 5155 tunc
4871 5104 5009 5177 eum

1734 5196 1828 5235 .ion
1864 5182 1997 5257 vult
2047 5178 2365 5250 oﬂ‘endere,
2425 5183 2851 5266 satisfactionem
2916 5188 3224 5258 quamlibet
3278 5205 3306 5241 a
3412 5186 3589 5255 magni
3624 5184 4467 5254 furorisimpetucontumaciter
4487 5189 4825 5259 requirebat;
4854 5174 5013 5247 unde

1733 5272 1917 5344 ,topulo
1947 5288 2054 5328 non
2082 5274 2331 5344 recipiat,
2366 5278 2461 5332 sed
2493 5278 2661 5348 gratis
2696 5280 2746 5334 ei
2793 5295 2986 5349 puram
3022 5282 3104 5335 sui
3157 5297 3309 5336 amo-
3411 5288 3466 5331 et
3496 5279 3686 5331 bovem
3716 5278 3839 5341 sibi,
3862 5286 3911 5329 et
3940 5293 4099 5331 unam
4126 5280 4360 5332 securim
4384 5278 4650 5333 violenter
4671 5278 4999 5345 abstulerat,

1730 5364 1797 5420 ris
1820 5372 1875 5419 et
1914 5364 2309 5440 benedictionis
2347 5369 2579 5438 gratiam
2610 5370 2819 5425 reddat.
2869 5370 2983 5425 Mea
3035 5372 3301 5441 siquidem
3413 5368 3580 5423 robur
3607 5370 3854 5424 videlicet
3876 5372 4187 5425 domestica:
4208 5370 4479 5425 facultatis
4496 5381 4551 5425 et
4571 5385 4723 5439 spem
4748 5372 4999 5441 regendi:

1730 5451 1875 5526 [81
1900 5454 2001 5509 hoc
2024 5463 2235 5527 gestum
2258 5465 2345 5513 est
2363 5457 2659 5523 voluntate,
2686 5467 2745 5512 ut
2768 5459 3040 5513 vasculum
3072 5459 3201 5513 illud
3234 5460 3301 5515 ad
3411 5458 3645 5514 familias.
3679 5461 3830 5527 Quod
3855 5462 3942 5515 illa
3975 5477 4083 5530 pra:
4109 5461 4294 5527 dolore
4320 5477 4427 5517 non
4469 5462 4651 5517 ferens
4689 5478 4812 5523 cum
4858 5477 4993 5515 ron-

1734 5558 1893 5599 tteam
1913 5544 2220 5603 deferretur
2246 5549 2569 5612 ecclesiam;
2616 5552 3102 5621 quatenus’meum
3136 5554 3187 5607 in
3236 5570 3300 5609 eo
3408 5552 3651 5607 tribulati
3698 5555 4059 5608 amaritudine
4090 5554 4315 5624 spiritus
4358 5554 4646 5610 ecclesiam
4687 5552 4750 5608 Β.
4790 5552 4993 5609 Ruﬁni

1730 5637 2092 5704 .orpusculum
2126 5639 2304 5696 denuo
2340 5642 2686 5698 recondatur.
2718 5642 2941 5699 Noverit
2959 5643 3118 5699 etiam
3148 5644 3295 5715 quia,
3404 5644 3724 5699 festinanter
3741 5645 4059 5715 ingreditur,
4082 5655 4208 5700 ante
4233 5644 4405 5701 altare
4426 5644 4789 5715 prosternitur
4806 5644 4993 5717 ια.

1726 5723 1819 5781 nisi
1849 5742 1949 5803 ego
1979 5727 2083 5784 illis
2119 5731 2570 5790 tumultuantibus
2609 5734 2936 5793 interessem
2968 5750 3161 5808 meque
3206 5752 3297 5794 eo-
3405 5748 3564 5809 atque
3594 5749 3649 5793 ut
3690 5740 3790 5794 sibi
3832 5740 3885 5795 in
3915 5749 4075 5795 tanta:
4102 5741 4431 5799 calamitatis
4477 5738 4706 5799 articulo
4732 5738 4997 5798 subveni-
