5232 6448
832 359 934 417 697

2251 338 2383 396 SER
2392 339 2486 396 MO
2528 339 2764 395 XXXVI.

4044 331 4148 386 618

833 481 922 530 ret
962 463 1388 539 lacrymabiliter
1446 461 1790 530 deprecatur.
1843 455 1984 523 Quid
2031 455 2221 526 plura?
2269 454 2437 509 Adest
2467 456 2512 515 Α
2544 454 2672 514 loci,
2701 466 2860 523 quem
2910 449 3179 514 incolunt,
3232 447 3473 504 lnsulani
3504 462 3788 513 vocantur,
3840 442 3960 516 ipso
4000 458 4148 514 pra:-

838 560 1056 620 tandem
1083 556 1265 612 divina
1311 549 1709 614 misericordia,
1750 557 1807 602 et
1833 562 1958 601 mox
1993 556 2051 600 ut
2091 547 2160 599 ab
2190 543 2438 599 oratione

838 647 1136 716 consurgit,
1161 645 1348 715 jacere
1384 643 1438 697 in
1468 641 1784 711 pavimento
1833 638 2071 692 securim
2105 650 2258 690 suam
2310 643 2439 688 ante

839 741 1003 813 pedes
1038 737 1267 794 attonita
1319 732 1609 805 conspicit.
1650 729 1799 785 Illico
1842 742 2051 784 maeror
2075 727 2337 782 nimirum
2383 727 2439 780 in

837 830 1082 887 laetitiam
1123 827 1376 892 vertitur,
1409 833 1463 879 et
1509 823 1671 893 digna
1721 821 1833 883 Deo
1873 819 2175 890 gratiarum
2218 817 2365 872 actio
2409 831 2441 871 a

840 921 1052 982 cunctis
1117 920 1212 991 qui
1265 919 1519 980 aderant,
1590 913 1925 969 unanimiter
1973 909 2279 966 exhibetur.
2331 906 2440 962 Sed

841 1028 974 1070 ecce
1013 1017 1200 1081 raptor
1222 1006 1496 1078 negotium
1525 1002 1704 1058 adhuc
1733 1016 1847 1056 suae
1872 998 2249 1071 perversitatis
2278 1012 2441 1051 exse-

838 1103 1046 1175 quitur,
1075 1107 1126 1153 et
1156 1098 1394 1168 praefata:
1414 1092 1650 1158 mulieri,
1682 1092 1784 1147 nisi
1814 1089 2210 1146 monimentum
2247 1085 2441 1142 redde-

841 1201 944 1258 ret,
971 1191 1309 1262 supplicium,
1332 1187 1718 1243 comminatur.
1764 1183 1866 1252 Qui
1894 1192 2075 1238 tamen
2103 1197 2227 1236 mox
2269 1192 2327 1234 ut
2357 1194 2445 1234 se-

840 1283 1014 1339 curim
1044 1291 1152 1338 tam
1183 1279 1509 1336 mirabiliter
1539 1277 1811 1334 redditam
1852 1275 2064 1340 didicit,
2094 1271 2360 1330 confusus
2386 1279 2442 1326 et

839 1375 1209 1447 stupefactus,
1230 1373 1466 1444 expavit,
1506 1373 1702 1428 bovem
1746 1369 2002 1434 reddidit,
2060 1365 2441 1439 paenitentiam

839 1469 970 1541 egit,
999 1477 1161 1538 atque
1195 1481 1411 1522 onmem
1442 1464 1746 1536 querelam,
1776 1477 1940 1533 quam
1977 1470 2204 1517 eatenus
2243 1459 2440 1513 adver-

842 1574 938 1615 sus
982 1573 1102 1614 eam
1134 1556 1424 1620 habuerat,
1461 1555 1648 1610 sedata
1678 1553 1846 1608 animi
1878 1552 2099 1607 feritate
2133 1549 2353 1621 sopivit.

912 1649 1181 1706 Praterea
1211 1647 1497 1703 duodecim
1528 1643 1680 1701 fures
1723 1645 1958 1699 invicem
1985 1643 2362 1712 compirante‘s
2390 1639 2444 1693 in

841 1743 1062 1797 domum
1094 1739 1375 1810 cujusdam
1439 1738 1628 1794 rustici
1675 1736 1952 1792 hostiliter
1992 1737 2302 1790 irrueruut.-
2337 1732 2438 1800 Qui

2543 546 2708 600 clara:
2751 543 2910 615 183
2959 542 3275 598 festivitatis
3309 541 3400 596 die
3435 540 3807 620 irreverenter
3835 538 4149 598 abutentes,

2543 647 2831 708 coeperunt
2862 653 2986 692 cum
3019 635 3134 692 suis
3167 633 3506 691 mulierculis
3549 648 3658 689 non
3699 633 3862 688 modo
3893 630 4152 686 textrinis

2542 731 2801 800 operibus
2827 731 3088 784 audacter
3133 729 3414 805 insistere,
3444 733 3637 782 verum
3669 728 3838 782 etiam
3868 727 4151 781 ruralibus

2543 820 2820 875 exercitiis
2853 820 3080 887 liberius
3101 820 3378 874 insudare.
3405 818 3513 874 Sed
3539 819 3790 888 protinus
3821 819 3875 872 in
3904 833 3999 878 eos
4022 833 4150 872 sen-

2544 911 2712 966 tentia
2741 911 3467 976 divinaaanimadversionis
3495 910 3804 975 ulciscitur,
3842 919 3897 964 et
3923 909 4153 980 ﬂagellis

2543 1004 2742 1059 eruditi
2777 1003 2842 1058 ad
2876 1019 2973 1058 cor
3003 1005 3251 1064 redeunt,
3295 1002 3389 1072 qui
3421 1017 3518 1057 cor
3542 1003 3754 1058 habere
3784 1002 3839 1057 in
3869 1004 4154 1073 prosperi-

2545 1106 2657 1152 tate
2689 1096 3003 1152 noluerunt.
3037 1094 3108 1151 Ut
3131 1096 3212 1150 eis
3257 1095 3542 1165 aptissime
3566 1108 3875 1164 congruere
3905 1094 4156 1149 videatur

2544 1190 2687 1261 quod
2720 1182 2817 1260 per
2846 1191 3168 1259 prophetam
3214 1189 3416 1242 dicitur
3455 1205 3468 1241 :
3523 1208 3541 1239 ι
3573 1186 3792 1251 Redite,
3823 1185 4155 1258 praevarica-

2533 1291 2712 1348 tores,
2743 1282 2811 1335 ad
2855 1297 2950 1336 cor
2982 1281 3120 1351 (Ira.
3159 1278 3328 1354 xcvi).
3384 1297 3403 1331 ι
3439 1277 3574 1334 lllud
3605 1279 3775 1333 etiam
3803 1294 3817 1331 :
3849 1299 3867 1330 ε
3897 1277 3966 1332 Et
4006 1292 4157 1338 nunc

2546 1376 2688 1445 ignis
2715 1373 3066 1429 adversarius
3098 1372 3395 1428 consumit.
3429 1390 3447 1423 ι
3485 1369 3623 1425 Nam
3664 1385 3822 1425 casas
3848 1384 4040 1424 eorum
4067 1383 4158 1424 re-

2546 1475 2709 1536 pente
2757 1463 2975 1518 ﬂamma
3021 1464 3328 1534 corripuit,
3374 1471 3432 1517 et
3473 1462 3804 1530 nonsolum
3855 1459 4160 1516 domestica

2546 1572 2795 1627 quaeque,
2823 1557 2916 1612 sed
2942 1573 3064 1635 quae
3098 1557 3151 1610 in
3181 1556 3330 1625 agris
3371 1564 3546 1639 erant,
3581 1554 3762 1608 omnia
3798 1552 4162 1622 inexstingui-

2545 1649 2747 1706 bilibus
2771 1648 3156 1720 conﬂagravit;
3183 1649 3319 1703 adeo
3351 1656 3412 1701 ut
3441 1647 3688 1702 infelices
3712 1646 3786 1700 illi
3811 1647 3865 1700 in
3896 1645 4162 1700 extremis

2544 1738 2656 1808 jam
2687 1731 2944 1810 periculis
2968 1739 3273 1802 constituti,
3309 1738 3376 1792 ad
3424 1753 3645 1794 amnem
3679 1737 3808 1799 hinc
3856 1736 3982 1791 inde
4023 1748 4161 1791 con-

842 1835 1072 1905 ligantes
1098 1806 1224 1888 eum
1254 1832 1453 1902 primo,
1485 1831 1682 1887 deinde
1730 1830 1902 1884 boves
1937 1838 1994 1883 et
2019 1836 2218 1884 caetera
2241 1826 2437 1881 domus
2470 1806 2513 1864 Β
2541 1806 2791 1898 ﬂuerent,
2817 1841 2873 1891 ει
2897 1833 2949 1886 in
2978 1833 3152 1902 ipsum
3191 1830 3424 1901 gurgitis
3471 1829 3686 1884 alveum
3741 1843 3980 1884 accensa
4016 1842 4161 1898 quae.

838 1921 1095 1977 animalia
1133 1919 1453 1991 diripientes
1494 1920 1743 1990 protinus
1776 1918 2048 1974 abierunt.
2094 1916 2306 1971 Interea
2350 1929 2440 1968 ru-

839 2011 1015 2067 sticus
1049 2001 1479 2081 lacrymabiliter
1510 2008 1940 2072 vociferabatur,
1968 2016 2025 2061 et
2066 2004 2440 2077 gemebundus

839 2101 1022 2156 aiebat
1062 2119 1075 2154 :
1128 2099 1266 2164 Heu,
1298 2108 1490 2154 sancte
1528 2096 1760 2164 Ruﬂine,
1808 2097 1993 2166 aspice
2035 2097 2319 2158 miserum,
2355 2108 2442 2147 re-

839 2192 960 2247 leva
995 2192 1309 2248 calamitate
1335 2192 1682 2261 depressum;
1714 2204 1815 2244 nec
1843 2189 2053 2259 placeat
2081 2188 2181 2242 tibi
2212 2198 2272 2240 ut
2304 2201 2438 2257 pra:-

838 2283 1010 2338 dones
1051 2290 1106 2337 et
1125 2281 1444 2351 nequissimi
1490 2280 1740 2335 homines
1777 2295 1911 2334 mea:
1945 2277 2280 2334 facultatula:
2310 2261 2443 2348 pau-

838 2383 1053 2447 pertate
1073 2377 1333 2431 ditentur.
1382 2373 1464 2428 Ad
1514 2375 1656 2428 hanc
1704 2373 1870 2440 igitur
1914 2386 2124 2434 vocem,
2157 2371 2294 2424 mira
2323 2371 2437 2424 res!

839 2481 964 2522 cum
987 2464 1101 2534 jam
1134 2474 1385 2534 raptores
1408 2461 1662 2518 animalia
1703 2470 2120 2533 prosequentes,
2153 2460 2440 2516 duodecim

838 2553 1111 2608 milliariis
1163 2552 1280 2607 fere
1335 2551 1688 2614 transmissis,
1734 2551 1923 2620 procul
1979 2549 2263 2614 abiissent,
2316 2563 2444 2603 ecce

837 2655 1052 2704 oumes,
1087 2641 1178 2709 qui
1211 2640 1406 2709 direpti
1439 2637 1677 2702 fuerant,
1705 2652 1919 2709 greges,
1972 2636 2220 2692 halantes
2244 2647 2299 2692 et
2321 2653 2443 2692 mu-

839 2730 1056 2800 gienles
1083 2738 1402 2792 accurrunt,
1430 2735 1484 2782 et
1511 2727 1653 2780 intra
1684 2727 1868 2780 caulas
1891 2741 1950 2779 se
1978 2727 2141 2781 solito
2175 2742 2328 2781 more
2354 2742 2456 2781 re—

837 2820 1067 2890 cipiunt.
1115 2819 1316 2888 Sicque
1353 2818 1673 2889 factumest
1725 2827 1785 2871 ut
1815 2817 1914 2878 illi,
1957 2833 2080 2886 qua:
2110 2831 2223 2886 prae
2265 2817 2445 2870 mani-

838 2910 943 2965 bus
962 2910 1163 2964 habere
1190 2909 1531 2972 videbantur,
1548 2917 1772 2977 repente
1795 2907 2002 2962 sublata
2029 2908 2443 2978 congemereut;

838 3010 893 3055 et
920 3001 1041 3062 iste,
1074 3013 1194 3068 quae
1235 2996 1486 3063 deﬂebat,
1515 2991 1718 3052 amissa
1749 2998 2041 3066 recipiens,
2078 2998 2257 3052 versis
2298 3005 2449 3051 utru-

837 3094 1005 3162 bique
1029 3090 1246 3146 vicibus
1267 3091 1588 3150 exsultaret.
1625 3089 1771 3144 Visis
1801 3089 1986 3158 itaque
2025 3097 2105 3142 tot
2133 3088 2444 3150 virtutibus,

2543 1939 2649 1994 que
2688 1922 2981 1992 jactarent.
3016 1919 3124 1976 Sed
3157 1929 3218 1974 ut
3245 1920 3532 1990 perspicue
3556 1918 3880 1988 probaretur
3920 1917 4024 1973 hoc
4048 1932 4158 1972 non

2545 2029 2755 2080 casum,
2800 2013 2895 2068 sed
2932 2012 3102 2066 divini
3152 2010 3354 2065 furoris
3394 2025 3519 2065 esse
3557 2009 3823 2064 indicium
3847 2050 3860 2075 ,
3894 2008 4163 2080 quidquid

2543 2103 2914 2174 mergebatur,
2943 2101 3219 2168 exstingui
3258 2116 3367 2155 non
3414 2107 3653 2170 poterat.

2617 2193 2753 2247 Miro
2782 2194 2966 2262 itaque
2998 2191 3160 2246 modo
3185 2190 3516 2246 elementum
3549 2188 3681 2243 illud
3723 2188 3869 2242 vires
3899 2188 3984 2243 sui
4021 2187 4168 2257 juris

2544 2294 2600 2339 et
2626 2284 2824 2354 partim
2857 2283 3077 2337 tenebat
3105 2291 3162 2335 et
3196 2295 3270 2335 ex
3302 2288 3460 2350 parte
3489 2279 3825 2348 perdiderat.
3849 2277 3985 2333 Nam
4009 2288 4064 2334 et
4099 2279 4164 2333 li-

2544 2375 2709 2445 quida
2738 2382 2860 2428 erat
2889 2389 3050 2442 aqua,
3104 2381 3164 2427 ut
3208 2371 3468 2427 immersa
3519 2386 3750 2441 quaeque
3801 2371 3967 2424 ﬂuctu
4007 2370 4164 2425 debia-

2547 2456 2737 2520 scente
2769 2465 3065 2535 reciperet,
3100 2472 3155 2520 et
3184 2464 3591 2533 quodammodo
3622 2463 3844 2517 humida
3877 2478 3983 2516 non
4021 2471 4163 2527 erat,

2549 2565 2608 2608 ut
2641 2556 2892 2610 ardentia
2939 2556 3294 2626 exstinguere
3338 2565 3546 2624 posset.
3588 2554 3695 2610 Sed
3738 2555 3871 2624 quid
3923 2555 4169 2610 minimis

2551 2646 2840 2711 immoror,
2869 2656 2993 2701 cum
3046 2654 3104 2700 et
3147 2646 3262 2715 ipsa
3311 2647 3596 2701 hominum
3646 2649 3894 2700 membra
3945 2645 4166 2701 ﬂamma

2509 2738 2841 2808 prosiliens
2891 2740 3264 2807 occupaverit,
3316 2747 3373 2794 et
3413 2739 3801 2793 exstinctionis
3853 2738 4159 2793 remedium

2549 2828 2816 2893 invenire,
2848 2844 3177 2900 quocunque
3228 2846 3287 2884 se
3340 2838 3658 2894 verterent,
3708 2844 3817 2883 non
3873 2828 4167 2882 valerent?

2551 2917 2795 2972 Tandem
2833 2919 3077 2984 ustulati,
3117 2921 3373 2990 fumigati
3401 2930 3455 2975 et
3484 2921 3536 2974 in
3567 2921 3788 2975 modum
3825 2919 3990 2974 torris
4019 2934 4170 2974 com-

2551 3008 2718 3074 busti,
2748 3025 2870 3064 cum
2905 3012 3122 3082 magnis
3155 3011 3461 3066 ululatuum
3494 3012 3826 3068 stridoribus
3850 3011 3918 3066 ad
3946 3009 4005 3064 Β.
4039 3011 4170 3065 Ruf-

2554 3097 2645 3152 lini
2679 3099 2853 3154 altare
2879 3100 3220 3172 confugiunt,
3255 3102 3650 3171 indulgentiam
3681 3111 3906 3172 petunt,
3927 3109 3979 3155 et
4018 3117 4172 3156 com-

837 3195 896 3240 et
941 3194 1052 3238 tam
1098 3182 1441 3239 evidentibus
1493 3180 1883 3237 miraculorum
1914 3181 2106 3251 signis,
2153 3179 2446 3249 przedictus
2473 3169 2520 3232 C
2553 3191 2702 3245 missi
2736 3192 2903 3260 piacul

2101 3223 2106 3241 .
2153 3179 2446 3249 Ρηθάίοῑυδ
2473 3169 2520 3232 C
2553 3191 2702 3245 missi
2736 3192 2930 3260 piaculi
2962 3169 3498 3273 emendationem—de
3529 3169 3729 3248 caetero
3760 3208 3858 3263 per
3891 3193 4167 3262 pceniten-

840 3274 958 3344 Ugo
987 3273 1317 3329 venerabilis
1344 3271 1588 3339 ejusdem
1615 3272 1760 3326 sedis
1788 3272 2035 3336 antistes,
2060 3271 2128 3326 de
2153 3285 2319 3340 parva
2346 3273 2444 3323 ba-

839 3364 996 3418 silica
1034 3365 1087 3417 in
1121 3378 1226 3432 qua
1264 3371 1513 3417 sanctum
1541 3376 1740 3432 corpus
1765 3361 1946 3416 fuerat
1990 3371 2116 3416 ante
2147 3371 2441 3430 receptum,

840 3470 1094 3524 magnam
1124 3454 1433 3509 construxit
1462 3453 1770 3515 ecclesiam,
1802 3461 1859 3506 et
1895 3453 2055 3522 juxta
2107 3452 2443 3521 possibilitas

821 3545 953 3603 'tem
983 3557 1230 3618 sumptus
1257 3563 1364 3603 non
1393 3549 1707 3618 ignobiliter
1729 3550 2026 3604 decoravit.
2067 3533 2272 3603 Deinde
2299 3549 2443 3602 beati

841 3641 1106 3710 martyris
1151 3655 1351 3709 corpus
1411 3641 1464 3694 in
1507 3639 1663 3696 alveo
1709 3643 1799 3708 qui
1854 3642 2171 3695 certaminis
2221 3642 2446 3695 materia

844 3734 1042 3794 fuerat,
1089 3732 1352 3796 condidit,
1403 3741 1458 3785 ct
1504 3748 1625 3786 cum
1674 3748 1864 3802 magna
1911 3733 2077 3787 totius
2124 3734 2449 3788 dimcesana:

845 3821 1022 3891 plebis
1049 3821 1351 3890 frequentia
1386 3821 1557 3876 altare
1597 3823 1830 3892 desuper
1861 3826 2226 3886 consecravit.
2278 3826 2449 3880 Porro

844 3922 1025 3968 autem
1056 3915 1246 3984 quanti
1297 3914 1409 3968 illic
1438 3913 1693 3983 deinceps
1731 3916 1860 3970 caeci
1887 3915 2091 3970 fuerint
2122 3917 2442 3981 illuminati,

846 4005 1035 4072 quanti
1059 4019 1088 4056 a
1113 4005 1450 4059 daemonibus
1472 4007 1669 4076 erepti,
1702 4010 1890 4077 quanti
1921 4023 1986 4062 ex
2021 4010 2187 4064 variis
2225 3996 2471 4081 langqu

848 4093 1004 4146 ribus
1030 4092 1262 4158 liberati,
1306 4094 1652 4166 perlongum
1683 4106 1768 4152 est
1807 4098 1889 4152 vel
1935 4100 2180 4168 apicibus
2210 4104 2444 4168 tradere,

842 4179 931 4236 vel
960 4196 1215 4237 sermone
1252 4184 1518 4252 proferre.

911 4270 1014 4326 {lis
1042 4273 1118 4326 ita
1149 4275 1458 4337 transactis,
1484 4277 1652 4344 coepit
1685 4292 1791 4331 non
1824 4281 1992 4348 parva
2019 4280 2298 4350 inquisitio
2326 4281 2446 4336 ﬂeri

843 4376 956 4431 quo
991 4362 1079 4416 die
1129 4363 1486 4419 invectissimi
1534 4367 1948 4436 triumphatoris
2002 4369 2204 4426 Christi
2249 4371 2445 4428 Ruﬂini

844 4453 1071 4509 deberet
1098 4456 1414 4527 martyrium
1445 4457 1735 4513 celebrari.
1783 4460 1956 4517 Nullis
2000 4463 2271 4532 siquidem
2303 4466 2446 4534 apud

844 4561 943 4601 eos
969 4547 1306 4601 exstantibus
1332 4548 1576 4608 historiae
1599 4542 1973 4618 monimentis,
1990 4553 2100 4608 sola
2115 4563 2273 4609 erant
2299 4565 2448 4610 eate-

847 4650 1007 4693 tcnus
1029 4653 1223 4693 annuae
1250 4639 1612 4696 dedicationis
1636 4642 1982 4698 solemnitate
2013 4645 2275 4702 contenti.
2301 4646 2446 4702 Tan-

844 4730 970 4784 dem
986 4739 1207 4784 auctore
1228 4729 1340 4785 Deo
1367 4740 1580 4800 reperta
1606 4734 1879 4802 passionis
1895 4736 2124 4792 historia
2157 4739 2448 4794 constituit

846 4819 1166 4874 venerabilis
1190 4820 1455 4889 pontifex,
1492 4820 1650 4889 juxta
1700 4833 1946 4879 tenorem
1995 4827 2249 4883 videlicet
2282 4812 2444 4897 quem

848 4913 1042 4974 littera:
1071 4913 1432 4978 testabantur,
1469 4925 1529 4968 ut
1559 4916 1720 4970 tertio
1750 4916 2020 4974 Kalendas
2047 4919 2276 4990 Augusti
2295 4920 2444 4989 ejus-

843 5001 972 5058 dem
1002 5001 1221 5074 gloriosi
1248 5006 1506 5076 martyris
1549 5006 1820 5064 festivitas
1852 5010 2147 5066 coleretur.
2193 5010 2266 5066 At
2307 5029 2443 5067 non-

844 5091 978 5156 nulli
1017 5093 1280 5148 adversus
1328 5097 1640 5166 episcopum
1691 5091 1907 5155 invidiae
1957 5100 2168 5158 facibus
2204 5106 2439 5170 accensi,

844 5191 904 5238 et
930 5185 1163 5239 vesania:
1194 5185 1387 5254 spiritu
1436 5185 1840 5257 implicabiliter
1871 5193 2099 5258 incitati,
2147 5195 2442 5249 tumultua-

843 5277 1062 5340 bantur,
1090 5291 1380 5332 onerosum
1413 5293 1532 5333 esse
1561 5280 1828 5345 dicentes,
1867 5283 2124 5352 populum
2154 5286 2444 5355 geminatis

844 5364 1008 5420 unius
1037 5366 1212 5420 sancti
1247 5366 1685 5423 solemnitatibus
1725 5369 1936 5436 feriari,
1976 5375 2444 5441 superstitiosum-

844 5469 952 5525 que
983 5469 1102 5510 esse
1153 5456 1464 5513 domesticis
1494 5461 1815 5516 adinventas
1865 5463 2060 5518 studiis
2119 5463 2445 5522 festivitates

845 5543 1057 5598 noviter
1087 5546 1376 5613 introduci,
1417 5549 1484 5603 ad
1516 5563 1807 5617 summam,
1854 5568 1963 5607 non
1995 5553 2316 5610 fabricatum
2343 5557 2446 5612 hoc

845 5636 1125 5707 religionis
1175 5655 1382 5707 amore,
1419 5643 1515 5698 sed
1565 5646 1759 5700 ardore
1810 5649 2073 5725 pecuniae.
2130 5651 2442 5707 Praesertim

845 5743 1028 5789 autem
1071 5735 1290 5804 quidam
1341 5740 1580 5806 protervi
1625 5741 1902 5810 homines,
1954 5745 2048 5814 qui
2099 5762 2129 5800 a
2179 5750 2442 5806 vocabulo

2558 3283 2686 3334 tiam
2714 3283 3059 3352 pollicentur.
3091 3285 3354 3339 Precibus
3382 3286 3548 3354 igitur
3572 3285 3877 3339 beatissimi
3905 3284 4170 3354 martyris

2550 3376 2617 3428 ab
2647 3375 2880 3429 incendii
2914 3376 3196 3431 doloribus
3227 3376 3462 3440 liberati,
3501 3374 3803 3430 incolumes
3833 3375 3903 3428 ad
3939 3375 4162 3444 propria

2550 3477 2678 3522 sunt
2725 3471 2951 3523 reversi.
3002 3469 3086 3524 Ab
3135 3471 3228 3524 illo
3281 3471 3462 3540 itaque
3507 3479 3752 3538 tempore
3802 3469 4011 3537 absque
4059 3467 4169 3521 ullo

2551 3561 2920 3637 cunctationis
2947 3561 3232 3615 obstaculo
3261 3560 3321 3613 B.
3371 3559 3565 3613 Riiﬂiiti
3595 3561 3920 3630 marty’rium
3946 3558 4181 3622 coliturk

2551 3651 2713 3704 etdie
2754 3668 2915 3720 quam
2951 3654 3325 3723 prmdiximus,
3361 3668 3485 3706 cum
3519 3668 3729 3723 magna:
3757 3652 4066 3707 devotionis
4091 3653 4182 3706 ius.

2552 3749 2754 3806 stantia
2783 3749 2849 3801 ad
2882 3749 3000 3818 ejus
3031 3746 3323 3802 ecclesiam
3366 3763 3396 3800 a
3433 3746 3651 3817 populis
3683 3745 3926 3815 undique
3955 3756 4159 3802 conveo

2552 3845 2719 3896 nitur.

2626 3933 2758 3986 Illud
2809 3945 3024 4000 quoque
3075 3930 3520 4000 prmtereundum
3570 3944 3691 3982 esse
3746 3945 3851 3982 non
3905 3929 4182 3997 arbitror“

2552 4026 2695 4094 quod
2719 4024 2820 4077 viri
2858 4025 3080 4093 quidam
3122 4009 3330 4078 tr'abem
3363 4023 3428 4076 de
3457 4022 3592 4076 silva
3620 4037 3853 4092 Operosa
3885 4024 4170 4080 exercitiis

2553 4116 2841 4184 levigatam
2865 4116 2932 4167 ad
2957 4114 3013 4165 Β.
3044 4111 3238 4167 Bullini
3256 4122 3475 4166 vectare
3492 4113 3782 4167 ecclesiam
3797 4114 4167 4186 conabantur,

2551 4210 2750 4278 quibus
2805 4207 3064 4259 nimirum
3117 4206 3338 4274 quidam
3398 4205 3788 4260 Perusinorum
3852 4207 4167 4261 violentiam

2554 4299 2864 4368 ingerentes
2897 4297 3102 4368 lignum
3135 4296 3409 4351 hostiliter
3456 4306 3830 4353 extorserunt.
3884 4287 3993 4352 Sed
4041 4314 4169 4352 cum

2552 4398 2802 4457 raptores
2850 4389 3106 4443 arborem
3157 4389 3544 4442 instantissimi
3599 4397 3832 4443 conatus
3885 4388 4168 4442 anxietate

2552 4479 2963 4547 pertraherent,
2985 4477 3098 4546 jam
3131 4476 3246 4545 jam
3276 4476 3557 4532 Perusinis
3588 4479 3863 4532 menibus
3916 4494 4024 4532 uno
4075 4479 4178 4536 vix

2552 4569 2914 4637 interjaccnte
2964 4567 3220 4623 milliario
3269 4569 3723 4638 propinquarent,
3761 4580 3984 4639 repente
4014 4570 4168 4624 vehi-

2551 4659 2734 4713 culum
2769 4659 2946 4724 haisit,
2989 4659 3261 4728 nullisque
3292 4660 3488 4713 virium
3522 4662 3732 4715 nisibus
3766 4659 3977 4729 impelli
4028 4660 4168 4716 ulte-

2552 4751 2666 4805 rius
2721 4751 2916 4820 potuit.
2967 4750 3180 4805 Interea
3233 4752 3475 4822 contigui
3528 4754 3733 4822 quique
3790 4753 4051 4808 homines.
4093 4754 4182 4810 ad,

2551 4843 2812 4898 auxilium
2842 4842 3144 4908 conﬂuunt,
3186 4859 3301 4898 non
3347 4844 3518 4911 pauci,
3541 4845 3707 4920 etiam
3753 4843 3958 4916 jngarii
3991 4844 4180 4902 boves.

2553 4933 2846 4989 adduntur.
2893 4932 3163 4989 Ordinant
3201 4933 3516 5003 diligentius
3563 4937 3898 5000 machinam,
3930 4937 4180 4998 invicem;

2551 5024 2934 5087 exhortantur,
2972 5024 3026 5077 in
3066 5024 3315 5084 roburse
3345 5025 3632 5096 colligunt,
3658 5042 3842 5097 armos
3873 5024 4172 5096 objiciunt,

2549 5113 2917 5169 vociferantcr
2978 5116 3302 5186 impingunt,
3359 5117 3568 5186 lignum
3637 5129 3819 5173 tamen
3889 5120 4167 5176 immobile

2555 5216 2857 5278 permanet,
2889 5223 2953 5262 ac
2980 5207 3025 5262 si
3059 5210 3226 5262 fixum
3269 5209 3547 5264 radicibus
3577 5218 3881 5265 teneretur.
3933 5210 4163 5267 Demum

2555 5298 2813 5367 magistra
2869 5298 3173 5353 necessitas
3220 5299 3408 5353 docuit
3459 5302 3603 5370 quod
3671 5317 3817 5356 caeca
3878 5302 4164 5357 hominum

2556 5387 2798 5456 pravitas
2821 5386 3127 5457 ignorabat.
3157 5388 3307 5445 Mens
3361 5407 3600 5460 namque
3630 5409 3822 5447 eorum
3856 5397 4159 5465 perpetrati

2547 5477 2792 5531 criminis
2821 5478 3065 5543 conscia,
3100 5479 3228 5535 licet
3257 5496 3400 5546 sero,
3438 5483 3644 5553 liquido
3682 5486 3939 5554 cognovit
3980 5486 4156 5556 quia.

2548 5567 2639 5636 qui
2670 5567 2734 5621 de
2773 5569 2917 5623 beati
2951 5571 3211 5641 martyris
3243 5573 3550 5628 substantia
3598 5575 3845 5644 rapinam
3894 5575 4160 5642 fecerant,

2551 5658 2751 5712 merito
2800 5658 2905 5713 illis
2953 5660 3135 5714 divina
3185 5664 3358 5718 virtus
3406 5664 3682 5719 obstabat.
3731 5663 3937 5718 Mutato
3971 5665 4158 5736 itaque

2553 5758 2776 5819 repente
2813 5742 3066 5819 consilio,
3113 5754 3380 5812 Assisium
3430 5772 3618 5814 versus
3666 5758 3812 5814 illico
3848 5757 4162 5816 vehiculum
