5232 6516
36 5227 44 5389 ι

1781 382 1887 435 699

2381 382 2438 436 S.
2481 380 2682 435 PeTiil
2728 377 3005 435 DAMIANI
3036 377 3185 434 OPP.
3229 376 3409 432 PARS
3447 379 3575 436 SEU
3619 379 3855 436 TOMUS
3883 380 3941 435 ll.
3974 409 4044 420 -——
4083 379 4466 436 SEIlHONES.

4890 380 4988 435 ’ἴαν

1781 498 2040 564 dirigunt,
2077 503 2147 551 et.
2180 492 2512 546 aceelerandi
2552 492 2806 546 facultate
2834 500 3108 560 percepta,
3154 490 3353 543 beatis-
3385 500 3433 555 Α
3463 493 3762 552 antecedat,
3795 493 4006 544 nedum
4047 493 4179 546 alios
4201 492 4264 544 ad
4291 492 4485 544 bellum
4522 488 4798 560 impellere
4820 489 5032 554 nititur,

1782 587 1918 639 sima
1967 585 2209 653 martyri,
2261 584 2405 650 quod
2443 584 2672 652 superbe
2715 591 3026 651 rapuerant,
3079 580 3355 633 humiliter

1785 675 2029 729 reddunt.

1852 767 2088 832 Agamus
2117 765 2280 834 igitur
2307 763 2523 818 Christo
2549 761 2816 816 Salvatori
2846 771 3032 813 nostro
3059 761 3274 829 gratias.
3304 769 3358 813 et

1783 858 1938 925 digna
1975 854 2190 907 laudum
2228 853 2498 920 praeconia
2533 850 2852 914 referamus,
2882 851 2994 918 qui.
3033 853 3158 912 dum
3199 849 3359 920 1“

1784 960 1879 1015 per
1903 946 2051 998 cives
2096 958 2342 1011 supernae
2373 940 2708 996 llierusalem
2742 941 2868 992 talia
2915 940 3067 993 nobis
3098 941 3356 992 beneticia

1785 1042 2069 1102 praerogat,
2102 1041 2357 1098 tanquam
2385 1046 2480 1098 per
2507 1031 2732 1099 exiguas
2764 1030 2931 1081 micas
2964 1045 3026 1082 ac
3074 1038 3262 1081 tenues
3292 1027 3356 1078 ad

1783 1123 1997 1193 plenum
2029 1137 2128 1175 nos
2175 1121 2482 1175 convivium
2534 1134 2731 1174 mensae
2770 1119 3008 1172 caelestis
3039 1119 3272 1179 invitat;
3305 1126 3360 1168 et

1785 1220 1911 1270 dum
1949 1217 2065 1270 illos
2092 1215 2203 1281 jam
2243 1224 2362 1285 post
2407 1214 2642 1267 laborem
2696 1214 3036 1282 quiescentes
3085 1211 3137 1264 in
3185 1209 3358 1278 patria

1785 1306 2013 1358 ubertim
2049 1305 2231 1368 satiat,
2267 1319 2361 1357 nos
2410 1303 2576 1356 etiam
2608 1303 2662 1356 in
2712 1301 2870 1368 hujus
2909 1300 3360 1369 peregrinationis

1784 1395 1977 1449 itinere
2001 1395 2154 1463 quasi
2186 1394 2512 1464 quibusdam
2536 1393 2780 1447 ciborum
2819 1392 3059 1459 reliquiis
3090 1401 3361 1457 utcunque

1781 1495 2073 1549 sustentat;
2109 1486 2215 1539 imo
2239 1485 2328 1554 qui
2362 1483 2482 1538 illos
2520 1483 2693 1539 solido
2718 1498 2830 1537 sua:
2860 1482 3086 1535 visionis
3117 1482 3239 1534 cibo
3282 1495 3363 1533 re—

1782 1573 1918 1637 ficit,
1943 1574 2176 1643 quodam
2215 1589 2314 1627 nos
2343 1574 2622 1644 signorum
2671 1588 2893 1626 suorum
2935 1572 3072 1625 lacte
3104 1581 3362 1639 tanquam

1783 1664 2034 1733 parvulos
2065 1664 2260 1730 nutrit,
2298 1665 2468 1717 donec
2497 1676 2851 1716 occurramus
2872 1676 3061 1714 omnes
3107 1662 3157 1712 in
3192 1661 3362 1712 virum

1785 1752 2082 1824 perfectum
2117 1754 2169 1806 in
2225 1767 2534 1807 mensuram
2584 1751 2760 1804 aetatis
2814 1748 3159 1818 plenitudinis
3206 1747 3362 1801 Chri-

3460 582 3572 649 ipse
3597 581 3842 647 degeneri
3868 580 4236 648 corporisotio
4259 595 4352 648 per
4375 580 4754 649 negligentiam
4777 579 5034 634 dissolva—

3461 682 3566 734 tur,
3611 672 3744 724 sicut
3779 672 3844 724 de
3892 671 4210 739 quibusdam
4238 685 4426 739 magna
4469 670 4914 739 pradicautibus,
4943 669 5033 722 sed

3459 763 3724 816 desidiose
3756 762 4081 825 viventibus,
4112 777 4208 829 per
4245 761 4568 829 Prophetam
4598 762 4820 816 dicitur:
4861 781 4879 810 ι
4917 759 5037 814 Filii

3462 855 3691 923 Ephrem
3738 855 4074 908 intendentes
4126 869 4335 915 arcum,
4390 862 4445 907 et
4493 855 4767 908 mittentes
4815 855 5041 924 sagittas

3462 962 3604 1006 snas,
3641 946 3886 997 conversi
3920 955 4046 997 sunt
4074 944 4126 996 in
4151 944 4237 1000 die
4265 944 4386 997 belli
4413 942 4585 1012 (Psaf.
4617 947 4847 1012 Lxxvn).
4891 964 4910 996 ι
4939 944 5039 1011 Qui

3459 1036 3603 1086 enim
3663 1037 3920 1088 adversus
3960 1035 4212 1088 vitiorum
4260 1036 4582 1089 tentationes
4631 1036 4697 1088 ad
4735 1034 5043 1089 conﬂictum

3463 1124 3596 1176 alios
3629 1135 3939 1191 provocant,
3974 1125 4068 1178 sed
4103 1112 4399 1194 conﬂigere
4439 1126 4536 1194 ipsi
4568 1126 4667 1179 sub
4700 1126 4921 1194 ignobili
4953 1125 5045 1179 de-

3462 1211 3612 1265 sidia:
3645 1212 3905 1282 languore
3939 1215 4262 1274 detrectant,
4305 1215 4356 1268 hi
4385 1215 4637 1268 nimirum
4666 1216 4894 1285 sagittas
4925 1216 5047 1283 qui-

3463 1304 3583 1357 dem
3614 1305 3872 1374 dirigunt,
3901 1305 3995 1359 sed
4024 1315 4145 1374 post
4187 1316 4334 1372 terga
4379 1307 4623 1360 conversi
4661 1318 5049 1362 consummata

3465 1396 3706 1448 victoria:
3764 1396 3950 1449 titulos
3998 1412 4103 1450 non
4169 1406 4445 1450 merentur
4485 1410 4500 1449 :
4550 1395 4660 1450 Nec
4701 1397 4783 1450 eis
4829 1397 5050 1466 prodest

3465 1485 3606 1554 quod
3639 1486 3773 1538 bene
3800 1495 4100 1555 coeperant.
4130 1487 4255 1556 quia
4290 1501 4394 1540 non
4424 1499 4595 1556 usque
4630 1487 4696 1540 ad
4745 1487 4908 1541 linem
4939 1502 5051 1540 rua-

3467 1578 3795 1645 gnanimiter
3847 1589 4215 1646 perseverant.
4272 1577 4425 1632 Unde
4461 1579 4608 1633 etde
4669 1578 4774 1634 illis
4804 1580 5053 1648 protinus

3467 1670 3742 1736 sequitur:
3784 1688 3801 1719 ι
3843 1669 3959 1724 Non
4008 1671 4382 1725 custodierunt
4430 1678 4815 1724 testamentum
4859 1669 4975 1731 Dei,
5003 1677 5051 1722 et

3470 1758 3520 1811 in
3551 1760 3664 1828 lege
3688 1759 3803 1826 ejus
3849 1761 4141 1814 uoluerunt
4192 1760 4470 1813 ambulare
4514 1758 4703 1828 (Ιὺίά.)
4746 1779 4765 1812 ι
4795 1759 4876 1814 Ac
4901 1760 4948 1814 si
4973 1759 5056 1812 di-

1785 1847 1852 1900 sti
1881 1846 2092 1917 (Epltes.
2124 1847 2219 1916 Iv),
2252 1847 2340 1915 qui
2373 1861 2494 1900 cum
2526 1846 2635 1899 Deo
2671 1843 2830 1898 Patre
2857 1854 2910 1897 et
2943 1843 3148 1912 Spiritu
3180 1853 3367 1895 sancto
3402 1855 3441 1912 Β
3471 1861 3616 1903 ceret
3643 1865 3657 1902 :
3711 1851 4080 1919 susceperunt
4124 1851 4342 1920 quidem
4377 1860 4782 1913 testamentum,
4814 1851 4912 1905 sed
4949 1866 5056 1904 non

1787 1936 1920 1988 vivit
1945 1946 1997 1991 et
2033 1945 2221 2006 regnat
2252 1937 2389 1990 Deus
2443 1953 2473 1986 ιι
2511 1935 2710 1990 szecula
2733 1932 3074 1988 saeculorum.
3105 1933 3296 1986 Amen.

2344 2124 2770 2186 AUGUSTUS.

1787 2224 1874 2284 ll.
2034 2224 2243 2282 Sermo
2269 2220 2340 2280 de
2364 2222 2425 2282 S.
2457 2222 2768 2299 Stephano
2800 2240 2965 2299 papa
2988 2230 3039 2279 et
3073 2228 3362 2296 martyre.

1791 2323 1898 2382 Vl.
2043 2323 2255 2382 Sermo
2313 2321 2384 2381 de
2441 2323 2554 2382 88.
2614 2322 2858 2381 Donato
2909 2331 2961 2381 et
3029 2321 3366 2381 Hilart’ano

1866 2420 2268 2498 martyribus.

1787 2521 1964 2586 χιιι.
2027 2520 2236 2580 Sermo
2265 2519 2336 2579 de
2369 2520 2430 2580 8.
2472 2520 2770 2581 Cassiano
2805 2529 3098 2596 martyre.

1787 2620 1928 2680 XV.
2031 2622 2241 2680 Sermo
2273 2618 2345 2679 de
2365 2621 2806 2699 Assumptionc
2833 2621 3210 2681 Beatissimae
3242 2619 3374 2679 Ma-

1874 2721 1983 2778 ria?
2024 2719 2324 2797 Virginis.

1789 2816 1938 2877 XIV
2017 2816 2226 2876 Sermo
2263 2817 2300 2876 I
2331 2815 2400 2876 de
2455 2817 2519 2878 S.
2558 2817 3014 2878 Bartholommo
3051 2818 3366 2896 apostolo.

1869 2915 2075 2982 Sermo
2107 2916 2182 2976 II
2209 2915 2281 2976 de
2309 2915 2533 2976 eodem.

2313 3033 2546 3090 SERMO
2585 3035 2846 3090 XXXVII.

1871 3135 1936 3174 ns
1967 3137 2172 3177 saxcro
2199 3137 2472 3178 srsrmso
2502 3142 2630 3178 pars
2654 3141 2722 3179 ετ
2756 3141 3005 3180 manus
3034 3127 3092 3195 (ιι
3134 3128 3286 3196 suo.)

3470 1942 3883 1997 custodierunt:
3919 1943 4219 1997 Posuerunt
4244 1943 4295 1995 in
4322 1941 4437 2009 lege
4471 1941 4659 2012 pedem
4688 1957 4784 2010 per
4819 1942 5055 2002 initium.

3470 2033 3562 2085 sed
3593 2047 3697 2084 non
3740 2040 4030 2085 tenuerunt
4061 2032 4474 2100 perseverantia
4503 2046 4769 2101 gressum.

3539 2119 3796 2187 Quisquis
3827 2134 3957 2187 ergo
3986 2119 4052 2171 ad
4093 2118 4332 2187 spiritale
4374 2128 4648 2172 certamen
4698 2119 4832 2173 alios
4863 2132 5054 2188 provo-

3470 2218 3576 2272 cat,
3607 2209 3852 2277 quisquis
3877 2210 3943 2260 ad
3973 2207 4186 2262 fortiter
4213 2207 4481 2276 agendum
4505 2208 4876 2277 proximorum
4909 2222 5055 2262 men-

3471 2307 3551 2351 tes
3602 2298 3843 2365 instigat,
3885 2297 4045 2350 debet
4093 2298 4278 2366 utique
4331 2297 4498 2350 vitam
4546 2296 4882 2370 concordare
4935 2311 5060 2350 cum

3469 2389 3671 2460 lingua,
3696 2406 3782 2452 ne,
3810 2392 3934 2442 dmn
3958 2389 4079 2443 aliis
4105 2389 4355 2458 proponit
4372 2389 4604 2453 excelsa,
4632 2390 4746 2458 ipso
4771 2397 5062 2441 contentus

3471 2482 3594 2534 imis
3636 2490 3915 2550 prematur
3963 2483 4180 2534 inertia.
4223 2478 4358 2534 Hinc
4402 2489 4485 2535 est
4513 2481 4656 2550 quod
4696 2480 4750 2533 in
4777 2478 4892 2547 lege
4923 2493 5062 2547 pra:—

3471 2575 3707 2643 cipitur:
3749 2594 3765 2624 ι
3808 2574 3921 2628 Non
3970 2575 4215 2638 habebis,
4264 2573 4459 2642 inquit,
4497 2573 4550 2624 in
4599 2568 4817 2624 sacculo
4846 2569 5062 2622 diversa

3470 2668 3725 2736 pondera,
3769 2667 3942 2733 majus
3964 2676 4016 2718 et
4046 2667 4240 2726 minus,
4282 2678 4381 2718 nec
4420 2663 4523 2717 erit
4560 2662 4611 2714 in
4643 2660 4803 2714 domo
4830 2669 4918 2712 tua
4950 2673 5061 2711 mo-

3471 2757 3590 2811 dius
3638 2757 3810 2824 major
3841 2767 3894 2810 et
3950 2758 4146 2810 minor.
4193 2754 4409 2808 Pondus
4462 2751 4688 2807 habebis
4735 2752 4964 2820 justum,
5009 2757 5060 2801 et

3472 2847 3684 2898 modius
3735 2846 3959 2915 :equalis
4001 2855 4055 2900 et
4110 2859 4272 2898 verus
4321 2845 4427 2898 erit
4473 2843 4568 2897 tibi
4621 2842 4798 2911 (Deut.
4847 2839 4999 2908 xxv).
5041 2860 5058 2889 ι

3475 2938 3764 2992 Enimvero
3809 2947 3936 2990 tunc
3965 2937 4016 2990 in
4065 2935 4283 2989 sacculo
4305 2935 4517 2989 diversa
4564 2931 4799 3004 pondera
4830 2948 4936 2984 non
4968 2931 5064 2984 ha-

3471 3029 3678 3090 bemus,
3732 3029 3773 3081 si
3811 3029 3949 3080 intra
4002 3035 4272 3080 secretum
4323 3023 4670 3078 conscientia
4709 3031 4905 3075 nostra:
4956 3036 5064 3072 nou

3474 3117 3631 3170 aliter
3661 3117 3835 3179 nobis,
3887 3129 4059 3184 neque
4105 3114 4265 3169 aliter
4305 3113 4426 3167 aliis
4461 3113 4795 3182 judicantes,
4843 3110 5066 3165 easdem

1859 3213 2098 3267 Audistis
2125 3214 2302 3278 hodie,
2331 3215 2527 3269 fratres
2552 3215 2881 3278 charissimi,
2911 3217 3135 3270 militem
3160 3217 3366 3271 Christi
3398 3195 3441 3254 (ἶ
3475 3205 3725 3276 ίθῧοιίυω
3757 3220 3925 3274 Ρῖπεο

2999 3217 3135 3270 (item
3160 3217 3366 3271 (ςιπίειί
3398 3195 3441 3254 (Ἰ
3475 3205 3725 3276 legalium
3757 3213 4152 3274 praeceptorum
4195 3217 4478 3258 mensuras
4509 3201 4964 3273 apprehendimus
4987 3201 5065 3253 ni—

1791 3302 2051 3354 adversus
2090 3303 2329 3354 membra
2359 3302 2558 3355 diaboli
2597 3303 2828 3356 viriliter
2859 3303 3242 3366 dimicantem;
3273 3319 3368 3357 au-

1790 3390 1948 3443 distis
1983 3391 2253 3460 egregium
2290 3390 2482 3445 ducem
2512 3391 2690 3460 populi
2721 3391 3013 3445 Christiani
3051 3394 3375 3448 commilito—

1793 3496 1891 3535 nes
1919 3495 2046 3534 suos
2070 3482 2134 3533 ad
2163 3483 2498 3550 procinctum
2531 3483 3100 3552 gloriosi'certaminis
3125 3495 3373 3538 constan-

1791 3580 1878 3624 ter
1899 3585 1963 3625 ac
1983 3571 2303 3625 ﬁducialiter
2332 3573 2733 3626 exhortantem.
2781 3573 2924 3643 Lege
2948 3575 3146 3644 quippe
3191 3586 3373 3644 tyran-

1795 3660 1916 3712 nica
1948 3669 2074 3714 tunc
2102 3661 2376 3714 decretum
2400 3672 2516 3715 erat
2543 3671 2601 3715 ut
2623 3664 2869 3731 quisquis
2889 3664 3157 3718 occultum
3188 3681 3376 3733 quem-

1796 3749 1929 3803 libet
1978 3752 2228 3820 proderet
2274 3752 2666 3816 Christianum,
2721 3769 2828 3807 non
2871 3755 3041 3808 solum
3096 3757 3377 3808 universas

1795 3841 1915 3909 ejus
1943 3841 2227 3897 facultates
2273 3845 2569 3912 acciperet,
2601 3845 2693 3898 sed
2743 3845 2809 3898 ad
2860 3846 3117 3900 honorem
3165 3860 3377 3914 quoque

1797 3933 2023 3998 militiae,
2051 3950 2207 4004 quem
2247 3937 2502 4006 eligeret,
2543 3938 2806 4005 sacrilega
2846 3953 2967 3991 eum
3013 3939 3376 3992 remuneratio

1797 4025 2129 4080 sublimaret.
2175 4027 2323 4082 Tunc
2376 4029 2436 4082 Β.
2489 4028 2817 4098 Stephanus,
2849 4038 3032 4099 utpote
3076 4028 3378 4099 primipilus

1795 4113 2115 4171 Christianae
2129 4118 2330 4173 militia:
2345 4121 2629 4190 etsiguifer
2652 4123 2994 4190 imperatoris
3015 4121 3224 4182 :eterni,
3251 4135 3378 4172 con-

1796 4211 2254 4278 gregavitcuneos
2284 4213 2604 4266 bellatorum
2633 4223 2686 4266 et
2718 4214 2837 4266 telis
2872 4229 3155 4282 aggressus
3184 4223 3267 4266 est
3294 4228 3380 4264 ar-

1797 4311 1966 4362 mare,
1985 4301 2235 4356 virtutem
2254 4304 2548 4357 exhortans
2562 4313 2723 4372 atque
2745 4305 2980 4357 suadens
2993 4313 3049 4356 ut
3065 4313 3118 4355 et
3141 4303 3380 4370 peritura

1800 4397 2026 4442 Icrreme
2075 4390 2346 4445 facultatis
2378 4394 2526 4446 lucra
2557 4403 2989 4454 contemnerent.
3027 4403 3080 4446 et
3114 4393 3378 4446 infinitam

1800 4489 2204 4548 persecuturum
2238 4482 2439 4536 rabiem
2469 4499 2574 4536 non
2619 4484 2889 4538 timerent.
2950 4482 3187 4536 Pellebat
3218 4499 3246 4534 a
3288 4497 3380 4551 pa-

3477 3298 3695 3360 mirum,
3749 3305 3806 3349 ut
3855 3312 3960 3350 non
3993 3296 4114 3350 aliis
4163 3295 4402 3366 regulam
4452 3295 4712 3349 districta:
4756 3293 5069 3348 severitatis

3479 3388 3740 3451 indicere,
3773 3389 4131 3458 nosmetipsos
4171 3387 4487 3442 studeamus
4532 3385 4861 3440 remissioris
4893 3383 5070 3438 indul-

3479 3486 3672 3551 gentia:
3708 3481 3820 3549 lege
3852 3491 4108 3534 tractare.
4143 3479 4217 3534 De
4261 3494 4364 3548 qua
4396 3478 4647 3533 videlicet
4671 3477 4860 3532 fraude
4883 3487 4937 3531 et
4969 3475 5070 3531 Sa-

3481 3571 3660 3624 lomon
3695 3572 3807 3624 ait:
3840 3589 3857 3621 ι
3891 3571 4236 3624 Abominatio
4271 3579 4353 3624 est
4383 3569 4608 3625 Domino
4637 3570 4844 3637 pondus
4873 3569 5069 3636 duplex

3479 3673 3534 3716 et
3569 3672 3767 3717 statera
3814 3664 3994 3716 dolosa
4048 3661 4229 3730 (Prov.
4285 3663 4398 3728 xx).
4446 3681 4463 3712 ι
4519 3661 4747 3716 Necesse
4801 3671 4883 3714 est
4939 3674 5070 3729 ergo

3482 3752 3663 3820 fruges
3693 3752 3840 3804 verbi
3877 3767 4218 3821 nequaquam
4250 3751 4502 3812 diversis,
4531 3751 4624 3804 sed
4653 3751 4857 3804 eisdem
4888 3750 5066 3803 metiri

3480 3838 3838 3905 ponderibus;
3873 3847 3950 3899 ut,
3990 3853 4110 3904 qua:
4134 3836 4255 3889 aliis
4303 3838 4506 3905 agenda
4553 3835 4915 3903 praecipimus,
4967 3833 5069 3902 ipsi

3480 3929 3644 3980 etiam
3695 3928 3830 3980 vivis
3858 3928 4126 3994 operibus
4172 3925 4461 3980 efﬁcaciter
4522 3924 4858 3994 impleamus.
4915 3923 5070 3988 Quod

3481 4017 3723 4086 profecto
3749 4015 3804 4068 Β.
3839 4026 4044 4085 martyr
4066 4014 4373 4083 Stephanus
4397 4013 4737 4066 laudabiliter
4769 4013 4919 4075 fecit,
4941 4012 5069 4078 quia

3481 4108 3606 4160 dum
3659 4106 3792 4158 alios
3831 4107 4152 4158 adhortatur
4186 4103 4546 4172 adpugnam,
4583 4103 4696 4170 ipse
4740 4103 4888 4170 prius
4920 4116 5071 4153 arma

3481 4198 3764 4265 corripuit,
3803 4206 3857 4248 t-t
3901 4198 3949 4249 in
3977 4197 4146 4264 ipsam
4188 4210 4245 4248 se
4285 4195 4599 4262 constipata:
4648 4193 4872 4262 legionis
4897 4207 5074 4244 aestu

3484 4286 3648 4339 lorica
3684 4287 3804 4337 fidei
3842 4287 4079 4338 munitus
4112 4285 4401 4347 immersit,
4428 4285 4662 4352 dumque
4703 4282 4821 4334 aliis
4847 4295 5078 4349 congre-

3484 4377 3662 4430 diendi
3701 4378 3903 4445 przebet
3947 4376 4276 4442 exemplum,
4331 4375 4419 4429 ille
4473 4375 4700 4429 sortitur
4745 4388 4812 4425 ex
4862 4372 5078 4425 devicto

3486 4467 3640 4520 hoste
3673 4468 4034 4536 triumphum;
4084 4476 4266 4534 atque,
4300 4476 4357 4518 ut
4390 4467 4462 4517 ita
4497 4465 4707 4532 loquar,
4746 4463 4872 4516 dum
4901 4476 4958 4514 se
4986 4477 5076 4515 se-

1798 4571 2040 4624 !‘idorum
2080 4583 2256 4626 mente
2301 4574 2663 4638 formidinem,
2712 4584 2768 4628 et
2800 4575 2960 4628 rudes
2998 4576 3231 4628 tironum
3267 4574 3386 4626 ani-
3414 4543 3462 4601 ί)
3485 4559 3773 4628 ﬂuentibus
3803 4569 3864 4611 διε

3009 4576 3231 4628 Monum
3267 4543 3386 4626 ςλήί-
3414 4543 3462 4601 ί)
3485 4559 3773 4628 quentibus
3803 4560 3995 4612 sternit
4027 4560 4128 4612 iter
4153 4559 4218 4612 ad
4257 4571 4513 4627 pugnam,
4557 4558 4669 4623 ipse
4699 4570 4820 4608 mox
4855 4566 5075 4621 peracta

1801 4673 1919 4712 mos
1947 4662 2010 4712 ad
2045 4677 2268 4731 agonem
2301 4664 2465 4717 divini
2501 4665 2812 4718 certaminis
2840 4667 3188 4718 accendebat.
3229 4664 3380 4729 Quod

1802 4751 1966 4802 etiam
2004 4767 2099 4819 per
2136 4754 2352 4822 Moysen
2383 4756 2434 4808 in
2477 4757 2591 4825 lege
2613 4765 2938 4825 prreceptum
2971 4766 3086 4810 est:
3127 4775 3143 4805 ι
3177 4757 3384 4824 Appro-

1802 4838 2115 4908 pinquante,
2162 4843 2484 4910 inquiI,j-.nu
2529 4847 2730 4912 praelia,
2758 4847 2919 4898 stabit
2967 4847 3216 4900 sacerdos
3258 4855 3385 4898 ante

1802 4930 1998 4992 aciem,
2032 4943 2081 4984 et
2116 4936 2192 4986 sic
2217 4934 2461 5003 loquetur
2493 4937 2557 4990 ad
2585 4937 2835 5005 populum
2869 4956 2880 4990 ε
2908 4938 3043 4992 Audi
3076 4937 3258 4998 lsrael,
3290 4952 3385 4991 vos

1805 5019 1964 5074 hodie
2005 5032 2190 5076 contra
2243 5025 2491 5080 inimicos
2524 5037 2731 5082 vestros
2757 5042 2986 5096 pugnam
3017 5029 3382 5088 committitis,

1806 5125 1910 5162 non
1958 5112 2300 5177 pertimescat
2327 5130 2420 5167 cor
2447 5128 2708 5179 vestrum,
2741 5117 2905 5170 nolite
2931 5128 3192 5178 metuere,
3221 5116 3385 5169 nolite

1806 5199 2018 5263 cedere,
2052 5218 2147 5256 nec
2179 5204 2481 5260 forniidetis
2512 5224 2627 5271 eos,
2669 5208 2794 5277 quia
2831 5208 3085 5263 Dominus
3129 5211 3270 5264 Deus
3299 5224 3387 5261 ve-

1807 5298 1919 5340 ster
1961 5289 2012 5340 in
2043 5292 2216 5346 medio
2249 5298 2411 5349 vestri
2440 5308 2544 5358 est,
2575 5307 2628 5351 et
2654 5313 2751 5366 pro
2788 5299 2942 5352 vobis
2982 5311 3165 5352 contra
3200 5299 3385 5351 adver-

1808 5381 1980 5433 sarios
2003 5383 2303 5451 dimicabit,
2327 5397 2383 5440 nt
2402 5401 2556 5442 eruat
2580 5405 2672 5444 vos
2688 5392 2752 5445 de
2776 5391 3010 5460 periculo
3033 5391 3208 5460 (Dent.
3228 5393 3339 5458 xx).
3366 5409 3382 5440 ι

1881 5472 1947 5524 Et
2021 5478 2311 5532 notandum
2374 5483 2515 5550 quod
2555 5485 2838 5542 sacerdos,
2910 5485 3000 5552 qui
3075 5484 3390 5537 imminente

1815 5561 1971 5631 185
2013 5564 2122 5630 jam
2172 5569 2328 5633 bello,
2383 5574 2754 5636 concinnatur,
2810 5590 2912 5628 non
2959 5575 3106 5636 alibi,
3138 5575 3231 5628 sed
3271 5583 3392 5626 ante

1814 5656 1983 5707 aciein
2008 5667 2150 5713 stare
2179 5663 2505 5731 praecipitur,
2541 5674 2598 5718 ut
2627 5665 2873 5719 videlicet
2915 5680 3008 5719 eos
3031 5666 3094 5718 ad
3136 5680 3393 5733 pugnam.

1814 5759 1950 5812 quos
1987 5747 2452 5808 alliortationibus
2477 5766 2756 5825 provocat,
2787 5758 2895 5826 ipse
2926 5773 3136 5827 qunque
3168 5761 3398 5824 prrvitts

3487 4651 3708 4704 victoria
3738 4651 4051 4719 perducitur
4090 4650 4156 4701 ad
4186 4663 4465 4702 coronam.
4511 4646 4577 4699 Et
4599 4647 4724 4714 quia
4764 4644 5078 4712 Stephanus

3486 4744 3805 4810 exprimitur
3833 4753 4134 4802 coronatus,
4183 4739 4422 4808 pontifex
4453 4746 4633 4789 autem
4675 4737 4829 4808 quasi
4855 4747 5076 4801 ponlem

3489 4833 3712 4897 faciens,
3766 4851 3828 4889 ac
3863 4835 3961 4888 hoc
4000 4835 4082 4886 via
4115 4833 4455 4900 sequentium
4496 4830 4716 4892 dicitur,
4750 4830 4886 4882 bene
4915 4829 5076 4881 simul

3490 4936 3778 4995 utrumque
3806 4935 3859 4979 et
3896 4926 3977 4978 sui
4032 4924 4266 4977 nominis
4306 4921 4686 4993 etymologiam
4727 4919 4992 4981 exhibuit,
5023 4930 5078 4972 et

3488 5019 3718 5072 ollicium
3745 5018 4092 5086 pontiﬁcatus
4124 5016 4381 5086 implevit,
4419 5015 4542 5084 quia
4575 5013 4829 5066 nimirum
4852 5011 4977 5064 dum
5009 5013 5078 5064 ad

3488 5112 3658 5163 sancti
3716 5111 3904 5178 agonis
3960 5110 4190 5162 stadium
4234 5109 4370 5160 viam
4413 5106 4764 5174 sequentibus
4811 5105 5002 5172 aperit,
5049 5119 5077 5156 a

3482 5201 3630 5268 justo
3664 5209 4071 5253 remuneratore
4096 5186 4205 5253 Deo
4228 5214 4482 5254 coronam
4508 5197 4689 5268 gloriae
4721 5195 4845 5250 felix
4879 5197 5045 5248 trium
5064 5225 5078 5236 -

3491 5295 3685 5361 phator
3714 5295 3939 5364 accepit.
4917 5279 4928 5287 ’

3569 5383 3945 5436 Verumtamen
3971 5383 4094 5451 quis
4122 5382 4222 5434 iste
4252 5380 4311 5433 Β.
4339 5379 4645 5448 Stephanus
4672 5376 4835 5430 fuerit
4859 5389 5079 5444 genere,

3496 5486 3689 5546 quotus
3719 5477 3905 5538 etiam,
3943 5478 4058 5529 sive
4085 5474 4375 5542 quotannis
4412 5473 4463 5524 in
4488 5468 4767 5539 apostolici
4801 5466 5080 5535 regiminis

3497 5571 3862 5632 suecessione,
3909 5584 4015 5622 non
4049 5566 4372 5636 superfluum
4422 5564 4671 5618 ducimus
4721 5559 4783 5618 si.
4836 5569 4994 5627 prout
5028 5559 5078 5606 in

3498 5659 3752 5729 Catalogo
3783 5674 4118 5713 summorum
4146 5655 4467 5710 Pontiﬁcum
4505 5651 4795 5720 reperitur,
4825 5647 5078 5702 charitati

3503 5765 3693 5809 vestra:
3727 5755 3963 5809 breviter
3991 5766 4342 5822 exponamus.
4385 5749 4479 5802 liic
4532 5748 4712 5815 itaque
4745 5743 4803 5798 Β.
4849 5740 5072 5809 Stepha-
