5232 6528
741 353 830 405 701

2085 335 2320 404 SERMO
2349 331 2610 390 XXXVII.

3925 321 4033 378 70!

735 449 842 513 nus
866 455 1082 510 natione
1120 454 1282 526 186
1310 453 1606 514 Romanus.
1633 467 1698 508 ex
1733 459 1886 522 patre
1913 446 2071 505 Jobio
2094 446 2307 520 [Julio].
2340 457 2386 510 Α
2417 446 2665 516 profecto
2692 445 2844 514 palea
2874 443 2955 500 vel
2993 441 3206 498 arundo
3240 440 3470 496 dicenda
3511 455 3616 495 es..
3646 437 3801 506 Quod
3844 437 4036 507 utique

735 550 885 603 beato
913 547 1137 616 principi
1168 549 1534 615 apostolorum
1574 545 1735 600 Petro
1765 534 2061 613 vigeslmus
2087 549 2320 609 quartus

736 637 787 692 in
819 637 1073 692 Romamn
1104 636 1250 690 sedis
1290 636 1555 706 dignitate
1607 633 1894 690 successit.
1941 630 2099 686 Sedit
2137 637 2318 682 autem

733 740 934 799 septem
960 743 1152 792 annos,
1181 729 1393 782 men‘ses
1419 726 1684 796 quinque,
1731 725 1849 779 dies
1877 724 2032 778 duos.
2062 722 2168 776 Iste
2191 734 2322 774 con-

735 819 904 884 stituit
932 826 990 870 ut
1016 819 1326 873 sacerdotes
1342 825 1396 870 et
1421 815 1598 871 levitte
1622 828 1964 884 nequaquam
2001 809 2321 880 quotidiauo

735 924 828 963 usu
858 906 1027 962 sacris
1069 907 1310 961 vestibus
1344 915 1648 968 uterentur,
1693 905 1786 960 sed
1834 904 1888 957 in
1924 898 2153 957 ecclesia
2203 908 2322 952 tan-

734 1009 866 1053 tum.
920 997 1199 1054 Ordinavit
1244 1006 1424 1052 autem
1455 998 1739 1067 episcopos
1787 1005 1920 1060 tres,
1971 993 2321 1062 presbyteros

732 1103 842 1150 sex,
867 1088 1120 1143 diaconos
1159 1087 1420 1157 quinque.
1458 1085 1558 1140 Cui
1598 1086 1658 1140 Β.
1687 1084 1877 1140 Sixtus
1913 1084 1964 1137 in
2001 1079 2321 1152 pontificatu

730 1177 1007 1240 successit,
1045 1191 1199 1247 teque
1243 1176 1591 1246 postmodum
1647 1174 1822 1230 felicis
1867 1170 2115 1244 martyrii
2148 1169 2320 1241 gloria

729 1271 1090 1326 coronandus.

799 1361 841 1417 0
866 1362 1021 1418 beata
1069 1369 1242 1416 mater
1293 1359 1560 1424 Ecclesia,
1595 1360 1682 1416 cui
1733 1374 1882 1415 mors
1924 1357 1992 1413 ad
2022 1357 2189 1412 vitam
2219 1356 2323 1410 mi-

728 1453 864 1518 litat,
922 1452 1216 1510 crudelitas
1264 1453 1709 1523 persequentium
1763 1451 1958 1522 ignara
2023 1449 2314 1511 ministrat,

727 1546 812 1601 cui
840 1545 1090 1601 videlicet
1117 1553 1173 1600 et
1201 1559 1349 1600 mors
1378 1545 1522 1614 parit
1549 1543 1602 1599 in
1632 1544 1937 1599 aeternitate
1969 1542 2230 1604 victuros,
2263 1548 2322 1596 et

725 1639 954 1707 pcenalis
1003 1637 1286 1708 oppressio
1351 1645 1576 1708 generat
1642 1644 1906 1706 perpetuo
1951 1635 2313 1706 regnatores!

725 1729 908 1794 Beata,
935 1729 1175 1798 inquam,
1207 1738 1264 1783 et
1309 1743 1438 1784 vere
1486 1728 1610 1783 felix
1656 1727 1926 1791 Ecclesia,
1971 1727 2057 1782 cui
2090 1735 2145 1782 et
2166 1726 2320 1796 igno-

2421 536 2662 591 Joannes
2682 549 2805 590 esse
2839 545 3090 604 negatur,
3124 549 3248 590 cum
3305 535 3373 588 de
3406 532 3497 586 illo
3528 545 3598 586 ex
3633 546 3730 585 ore
3773 531 4036 585 Veritatis

2423 629 2661 685 dicitur:
2693 647 2712 680 ‹
2749 629 2890 696 Quid
2912 628 3187 684 existisin
3221 628 3498 682 desertum
3526 624 3714 680 videre
3741 624 3766 677 ?
3810 621 4038 677 arundi-

2425 737 2550 777 nem
2580 729 2746 776 vento
2780 721 3042 791 agitatam
3067 721 3140 774 Γ»
3179 718 3399 789 (Matth.
3428 717 3531 787 xl.)
3564 716 3719 783 Quod
3750 725 3942 769 contra
3968 715 4040 770 de

2425 815 2670 885 reprobis
2697 815 2962 884 scriptum
2994 821 3119 869 est:
3165 813 3327 883 181
3377 831 3396 862 α
3434 809 3551 865 Non
3583 810 3664 864 sic
3718 807 3892 878 impii.
3925 820 4036 862 non

2422 907 2522 969 sic.
2551 905 2646 960 sed
2679 915 2936 973 tanquam
2959 903 3159 974 pulvis,
3191 918 3354 972 quem
3375 901 3596 972 projicit
3617 907 3815 953 ventus
3841 912 3872 950 a
3896 895 4039 952 facio

2423 1004 2609 1050 nostra
2633 994 2809 1065 (Paul.
2826 988 2902 1065 t).
2936 1013 2955 1044 ι
2989 991 3104 1047 Νοη
3129 992 3322 1054 simus,
3352 988 3554 1044 fratres
3580 988 3708 1051 mei,
3733 1001 3840 1041 non
3865 986 4038 1041 simus

2422 1086 2611 1156 paleae,
2651 1101 2758 1140 non
2783 1085 2955 1156 simus
2985 1083 3218 1148 zizania,
3263 1098 3384 1152 quae
3421 1079 3788 1136 ventilabrum
3828 1078 4040 1135 ultima:

2423 1155 2779 1234 discussionis
2807 1155 3073 1241 excutiat,
3123 1184 3180 1231 et
3209 1190 3334 1230 mox
3366 1173 3510 1245 ignis
3557 1181 3780 1226 :eternte
3812 1171 4040 1226 combu-

2422 1269 2619 1324 stionis
2663 1277 2879 1328 exurat.
2921 1266 3394 1341 Perlimescamus
3413 1279 3632 1335 semper
3671 1263 3818 1318 illam
3872 1279 4040 1318 evan-

2421 1360 2607 1430 gelica:
2662 1357 3110 1416 comminationis
3172 1356 3544 1421 sententiam,
3600 1370 3708 1427 qua
3779 1355 3986 1410 dicitur
4018 1371 4037 1410 :

2427 1469 2445 1500 α
2481 1449 2675 1512 Sinite,
2725 1449 2919 1519 inquit,
2962 1457 3194 1518 utraque
3247 1461 3423 1516 usque
3463 1447 3530 1501 ad
3576 1443 3837 1513 messem,
3885 1453 3941 1500 et
3980 1444 4038 1500 in

2423 1555 2668 1613 tempore
2689 1543 2889 1596 messis
2915 1540 3083 1595 dicite
3113 1537 3454 1615 messoribus
3483 1556 3497 1592 :
3527 1537 3777 1608 Colligite
3801 1536 4042 1606 primum

2421 1633 2652 1698 zizania,
2683 1642 2739 1687 et
2769 1632 2990 1703 alligate
3015 1629 3308 1686 fasciculos
3351 1630 3418 1683 ad
3449 1621 3909 1691 comburendum,
3936 1627 4040 1681 tri-

2422 1724 2590 1779 ticum
2621 1731 2802 1778 autem
2839 1731 3173 1793 congregato
3214 1720 3267 1774 in
3309 1719 3568 1801 horreum
3601 1730 3783 1773 meum
3815 1715 4040 1786 (Matth.

725 1820 903 1874 mittite
925 1818 1172 1875 confusio
1205 1817 1457 1889 gloriam,
1507 1826 1563 1872 et
1599 1827 1882 1872 tormenta
1906 1815 2213 1877 victoriam,
2261 1823 2320 1870 et
2352 1810 2394 1869 Β
2423 1811 2635 1885 ιιιι).’»
2684 1812 2919 1868 Peusate
2954 1811 3244 1883 diligenter
3278 1811 3446 1864 verba
3485 1806 3770 1873 Veritatis,
3812 1814 4042 1876 pensatc

724 1910 934 1965 vincula
974 1911 1090 1965 sive
1133 1925 1387 1964 carceres
1433 1893 1738 1964 libertatem
1771 1908 1992 1978 pariunt
2033 1907 2318 1978 sempiter-

723 2003 872 2056 nam!
911 2001 1009 2056 Ilic
1045 2010 1129 2056 est
1153 1999 1400 2070 profecto
1427 2015 1562 2070 ager
1586 1999 1676 2054 ille
1726 1999 2063 2062 Dominicus,
2107 1997 2161 2052 iu
2209 2012 2318 2068 quo

721 2108 888 2164 grana
915 2093 1082 2148 tritici
1130 2092 1395 2147 moritura
1423 2092 1642 2162 quidem
1674 2074 1954 2157 decidunt,
2011 2089 2106 2148 sed
2132 2089 2318 2144 multi-

721 2180 934 2252 plicatis
989 2183 1336 2251 postmodum
1398 2179 1646 2252 frugibus
1701 2178 1944 2235 rediviva
2018 2187 2323 2233 nascuntur.

721 2274 897 2345 (loan.
961 2275 1084 2344 xu).
1152 2273 1278 2329 llaec
1329 2281 1413 2330 est
1469 2289 1596 2328 area
1650 2272 1739 2328 illa
1789 2274 2008 2328 A‘reuna
2061 2270 2316 2344 [Ornam]

718 2362 970 2430 Jebusazi,
1025 2365 1078 2419 in
1131 2379 1236 2434 qua
1285 2363 1538 2420 videlicet
1589 2365 1796 2420 hostias
1847 2365 2017 2418 David
2059 2363 2320 2434 pacificas

719 2455 932 2520 obtulit,
956 2463 1010 2508 et
1033 2454 1272 2510 furorem
1302 2454 1537 2520 Domini,
1565 2470 1816 2526 repressa
1837 2455 1904 2510 ab
1927 2454 2094 2510 Israel
2124 2453 2319 2510 ultoris

718 2546 874 2609 gladii
901 2548 1295 2612 internecione,
1338 2547 1573 2616 placavit
1607 2547 1694 2619 (11
1722 2547 1852 2618 Reg.
1887 2546 2059 2616 xxiv).
2110 2547 2166 2602 In
2217 2547 2318 2603 hac

717 2654 839 2694 area
874 2641 987 2695 sive
1015 2639 1269 2695 toreulari
1297 2638 1517 2694 Gedeon
1544 2641 1816 2695 frumenta
1857 2639 2127 2710 purgabat
2157 2655 2321 2695 excu-

717 2733 880 2798 tiens,
907 2748 1029 2787 cmn
1071 2733 1255 2788 videre
1283 2733 1532 2804 angelum
1583 2736 1806 2798 meruit,
1853 2744 1910 2789 et
1948 2735 2067 2805 ejus
2094 2735 2318 2790 oraculo

715 2825 842 2895 quia
890 2825 1005 2893 ipse
1032 2824 1198 2878 Israel
1230 2823 1298 2879 de
1331 2840 1494 2879 manu
1547 2824 1760 2880 Madian
1809 2824 2318 2881 liberalurusesset

715 2915 935 2986 agnovit
962 2914 1116 2984 (Iud.
1143 2913 1240 2984 vt).
1270 2913 1328 2968 In
1351 2913 1453 2969 hac
1481 2929 1608 2969 arca
1635 2914 1770 2969 Abel
1815 2914 1883 2969 de
1938 2915 2318 2986 primogenitis

715 3007 895 3076 gregis
935 3005 1017 3060 sui
1045 3014 1101 3060 et
1145 3020 1337 3060 eorum
1369 3005 1621 3076 adipibus
1653 3005 1874 3069 obtulit,
1919 3021 2040 3076 qua:
2070 3006 2320 3076 profecto

713 3100 896 3154 divina
927 3099 1124 3175 gratia,
1163 3099 1288 3168 quia
1314 3106 1467 3168 grate
1495 3098 1758 3168 suscepit,
1789 3098 1955 3160 illico,
1989 3098 2129 3154 sicut
2159 3110 2317 3154 vetus

2421 1923 2546 1964 cum
2587 1907 2782 1962 timore
2800 1905 2947 1975 quod
2971 1905 3203 1959 dicitur:
3234 1902 3454 1974 alligate
3487 1900 3781 1956 fasciculos
3802 1900 3870 1956 ad
3892 1913 4044 1955 com-

2421 2003 2728 2058 burendum
2755 2019 2770 2069 ;
2801 2001 3009 2056 lizania
3034 2001 3238 2071 quippe
3265 1997 3543 2055 fasciculis
3567 1995 3885 2065 alligantur,
3913 1993 4042 2064 quia

2422 2094 2476 2149 in
2529 2094 2620 2148 illo
2665 2101 2950 2164 perpetua:
3021 2089 3392 2146 damnationis
3447 2088 3701 2143 incendio
3753 2084 4046 2142 homicidae

2420 2201 2543 2240 cum
2578 2184 2892 2248 homicidis,
2922 2183 3156 2242 adulteri
3196 2197 3322 2237 cum
3365 2179 3653 2244 adulteris,
3682 2175 3890 2247 perjurl
3919 2189 4047 2231 cum

2420 2274 2674 2347 pcrjuris,
2717 2275 3015 2331 incestuosi
3069 2290 3194 2340 eum
3247 2271 3603 2336 incestuosis,
3659 2284 3769 2324 non
3827 2267 4048 2322 diverso

2423 2369 2723 2442 pmnalium
2757 2377 3154 2424 tormentorum
3185 2362 3888 2439 genereconstringuntur.
3928 2359 4047 2415 Illic

2420 2454 2516 2518 eos
2549 2462 2776 2516 infinita:
2802 2475 2978 2530 ptume
3005 2469 3199 2530 patens
3231 2458 3494 2530 gehennae
3525 2455 3848 2510 barathrum
3879 2452 4050 2508 devo-

2424 2565 2531 2618 rat,
2586 2552 2680 2622 qui
2740 2551 2829 2606 hic
2885 2567 2944 2606 se
2992 2558 3319 2622 arr0ganter
3357 2548 3412 2602 in
3461 2545 3733 2616 superbia:
3779 2543 4051 2601 cornibus

2420 2643 2750 2698 extollebant
2779 2658 2796 2708 ;
2831 2641 2946 2697 illic
2984 2657 3176 2696 eorum
3207 2654 3406 2694 carnes
3434 2648 3600 2708 atque
3638 2635 3905 2692 medullas
3957 2651 4051 2689 sa-

2420 2736 2564 2805 ginis
2606 2736 2842 2805 irriguos
2893 2733 3173 2803 crepitans
3227 2731 3447 2785 flamma
3494 2729 3771 2798 deposcet,
3811 2726 3918 2796 .qni
3960 2725 4054 2781 hic

2422 2843 2612 2884 arsere
2643 2827 2877 2892 deliciis,
2905 2825 3276 2882 et-aestuantis
3305 2823 3598 2895 explevere
3623 2821 3914 2877 illecebras
3949 2833 4050 2875 vo-

2423 2917 2670 2988 'uptatis.

2497 3011 2639 3067 Bene
2670 3011 2858 3083 itaque
2890 3010 3149 3067 dicuntur
3179 3007 3459 3066 fasciculis
3496 3005 3742 3079 alligari,
3783 3005 3911 3077 quia
3956 3020 4058 3061 ne-

2423 3088 2698 3184 quaquam
2729 3119 2825 3159 eos
2856 3114 2985 3158 tunc
3025 3114 3245 3173 separat
3277 3101 3572 3158 diversitas
3608 3101 3856 3164 ultionis,
3901 3100 4051 3170 quod

714 3173 948 3264 testatur
973 3189 1161 3253 editio,
1192 3187 1406 3244 coalitus
1431 3187 1788 3242 inflammavit
1814 3186 1967 3258 (Gen.
1995 3189 2094 3255 Iv).
2129 3187 2184 3243 In
2215 3189 2318 3245 hac
2347 3164 2393 3227 Ο
2426 3164 2514 3249 Iiic
2554 3164 2866 3248 similitudo
2913 3164 3225 3247 sociaverat
3278 3189 3602 3261 pravitatis,
3662 3181 3720 3245 ct
3758 3190 3850 3259 qui
3905 3204 4053 3244 nunc

712 3282 882 3336 etiam
911 3280 1042 3336 Cain
1073 3282 1139 3334 de
1181 3279 1426 3350 frugibus
1460 3289 1620 3335 terra:
1669 3295 1894 3336 numera
1937 3280 2154 3346 obtulit,
2195 3296 2318 3351 qme

714 3373 977 3428 Dominus
1005 3374 1272 3442 despexit,
1324 3381 1486 3443 atque
1530 3373 1652 3428 ideo
1697 3388 1801 3428 non
1852 3373 2096 3442 respexit
2127 3372 2318 3441 (Ibid).

711 3465 772 3520 In
799 3465 898 3520 hac
924 3466 1188 3535 siquidem
1215 3480 1364 3532 arca,
1389 3475 1532 3522 stcut
1558 3477 1682 3520 sunt
1711 3467 1961 3536 qutcdam
1993 3481 2058 3521 ex
2095 3467 2318 3532 tritura,

713 3572 836 3624 qute
877 3557 1088 3627 ignibus
1125 3557 1415 3622 debentur,
1475 3559 1545 3613 ita
1586 3560 1752 3613 etiam
1793 3568 1920 3613 sunt
1959 3559 2201 3614 nommlli
2253 3559 2321 3614 de

716 3649 1124 3704 trituratoribus
1173 3649 1325 3719 ipsis,
1372 3649 1464 3719 qui
1513 3648 1674 3704 simul
1719 3648 1786 3703 ad
1837 3649 2014 3718 ignem
2070 3649 2318 3704 tendunt.

713 3735 844 3792 Sive
889 3737 1034 3792 enim
1065 3739 1130 3792 de
1155 3737 1338 3806 justis,
1385 3740 1500 3794 sive
1530 3741 1598 3793 de
1638 3741 2043 3809 peccatoribus,
2079 3755 2206 3794 vera
2235 3751 2321 3795 est

710 3825 941 3881 Joannis
966 3830 1232 3882 sententia
1265 3844 1387 3898 qure
1413 3831 1541 3884 dicit
1590 3849 1603 3884 :
1656 3850 1674 3882 ι
1717 3829 1893 3901 Opera
1925 3832 2071 3887 enim
2104 3832 2319 3887 illorum

712 3929 1017 3987 sequuntur
1045 3920 1164 3974 illos
1195 3920 1385 3989 (Apoc.
1422 3921 1558 3993 xlv).
1608 3941 1625 3974 ι

786 4011 1086 4075 Atteudite,
1147 4010 1344 4068 fratres
1395 4014 1498 4067 mei
1540 4013 1904 4076 dilectissimi.
1955 4015 2317 4082 considerate,

711 4100 1033 4171 perpendite
1068 4101 1193 4170 quia
1240 4111 1348 4156 tota
1388 4103 1714 4159 universalis
1750 4105 1989 4159 Ecclesia
2032 4106 2179 4159 onmi
2209 4116 2320 4159 ter-

710 4206 900 4244 rarum
945 4191 1076 4246 orbe
1104 4190 1298 4246 dill'usa
1338 4209 1443 4248 una
1471 4203 1554 4250 est
1596 4211 1722 4250 area
1754 4195 1833 4251 sic
1866 4196 2023 4251 bonis
2054 4212 2115 4250 ac
2140 4198 2319 4276 malis,

709 4281 875 4352 iustis
916 4291 1078 4351 atque
1124 4285 1417 4353 perversis,
1468 4297 1724 4357 tanquam
1757 4289 1986 4344 zizaniis
2018 4298 2074 4343 et
2118 4290 2321 4356 tritico,

710 4378 971 4441 tanquam
1021 4372 1192 4443 paleis
1239 4390 1304 4429 ac
1358 4375 1605 4447 frugibus
1649 4378 1828 4448 plena.
1881 4379 1987 4434 Sed
2039 4396 2323 4452 quousque

709 4462 972 4517 triturare
1017 4474 1175 4520 terra:
1209 4467 1390 4522 cultor
1417 4470 1684 4550 'iucipiat,
1736 4473 1916 4526 omnia
1951 4473 2324 4530 indill'erenter

2421 3285 2633 3341 eisdem
2686 3283 3014 3339 criminibus
3055 3292 3185 3338 sunt
3227 3282 3480 3346 olmoxii,
3511 3280 3757 3350 ejusdem
3793 3281 4050 3352 supplicii

2423 3376 2771 3445 postmodum
2825 3385 3084 3431 tenentur
3107 3374 3587 3430 animadversione
3627 3374 3938 3430 constricti.
3974 3372 4054 3430 De

2426 3464 2625 3536 quibus
2655 3464 2914 3519 ouiuibus
2950 3463 3079 3518 alibi
3130 3462 3233 3519 sub
3265 3463 3427 3518 unius
3470 3477 3721 3532 personae
3751 3463 3936 3534 specie
3962 3463 4054 3520 di-

2425 3559 2618 3615 citur:
2663 3576 2682 3610 ‹
2717 3556 2925 3628 L‘igatis
2976 3555 3231 3611 manibus
3267 3566 3322 3610 ct
3369 3557 3623 3626 pedibus,
3668 3555 3872 3610 mittite
3897 3553 4051 3610 illum

2430 3651 2483 3705 in
2528 3647 2786 3705 tenebras
2817 3648 3126 3704 exteriores
3166 3646 3366 3716 (Matii.
3401 3649 3563 3715 xxn).
3604 3667 3623 3699 ι
3658 3646 3773 3702 Illic
3804 3647 4054 3704 membra

2428 3740 2667 3810 ligantur
2695 3740 2765 3792 ad
2792 3752 3034 3807 pmuam,
3069 3752 3190 3807 qua:
3233 3736 3322 3792 hic
3371 3737 3549 3792 soluta
3598 3745 3656 3792 et
3697 3736 3868 3792 libera
3901 3735 4049 3793 fere-

2427 3835 2630 3888 bantur
2680 3832 2747 3885 ad
2798 3829 3038 3900 culpant.
3103 3829 3196 3902 Sel
3238 3839 3369 3884 tunc
3413 3829 4050 3900 digne‘constringcuda

2426 3937 2550 3983 sunt
2586 3926 2637 3979 in
2665 3924 2974 3994 suppliciis,
3004 3937 3128 3994 qute
3158 3937 3302 3978 nime
3347 3921 3492 3977 male
3527 3921 3692 3993 ligata
3725 3931 3850 3976 sunt
3873 3935 3902 3974 a
3932 3922 4052 3991 pie-

2430 4018 2560 4073 tatis
2608 4017 2869 4087 operibns
2917 4016 3266 4087 peragendis.
3301 4014 3414 4068 Illic
3460 4014 3658 4068 animae
3691 4013 4050 4082 reproborum

2429 4127 2555 4167 cum
2588 4109 2914 4179 corporibus
2936 4107 3112 4163 simul
3146 4105 3579 4178 incxstiuguihili
3611 4105 3935 4161 cruciantur
3960 4103 4048 4159 in-

2427 4202 2643 4266 ccndio,
2668 4201 2809 4256 sicut
2844 4199 2931 4255 hic
2960 4199 3012 4252 in
3044 4198 3400 4254 exsecutione
3449 4197 3599 4267 pravi
3631 4196 3815 4267 operis
3855 4196 4053 4266 junge-

2428 4293 2648 4348 bantur.
2687 4291 2839 4348 Unde
2871 4303 2926 4346 et
2963 4289 3421 4360 perProphetaut
3453 4288 3687 4343 dicitur:
3748 4304 3767 4338 ι
3810 4288 4052 4342 Descen-

2427 4387 2710 4442 deruntad
2743 4385 3017 4440 infernum
3046 4399 3170 4438 eum
3202 4381 3374 4437 armis
3403 4381 3519 4436 suis
3548 4379 3768 4451 (Ezcclt.
3799 4381 4046 4447 xxxu).'i

2427 4479 2594 4534 Arma
2647 4479 2846 4548 quippe
2891 4475 3236 4548 peccantium
3303 4473 3548 4529 membra
3607 4482 3736 4528 sunt
3780 4472 4052 4541 corporis,

708 4568 845 4608 area
884 4556 1148 4622 continet,
1205 4567 1262 4612 et
1293 4574 1414 4629 quae
1440 4563 1781 4618 recondenda
1829 4573 1956 4619 sunt
1994 4566 2228 4632 horreis,
2267 4578 2322 4622 et
2353 4537 2403 4596 ο
2433 4571 2634 4640 quibus
2661 4568 2876 4640 reprobi
2904 4567 3154 4622 homines
3181 4551 3400 4620 diabolo
3425 4565 3689 4629 militant,
3721 4573 3776 4619 et
3801 4565 3920 4634 ejus
3948 4564 4052 4618 im-

708 4661 838 4714 quze
885 4648 1140 4703 tradenda
1186 4662 1313 4706 sunt
1359 4650 1614 4710 flammis.
1668 4654 1774 4711 Sed
1819 4658 1948 4728 quid
1977 4669 2062 4714 est
2113 4661 2165 4714 in
2196 4676 2321 4714 arca

710 4737 951 4794 flammis
985 4741 1301 4824 obnoxium,
1355 4747 1482 4815 quid
1519 4749 1728 4803 horreis
1777 4753 2186 4818 reservandum,
2216 4755 2320 4810 nisi

709 4830 860 4899 quod
888 4830 1125 4890 Joannes
1147 4835 1391 4906 Baptista
1419 4839 1470 4893 in
1493 4840 1787 4912 Evangelio
1811 4844 2094 4900 manifeste
2117 4845 2324 4900 discer-

712 4922 799 4976 ltil
820 4937 940 4978 cum
989 4925 1057 4980 de
1096 4927 1323 4984 Domino
1371 4929 1620 5001 loquens,
1653 4935 1766 4989 ait:
1826 4954 1843 4986 α
1883 4935 2046 5006 Cujus
2088 4936 2320 4994 ventila-

710 5018 872 5067 brmu
923 5015 978 5070 in
1007 5032 1169 5072 manu
1214 5018 1353 5087 ejus,
1394 5033 1449 5078 et
1497 5026 1751 5095 purgabit
1806 5044 1989 5084 aream
2037 5043 2213 5092 suam,
2269 5040 2325 5086 et

709 5108 1072 5177 congregabit
1102 5110 1342 5166 triticum
1381 5113 1434 5167 in
1465 5115 1722 5171 horreum
1778 5135 1960 5185 suum,
2006 5122 2191 5190 paleas
2221 5138 2322 5176 au-

709 5201 827 5284 tem
878 5197 1161 5254 comburet
1207 5201 1316 5272 igni
1381 5203 1857 5278 inexstioguibili?
1893 5229 1910 5261 ι
1968 5210 2187 5280 (Matth.
2239 5220 2322 5284 Ill)

708 5287 827 5343 Sed
861 5292 1001 5348 unde
1031 5294 1397 5352 discernimus
1432 5307 1615 5354 utrum
1653 5302 1823 5372 palea:
1875 5310 1942 5357 an
1977 5304 2215 5360 triticum
2244 5307 2317 5360 si-

709 5385 884 5438 mus?
931 5384 1010 5439 Ex
1041 5388 1310 5457 gravitate
1339 5391 1588 5460 profecto
1621 5409 1830 5449 mormn
1881 5397 1966 5452 vel
2007 5398 2320 5453 inconstan-

708 5474 810 5537 tia,
847 5491 911 5530 ex
967 5479 1209 5546 pondere
1253 5481 1334 5535 vel
1385 5481 1622 5539 levitate.
1665 5484 1928 5557 Quisquis
1979 5490 2124 5543 enim
2179 5490 2329 5544 volu-

706 5577 926 5636 ptatum
955 5583 1087 5625 aura
1136 5581 1402 5640 raptatur,
1449 5577 1699 5647 quisquis
1730 5581 1944 5635 turbine
1993 5581 2196 5638 furoris
2225 5584 2323 5638 im-

704 5657 971 5732 pellitur,
1041 5676 1202 5730 quem
1256 5665 1416 5719 modo
1471 5669 1741 5736 superbia:
1799 5673 2026 5740 spiritus
2090 5675 2327 5730 inaniter

703 5751 882 5820 levat,
909 5755 1068 5808 modo
1103 5772 1301 5813 nztnror
1349 5761 1426 5816 vel
1458 5762 1653 5831 injuria
1710 5765 1853 5820 illata
1882 5770 2207 5841 prtrcipitat,
2239 5771 2326 5827 hic

2433 4665 2606 4732 perio,
2639 4678 2898 4734 perverse
2917 4662 3168 4725 vivendo,
3199 4661 3538 4716 ministrant.
3571 4661 3744 4716 Simul
3772 4674 3901 4731 ergo
3923 4673 4050 4714 cum

2433 4755 2721 4809 animabus
2741 4763 2794 4809 et
2831 4767 3061 4822 corpora
3114 4754 3166 4805 in
3219 4761 3426 4808 artcrna
3483 4762 3659 4806 morte
3693 4752 4051 4815 damnantur,

2433 4861 2556 4924 qua:
2586 4846 2747 4901 simul
2788 4846 2841 4899 in
2871 4845 3022 4916 pravi
3073 4844 3257 4915 operis
3307 4844 3715 4914 perpetratioue
3768 4842 4049 4897 vixerunt.

2434 4939 2511 4994 De
2543 4940 2741 5009 quibus
2781 4938 3050 5008 Propheta
3085 4939 3249 4994 dicit:
3301 4939 3319 4988 ε
3361 4938 3435 4991 lbi
3479 4938 3675 5011 Assur,
3712 4948 3768 4992 et
3798 4937 4050 5007 sepulcra

2430 5029 2549 5097 ejus
2577 5029 2766 5100 (Ibid).
2804 5048 2822 5080 ι
2866 5029 3006 5096 Quid
3044 5028 3189 5083 enim
3229 5043 3324 5098 per
3357 5028 3550 5092 Assur,
3580 5029 3877 5099 superbum
3905 5029 4054 5082 vide-

2430 5122 2556 5176 licet
2591 5138 2802 5193 regem,
2824 5121 2925 5177 nisi
2954 5121 3205 5176 diabolus
3230 5121 3572 5193 intelligitur.
3599 5122 3692 5190 qui
3723 5121 3880 5191 juxta
3905 5121 4052 5190 quod

2428 5217 2692 5284 scriptum
2725 5224 2843 5270 est:
2885 5234 2903 5266 ι
2944 5215 3061 5284 Ipse
3100 5224 3186 5269 est
3232 5229 3320 5268 rex
3367 5229 3533 5283 super
3559 5199 3754 5268 omnes
3795 5212 3934 5268 ﬁlios
3963 5229 4054 5268 su-

2428 5307 2664 5376 perbize?
2687 5327 2705 5359 ›
2739 5306 2863 5376 (Job
2893 5309 3049 5374 xui.)
3074 5306 3213 5372 Quid
3248 5308 3521 5375 sepulcra,
3572 5307 3674 5360 nisi
3707 5316 4050 5360 mortuorum

2429 5405 2560 5450 Sunt
2602 5395 2960 5450 habitacula?
3006 5405 3132 5450 tunc
3182 5405 3363 5449 autem
3415 5395 3667 5450 diabolus
3727 5396 3778 5449 in
3815 5389 4050 5450 mortem

2427 5491 2638 5544 corruit
2665 5505 2786 5544 cum
2840 5488 2909 5544 ab
2932 5499 3156 5543 auctore
3196 5490 3321 5543 vitae
3379 5489 3749 5557 superbiendo
3797 5490 4046 5542 recessit.

2429 5581 2690 5650 Quisquis
2716 5597 2848 5650 ergo
2897 5580 3154 5649 nequitia:
3185 5582 3458 5649 spiritum,
3493 5581 3586 5650 qui
3635 5596 3761 5634 vere
3799 5593 4050 5634 mortuus

2427 5686 2534 5740 est,
2563 5676 2614 5729 in
2660 5675 2742 5728 sui
2788 5675 2972 5730 cordis
3019 5675 3255 5744 hospitio
3296 5690 3392 5744 per
3429 5691 3654 5745 pravam
3713 5674 4050 5729 voluntatem

2430 5768 2682 5823 habitare
2734 5768 3023 5840 permittit,
3074 5769 3260 5839 procul
3295 5768 3460 5824 dubio
3508 5749 3592 5824 de.
3630 5768 3927 5838 semetipso
3964 5782 4051 5823 se-
