5232 6516
1809 331 1916 388 ’103
2392 329 2450 384 S.
2491 327 2694 384 PETRI
2736 326 3023 383 DAIllANl
3055 325 3206 382 OPP.
3248 323 3450 380 PARS.
3496 323 3626 380 SEU
3669 321 3906 379 TOHUS
3943 325 4004 381 ιι.
4046 357 4114 366 -
4147 325 4535 383 δειιιιοκεε.
4974 330 5074 386 τοι

1808 445 2057 517 pulcrum
2107 439 2253 497 facit.
2307 441 2633 502 Etnecesse
2675 453 2759 496 est
2813 449 2872 494 ut
2901 456 3022 496 cum
3069 441 3185 510 ipso
3230 437 3391 492 simul
3418 440 3466 497 Δ
3495 439 3633 492 dona
3663 438 3946 501 virtutum,
3990 439 4042 491 in
4087 447 4349 508 quantum
4397 438 4571 503 vobis,
4626 439 4737 494 Deo
4791 439 5073 511 largiente,

1811 534 1925 588 illic
1948 539 2343 587 tormentorum
2369 529 2625 600 supplicia
2650 529 2907 599 perferat,
2939 529 3024 583 cui
3049 526 3395 594 semetipsum

1809 621 1904 677 hic
1957 619 2326 675 habitaculum
2387 634 2484 688 per
2536 621 2835 688 nequitiam
2898 620 3140 690 perversi
3216 619 3397 686 operis

1808 710 2118 766 exhibebat.

1882 799 2022 866 Quia
2069 813 2198 857 creo
2227 797 2282 854 in
2314 814 2438 854 area
2491 801 2700 854 zizania
2741 799 2902 854 simul
2948 799 3295 854 continentur
3342 808 3397 854 et

1809 888 2078 955 triticum,
2101 888 2406 954 videamus,
2439 890 2658 952 fratres,
2692 891 2735 945 si
2785 890 3025 944 triticum
3054 890 3396 954 sumus;-vi~

1809 977 2037 1033 deamus
2063 978 2109 1033 si
2134 979 2201 1033 ad
2224 977 2482 1034 horreum
2507 981 2854 1035 Dominicum
2899 994 3261 1034 reservamur.
3289 982 3394 1036 Sed

1807 1068 1942 1138 quia
1967 1068 2099 1123 dicit
2117 1068 2407 1138 Apostolus
2430 1089 2441 1123 :
2480 1091 2498 1122 ι
2527 1071 2657 1138 Quae
2677 1073 2819 1125 enim
2837 1071 3188 1126 seminaverit
3209 1074 3392 1136 homo,

1809 1155 1932 1211 hac
1974 1164 2031 1212 et
2084 1167 2252 1213 metet
2297 1143 2458 1227 (Gal:
2490 1160 2596 1228 vi);
2658 1177 2676 1210 ι
2734 1160 3138 1220 consideremus
3192 1162 3395 1215 intento

1811 1247 1941 1318 quid
1968 1246 2210 1316 quotidie
2254 1248 2505 1310 serimus,
2551 1258 2607 1302 et
2651 1248 2864 1318 sicjam
2894 1251 3161 1318 conjicere
3207 1267 3394 1321 possu-

1809 1350 1954 1400 mus,
1986 1336 2115 1406 quid
2144 1337 2486 1406 postmodum
2519 1340 2831 1393 necessario
2878 1349 3084 1393 metere
3117 1341 3281 1411 188
3305 1341 3394 1394 de-

1807 1426 2052 1482 beamus.
2079 1426 2144 1480 Et
2171 1436 2228 1481 ut
2256 1429 2504 1498 exemplo
2543 1429 2759 1484 facilius
2788 1434 2958 1499 possit
3007 1430 3222 1486 elucere
3252 1432 3391 1500 quod

1808 1513 2058 1578 dicimus,
2107 1517 2382 1593 nunquid,
2423 1517 2624 1572 fratres
2655 1519 2781 1583 mei,
2826 1519 2919 1588 qui
2961 1520 3062 1574 hoc
3095 1535 3236 1573 anno
3265 1535 3386 1572 ave-

1809 1621 1934 1660 nam
1983 1606 2097 1661 sive
2148 1606 2333 1661 lolium
2384 1608 2789 1674 seminavcrat,
2844 1610 3026 1664 tritico
3075 1626 3132 1665 se
3187 1610 3392 1680 replere

1807 1696 1972 1752 modo
1998 1698 2283 1753 cellarium
2321 1701 2542 1769 sperat?
2584 1699 2838 1770 Nunquid
2895 1704 2980 1756 cui
3013 1704 3250 1757 sterilem
3280 1703 3389 1772 pla~

3498 528 3751 594 possibile
3797 535 3904 592 est,
3955 527 4236 590 habeatis,
4286 537 4343 582 et
4400 530 4480 583 sic
4529 530 4680 598 quasi
4741 532 4962 585 uberem
5015 549 5076 588 se

3497 617 3846 686 multiplicem
3875 617 4236 687 spiritualium
4280 629 4523 688 segetum
4568 621 4778 689 copiam
4819 621 4872 674 in
4909 624 5074 677 vestri

3497 709 3731 776 pectoris
3776 711 4150 779 promptuario
4197 711 4521 765 recondatis.
4571 711 4680 766 Nec
4708 713 4912 784 putetis
4936 718 5075 783 quod

3497 799 3667 852 virtus
3708 798 3931 853 cuilibet
3963 800 4028 853 ad
4069 799 4365 868 perfectam
4419 801 4646 856 salutem
4685 817 4793 856 una
4826 803 5073 867 suﬂiciat,

3497 890 3539 943 si
3568 889 3801 957 reliquas
3830 888 4020 944 deesse
4062 891 4361 960 contingat.
4413 889 4598 961 Neque
4644 893 4786 946 enim
4822 909 5078 965 unaqua-

3496 993 3598 1046 que
3630 978 3799 1032 virtus
3847 988 3948 1042 est,
3998 980 4042 1032 si
4094 981 4261 1033 mixta
4308 980 4428 1034 aliis
4467 981 4754 1037 virtutibus
4808 998 4916 1038 non
4970 995 5077 1040 est.

3497 1067 3688 1122 Pectus
3717 1080 3956 1122 vestrum
3989 1068 4152 1123 lorica
4186 1084 4399 1140 semper
4441 1070 4717 1139 patientiae
4758 1072 4989 1136 muniat,
5025 1083 5074 1128 et

3496 1168 3681 1212 contra
3709 1168 3901 1213 cuncta
3943 1158 4330 1213 adversitatum
4368 1157 4565 1226 jacula,
4612 1172 4801 1216 contra
4852 1163 5077 1217 tribula-

3498 1249 3701 1301 tionum
3726 1249 3955 1316 flagella,
3982 1258 4168 1303 contra
4202 1251 4378 1305 illatas
4417 1249 4643 1318 injurias
4683 1267 4777 1306 vos
4799 1253 5076 1322 insupera-

3494 1337 3629 1392 biles
3658 1340 3864 1392 reddat.
3896 1338 3985 1393 Sic
4015 1341 4157 1393 enim
4201 1340 4435 1394 triticum
4461 1341 4611 1410 prius
4641 1341 4694 1394 in
4739 1357 4865 1396 area
4909 1342 5080 1394 tundi-

3495 1436 3603 1491 tur,
3628 1430 3889 1493 calcatur,
3934 1431 4204 1491 atteritur,
4264 1431 4332 1485 ub
4372 1430 4597 1495 abiectis
4623 1431 4792 1501 paleis
4819 1433 5078 1487 mundum

3493 1519 3714 1574 cellario
3748 1531 3930 1590 postea
3963 1523 4308 1576 recondatur.

3568 1610 3658 1664 Sic
3690 1610 3931 1680 profecto
3961 1627 4184 1667 necesse
4238 1622 4322 1666 est
4359 1622 4415 1666 ut
4438 1613 4634 1669 anima
4679 1626 4880 1670 nostrae
4911 1619 5078 1672 multa

3497 1704 3806 1756 tunsionum
3854 1718 3919 1757 ac
3948 1706 4232 1758 verberum
4283 1703 4488 1772 flagella
4539 1705 4861 1771 sustineant,
4918 1709 5081 1779 189

1806 1789 1922 1842 cuit
1957 1790 2122 1844 vitem
2151 1805 2356 1854 serere,
2385 1803 2648 1860 proventu
2673 1793 3003 1864 leguminum
3041 1811 3106 1849 ex
3155 1811 3217 1848 ea
3251 1806 3394 1864 potc-
3429 1797 3468 1853 Β
3499 1805 3784 1862 quatenus,
3815 1795 4077 1863 depositis
4103 1796 4447 1864 iniquitatum
4469 1796 4704 1866 stipulis,
4739 1811 4985 1870 purgata:
5011 1801 5078 1855 ad

1805 1877 1882 1931 rit
1933 1879 2286 1934 redundare?
2330 1880 2396 1934 Et
2453 1882 2534 1936 lite
2580 1882 2824 1952 profecto
2878 1885 3201 1952 quisquilitc,
3254 1902 3390 1953 quas

1803 1966 2103 2036 posuimus,
2129 1969 2387 2025 victuales
2434 1972 2834 2040 quodammodo
2874 1975 3084 2042 species
3115 1977 3389 2027 mentiun-

1807 2066 1920 2112 tur.
1945 2057 2080 2113 Nam
2123 2061 2536 2122 similitudinem
2584 2065 2800 2133 quidem
2833 2061 3171 2119 refectricitm
3200 2077 3389 2118 utcun-

1803 2166 1914 2220 que
1940 2153 2196 2207 messium
2244 2154 2463 2210 habent.
2517 2156 2592 2209 lta
2630 2158 2788 2225 plane
2841 2158 3083 2214 nonnulli
3116 2169 3262 2218 sunt,
3300 2158 3389 2225 qui

1803 2239 2086 2310 religionis
2111 2241 2397 2310 imaginem
2425 2245 2714 2313 superficie
2764 2255 2924 2299 tenus
2961 2246 3235 2307 simulant,
3269 2262 3388 2298 cum

1800 2343 1986 2384 veram
2019 2331 2167 2384 intus
2193 2333 2509 2402 religionem
2528 2335 2728 2389 habere
2758 2336 2990 2389 vivendo
3017 2336 3385 2388 conte-nutant.

1800 2423 1840 2477 li
1873 2424 2129 2479 nimirum
2159 2425 2212 2479 in
2244 2426 2439 2481 culmis
2486 2438 2541 2480 et
2573 2427 2718 2482 foliis
2763 2429 2974 2497 frugum
3009 2429 3224 2481 schmna
3256 2445 3386 2495 pra:-

1801 2513 2047 2580 tendunt,
2083 2515 2175 2569 sed
2220 2515 2273 2569 in
2310 2515 2563 2570 ariditate
2606 2517 2854 2570 medulla:
2908 2517 3231 2586 quisquilias
3261 2533 3388 2570 con-

1807 2614 2018 2674 tegunt.

1871 2697 2218 2755 Necesseest
2263 2701 2467 2770 itaque,
2507 2700 2728 2768 fratres,
2763 2716 2893 2756 vera
2933 2704 3194 2756 virtutum
3247 2717 3390 2756 nunc

1797 2788 2041 2858 germina
2064 2790 2354 2854 seminam,
2389 2791 2900 2859 undepostmedum
2934 2793 3208 2847 valeamus
3231 2795 3389 2848 cccle-

1795 2878 1961 2932 stium
1986 2878 2196 2947 frugum
2214 2866 2418 2950 'gaudia
2442 2891 2643 2934 aeterna
2671 2881 2944 2951 colligere.
2972 2883 3390 2939 Consideremus

1795 2969 1941 3040 quod
1975 2970 2106 3024 dicit
2134 2971 2472 3040 Apostolus:
2516 2992 2533 3023 ι
2574 2972 2675 3038 Qui
2715 2988 2876 3042 parce
2929 2975 3192 3037 seminat,
3228 2991 3387 3045 parce

1793 3071 1850 3115 et
1874 3069 2037 3116 metet
2060 3061 2143 3133 (II
2174 3062 2296 3117 Cor.
2325 3059 2426 3133 ιι).
2464 3084 2482 3116 ι
2518 3063 2685 3118 Parce
2731 3066 2985 3119 nimirum
3012 3068 3264 3131 seminat,
3291 3069 3382 3137 qui

1793 3171 1969 3226 pauca
2007 3157 2146 3210 bona
2193 3155 2347 3220 facit,
2407 3157 2497 3226 qui
2543 3157 2825 3212 abundare
2871 3159 3164 3212 virtutibus
3208 3135 3387 3229 parvi-
3415 3135 3459 3193 (ἶ

1793 3247 2004 3316 pendit,
2054 3247 2144 3316 qui
2177 3249 2227 3300 in
2272 3249 2559 3316 eroganda:
2604 3250 2990 3303 miscrtcordiae
3039 3260 3091 3302 et
3143 3251 3387 3304 humani-

1795 3337 1925 3390 tatis
1949 3338 2128 3391 studio
2169 3339 2436 3406 proficere
2482 3339 2722 3409 negligit,
2756 3342 2846 3409 qui
2884 3357 2941 3396 se
2965 3343 3026 3394 in
3066 3343 3388 3409 exliibendis

1794 3424 2053 3481 fraterna:
2082 3429 2366 3484 charitatis
2399 3430 2592 3484 olliciis
2643 3447 2749 3485 non
2772 3434 3061 3488 'extendit.
3096 3434 3267 3490 Porro
3293 3451 3388 3488 au-

1795 3526 1903 3571 tem
1935 3518 2024 3573 ille
2050 3534 2152 3572 non
2186 3534 2355 3588 parce
2374 3521 2466 3574 sed
2490 3520 2722 3576 ubertim
2744 3513 2994 3587 seminat,
3024 3525 3114 3593 qui
3145 3525 3384 3592 ejusdem

1795 3612 1997 3682 egregii
2027 3613 2400 3682 prmdicatoris
2451 3617 2773 3669 sententiam
2816 3628 3038 3671 servat:
3096 3637 3113 3668 ι
3155 3619 3384 3683 Bonum,

1793 3699 1991 3770 inquit,
2020 3700 2282 3758 facientes
2312 3719 2418 3758 non
2444 3704 2759 3759 deficiamus
2788 3725 2798 3757 :
2827 3706 3094 3775 Tempore
3118 3710 3262 3763 enim
3287 3727 3385 3766 suo

1792 3801 2062 3849 metemus
2094 3808 2198 3846 non
2229 3793 2543 3848 deﬁcientes
2574 3791 2716 3864 (Gal.
2750 3800 2843 3864 vr).
2896 3815 2915 3847 ι
2968 3796 3060 3851 ille
3091 3814 3194 3851 non
3224 3814 3387 3866 parce

1791 3882 2038 3938 seminat
2077 3884 2166 3952 qui
2207 3883 2387 3938 studet
2410 3885 2630 3954 implere
2681 3887 2822 3954 quod
2856 3887 2972 3954 ipse
3023 3887 3150 3940 alibi
3209 3888 3380 3943 dicit:

1797 3991 1820 4022 4
1859 3967 2205 4042 Quaecunque
2239 3973 2433 4036 facitis,
2469 3974 2692 4039 fratres,
2722 3977 2834 4029 sive
2885 3977 2938 4028 in
2964 3977 3149 4037 verbo,
3186 3979 3299 4033 sive
3330 3980 3383 4034 in

1791 4053 1963 4125 facto,
1987 4062 2166 4117 omnia
2198 4064 2250 4116 in
2281 4064 2506 4134 gloriam
2543 4066 2753 4120 Domini
2806 4066 2971 4120 facite
3014 4067 3063 4136 (l
3091 4067 3214 4120 (ἔον.
3246 4069 3320 4139 x).
3361 4089 3377 4119 ι

1790 4152 1959 4212 Plane
1983 4157 2073 4225 qui
2127 4143 2292 4210 vitam
2337 4167 2594 4216 aternam
2640 4159 2854 4228 accipit,
2902 4177 3007 4213 non
3054 4176 3240 4230 parce,
3289 4164 3382 4216 sed

1790 4247 2023 4301 multum
2052 4249 2224 4303 metit.
2281 4249 2417 4316 Quid
2449 4259 2533 4305 est
2580 4266 2708 4322 ergo
2733 4252 2873 4322 quod
2901 4253 3050 4318 dicit,
3091 4255 3187 4322 .qui
3222 4270 3383 4322 parce

1789 4338 2047 4404 seminat,
2093 4354 2255 4408 parce
2312 4350 2360 4394 et
2410 4349 2601 4404 metet;
2647 4342 2748 4395 nisi
2791 4351 3046 4410 tanquam
3101 4343 3383 4397 manifeste

1787 4423 2072 4483 denuntiet
2097 4430 2223 4498 quia
2249 4431 2338 4500 qui
2363 4433 2592 4501 parcein
2625 4433 2780 4488 bonis
2807 4435 3063 4504 cperibus
3092 4447 3380 4490 contentus

1789 4527 1876 4573 est
1903 4520 2196 4585 seminare,
2232 4522 2356 4577 vita:
2381 4535 2599 4579 :eternze
2626 4525 2906 4593 premium
2942 4525 3244 4580 nullatenus
3277 4544 3381 4579 mo-

1793 4616 1945 4661 retur
1973 4611 2262 4680 accipere?
2303 4611 2456 4667 Sicut
2484 4614 2689 4681 itaque,
2732 4613 2932 4669 fratres
2978 4616 3102 4681 mei,
3131 4616 3378 4684 quisquis

1792 4700 2450 4759 secundum'transitoria:
2485 4705 2644 4773 hujus
2677 4705 2798 4760 vitae
2829 4705 3073 4760 ordinem
3111 4715 3234 4774 apte
3266 4706 3377 4759 vult

1791 4791 1993 4857 vivere,
2029 4807 2133 4847 non
2164 4809 2269 4846 uno
2314 4793 2596 4862 Cujuslibet
2625 4799 2816 4851 messis
2858 4808 3146 4852 contentus
3169 4809 3253 4853 est
3279 4814 3374 4866 ge-

1793 4899 1941 4952 nere,
1987 4885 2082 4941 sed
2112 4887 2447 4941 diversarum
2479 4903 2676 4957 genera
2716 4889 2928 4960 frugum
2981 4893 3177 4962 satagit
3202 4893 3374 4945 abun-

1792 4974 1962 5041 dare;
2006 4979 2078 5032 ita
2109 4978 2351 5048 profecto
2395 4982 2703 5049 quicunque
2731 4981 2798 5033 ad
2830 4989 3026 5034 terram
3056 4982 3375 5042 viventium,

1793 5067 2099 5146 quicunque
2127 5071 2193 5124 ad
2235 5070 2358 5125 illud
2407 5071 2836 5146 promptuarium
2881 5072 3100 5126 creleste
3133 5073 3372 5132 festinat,

1792 5143 2015 5212 necesse
2041 5168 2125 5212 est
2149 5169 2205 5212 ut
2235 5176 2328 5228 per
2350 5143 2548 5215 multos
2599 5177 2658 5215 se
2688 5162 2949 5216 bonorum
2976 5177 3198 5232 aperqu
3231 5163 3378 5216 lahn-

1793 5262 1884 5303 res
1896 5259 2170 5314 exerceat,
2193 5252 2541 5321 omniumque
2565 5253 2705 5307 intra
2729 5255 3074 5308 conscientiae
3093 5269 3204 5308 suat
3216 5254 3376 5308 cella-

1793 5345 1934 5398 rium
1966 5345 2224 5398 virtutum
2255 5334 2496 5414 germina
2536 5361 2862 5418 congregare
2887 5348 3195 5402 contendat.

1867 5419 2088 5494 Studete
2110 5439 2295 5509 igitur,
2319 5439 2533 5494 fratres.
2559 5452 2612 5493 ιιι
2640 5441 2991 5496 humilitatem
3018 5457 3223 5505 veram,
3249 5444 3374 5497 cha-

1797 5529 2008 5584 ritatem
2041 5546 2146 5585 non
2188 5531 2393 5596 fictam,
2447 5533 2720 5602 patientiae
2775 5533 3252 5604 longanimitatem,
3289 5551 3378 5588 ca-

1794 5622 2036 5677 stitatem
2058 5624 2237 5677 carnis
2265 5634 2318 5677 et
2345 5624 2547 5689 cordis,
2576 5625 2938 5692 obedientiam
2971 5636 3173 5690 veram,
3204 5628 3377 5681 viscca

1801 5727 1854 5767 ra
1883 5713 2116 5782 pietatis,
2173 5723 2226 5768 et
2265 5715 2487 5769 sinccrze
2517 5715 2902 5770 misericordia:
2949 5727 3376 5778 creterarumquc

3500 1886 3751 1939 horreum
3782 1887 4002 1940 cmleste
4034 1887 4370 1953 perveniant.
4400 1886 4537 1941 llinc
4564 1896 4646 1941 est
4667 1889 4812 1943 enim
4841 1893 4984 1959 quod
5015 1891 5073 1945 Β.

3495 1977 3728 2030 ,Ιηςοὺιις
3761 1979 3893 2032 dicit
3928 1996 3939 2030 :
3986 1997 4003 2028 ι
4042 1978 4318 2032 Patientes
4362 1987 4535 2033 estote
4564 1994 4735 2048 usque
4784 1981 4852 2036 ad
4882 1982 5077 2036 adven-

3497 2082 3606 2124 tum
3635 2069 3864 2123 Domini.
3901 2069 4041 2124 Ecce
4074 2069 4308 2138 agricola
4339 2079 4618 2138 exspectat
4640 2072 4941 2139 pretiosum
4967 2073 5076 2126 fru-

3495 2171 3639 2212 ctum
3675 2144 4155 2227 terran'pajtienter
4179 2159 4380 2222 ferens,
4420 2159 4590 2213 donec
4612 2161 4844 2228 accipiat
4875 2171 5076 2228 tempo-

3495 2264 3719 2301 rancum
3751 2261 3801 2303 et
3847 2251 4144 2303 serotinum
4177 2250 4316 2314 (Jac.
4352 2249 4426 2318 v).
4463 2268 4482 2302 ι
4533 2248 4589 2302 In
4620 2260 4888 2318 proventu
4921 2251 5072 2306 deni-

3493 2355 3596 2403 que
3640 2354 3818 2390 rerum
3868 2339 4241 2406 temporalium
4277 2339 4442 2392 nolite
4489 2353 4730 2408 sperare.
4771 2339 4836 2393 Et
4868 2349 4929 2393 ut
4952 2354 5076 2394 cum

3494 2428 3760 2494 Propheta
3796 2429 3985 2495 loquar
4012 2451 4022 2480 ι
4056 2449 4071 2478 ι
4107 2429 4313 2483 Divitim
4334 2431 4377 2482 si
4402 2429 4644 2493 aﬂluant,
4671 2430 4836 2484 nolite
4859 2446 4958 2485 cor
4978 2446 5070 2499 ap-

3494 2536 3693 2587 ponere
3727 2519 3896 2588 (Psal.
3929 2531 4056 2586 ιιι).
4092 2541 4110 2574 ι
4139 2521 4193 2574 ln
4236 2522 4320 2576 liis
4343 2537 4473 2592 ergo
4504 2523 4847 2577 successibus
4871 2523 4962 2576 ille
4989 2538 5077 2577 vo-

3495 2610 3575 2661 bis
3603 2610 3667 2662 ad
3695 2611 4008 2662 memoriam
4063 2611 4246 2664 redeat
4295 2612 4385 2679 qui
4418 2610 4634 2665 dicebat
4675 2629 4688 2662 :
4727 2630 4744 2661 ι
4787 2611 5073 2665 Destruatn

3496 2698 3688 2749 horrea
3731 2714 3870 2758 mea,
3905 2709 3957 2750 et
3997 2699 4200 2767 majora
4244 2699 4459 2761 faciam,
4489 2709 4546 2754 et
4572 2699 4698 2755 illuc
4729 2702 5072 2771 congregabo

3493 2787 3672 2837 omnia
3711 2802 3830 2852 qua:
3883 2796 4006 2839 nata
4035 2797 4163 2840 sunt
4195 2789 4325 2840 mihi
4372 2798 4426 2842 et
4462 2790 4597 2842 bona
4641 2805 4782 2853 mea,
4810 2800 4865 2844 et
4899 2791 5070 2845 dicam

3494 2879 3688 2930 anima:
3724 2895 3854 2931 mine
3902 2898 3912 2930 :
3944 2881 4138 2932 Anima
4175 2881 4342 2934 habes
4373 2882 4538 2935 multa
4562 2883 4702 2936 bona
4743 2885 4980 2952 reposita
5023 2886 5072 2938 in

3491 2982 3660 3020 annos
3704 2967 3982 3033 plurimos,
4033 2971 4332 3036 requiesce,
4379 2972 4623 3036 comede,
4675 2971 4820 3036 bibe,
4854 2973 5076 3043 epulare

3492 3056 3643 3124 (an.
3697 3061 3817 3124 xtl).
3861 3079 3877 3108 ι
3922 3058 4019 3112 Cui
4070 3062 4314 3126 protinus
4364 3060 4542 3114 divina
4589 3075 4722 3115 voce
4751 3077 5074 3130 responsum

3491 3159 3570 3200 cst
3607 3167 3617 3200 :
3658 3167 3674 3197 ι
3714 3148 3911 3210 Stulte,
3965 3150 4064 3202 hac
4115 3162 4272 3204 nocte
4316 3153 4551 3204 animam
4583 3159 4730 3204 tuam
4769 3164 5017 3222 repetent
5045 3170 5072 3205 a

3491 3251 3541 3294 te
3593 3260 3602 3292 :
3645 3243 3772 3305 Qua-
3816 3255 3995 3294 autem
4055 3245 4253 3311 parasti
4305 3241 4457 3308 cujus
4507 3243 4716 3296 erunt?
4751 3263 4768 3294 ι
4803 3242 4992 3312 (Ibid)
5029 3245 5075 3300 Ο

3489 3334 3671 3399 quanti
3709 3334 3882 3386 hodie-
3907 3335 4224 3386 triturantes
4275 3333 4482 3387 fruetus
4523 3347 4778 3402 agrorum
4809 3333 4862 3386 in
4891 3347 5075 3402 prom-

3490 3423 3719 3488 ptuariis
3772 3422 4055 3491 colligunt,
4097 3424 4188 3490 qui
4227 3423 4452 3476 alterius
4492 3423 4619 3474 anni
4649 3431 4865 3491 segetes
4891 3423 4942 3475 in
4969 3424 5070 3475 hoc

3489 3513 3686 3565 sarculo
3735 3529 3838 3565 non
3871 3513 4163 3565 videbunt!
4196 3512 4401 3578 Quibus
4449 3512 4704 3566 videlicet
4734 3527 4878 3564 nunc
4910 3527 5073 3565 muns

3491 3605 3590 3658 dus
3637 3606 3861 3665 arridet,
3925 3606 4015 3656 sed
4066 3606 4363 3672 propinqua
4399 3619 4543 3657 mors
4594 3603 4647 3656 in
4675 3603 4892 3656 insidiis
4919 3603 5070 3657 latet.

3487 3695 3586 3760 Qui
3648 3695 3891 3764 profecto
3946 3697 3989 3747 si
4025 3703 4133 3748 tam
4163 3696 4399 3747 vicinum
4429 3708 4539 3746 sua:
4569 3694 4868 3747 vocationis
4899 3708 5070 3760 agno-

3488 3798 3699 3841 scerent
3744 3789 4058 3851 terminum,
4103 3787 4208 3840 alio
4237 3785 4592 3841 transferrent
4623 3801 4652 3839 a
4679 3786 4916 3841 terrenis
4945 3787 5073 3841 sub-

3487 3878 3700 3930 stantiis
3747 3877 4064 3943 appetitum.

3560 3970 3748 4037 Igitur,
3776 3967 3975 4022 fratres
4008 3967 4133 4030 mei,
4178 3977 4384 4034 quanto
4432 3966 4604 4036 magis
4633 3965 4701 4021 de
4731 3967 4853 4022 vita:
4875 3979 5070 4024 vestrae

3488 4058 3592 4110 line
3623 4059 3754 4112 estis
3791 4058 4006 4120 incerti,
4039 4066 4188 4111 tanto
4213 4055 4616 4109 formidolosius
4643 4070 4858 4125 semper
4896 4067 5073 4111 estote

3487 4152 3743 4219 suspecti.
3778 4149 3954 4203 Nolite
3987 4150 4129 4219 apud
4157 4164 4252 4201 vos
4278 4164 4457 4202 rerum
4485 4157 4790 4201 vestrarum
4826 4148 5070 4203 decimas

3486 4246 3741 4306 retinere,
3773 4258 3839 4296 ne
3876 4243 3984 4297 illic
4014 4257 4109 4296 eas
4131 4257 4160 4295 a
4195 4243 4345 4295 vobis
4372 4241 4629 4294 terribilis
4649 4241 4812 4309 judex
4844 4255 4942 4309 per
4970 4256 5069 4293 ra-

3487 4336 4028 4404 tiocinium'exigat,
4080 4333 4170 4387 ubi
4232 4347 4390 4384 nemo
4450 4332 4650 4399 poterit
4692 4331 4894 4384 habere
4925 4334 5074 4400 quod

3486 4429 3696 4482 reddat.
3724 4426 3955 4480 Pensate
3979 4426 4106 4496 quid
4140 4440 4236 4495 per
4263 4421 4585 4476 Malachiam
4621 4421 5070 4476 Dominus-dicat.

3485 4523 3618 4574 Nam
3648 4535 3769 4574 cum
3817 4519 3880 4572 de
3911 4519 4219 4572 reversione
4252 4515 4414 4568 Israel
4441 4499 4645 4568 9divina
4694 4528 4796 4567 vox
4827 4513 5070 4582 disputa-

3486 4621 3586 4674 ret,
3640 4619 3840 4679 prtesto
3889 4606 4168 4676 subiunxit
4200 4625 4212 4658 :
4245 4624 4268 4655 ι
4307 4604 4368 4658 Et
4406 4604 4621 4659 dixlstis
4647 4620 4658 4655 :
4686 4602 4743 4657 ln
4770 4617 4877 4670 quo
4904 4603 5074 4658 conli-

3481 4704 3657 4771 giuius
3690 4701 3788 4754 te?
3824 4700 3879 4752 lu
3911 4699 4156 4762 decimis,
4186 4708 4239 4752 et
4264 4698 4314 4750 in
4346 4695 4600 4766 primitiis
4625 4704 4725 4772 :_et
4757 4695 4808 4748 in
4842 4697 5068 4761 penuria

3483 4810 3577 4846 vos
3606 4791 3876 4845 maledicti
3910 4791 4062 4851 estis,
4096 4798 4151 4842 et
4180 4802 4276 4841 vos
4327 4802 4412 4840 me
4441 4784 4732 4854 conligitis,
4770 4798 4904 4852 gens
4928 4794 5066 4848 tota,

3487 4886 3687 4938 inferre
3716 4897 3932 4937 omnem
3962 4880 4230 4934 decimam
4261 4877 4314 4930 in
4341 4877 4623 4938 horreum,
4650 4883 4704 4927 ut
4734 4874 4804 4927 sit
4834 4873 4990 4930 cibus
5015 4874 5066 4926 in

3486 4979 3658 5031 domoo
3674 4991 3791 5029 mea
3829 4972 4084 5043 (Malach.
4116 4970 4219 5040 ιιι).
4263 4988 4280 5020 ι
4318 4968 4456 5048 Dicit
4497 4956 4839 5037 'Apostolus:
4870 4983 4888 5015 ι
4921 4963 5066 5019 Red-

3485 5072 3593 5123 dite
3623 5069 3876 5122 omnihus
3902 5066 4098 5120 debita.
4135 5083 4150 5114 ι
4180 5063 4244 5116 Et
4277 5059 4436 5130 paulo
4463 5067 4624 5128 post:
4657 5076 4676 5108 ι
4714 5056 4950 5121 Nemini,
4983 5057 5064 5110 in-

3484 5162 3620 5228 quit,
3680 5158 3974 5226 quidquam
4014 5153 4281 5217 debeatis,
4333 5153 4519 5204 uisLut
4557 5149 4788 5203 invicem
4822 5148 5064 5217 diligatis

3485 5250 3666 5315 (Rom:
3702 5249 3840 5314 xm).
3884 5267 3900 5296 ι
3937 5246 3992 5299 Si
4053 5261 4182 5314 ergo
4213 5243 4561 5312 prohibemur
4613 5240 4848 5293 humana
4882 5237 5062 5292 debita

3488 5344 3741 5401 retinere,
3778 5339 4092 5408 perpendite
4113 5352 4274 5404 quam
4327 5333 4692 5404 periculosum
4722 5332 4794 5384 sit
4819 5346 4940 5399 qua
4969 5331 5059 5384 Dei

3485 5446 3610 5488 sunt
3650 5434 3759 5486 Deo
3787 5448 3889 5485 non
3926 5430 4149 5484 reddere
4178 5427 4331 5498 (Luc.
4366 5431 4477 5495 xx).
4509 5425 4776 5478 Exhibete
4803 5421 5062 5478 Sacerdo-

3485 5527 3624 5580 tibus
3679 5522 4064 5584 reverentiam,
4121 5533 4420 5586 eorumque
4469 5511 4740 5568 mandatis
4789 5511 5062 5566 humiliter

3482 5621 3715 5676 obcdite.
3753 5639 3769 5667 ι
3800 5617 4045 5679 Obedite,
4079 5614 4153 5666 ait
4179 5611 4486 5681 Apostolus,
4520 5606 4822 5677 praepositis
4846 5606 5059 5661 vestris.

3480 5724 3532 5768 et
3573 5711 3850 5774 subiacete
3882 5709 4002 5770 eis;
4048 5706 4146 5770 ipsi
4189 5705 4331 5756 enim
4368 5700 4688 5764 pervigilant
4712 5698 4868 5754 uuasi
4903 5697 5060 5750 ratio-
