5232 6474
888 395 995 453 ’ἴῦῦ

2261 392 2497 453 SERMO
2537 389 2824 446 XXXVIII.

4097 391 4206 450 706

879 537 1003 581 nem
1040 533 1140 592 pro
1171 513 1455 575 animabus
1485 516 1683 574 vestris
1715 516 2006 582 reddituri,
2031 523 2090 570 ut
2129 530 2252 571 cum
2282 511 2478 584 gaudio
2510 520 2557 576 Α
2584 507 2875 568 cedentes,
2922 520 3021 575 per
3073 518 3310 576 pugnam
3363 511 3764 573 consequenter
3813 506 3880 560 ad
3936 505 4204 576 palmam,

878 613 985 669 ltoc
1014 611 1243 674 faciant,
1277 619 1331 664 et
1377 626 1484 664 non
1517 618 1836 679 gementes;
1869 609 1972 663 hoc
2001 609 2144 662 enim
2178 621 2284 662 non
2314 619 2478 674 expe-

867 703 963 782 ςιιίι
985 702 1141 757 vobis
1187 697 1377 772 (Hebr.
1411 698 1558 770 xm).
1601 719 1620 752 ι
1657 697 1714 754 Si
1751 700 1900 754 enim
1929 698 2262 782 Redemptor
2291 702 2480 750 nester

861 775 1103 862 'propter
1127 789 1451 846 Chananteze
1477 788 1756 855 meritum,
1790 804 1820 842 a
1852 788 1962 842 ﬁlia
1993 775 2114 858 ejus
2146 789 2477 843 daemonium

874 881 1089 952 expulit
1110 881 1328 954 (Matth.
1359 882 1477 952 xv),
1498 881 1544 936 si
1570 890 1797 952 propter
1821 878 2168 935 oﬁ‘erentium
2195 880 2358 934 ﬁdem
2383 894 2478 949 pa-

878 970 1109 1042 ralytico
1135 970 1334 1026 lectum
1363 980 1581 1043 gestare
1630 971 1893 1041 prtecepit
1915 969 2115 1041 (Marc.
2145 970 2231 1041 ιι).
2265 970 2312 1044 si
2342 984 2475 1043 cen-

863 1060 1112 1116 turionis
1170 1061 1423 1131 precibus
1457 1076 1713 1131 puerum,
1773 1061 1867 1132 qui
1907 1061 2048 1115 male
2093 1049 2474 1130 torquebatur,

877 1152 1212 1207 incolumem
1264 1152 1501 1207 reddidit
1523 1150 1743 1223 (Matth.
1775 1152 1894 1224 vni)
1922 1169 1936 1218 ;
1972 1168 2136 1222 quam
2165 1152 2479 1207 necessario

863 1258 981 1298 nos
1006 1243 1346 1298 sacerdotum
1373 1244 1716 1299 orationibus
1748 1244 2074 1315 indigemus,
2106 1245 2200 1314 qui
2235 1259 2333 1299 nos
2367 1244 2478 1299 Deo

871 1332 1111 1387 diversis
1151 1329 1408 1389 vitiorum
1451 1333 1803 1405 languoribus
1850 1343 2178 1406 aegrotantes
2216 1333 2474 1402 olIerunt,

822 1408 827 1413 ’
869 1431 937 1477 et
969 1424 1300 1493 quatidianis
1348 1424 1602 1494 precibus
1657 1425 1798 1494 apud
1847 1426 2086 1501 divinam
2129 1413 2476 1481 clementiam

861 1531 980 1584 'pro
1015 1517 1172 1572 nobis
1214 1517 1590 1575 indesinenter
1647 1516 1909 1573 insistunt
1947 1517 2247 1585 iQuorum
2285 1518 2479 1590 procul

876 1605 1041 1661 dubio
1069 1608 1281 1662 meritis
1305 1606 1678 1672 sublevamur,
1712 1608 1928 1663 etiamsi
1971 1600 2150 1664 adhuc
2179 1623 2247 1666 ex
2275 1619 2480 1666 nostris

866 1696 1219 1768 negligentia:
1244 1697 1504 1769 languore
1544 1699 1920 1768 deprimimur.
2109 1726 2115 1732 ι
2221 1718 2226 1721 ·

864 1812 868 1815 ·
948 1791 1156 1848 Interea
1186 1793 1347 1861 plane
1373 1801 1428 1846 et
1456 1791 1586 1845 illud
1638 1792 1702 1845 ad
1738 1802 1975 1846 mentem
2013 1790 2156 1848 redit
2178 1793 2321 1864 quod
2348 1792 2476 1848 huic

2583 609 2683 664 per
2709 595 2944 664 palmam
3000 595 3243 663 provecti
3297 603 3425 649 sunt
3467 595 3536 651 ad
3567 609 3849 650 coronam.
3906 595 4042 652 Cum
4070 594 4234 654 visi-1

2583 687 2678 741 bili
2705 703 2838 743 sane
2865 689 3196 744 videbantur
3218 689 3377 743 hoste
3401 686 3719 759 conﬂigere,
3749 689 3846 744 sed
3873 689 4208 746 invisibilem

2582 774 2638 829 in
2667 791 2733 831 eo
2779 786 3101 832 meruerunt
3147 779 3528 833 adversarium
3581 794 3865 849 superare.
3898 781 4205 852 Corporum

2582 867 2801 935 quidem
2832 867 3044 922 obicem
3090 869 3389 923 hostilibus
3434 868 3635 937 jaculis
3684 871 4054 939 opponebam,
4107 880 4208 929 sed

2581 974 2772 1014 eorum
2801 959 2932 1014 ﬁdes
2960 963 3332 1016 munitissima
3366 963 3570 1017 mentis
3607 978 3736 1018 arce
3762 965 4021 1031 subnixa,
4052 966 4209 1020 inex»

2581 1051 2894 1118 pugnabilis
2917 1052 3217 1106 eminebat.
4003 1114 4009 1120 ,

2656 1139 2763 1194 Sed
2789 1156 2914 1194 cum
2937 1143 3232 1224 utriusque
3257 1145 3518 1215 martyris
3547 1147 3860 1202 cummunia
3893 1157 4045 1220 gesta
4073 1164 4206 1219 per-

2583 1229 2876 1294 currimus,
2911 1232 3232 1288 nonnullam
3265 1237 3710 1292 conversationis
3734 1238 3881 1293 inter
3911 1254 4006 1295 eos
4035 1238 4208 1294 fuisse

2581 1320 2926 1388 distantiam,
2959 1324 3287 1392 reperimus.
3325 1317 3390 1381 Et
3427 1324 3772 1381 Hilarianum
3801 1329 4026 1397 quidem
4049 1328 4208 1384 illum

2581 1410 2917 1467 Hilarionem
2964 1413 3135 1471 fuisse
3171 1425 3387 1485 poterat
3416 1418 3542 1488 quis
3595 1434 3703 1474 non
3737 1420 3996 1491 absurde,
4023 1418 4172 1490 conji
4195 1447 4210 1459 ε

2581 1519 2729 1572 cere,
2779 1504 2938 1573 cujus
2985 1521 3014 1560 a
3064 1507 3129 1562 B.
3178 1507 3516 1580 Hieronymo
3543 1510 3659 1564 vita
3709 1512 4060 1577 describitur,
4099 1512 4208 1568 nisi

2579 1597 2767 1668 dispar
2791 1599 3077 1670 utriusque
3103 1603 3290 1658 exitus
3320 1605 3656 1673 prohiberet.
3713 1605 3852 1661 Nam
3894 1608 3986 1676 qui
4011 1622 4208 1664 eorum

2579 1691 2706 1744 vitae
2751 1691 2980 1757 seriem,
3038 1693 3306 1749 miracula
3342 1709 3565 1766 quoque
3613 1697 3816 1771 quibus
3857 1698 4204 1776 effulserant.

2580 1779 2701 1836 loca
2756 1781 3118 1840 nihilominus
3160 1801 3282 1856 qua:
3317 1786 3435 1842 suis
3481 1787 3919 1848 habitationibus
3967 1790 4208 1845 illustra-

861 1883 1279 1955 beatoniartyri
1300 1869 1701 1953 Stephano,cui
1722 1897 1962 1953 praesens
1977 1897 2158 1938 sermo
2177 1883 2476 1940 famulatus
2507 1879 2553 1938 Β
2583 1880 2797 1938 veram.
2826 1887 2927 1943 ΡΓο

2142 1883 2476 1940 ){amulams
2507 1879 2553 1938 Β
2583 1880 2797 1938 verant,
2826 1884 2991 1943 prout
3022 1885 3384 1932 monumenta
3409 1876 3718 1944 declarant,
3759 1879 3921 1935 oculo
3945 1880 4208 1950 vigilante

873 1984 984 2041 est,
1008 1976 1253 2046 contigit.
1281 1974 1436 2041 Nam,
1466 1976 1607 2030 sicut
1638 1976 1693 2030 in
1717 1975 2030 2030 authentica
2055 1976 2328 2044 passionis
2357 1975 2476 2046 ejus

875 2066 1406 2132 narraturhistoria,
1439 2080 1565 2120 mox
1592 2075 1649 2120 ut
1693 2065 1994 2134 baptizavit
2018 2065 2351 2135 Nemesium,
2382 2070 2476 2138 qui

869 2151 998 2214 eum
1009 2174 1107 2229 pro
1120 2159 1366 2214 caecitate
1381 2145 1503 2214 ﬁlia:
1516 2174 1628 2214 suae
1642 2168 1953 2230 rogaverat,
1967 2159 2159 2216 eadem
2173 2159 2400 2226 Lucilla,
2417 2162 2481 2216 li-

860 2261 965 2305 cet
985 2251 1181 2305 nedum
1211 2249 1406 2305 fuisset
1433 2249 1656 2306 lavacro
1679 2250 1824 2306 sacri
1866 2251 2034 2306 fontis
2058 2252 2265 2317 abluta,
2292 2251 2478 2308 lumen

875 2339 1039 2410 190
1063 2340 1285 2412 recepit.
1324 2340 1590 2411 Cumque,
1637 2341 1735 2408 ait,
1777 2340 2371 2421 levareturiNeme‘sius
2409 2343 2477 2400 de

871 2445 1036 2501 aqua,
1058 2433 1224 2503 cmpit
1246 2432 1487 2489 clamare
1513 2432 1625 2488 ﬁlia
1642 2431 1760 2502 ejus
1779 2435 1967 2489 dicens
1993 2454 2005 2488 :
2036 2435 2176 2491 Ecce
2196 2436 2358 2493 video
2378 2425 2479 2492 ho-

874 2523 1074 2578 minem
1107 2505 1198 2594 ιιιιὶ
1219 2522 1402 2596 tetigit
1424 2527 1613 2581 oculos
1651 2541 1824 2592 meos,
1847 2536 1902 2582 et
1927 2527 2108 2583 lumen
2129 2528 2477 2599 splendidum

864 2614 1018 2671 circa
1028 2633 1174 2682 eum,
1189 2628 1355 2687 atque
1368 2628 1493 2673 mox
1510 2614 1761 2674 subditur
1783 2637 1796 2672 :
1820 2618 1974 2674 Tunc
1994 2619 2294 2690 baptizavit
2308 2621 2476 2677 ﬁliam

871 2705 1013 2775 ejus.
1044 2707 1090 2764 0
1128 2707 1402 2764 laudanda
1434 2710 1611 2766 virtus
1654 2709 1874 2770 divina!
1914 2725 1947 2765 ο
1993 2713 2343 2781 prmdicanda
2390 2729 2480 2770 re-

872 2795 1206 2866 demptionis
1234 2807 1440 2853 nostra:
1475 2798 1808 2854 clementia!
1854 2797 2009 2854 Alius
2048 2802 2365 2870 baptizatur
2409 2802 2478 2857 ad

863 2883 1077 2952 lumen,
1112 2895 1168 2942 et
1197 2887 1351 2942 alteri
1379 2888 1564 2943 lumen
1609 2889 1875 2944 redditur.
1907 2888 2072 2945 Pater
2114 2887 2324 2961 recepit
2350 2907 2477 2948 cor-

873 2974 980 3040 dis,
1009 2983 1062 3030 et
1102 2963 1212 3031 ﬁlia
1251 2979 1501 3048 protinus
1539 2976 1758 3050 aperuit
1798 2979 1987 3035 oculos
2031 2979 2250 3037 frontis.
2299 2983 2478 3039 Ambo

875 3074 1053 3122 tamen
1085 3068 1151 3122 ad
1199 3085 1360 3123 unam
1405 3079 1461 3124 et
1489 3084 1674 3125 veram
1725 3073 2054 3145 perveniunt
2089 3071 2293 3141 lucem,
2347 3074 2478 3129 dum

868 3166 1089 3215 omnem
1135 3162 1350 3232 pristini
1416 3163 1625 3218 erroris
1677 3160 1940 3234 respuunt
1995 3165 2323 3221 ctecitatem.
2385 3165 2478 3222 Sic

2581 1965 2879 2034 percurrit,
2921 1981 3030 2022 non
3064 1967 3348 2022 minimam
3390 1969 3810 2029 similitudinem
3861 1972 3916 2026 in
3950 1971 4083 2042 ipsis
4123 1987 4208 2027 re-

2582 2069 2703 2110 rum
2741 2056 3126 2122 collationibus
3171 2058 3559 2128 deprehendit.
3617 2061 3729 2117 Sed
3764 2077 3908 2134 ⁵ειιιιι
3963 2062 4105 2118 alter
4134 2063 4206 2119 ad

2581 2149 2835 2219 martyrii
2865 2150 3186 2220 pervenerit
3216 2150 3493 2222 palmam,
3545 2153 3687 2209 alter
3715 2155 3785 2210 ab
3828 2155 3936 2211 hac
3978 2157 4094 2210 vita
4149 2156 4208 2213 in

2581 2252 2715 2310 pace
2744 2241 3034 2310 quieverit,
3067 2252 3286 2300 constat
3329 2245 3524 2316 procul
3565 2247 3732 2303 dubio
3761 2247 3818 2302 in
3849 2236 4084 2318 persona
4121 2250 4209 2305 di-

2579 2345 2793 2399 versos,
2843 2349 2984 2404 quos
3015 2327 3208 2408 utique
3251 2337 3472 2394 diverso
3515 2341 3864 2411 migrationis
3905 2341 4063 2414 191
4111 2358 4206 2415 ge-

2582 2441 2716 2483 nere
2749 2429 3006 2485 novimus
3039 2432 3629 2508 consummatos..Qui
3674 2435 3940 2498 nimirum
3976 2437 4044 2490 ad
4078 2451 4207 2492 suo-

2580 2534 2706 2574 rum
2732 2521 3152 2578 similitudinem
3202 2522 3511 2592 nominum,
3549 2523 3680 2583 licet
3729 2528 3786 2584 in
3833 2521 4207 2587 anteribribus

2582 2619 2912 2685 congruant,
2941 2615 2997 2670 in
3038 2614 3150 2672 ﬁne
3180 2616 3518 2694 discordant.

2650 2705 2850 2761 Beatus
2870 2722 2999 2763 vero
3011 2706 3277 2776 Donatus,
3290 2710 3378 2764 cui
3395 2709 3742 2780 potissimum
3756 2701 4001 2782 prmus
4027 2712 4208 2768 famu-

2580 2795 2796 2852 laturus
2824 2808 2912 2853 est
2945 2812 3146 2860 sermo.
3178 2808 3240 2854 ut
3262 2798 3384 2869 ejus
3411 2801 3654 2859 veridica
3679 2810 3917 2859 testatur
3937 2803 4198 2870 historia,

2581 2886 2798 2943 Iuliano
2827 2887 3033 2944 Caesari
3079 2895 3198 2966 non]
3217 2891 3398 2951 solum
3427 2891 3484 2946 in
3512 2891 3823 2950 liberalium
3853 2877 4060 2951 artium
4085 2904 4206 2952 stu-

2576 2976 2689 3032 diis
2719 2977 3128 3034 contubernalis
3158 2979 3394 3046 exstitit,
3426 2995 3621 3037 verum
3661 2983 3828 3038 etiam
3865 2998 3992 3040 cum
4019 2999 4086 3042 eo
4125 2985 4205 3041 si-

2582 3068 2694 3124 mul
2733 3070 2910 3138 prima
2949 3069 3154 3139 gradus
3180 3070 3548 3134 ecclesiastici
3592 3073 3903 3132 rudimenta
3934 3079 4223 3148 suscepit.-

2585 3158 2688 3215 Ubi
2714 3160 3013 3215 notandum
3063 3164 3130 3215 et
3164 3149 3578 3217 fermidolosius
3625 3163 3980 3234 cogitandum
4031 3181 4202 3236 quam

873 3251 1131 3307 nimirum
1173 3253 1228 3306 Β.
1265 3253 1598 3324 Stephanus,
1646 3255 1762 3325 qui,
1786 3253 1944 3322 juxta
1972 3255 2231 3313 Veritatis
2256 3273 2474 3324 vocem,
2505 3243 2551 3306 C
2583 3251 2819 3322 abyssus
2865 3249 3037 3306 multa
3099 3250 3214 3304 sint
3269 3244 3456 3306 divina
3501 3248 3718 3324 judicia
3773 3250 4195 3328 (Psal._xxxv),

865 3338 963 3396 lux
1011 3341 1196 3398 mundi
1256 3341 1419 3413 hujus
1461 3353 1580 3398 erat
1621 3343 1805 3416 (Joan.
1854 3343 1928 3412 ι),
1981 3345 2168 3401 lumen
2219 3347 2478 3403 cordibus

864 3428 1212 3498 infundebat,
1241 3440 1308 3487 .et
1332 3432 1640 3506 animarum
1674 3433 2007 3489 sacriﬁcium
2039 3435 2240 3492 divinis
2267 3437 2474 3492 obtuti-

872 3524 975 3579 bus
999 3521 1285 3579 oﬂ'erebat.
1319 3524 1432 3581 Hoc
1460 3523 1816 3592 sacriﬁcium,
1850 3524 2218 3594 fratresvmei,
2258 3544 2382 3586 cum
2414 3529 2474 3585 Β.
2525 3530 2528 3532 ⁷

873 3611 1154 3685 Stephano
1195 3623 1252 3670 et
1300 3630 1402 3671 nos
1440 3629 1542 3688 pro
1588 3615 1808 3672 modulo
1857 3626 2048 3674 nostro
2097 3632 2315 3691 semper
2364 3619 2484 3676 Deo'

863 3708 1188 3764 studeamus
1217 3706 1437 3775 offerre,
1482 3718 1543 3764 ut
1588 3725 1700 3765 non
1745 3709 1921 3766 solum
1950 3713 2022 3768 de
2065 3721 2256 3769 nostra
2297 3714 2477 3770 salute

872 3797 1112 3863 solliciti,
1157 3799 1252 3854 sed
1293 3800 1377 3855 ad.
1409 3799 1702 3856 lucrandas
1731 3801 1896 3856 etiam
1950 3803 2327 3872 proximorum
2375 3820 2480 3860 no-

871 3899 1109 3951 strorum
1141 3892 1362 3948 animas
1399 3893 1573 3949 simus
1630 3893 1864 3949 solerter
1916 3894 2146 3962 intenti;
2201 3907 2474 3968 quatenus

864 3979 998 4036 dum
1027 3980 1316 4042 charitatis
1357 3982 1535 4038 hostia
1578 3983 1632 4037 in
1660 3997 1756 4038 ara
1798 3984 1971 4040 nostri
2017 3987 2255 4056 pectoris
2285 3987 2474 4042 adole-

867 4079 982 4138 tur,
1005 4072 1074 4128 ah
1103 4071 1195 4130 illo
1222 4075 1553 4130 sacriﬁcium
1584 4084 1834 4132 nostrum
1862 4087 2142 4134 mereatur
2164 4080 2218 4134 in
2247 4081 2473 4136 odorem

871 4165 1156 4222 suavitatis
1180 4167 1377 4238 accipi,
1406 4168 1498 4238 qui
1525 4168 1579 4223 in
1611 4183 1709 4224 ara
1741 4169 1924 4224 crucis
1955 4184 2055 4240 pro
2080 4171 2256 4227 salute
2282 4181 2471 4228 nostra

871 4255 1122 4329 dignatus
1148 4267 1235 4314 est
1261 4255 1554 4324 immolari,
1592 4257 1751 4316 Jesus
1778 4259 2034 4336 Christus
2068 4261 2336 4318 Dominus
2373 4278 2472 4319 no-

871 4357 1006 4418 ster,
1033 4350 1126 4421 qui
1155 4367 1280 4410 cum
1300 4349 1465 4407 Patre
1493 4363 1551 4408 et
1573 4351 1784 4423 Spiritu
1805 4360 1996 4409 sancto
2026 4353 2163 4410 vivit
2187 4362 2244 4411 et
2273 4363 2471 4428 regnat

861 4444 927 4499 .in
975 4442 1171 4501 secula
1202 4441 1558 4515 saeculorum.
1585 4444 1784 4502 Amen.

1368 4535 1604 4594 SERMO
1661 4537 1950 4594 XXXVIII.

2582 3349 2639 3397 et
2665 3355 2832 3410 quam
2872 3340 3132 3394 terribilis
3158 3339 3304 3396 Deus
3351 3341 3407 3395 in
3435 3341 3683 3404 consiliis
3720 3328 3897 3415 super:
3915 3344 4058 3403 ﬁlios
4099 3348 4204 3403 ho-

2581 3431 2791 3487 minum
2820 3429 2998 3502 (Psal.
3044 3430 3194 3501 ιιι).
3227 3429 3371 3487 Ecce
3413 3431 3562 3488 enim
3599 3433 3656 3488 in
3687 3448 3822 3504 agro
3847 3434 4066 3498 Domini
4090 3435 4205 3493 duo

2580 3524 2791 3596 pariter
2829 3523 3064 3595 virgulta
3114 3533 3493 3591 succrescunt,
3545 3540 3782 3597 quorum
3828 3525 4066 3585 alterum
4100 3543 4204 3601 per

2579 3615 2852 3672 occultam
2873 3617 3108 3689 gratiam
3133 3614 3332 3672 cedrus
3357 3624 3443 3672 est
3465 3617 3732 3686 paradisi,
3760 3618 3998 3678 alterum
4022 3619 4204 3694 fomes

2580 3723 2862 3780 nunquam
2923 3707 3179 3766 ﬁniendis
3222 3717 3567 3780 praeparatur
3610 3710 3905 3768 incendiis.
3973 3711 4070 3769 Ille
4130 3713 4205 3772 de

2578 3799 2787 3857 scholis
2813 3805 2882 3856 ad
2918 3788 3174 3872 regnum,
3220 3800 3290 3855 de
3319 3815 3492 3873 regno
3517 3801 3758 3857 truditur
3786 3805 3967 3861 nudus
4001 3805 4058 3860 in
4084 3814 4203 3864 tar-

2581 3900 2794 3958 tarum;
2846 3891 2953 3946 iste
3002 3891 3262 3953 sacerdos
3297 3891 3559 3960 'cﬁ‘ectus,
3592 3894 3661 3950 de
3686 3895 3951 3952 cathedra
3983 3896 4206 3968 rapitur

2577 3984 2647 4040 ad
2675 3983 3025 4054 supplicium,
3057 3982 3417 4055 desupplicio
3447 3994 3787 4056 purpuratus
3807 3996 3866 4042 et
3893 3997 4205 4050 coronatus

2574 4075 2826 4132 elevatur
2882 4077 2940 4133 in
2997 4075 3358 4160 cmlumqjllli
3399 4079 3639 4135 mundus
3691 4079 3900 4149 arrisit,
3953 4082 4209 4142 caelestis

2576 4168 2698 4224 aula
2723 4184 2832 4224 non
2866 4169 3077 4240 patuit;
3116 4169 3532 4240 hic‘postquam
3563 4173 3857 4240 mundanae
3896 4161 4200 4246 tempesta-

2577 4260 2646 4316 tis
2675 4257 3024 4332 naufragium
3062 4260 3310 4332 pertulit,
3354 4262 3424 4316 ad
3474 4261 3678 4330 quietis
3724 4272 3946 4320 aeternae
3973 4276 4200 4338 portum

2575 4350 2723 4408 felici
2779 4352 3076 4407 securitate
3125 4352 3400 4423 pervenit.
3452 4352 3726 4421 Probatur
3770 4365 3956 4413 autem
3999 4358 4056 4414 in
4108 4360 4202 4414 his

2573 4461 2702 4502 vera
2732 4444 3046 4516 evangelica
3078 4445 3168 4502 illa
3206 4446 3505 4514 sententia,
3542 4463 3651 4519 qua
3683 4447 3930 4505 dicitur:
3982 4450 4196 4520 t-Quia

2574 4546 2737 4593 erunt
2755 4537 2865 4594 duo
2886 4539 2942 4595 in
2966 4553 3130 4609 agro;
3156 4553 3298 4594 unus
3319 4547 3656 4607 assumetur,
3675 4549 3732 4596 et
3755 4541 3895 4598 alter
3916 4542 4195 4614 relinque-

864 4642 939 4684 ιιι
974 4642 1050 4684 ss.
1087 4640 1299 4686 υοιιΑτο
1335 4645 1408 4686 ετ
1446 4638 1737 4688 mu‘nuso
1775 4647 2138 4690 narramus.
2190 4635 2287 4707 (vn
2315 4636 2468 4708 suo.)
2495 4601 2551 4663 υ
2579 4637 2664 4685 ιιιι·
2695 4628 2848 4701 (Luc.
2898 4645 2930 4684 x

2127 4673 2138 4688 .
2190 4635 2287 4707 (vn
2315 4636 2468 4708 tua.)
2495 4601 2551 4663 θ
2579 4637 2664 4685 ιιιι·
2695 4628 2848 4701 (Luc.
2898 4601 3056 4700 xvnv).
3172 4629 3420 4701 Uterque
3466 4601 3672 4698 tamen,
3707 4632 3852 4688 sicut
3879 4601 4108 4705 angelus
4134 4643 4193 4692 et

940 4720 1129 4787 Adest,
1159 4722 1532 4790 dilectissimi,
1582 4725 1866 4780 beatorum
1922 4736 2225 4798 martyrum
2273 4728 2470 4784 Donati

871 4823 1034 4884 atque
1057 4813 1332 4872 Hilariani
1365 4816 1629 4887 praeclara
1659 4817 1999 4883 solemnitas,
2045 4833 2188 4889 qua,
2223 4819 2352 4875 dum
2380 4821 2471 4876 de-

863 4905 1106 4960 votionis
1143 4915 1340 4980 vestrae
1386 4904 1750 4978 frequentiam
1797 4923 1863 4963 ex
1911 4909 2146 4966 diversis
2189 4911 2244 4966 in
2297 4927 2469 4983 unum

869 4998 1116 5068 partibus
1166 5007 1471 5075 convocat,
1530 5015 1632 5057 nos
1680 5001 1846 5056 etiam
1898 5010 1959 5056 ut
2009 5018 2200 5060 eorum
2255 5003 2470 5075 insigne

871 5074 1198 5160 praiconium
1232 5106 1332 5162 pro
1372 5091 1592 5148 modulo
1628 5102 1816 5149 nostro
1856 5109 1963 5150 non
2005 5090 2286 5152 taceamus
2328 5074 2466 5151 invi-

875 5189 969 5236 tat.
1014 5181 1139 5239 Haac
1175 5193 1260 5239 est
1300 5184 1446 5239 enim
1482 5185 1600 5240 dies
1632 5185 1685 5240 in
1730 5202 1838 5257 qua
1881 5188 2038 5243 triste
2070 5188 2174 5243 hoc
2203 5186 2463 5244 saeculum

866 5271 1185 5344 deserentes
1218 5275 1587 5346 deposuerunt
1636 5279 1913 5333 sarcinam
1943 5280 2154 5347 carnis;
2179 5280 2464 5338 etstolam

871 5365 1050 5436 adepti
1095 5375 1224 5422 sunt
1268 5368 1527 5440 angelica
1574 5368 1862 5426 claritatis.
1901 5370 2094 5438 Hodie,
2128 5372 2465 5444 triumphato

869 5458 1102 5524 diabolo,
1134 5445 1366 5530 palmam
1394 5459 1612 5532 gloriosi
1636 5462 1955 5518 certaminis
1975 5464 2052 5518 ad
2074 5464 2461 5534 imperatorem

869 5550 1112 5606 caelestis
1148 5549 1353 5607 militiae
1405 5561 1776 5623 reportarunt.
1822 5553 1995 5610 Hedie
2023 5556 2308 5626 purpurati
2339 5572 2463 5627 pro-

861 5644 989 5712 prio
1050 5645 1337 5715 sanguine,
1379 5645 1794 5707 alternantibus
1841 5648 2086 5719 undique
2134 5649 2463 5720 bymnidicis

869 5736 1186 5805 angelorum
1214 5738 1467 5805 ctetibus,
1503 5739 1758 5794 vexillum
1802 5748 2039 5811 peracta:
2083 5741 2328 5797 victorite
2376 5757 2464 5798 re-

867 5827 986 5895 guis
1023 5826 1338 5887 cmlcstibus
1381 5831 1699 5888 intulerunt.
1730 5830 2010 5888 Gradatim
2055 5833 2323 5904 siquidem
2375 5836 2461 5892 in-

2573 4719 2845 4788 diabolus,
2875 4720 3108 4777 diversae
3149 4720 3361 4777 scilicet
3403 4721 3727 4777 intentionis
3775 4723 3974 4778 intuitu
4011 4724 4190 4779 famu-

2574 4813 2670 4870 lati
2714 4821 2844 4870 sunt
2885 4812 3018 4869 Deo.
3049 4811 3145 4869 Ille
3182 4823 3427 4880 coactus,
3454 4812 3558 4869 iste
3609 4814 3983 4870 indubitanter
4013 4816 4191 4873 ultro-

2575 4922 2731 4964 neus.
2779 4905 3036 4978 Nunquid
3085 4907 3231 4970 enim
3287 4917 3344 4963 et
3390 4906 3644 4962 Julianus
3691 4907 3956 4978 Apostata
3991 4910 4197 4968 divinis

2573 5000 2990 5072 obtemperasse
3039 4999 3249 5070 legibus
3304 5016 3414 5055 non
3466 5000 3833 5063 convincitur,
3887 5016 4014 5056 cum
4069 5003 4195 5075 ejus

2569 5104 2799 5152 cruenta
2841 5093 3023 5150 rabies
3059 5093 3113 5148 in
3142 5093 3348 5148 Christi
3393 5081 3664 5163 martyres
3695 5092 3971 5161 ebulliret,
4014 5104 4069 5149 et
4111 5102 4193 5151 tot

2569 5187 2726 5258 quasi
2767 5197 3014 5243 maturas
3045 5187 3345 5242 electorum
3375 5195 3590 5257 segetes
3623 5186 3674 5239 in
3718 5187 3973 5241 horreum
4004 5185 4190 5242 Domi-

2569 5281 2773 5338 nicum‘
2803 5280 3206 5352 persecutionis
3259 5295 3372 5336 sure
3426 5279 3567 5334 falce
3614 5279 3863 5334 desectas
3918 5279 4191 5336 inferret?

2568 5372 2653 5431 Ad
2682 5371 2787 5427 hoc
2816 5371 2962 5427 enim
2996 5370 3285 5440 tyrannica
3327 5378 3575 5440 potestas
3619 5370 3865 5439 reprobat
3893 5379 3977 5426 est
4024 5372 4186 5426 adbi-

2569 5467 2685 5525 bita
2713 5465 3003 5530 voluntati.
3031 5474 3088 5526 et
3109 5466 3298 5538 pingui
3340 5475 3497 5520 tauro
3521 5479 3728 5520 cornua
3760 5467 3890 5519 sunt
3918 5453 4187 5521 divinitus

2571 5559 2834 5626 exaltata,
2865 5568 2927 5617 ut
2961 5560 3160 5618 summi
3188 5559 3360 5630 patris
3387 5557 3624 5615 familias
3649 5551 3836 5614 aream
3869 5558 4183 5628 ventilaret,

2572 5661 2627 5708 et
2651 5667 2682 5708 a
2708 5651 2880 5723 paleis
2901 5667 3024 5722 quae
3055 5653 3273 5723 ignibus
3317 5654 3446 5703 sunt
3483 5644 3731 5705 obnoxia:
3763 5650 3972 5734 munda
4007 5667 4185 5722 grana

2572 5754 2907 5802 secerneret.
2934 5739 3076 5814 Hinc
3095 5750 3181 5798 est
3207 5743 3351 5814 quod
3385 5739 3641 5796 Historiae
3681 5739 3903 5797 tradunt
3931 5739 4059 5796 huic
4083 5739 4186 5796 Ju-

2571 5836 2720 5895 liano
2747 5835 2893 5894 intra
2917 5834 3209 5906 quamdam
3237 5833 3539 5892 Galliarum
3566 5831 3850 5889 basilicam
3881 5833 4183 5902 constituto
