5232 6596
1818 503 1921 558 707

2433 513 2490 568 5.
2520 505 2723 570 PETRI
2766 515 3046 572 DAAhAM
3081 523 3232 574 Ut’t.
3268 525 3447 575 Pana
3472 522 3598 577 eth
3640 527 3861 584 IUJIUS
3902 529 3962 586 ll.
3997 566 4058 574 -—
4093 536 4478 600 SElHtONES.

1813 631 2096 684 coronam,
2129 633 2248 689 qua:
2279 639 2441 691 super
2483 642 2607 680 eum
2639 628 2996 697 dependebat,
3050 633 3102 685 in
3154 632 3269 699 ejus
3320 651 3401 687 rc-
3433 641 3476 698 Α
3507 637 3747 692 culorum
3777 642 3880 696 dici
3913 657 4105 713 potest.
4138 650 4400 725 Pleraque
4432 662 4576 714 enim
4605 666 4916 724 ca-lestium
4945 673 5084 744 signa

1813 721 1975 744 rus-nn
2021 714 2273 744 usa-HM.“
2323 717 2584 744 ηοηςλςορη
2665 730 2710 744 ..ι
2756 720 2823 744 ε.-
2876 722 3068 744 ..:_______
3146 741 3169 744 _
3218 727 3256 744 -,
3321 727 3372 744 ει.
3513 727 3560 744 ,λ
3600 737 3610 744 .
3663 739 3671 744 .
3850 735 3859 744 .
4136 743 4154 744 η

1812 721 1975 776 pente
2021 714 2274 766 verticem
2322 717 2604 782 cecidisse,
2662 730 2716 772 et
2754 720 2828 773 ita
2875 722 3088 788 signum
3139 727 3264 793 quia
3321 727 3408 780 ille

1811 801 2031 856 deberet
2062 802 2356 870 imperator
2388 805 2524 867 fieri,
2578 810 2630 861 in
2662 809 2916 877 opinione
2964 814 3142 882 populi
3190 826 3408 884 porten-

1810 889 1973 943 disse.
2006 890 2111 944 Sed
2144 893 2339 948 melius
2381 909 2478 950 nos
2508 899 2788 953 ardentem
2836 911 3035 956 torrem
3074 906 3123 956 in
3153 921 3251 958 suo
3284 907 3405 975 igne

1808 979 2182 1050 relinquimus,
2210 994 2268 1038 ut
2294 989 2570 1043 vernantis
2617 990 2832 1046 arboris
2881 997 3119 1047 suaviter
3153 998 3398 1050 redolen-

1805 1069 1877 1122 tia
1912 1084 2070 1138 poma
2101 1085 2411 1142 carpamus.

1872 1159 2074 1217 Beatus
2101 1164 2285 1234 itaque
2311 1167 2574 1234 Donatus,
2609 1186 2768 1240 quem
2805 1174 3059 1242 templum
3095 1177 3194 1230 sibi
3225 1178 3399 1247 Spiri-

1803 1259 1888 1305 tus
1916 1264 2138 1308 sanctus
2160 1256 2228 1310 ab
2277 1258 2412 1327 ipsis
2441 1262 2710 1328 primaeva:
2744 1266 2922 1318 artatis
2969 1267 3265 1322 vindicavit
3298 1288 3394 1323 au-

1797 1341 2006 1410 spiciis,
2039 1344 2304 1402 mollioris
2333 1350 2455 1404 vita:
2485 1351 2826 1410 latitudinem
2865 1359 3394 1426 sprevit,-abstinen-

1796 1430 1886 1485 tlte
1933 1432 2111 1504 rigore
2151 1437 2466 1500 illecebrosa
2499 1445 2682 1498 carnis
2728 1447 3001 1503 incentiva
3059 1452 3306 1518 calcavit,
3339 1467 3389 1508 et

1796 1531 2082 1593 antequam
2130 1543 2231 1601 per
2280 1529 2604 1600 dignitatem
2653 1540 3008 1595 sacerdotalis
3056 1543 3213 1597 oﬂlcii
3272 1547 3389 1614 ejus

1789 1612 2114 1679 praedicaret
2157 1598 2372 1689 lingua,
2424 1625 2758 1691 praedicabat
2804 1629 2915 1697 jam
2972 1632 3258 1688 efﬁcaciter
3286 1598 3386 1692 sub

1787 1699 2037 1758 honestis
2083 1713 2139 1760 et
2205 1708 2567 1780 disciplinatis
2631 1719 2874 1775 moribus
2923 1723 3052 1776 vita.
3118 1723 3382 1781 Nimirum

1784 1791 1930 1850 illius
1959 1800 2206 1869 exemplo
2239 1805 2330 1872 qui
2357 1808 2524 1876 cepit
2559 1812 2811 1878 primitus
2843 1813 3020 1869 facere
3046 1827 3101 1870 et
3127 1828 3246 1886 post
3288 1821 3382 1875 do-

1781 1895 1908 1935 cere
1955 1885 2094 1950 (Act.
2149 1893 2216 1960 ι).
2273 1893 2505 1951 vivendo
2558 1899 2817 1955 doctrina:
2872 1902 3068 1957 ﬂuenta
3109 1910 3374 1976 concepit,

1779 1985 1903 2040 qum
1945 1980 2289 2043 postmodum
2323 1997 2419 2052 per
2443 1987 2557 2041 oris
2600 1990 2850 2058 poculum
2881 2003 2937 2046 et
2963 1993 3086 2049 aliis

1780 2059 1882 2114 vit.
1931 2061 2044 2119 Huc
2073 2070 2288 2123 accedit
2315 2073 2460 2139 quia.
2494 2089 2618 2129 cum
2666 2092 2724 2131 se
2756 2080 3003 2135 districta
3033 2059 3247 2138 vivendi
3288 2103 3375 2141 re-

1779 2149 1902 2218 gula
1933 2156 2244 2226 castigaret,
2273 2175 2468 2231 corpus
2489 2163 2604 2231 jam
2635 2168 2701 2221 ad
2729 2173 3049 2241 martyrium
3091 2177 3193 2228 sub
3226 2177 3375 2229 labo-

1777 2239 1922 2295 riosa
1952 2245 2134 2313 quiete
2164 2246 2453 2316 formabat,
2475 2265 2550 2320 et,
2582 2265 2642 2310 ut
2671 2262 2806 2313 mori
2843 2239 3057 2316 tandem
3090 2281 3190 2333 pro
3214 2267 3374 2321 libri-

1774 2337 1861 2384 sto
1887 2343 2209 2402 mereretur,
2233 2341 2546 2408 quotidiana
2563 2359 2622 2398 se
2640 2348 3059 2404 mortiﬁcatione
3075 2358 3366 2411 mactabat.

1773 2415 2038 2476 Sulcabat
2079 2423 2315 2496 denique
2361 2439 2563 2486 terram
2610 2449 2765 2492 suam
2795 2453 3017 2496 vomere
3048 2444 3362 2514 disciplinae,

1772 2519 1832 2564 ut
1859 2511 1996 2568 uber
2018 2529 2259 2586 segetum
2277 2534 2570 2590 proventus
2586 2543 2920 2600 erumperet,
2937 2545 2994 2587 ut
3015 2535 3364 2593 illucescente

1767 2600 2010 2657 ctrlestis
2030 2608 2219 2676 gratia:
2248 2613 2400 2667 radio
2439 2613 2673 2673 fertilius
2712 2623 3066 2690 germinant.
3117 2625 3248 2682 Hinc
3278 2640 3360 2683 est

1767 2697 1911 2764 quod
1950 2699 2002 2752 in
2041 2703 2226 2756 mundi
2253 2707 2552 2774 primordio
2585 2721 2722 2768 terra
2749 2718 2908 2772 tertio
2940 2719 3025 2772 die
3050 2723 3356 2790 germinare

1763 2785 2092 2855 praecipitur,
2119 2802 2314 2860 quarto
2327 2806 2509 2852 autem
2529 2799 2661 2866 sole,
2686 2801 2813 2857 luna
2834 2785 3155 2877 ceterisque
3169 2812 3356 2864 sideri-

1764 2873 1868 2928 bus
1887 2875 2044 2946 192
2061 2879 2364 2938 illustratur
2388 2887 2542 2956 (Gen.
2561 2891 2599 2958 ι)
2617 2907 2631 2954 ;
2649 2893 2774 2961 quia
2793 2873 3084 2962 nimirum,
3100 2913 3353 2968 percepto

1766 2963 2050 3024 Trinitatis
2072 2972 2280 3028 deiﬁca:
2307 2991 2673 3045 sacramento,
2727 2986 2979 3051 protinus
3011 3003 3040 3040 a
3070 2992 3225 3044 nobis
3257 2992 3352 3044 bo-

1757 3074 1958 3115 norum
1988 3077 2210 3132 operum
2265 3068 2592 3136 proferenda
2631 3085 2756 3128 sunt
2780 3082 3048 3147 germina,
3074 3091 3132 3135 ut
3161 3098 3351 3138 conse-

1753 3164 1990 3224 quenter
2011 3156 2063 3210 in
2091 3173 2192 3212 nos
2221 3159 2461 3217 etelestis
2488 3165 2676 3234 gratia:
2699 3167 2882 3223 lumen
2905 3183 3174 3240 erumpat.
3203 3176 3346 3228 Con-

1748 3435 1852 3482 cla
1886 3431 2220 3500 operationis
2253 3431 2461 3490 fructus
2503 3439 2702 3504 attulit,
2734 3440 2931 3497 deinde
2963 3454 3218 3515 tanquam
3247 3465 3338 3504 co-

1748 3531 1942 3572 ruscus
1972 3521 2211 3577 caelestis
2249 3527 2436 3594 gratia:
2469 3528 2658 3584 radius
2701 3532 3084 3589 miraculorum
3108 3554 3230 3592 eum
3256 3551 3336 3594 at-

1747 3624 1854 3679 que
1883 3611 2160 3681 signorum
2209 3615 2430 3672 claritas
2472 3617 2783 3675 illustravit.
2821 3623 2971 3680 Unde
3011 3627 3113 3682 hoc
3140 3629 3213 3682 illi
3252 3632 3333 3683 di-

1743 3701 1952 3757 vinitus
1994 3715 2344 3773 procuratum
2392 3717 2477 3763 est
2509 3717 2567 3762 ut
2602 3724 2630 3762 a
2662 3710 2864 3766 lumine
2891 3713 3072 3770 facere
3109 3718 3333 3774 virtutes

1747 3792 2027 3864 inciperet.
2087 3795 2198 3851 Hoc
2248 3797 2516 3867 siquidem
2565 3801 2800 3870 primum
2831 3805 2976 3861 illius
3005 3809 3328 3866 miraculum

1741 3898 1850 3954 quo
1890 3884 2097 3942 Sirena:
2134 3889 2308 3944 viduae
2356 3889 2550 3946 frontis
2599 3895 2761 3949 simul
2813 3908 2866 3951 et
2920 3901 3102 3955 cordis
3147 3900 3325 3957 lumen

1743 3975 1977 4042 aperuit,
2031 3986 2091 4030 ut
2131 3978 2385 4034 nimirum
2409 3993 2463 4035 et
2493 3984 2560 4037 ab
2591 3984 2854 4040 idolorum
2889 4004 3030 4044 eatea
3058 3995 3324 4062 supersti-

1740 4065 1887 4121 tione
1921 4081 2182 4123 conversa
2225 4080 2280 4124 et
2309 4071 2414 4126 luci
2443 4074 2687 4142 pristina:
2721 4080 2989 4144 restituta,
3031 4092 3089 4137 et
3127 4084 3318 4153 Deum,

1736 4156 1829 4224 qui
1869 4171 1998 4212 vere
2034 4158 2216 4215 lumen
2246 4171 2349 4226 est,
2383 4163 2608 4232 coleret,
2639 4177 2694 4221 et
2715 4169 2998 4226 oculorum
3031 4174 3319 4245 caliginem

1734 4246 1800 4301 de
1825 4256 2020 4303 caetero
2048 4266 2154 4304 non
2193 4250 2494 4321 prazferret.

1802 4337 1967 4392 Plane
2003 4355 2125 4394 cum
2177 4342 2333 4411 plura
2374 4343 2654 4400 videamus
2703 4349 2950 4418 apicibus
2995 4355 3191 4410 tradita
3218 4373 3316 4427 per

1730 4442 1854 4482 eum
1890 4426 2031 4482 facta
2055 4431 2315 4498 stupenda
2342 4433 2622 4501 miracula,
2652 4437 2778 4493 illud
2805 4457 2970 4496 unum
3002 4452 3182 4500 tacere
3202 4426 3306 4503 non

1728 4532 2038 4586 possumus,
2078 4520 2222 4588 quod
2249 4522 2421 4577 oculis
2447 4528 2686 4593 quotidie
2725 4533 3021 4594 cernimus,
3060 4540 3309 4594 manibus

1727 4619 2152 4678 contrectamus,
2173 4623 2229 4667 et
2254 4615 2334 4668 sic
2355 4630 2550 4669 novum
2576 4633 2792 4690 semper
2809 4627 3087 4683 obtutibus
3109 4635 3307 4688 nostris

1725 4699 1999 4768 objicitur,
2043 4711 2298 4773 tanquam
2331 4721 2437 4760 non
2468 4708 2595 4763 olim
2624 4710 2848 4779 factum,
2882 4720 2974 4771 sed
3003 4724 3160 4775 modo
3190 4724 3305 4779 fieri
3334 4711 3386 4770 Π
3412 4717 3501 4782 ﬁni

1721 4791 1990 4847 videatur.
2039 4792 2237 4850 Calicis
2273 4799 2483 4867 "nempe
2540 4802 2606 4856 de
2651 4802 2852 4860 Levita:
2891 4810 3141 4866 manibus
3168 4813 3301 4884 lapsi

1719 4880 2037 4948 particulam
2067 4883 2435 4944 clandestinus
2465 4891 2637 4947 hostis
2667 4894 2860 4949 callida
2898 4901 3301 4961 machinatione

1717 4971 2006 5039 subripuit,
2045 4982 2098 5028 et
2133 4990 2305 5045 usque
2340 4978 2496 5035 hodie
2550 4983 2604 5036 in
2642 4985 2912 5044 thesauris
2941 5007 3052 5046 sua:
3084 4997 3298 5052 malitia:

1717 5061 1783 5115 ad
1830 5061 2117 5120 clariorem
2179 5067 2388 5122 Domini
2419 5070 2646 5138 gloriam
2694 5079 2951 5136 subdolus
2978 5087 3292 5143 occultavit.

1715 5152 1885 5208 Porro
1909 5171 2031 5211 cum
2055 5158 2300 5213 videatur
2329 5159 2495 5217 fundo
2516 5165 2702 5221 calieis
2731 5180 2941 5229 atomus
2973 5175 3059 5230 ille
3079 5179 3286 5247 deesse,

1713 5243 1894 5298 divina
1932 5261 2146 5316 semper
2173 5251 2472 5308 obsistente
2496 5256 2718 5326 virtute,
2743 5262 2942 5318 nullius
2973 5267 3094 5323 inde
3114 5269 3291 5340 liquo-

1708 5334 1786 5387 ris
1838 5335 1919 5388 vel
1971 5338 2149 5392 tenuis
2206 5341 2420 5408 quidem
2470 5346 2612 5401 valet
2669 5350 2812 5404 stilla
2842 5355 3126 5422 perfluere.
3168 5334 3288 5417 llos

1705 5425 1852 5480 enim
1882 5435 1940 5479 ut
1970 5427 2022 5481 iu
2060 5442 2309 5486 sanctum
2339 5450 2431 5488 vas
2467 5439 2721 5506 qua-libet
2753 5446 2896 5499 unda
2923 5447 3202 5516 dilabitur,
3233 5464 3286 5509 et

1705 5517 1847 5570 unda
1894 5530 1997 5586 est,
2052 5531 2112 5575 ut
2141 5537 2202 5578 se
2247 5529 2554 5594 potantibus
2589 5533 2912 5590 bausibilem
2941 5542 3200 5610 praebeat,
3228 5555 3284 5602 et

1702 5606 2101 5672 quodammodo
2130 5613 2270 5667 unda
2296 5631 2400 5670 non
2429 5628 2534 5683 est,
2566 5631 2624 5674 ut
2643 5606 2984 5696 nequaquam
3015 5631 3163 5689 hiatu
3196 5653 3286 5691 va-

1703 5705 1859 5750 cante
1902 5708 2239 5771 prorumpat.
2297 5703 2448 5770 Quod
2480 5709 2745 5778 profecto,
2776 5718 2896 5785 quia
2931 5728 3059 5776 tunc
3080 5722 3281 5783 factum

1701 5792 1803 5850 est,
1864 5789 2188 5846 miraculum
2242 5807 2344 5859 est,
2395 5802 2520 5866 quia
2560 5817 2690 5857 vero
2737 5822 2832 5874 per
2887 5818 2996 5863 tam
3030 5813 3281 5872 diuturna

1706 5877 1943 5942 tempora
1971 5891 2304 5949 perseverat,
2333 5895 2392 5938 ut
2431 5888 2502 5940 ita
2531 5887 2739 5959 loquar,
2769 5894 3084 5956 miraculum
3119 5907 3282 5961 mira.

3124 1999 3376 2065 pmpina-
3411 1992 3452 2050 Β
3483 2004 3662 2097 autem
3697 2001 3912 2059 virtutis
3940 2009 4154 2078 signum
4189 2015 4254 2068 de
4279 2032 4388 2086 quo
4417 2037 4558 2078 nunc
4582 1992 4815 2097 agimus,

3513 727 3768 782 virtutum
3795 735 3859 786 ad
3887 748 4098 805 tempus
4127 743 4281 806 liunt,
4315 757 4365 798 at
4389 761 4675 819 postquam
4702 771 4876 812 semet
4909 727 5080 816 aston-

3509 830 3567 868 sa
3601 817 3912 886 claruerint,
3939 826 4213 884 desinunt.
4247 834 4326 888 Ad
4353 817 4663 897 Israelitica:
4690 848 4892 917 quippe
4922 854 5086 921 plebis

3508 906 3809 975 ingressum
3842 925 3894 967 et
3932 934 4082 973 mare
4109 922 4384 988 dividitur,
4419 940 4472 983 et
4509 933 4746 991 ﬂuminis
4779 941 4969 1001 alveus
4996 963 5086 1001 ex-

3506 999 3754 1060 siccatur.
3786 1006 3878 1057 sed
3910 1010 4076 1062 semel
4110 1012 4330 1083 impleto
4360 1019 4555 1076 divina:
4594 1026 4812 1084 virtutis
4841 1033 5083 1102 imperio,

3506 1095 3561 1139 ut
3609 1087 3886 1160 Scriptura
3941 1107 4190 1165 testatur,
4230 1110 4476 1174 protinus
4525 1115 4593 1166 ad
4631 1118 4870 1185 priorem
4912 1087 5082 1181 locum

3504 1189 3730 1249 utraque
3795 1187 4031 1243 \icissim
4066 1196 4233 1250 maris
4279 1201 4416 1254 unda
4448 1204 4731 1273 relabitur,
4756 1223 4812 1267 et
4847 1215 5083 1274 ﬂuuiinis

3498 1273 3578 1323 sui
3612 1289 3802 1330 cursus
3834 1279 4055 1336 libertas
4096 1288 4252 1340 solita
4288 1305 4571 1361 reparatur
4599 1299 4795 1368 (Exod.
4842 1309 4976 1376 ιη).

3571 1361 3777 1418 Eliseus
3810 1383 3931 1422 cum
3984 1372 4093 1427 Elia
4127 1391 4222 1443 per
4261 1381 4463 1437 siccum
4493 1384 4730 1446 Jordane
4755 1401 5081 1455 transmisso

3494 1463 3615 1517 post
3667 1457 3942 1523 paululum
4002 1469 4179 1533 rediit,
4222 1474 4316 1526 sed
4357 1490 4650 1542 rursusyut
4677 1482 4912 1543 liberum
4936 1493 5080 1549 solus

3492 1557 3796 1601 mereretur
3823 1552 4152 1622 ingressum,
4182 1565 4434 1630 precibus
4460 1570 4775 1640 impetravit
4808 1579 4856 1648 (1
4877 1580 4918 1632 γ
4944 1583 5070 1654 Reg.

3490 1634 3570 1700 Ιι).
3607 1634 3840 1706 Populus
3868 1649 4118 1709 gradiens
4144 1667 4239 1719 per
4274 1634 4550 1715 desertum
4577 1634 5078 1732 quaterdenis

3487 1737 3752 1783 annorum
3793 1737 4082 1793 curriculis
4118 1744 4433 1802 caelestibus
4487 1767 4618 1809 usus
4652 1767 4734 1810 est
4771 1760 5070 1828 alimentis,

3486 1817 3576 1868 sed
3603 1831 3886 1888 postquam
3916 1829 4342 1892 Chananazorum
4383 1842 4517 1898 lines
4544 1848 4742 1918 attigit,

3485 1904 3548 1957 de
3581 1907 3824 1978 frugibus
3851 1926 4006 1972 terra:
4031 1929 4290 1991 gustavit,
4317 1944 4439 1985 mox
4475 1904 4676 1990 mann;
4700 1904 4942 1998 def-eoi:
4955 1947 5070 2004 Hec

4850 2044 4910 2088 ιιι
4960 2053 5066 2092 non

3480 2080 3634 2147 fides,
3684 2093 3775 2142 sed
3817 2097 4105 2153 manifesta
4156 2104 4228 2156 sit
4254 2108 4408 2173 visio,
4461 2113 4600 2168 sicut
4624 2121 4792 2172 semel
4823 2137 5069 2192 cmperat

3477 2175 3542 2227 ad
3579 2180 3961 2241 declarandum
4015 2195 4242 2261 pretiosi
4268 2205 4525 2272 martyris
4559 2212 4835 2276 meritum.
4865 2175 5064 2273 inritati-

3475 2266 3623 2321 ciens
3673 2287 4005 2339 perseverat.
4045 2300 4062 2370 ς
4100 2282 4191 2339 Est
4217 2290 4362 2344 enim
4394 2266 4546 2360 fides,
4579 2317 4596 2347 ι
4638 2311 4695 2353 ιιι
4734 2307 5066 2371 ριέἀίςειιοτ

3470 2364 3717 2430 egregius
3757 2368 3848 2428 ait,
3889 2389 3906 2419 ι
3961 2357 4352 2442 sperandarum
4385 2387 4686 2445 substantia
4728 2410 4930 2460 rerum.
4976 2418 5064 2456 ar-

3467 2461 3779 2515 gumentum
3835 2476 3939 2514 non
3974 2471 4347 2533 apparentium
4381 2474 4567 2545 (Hebr.
4607 2483 4706 2550 ιι).
4748 2508 4767 2536 ι
4804 2486 5061 2548 Enimve-

3465 2554 3523 2592 ro
3554 2543 3694 2597 sicut
3722 2561 3912 2604 auctor
3935 2556 4126 2611 salutis
4149 2543 4401 2619 humanae
4428 2570 4596 2624 voluit
4622 2573 4673 2627 in
4702 2589 4800 2630 suo
4828 2595 5058 2651 corpore

3468 2631 3506 2651 Α,
3555 2650 3560 2651 ν
3808 2644 3815 2651 .

4839 2631 5054 2651 μγ---

3461 2631 3741 2692 clavorum
3774 2644 3924 2712 signa
3975 2663 4337 2720 componere;
4375 2658 4449 2712 ita
4478 2662 4641 2718 etiam
4679 2681 4863 2724 rarum
4893 2672 5054 2730 duxit

3458 2722 3509 2776 in
3540 2727 3638 2781 hoc
3671 2746 3826 2788 sacro
3869 2753 3991 2792 vase
4047 2744 4422 2804 vulnusculhin
4470 2753 4589 2809 sine
4617 2758 4800 2828 aliqua
4838 2779 5052 2820 recom-

3456 2824 3774 2884 pensatione
3829 2844 4066 2885 servare.
4101 2834 4156 2888 In
4189 2839 4280 2892 illo
4308 2843 4535 2909 scilicet,
4580 2857 4639 2902 ut
4669 2824 5048 2912 dubitantibus

3455 2905 3613 2961 fidem
3645 2915 3916 2982 pra-beat;
3951 2920 4003 2972 in
4042 2923 4161 2989 hoc,
4195 2940 4252 2980 ut
4283 2905 4533 2988 fidelium
4569 2905 5044 3015 mentesadpree:

3452 3000 3668 3054 conium
3726 3020 3834 3059 sum
3898 3009 4070 3065 laudis
4133 3021 4414 3076 accendat.
4474 3025 4529 3079 ln
4587 3028 4719 3096 illo,
4770 3044 4829 3087 ut
4882 3037 5040 3108 signa

3453 3090 3836 3156 redemptionis
3867 3099 4113 3159 humana:
4147 3107 4302 3180 193
4337 3111 4494 3169 Pater
4524 3120 4866 3189 omnipotens
4897 3090 5044 3182 azm-

3448 3191 3543 3243 per
3578 3179 3775 3247 faciat;
3811 3187 3861 3240 in
3891 3189 4013 3254 isto,
4043 3203 4101 3246 ut
4125 3179 4285 3264 quam
4320 3203 4576 3260 sublimes
4598 3179 4733 3263 etin
4775 3213 4877 3268 hac
4928 3217 5035 3270 vita

3438 3733 3702 3787 vermem,
3739 3729 3830 3796 qui
3860 3740 3916 3784 et
3946 3748 4225 3792 enormem
4255 3745 4499 3802 condidit
4527 3750 4886 3821 elephantem.
4923 3760 5023 3816 lio

3436 3809 3619 3865 rabilis
3656 3829 3786 3869 sane
3821 3818 3961 3875 Deus
3997 3838 4104 3878 non
4141 3829 4314 3884 solum
4354 3834 4408 3888 in
4454 3852 4547 3900 se,

3428 3902 3630 3954 sanctis
3662 3905 3773 3958 suis
3806 3909 3823 3976 (
3850 3907 3998 3962 Ρωι.
4028 3927 4172 3968 um
4198 3917 4237 3982 ).
4274 3918 4375 3986 Qui
4410 3937 4532 3978 cum
4565 3943 4662 3997 pro
4701 3902 5015 3992 nostra

3426 3988 3534 4044 lute
3561 3993 3783 4050 calicem
3826 4004 4092 4068 passionis
4121 4008 4371 4078 dignatus
4398 4029 4481 4071 est
4507 4019 4710 4089 bibere,
4743 4027 4886 4083 idem
4930 4045 5018 4090 est

3423 4087 3476 4132 et
3503 4083 3593 4150 qui
3632 4090 3949 4156 sanguinem
3987 4110 4143 4151 suum
4185 4101 4250 4154 de
4287 4102 4459 4161 fracto
4496 4110 4666 4167 calice
4697 4083 4822 4171 Unon
4866 4125 5014 4189 pati-

3425 4177 3500 4223 tut
3536 4189 3808 4231 emanare.
3841 4180 4091 4251 Peusate,
4123 4189 4318 4249 fratres
4347 4198 4654 4258 charissimi
4677 4246 4691 4270 ,
4722 4209 4766 4263 si
4796 4177 5010 4270 tantum

3415 4354 3584 4407 semel
3615 4358 3882 4427 obtinuit,
3915 4371 4110 4422 mutari
4142 4388 4248 4428 non
4277 4381 4447 4446 possit
4473 4398 4487 4446 ;
4519 4399 4777 4454 quantum
4804 4354 5010 4461 peierit

3413 4459 3510 4513 pro
3561 4451 3887 4522 redemptis,
3943 4471 4318 4525 tantummodo
4363 4476 4409 4528 si
4456 4451 4679 4552 vestigia
4725 4451 5009 4558 sequimur

3415 4532 3668 4558 DUM“
3747 4545 3956 4558 .....
4054 4554 4118 4558 -,

3411 4532 3828 4607 Redemptoris?
3860 4546 4026 4616 Hujus
4052 4554 4217 4624 igitur
4246 4560 4389 4619 beati
4427 4532 4681 4640 martyris

3410 4639 3694 4695 normam,
3727 4635 3770 4686 si
3805 4640 4112 4710 pertingere
4153 4652 4405 4718 cupimus
4439 4658 4505 4711 ad
4535 4675 4816 4720 coronam.
4854 4671 5001 4728 Insi-

3535 4719 3678 4772 enim
3709 4723 3794 4778 hic
3822 4729 3903 4780 vir
3933 4739 4078 4788 tanto
4109 4739 4385 4808 religionis
4415 4760 4468 4801 et
4498 4750 4799 4814 honestatis
4825 4761 5000 4823 fuisse

3410 4813 3750 4878 cognoscitur
3807 4818 3983 4876 nitore
4037 4831 4393 4900 conspicuus,
4451 4847 4559 4895 tam
4614 4849 4992 4920 multiplicium

3408 4900 3666 4957 virtutum
3715 4906 3936 4966 floribus
3985 4917 4300 4988 adornatus,
4342 4939 4419 4993 ut,
4457 4933 4671 5003 utrique
4706 4900 4989 5002 horminum

3404 4994 3586 5059 generi
3627 4997 3818 5054 ductor
3855 5003 4103 5073 idoneus,
4155 5023 4210 5066 et
4257 4994 4989 5095 martyribus-summat}:

3401 5086 3742 5155 exemplum,
3783 5103 3837 5145 et
3873 5095 3926 5148 in
3967 5113 4100 5166 pace
4142 5086 4448 5175 degentium
4487 5118 4702 5175 erudiat
4757 5124 4986 5184 institu-

3399 5182 3534 5226 tum.
3574 5177 3673 5232 Per
3710 5184 3945 5249 regulam
3987 5190 4187 5261 quippe
4224 5195 4472 5257 districte
4503 5206 4714 5267 vivenlli
4755 5177 4982 5288 ιιινῖὶῦ-

3400 5281 3544 5319 mam
3580 5272 3779 5325 meruit
3812 5280 4098 5342 pervenire
4127 5289 4406 5358 martyrii;
4437 5304 4490 5349 et
4520 5296 4723 5356 idcirco
4753 5272 4981 5366 artil'atis

3395 5361 3733 5416 Carniﬁeium
3794 5368 4044 5424 nmiiibus
4100 5375 4152 5428 in
4204 5383 4455 5440 examine
4501 5402 4605 5466 non
4654 5397 4974 5466 succubuit,

3392 5451 3518 5519 quia
3569 5455 3720 5520 prius
3755 5459 3948 5512 occulti
3989 5462 4322 5527 insidiatoris
4358 5459 4634 5535 machinas
4671 5500 4777 5540 non
4811 5504 4972 5546 ener-

3393 5548 3534 5602 viter
3578 5555 3873 5618 superavit.
3926 5557 4046 5612 Ideo
4092 5564 4446 5636 triumphavit
4495 5573 4548 5626 in
4587 5581 4794 5644 stadio,
4842 5591 4970 5654 quia

3389 5640 3586 5694 occulti
3625 5643 3794 5697 hostis
3829 5646 4051 5703 insidias
4083 5665 4486 5729 contempserat
4518 5666 4570 5719 in
4601 5673 4836 5728 occulto.

3457 5730 3538 5784 Ob
3588 5732 3689 5786 hoc
3735 5750 3919 5791 semen
3965 5743 4114 5797 verbi
4152 5746 4268 5815 ejus
4308 5751 4360 5803 in
4399 5753 4560 5810 alicui
4607 5761 4786 5817 cordis
4834 5781 4966 5834 agro

3385 5822 3688 5887 convaluit,
3725 5829 3849 5894 quia
3889 5831 4040 5898 prius
4077 5835 4145 5888 ad
4186 5843 4554 5900 maturitatem
4595 5848 4837 5918 ejusdem
4869 5822 4966 5911 ἠν

3389 5911 3518 5966 toris
3558 5918 3870 5984 operatione
3907 5925 4174 5988 pervenit.
4215 5927 4479 5989 Nimirum
4516 5935 4958 6003 Prmdicatora‘n-
