5232 6522
712 374 820 431 709

2043 361 2281 417 SERMO
2345 361 2588 414 XXXIX.

3932 359 4038 416 7i0

713 491 919 562 signis,
972 484 1099 557 quia
1119 529 1134 552 ,
1185 486 1343 556 juxta
1399 480 1662 539 Veritatis
1709 493 1898 534 vocem
1922 517 1935 542 ,
1987 476 2082 530 lux
2126 475 2310 530 mundi
2342 484 2390 543 Α
2421 472 2562 562 tiues
2592 470 2968 562 margaritam.
2996 468 3338 562 Thesaurum
3363 484 3569 562 servas,
3598 470 3684 525 cui
3712 485 3818 526 non
3845 487 4039 530 aurum

713 580 883 650 hujus
911 587 1031 632 erat
1062 575 1267 647 (Joan.
1300 574 1392 642 ι),
1434 573 1614 628 lumen
1655 567 1913 625 cordibus
1949 565 2312 630 infundebat,

713 671 900 742 ignem
935 669 1087 724 verbi
1127 668 1438 721 auditorum
1476 662 1754 719 mentibus
1795 659 2119 730 ingerebat,
2162 667 2218 711 et
2257 657 2312 709 in

711 763 929 817 unitate
973 759 1099 814 lidei
1139 757 1287 816 velut
1321 772 1488 812 unum
1527 770 1727 825 corpus
1764 752 2109 807 diversorum
2148 749 2312 804 corde

713 851 1006 908 conﬁabat.
1048 848 1202 916 Quod
1237 847 1482 918 profecto
1529 844 1851 915 mysterium
1903 827 2116 912 Moyses
2168 838 2313 894 desi-

712 951 880 1013 gnat,
909 954 1032 994 cum
1064 938 1196 993 dicit
1222 955 1235 991 :
1268 955 1287 987 ‹
1321 935 1496 990 Tollet
1521 935 1782 989 sacerdos
1811 931 2074 1001 pugillum
2099 928 2310 992 simila,

713 1045 841 1101 qua
871 1042 1168 1097 conspersa
1200 1037 1286 1082 est
1315 1026 1438 1081 oleo
1457 1066 1471 1092 ,
1502 1033 1558 1079 et
1591 1033 1763 1078 totum
1796 1022 1950 1086 thus,
1980 1022 2126 1090 quod
2151 1034 2315 1088 super

710 1118 954 1175 similam
1008 1118 1245 1188 positum
1280 1125 1406 1180 est;
1467 1113 1820 1180 adolebitque
1854 1109 1986 1165 illud
2021 1110 2076 1164 in
2113 1109 2309 1174 altari,

708 1210 774 1265 in
813 1209 1205 1266 monimentum
1253 1206 1437 1262 odoris
1481 1197 1796 1261 suavissimi
1833 1203 2116 1268 Domino'(
2141 1200 2308 1255 Leuit.

707 1314 770 1354 vr
794 1299 836 1371 ).
868 1317 889 1353 ι
918 1299 1060 1367 Quid
1094 1298 1242 1353 enim
1279 1312 1377 1367 per
1408 1296 1680 1360 similam,
1718 1293 1824 1348 nisi
1869 1301 2060 1348 sancta
2107 1291 2314 1347 electo-

709 1404 841 1446 rum
867 1389 1182 1460 designatur
1211 1386 1502 1444 Ecclesia?
1536 1387 1669 1454 Qua
1706 1385 1967 1440 nimirum
2007 1383 2136 1438 dum
2172 1397 2306 1438 con-

710 1481 1060 1537 venientibus
1087 1480 1319 1535 invicem
1350 1479 1692 1535 credentium
1721 1475 1996 1546 colligitur
2025 1476 2306 1540 membris,

711 1571 871 1641 quasi
907 1571 1084 1627 simila
1124 1585 1193 1626 ex
1231 1570 1418 1625 multis
1462 1568 1722 1624 frumenti
1761 1566 2145 1638 conspergitur
2179 1581 2307 1638 gra-

712 1663 822 1718 nis.
865 1662 934 1717 Et
967 1663 1109 1718 sicut
1143 1662 1322 1717 simila
1361 1662 1507 1717 inter
1541 1660 1742 1715 molam
1781 1672 2072 1730 utramque
2123 1667 2308 1714 conte-

2418 561 2579 632 digne
2625 561 2887 624 conferri,
2921 575 3031 614 non
3064 561 3170 615 ulla
3218 561 3594 631 quarumlibet
3624 578 3788 633 apum
3821 580 4037 624 summa

2416 652 2561 706 Valet
2585 652 2815 721 aquari.
2854 650 3010 706 Unde
3034 666 3141 705 non
3180 651 3297 721 jam
3340 651 3580 706 Aritium
3609 669 3673 708 ex
3710 670 3864 712 more
3891 656 4031 712 dica-

2415 749 2516 812 ris,
2563 749 2706 818 quod
2737 749 2807 802 ab
2837 749 3094 802 ariditate
3129 756 3291 801 terra
3334 748 3430 802 tibi
3460 758 3679 803 constat
3707 765 3904 806 nomen
3934 751 4040 808 im-

2414 837 2680 909 positum,
2739 838 2836 892 sed
2889 847 2945 892 tu
2991 839 3269 892 Auritium
3318 838 3502 908 potius
3555 855 3585 894 a
3636 843 4038 910 pretiosissima

2413 927 2627 982 scilicet
2668 927 3128 990 sacricadaveris
3150 943 3308 995 auro,
3334 929 3482 999 quod
3513 930 3568 984 in
3597 933 3703 987 tuis
3733 932 4039 991 visceribus

2401 1020 2680 1074 probatur
2706 1018 3003 1074 occultum.

2488 1114 2652 1170 Beata
2696 1114 2861 1184 igitur
2899 1123 2955 1169 et
2996 1114 3150 1169 dives
3195 1122 3360 1170 terra
3407 1128 3568 1180 vena,
3610 1130 3732 1185 qua
3759 1120 3918 1188 quasi
3946 1135 4037 1178 su-

2413 1222 2586 1279 perno
2610 1208 2725 1278 regi
2760 1206 2903 1263 facta
2934 1207 3292 1278 depositaria,
3334 1207 3465 1263 illud
3494 1210 3743 1264 recondit
3767 1211 4035 1268 talentum

2413 1302 2527 1356 suis
2569 1300 2770 1356 finibus
2799 1302 3093 1368 creditum,
3125 1290 3269 1371 quod
3299 1303 3352 1357 in
3389 1303 3477 1358 die
3507 1303 3876 1360 restitutionis
3915 1320 4033 1362 cte—

2413 1391 2639 1447 lestihus
2669 1401 2752 1447 est
2782 1391 3189 1463 gazophylaciis
3221 1391 3595 1462 inferendum,
3625 1396 3716 1450 ubi
3738 1396 3850 1452 vivi
3895 1397 4038 1470 lapi-

2413 1481 2509 1536 des
2549 1488 2607 1536 et
2659 1481 2817 1552 igniti
2859 1491 3125 1551 perpetuo
3173 1482 3441 1548 rutilant,
3490 1483 3582 1541 ubi
3631 1485 3868 1542 triclinia
3897 1503 4037 1545 aum

2412 1571 2684 1626 radiantia
2721 1581 3012 1628 vernantes
3043 1574 3356 1644 margarita
3398 1574 3704 1631 luculenter
3740 1590 4031 1634 exornant.

2412 1659 2567 1726 Quod
2602 1661 2876 1740 nimirum
2925 1671 3053 1716 tunc
3100 1663 3476 1720 indubitanter
3523 1666 3860 1736 implebitur,
3903 1684 4031 1726 cum

711 1753 874 1820 ritur,
908 1763 1026 1810 uta
1057 1746 1248 1810 farina
1272 1754 1490 1824 siligine
1518 1753 1841 1810 cantabrum
1872 1760 2198 1824 separetur:
2229 1753 2306 1806 ita
2404 1750 2659 1821 juhilaus
2683 1761 2870 1808 noster
2917 1753 3229 1819 advenerit,
3282 1770 3409 1809 cum
3456 1767 3702 1812 extrema
3754 1758 3845 1813 illa
3901 1760 4034 1816 tuba

716 1845 866 1902 velut
915 1847 1059 1903 inter
1096 1847 1255 1914 duas,
1295 1847 1432 1918 legis
1458 1846 1667 1903 scilicet
1698 1854 1755 1902 et
1792 1845 2098 1917 Evangelii,
2138 1845 2312 1902 molas
2341 1849 2389 1911 Β
2418 1858 2524 1898 non
2567 1843 2681 1913 jam
2731 1843 2943 1915 legalis,
2992 1844 3088 1898 sed
3136 1842 3417 1912 iudicialis
3464 1845 3726 1918 clangere
3781 1851 4031 1918 coeperit.

710 1947 903 1992 sancta
953 1937 1196 1993 Ecclesia
1232 1938 1544 2011 stringitur,
1586 1947 1646 1993 ut
1687 1937 1886 1993 littera
1924 1936 2242 2008 superﬁcies
2278 1954 2309 1992 a

713 2029 950 2085 medulla
978 2030 1203 2101 spiritus
1226 2031 1587 2087 discernatur.
1615 2031 1745 2098 Qua
1768 2030 2020 2087 videlicet
2040 2030 2306 2097 Ecclesia,

713 2128 778 2174 ut
804 2133 994 2176 revera
1021 2120 1322 2192 spiritualis
1350 2121 1552 2186 simila,
1585 2120 1717 2176 dum
1739 2136 1838 2191 per
1868 2136 2065 2191 aquam
2096 2123 2307 2193 baptis-

711 2210 874 2266 matis
920 2211 1158 2274 adunata
1182 2252 1198 2279 ,
1239 2222 1296 2267 et
1329 2212 1451 2270 oleo
1485 2213 1814 2269 Chrismatis
1851 2221 1938 2268 est
1974 2226 2302 2284 conspersa,

711 2299 840 2372 igne
879 2315 1097 2373 quoque
1144 2301 1323 2359 sancti
1372 2303 1616 2374 Spiritus
1663 2303 1931 2370 solidata,
1982 2303 2091 2371 sit,
2143 2304 2305 2374 juxta

709 2387 1067 2458 Apostolum:
1100 2408 1118 2442 ‹
1153 2390 1342 2447 Hostia
1381 2392 1493 2447 Deo
1527 2393 1929 2464 beneplacens,
1967 2401 2025 2449 et
2063 2393 2308 2465 perfecta

713 2475 909 2548 (Rom.
939 2479 1082 2551 xu).
1115 2498 1134 2532 ι
1163 2481 1346 2537 Thure
1394 2491 1612 2551 autem,
1658 2487 1805 2555 quod
1852 2485 2090 2556 positum
2139 2502 2308 2559 super

711 2567 948 2622 similam
998 2570 1222 2637 dicitur,
1258 2571 1502 2642 ejusdem
1541 2574 1800 2631 Ecclesia
1835 2577 2012 2633 oratio
2051 2579 2306 2650 designa-

714 2662 824 2710 tur;
853 2656 1006 2714 Sicut
1049 2661 1105 2715 in
1153 2661 1477 2735 Apocalypsi
1528 2663 1758 2722 Joannis
1802 2667 2140 2734 ostenditur,
2181 2685 2308 2726 cum

715 2749 848 2816 dicit
886 2768 900 2806 :
951 2769 971 2803 ι
1001 2752 1136 2820 Quia
1181 2755 1378 2824 phiala
1428 2757 1602 2828 plena
1649 2758 2134 2816 odoramentorum
2181 2770 2311 2817 sunt

714 2841 992 2898 orationes
1023 2855 1341 2901 sanctorum
1371 2848 1572 2919 (Apoc.
1608 2866 1637 2904 v
1661 2849 1700 2921 ).
1736 2869 1756 2902 ι

685 3005 700 3020 ,
788 2957 939 3014 Hanc
987 2960 1169 3030 itaque
1232 2963 1464 3018 similam
1515 2964 1628 3021 Deo
1684 2971 1875 3022 beatus
1937 2969 2195 3026 sacerdos
2253 2979 2310 3024 et

712 3058 928 3119 martyr
957 3042 1201 3105 Donatus
1233 3051 1466 3134 obtulit,
1498 3063 1554 3108 et
1583 3054 1636 3108 in
1674 3055 2070 3110 monimentum
2099 3058 2312 3113 suavis-

712 3138 840 3219 simi
871 3139 1057 3195 odoris
1077 3141 1349 3207 ‘adolevit,
1377 3160 1500 3199 cum
1537 3145 1751 3215 plebem
1781 3147 2063 3217 gentilium
2091 3149 2146 3202 in
2183 3149 2308 3204 uni-

2415 1933 2570 1989 Sicut
2590 1936 2735 1990 enim
2754 1936 3021 2006 septimus
3037 1935 3176 2003 dies,
3205 1936 3278 1990 ita
3306 1943 3360 1991 et
3383 1935 3638 2008 jubilaus
3655 1927 3831 1996 annus
3845 1939 4035 1999 fcriari

2412 2029 2750 2099 pracipitur,
2780 2045 2878 2101 per
2909 2044 3072 2102 quem
3105 2030 3363 2087 videlicet
3404 2041 3626 2089 aterna
3652 2035 3777 2100 vita
3814 2037 4035 2107 requies

2412 2118 2700 2189 ﬁguratur.

2449 2197 2822 2265 'Adveniente
2871 2209 3036 2281 igitur
3088 2208 3318 2266 Jubilao
3372 2211 3500 2266 tuba
3523 2213 3694 2279 canit,
3724 2224 3780 2270 et
3805 2230 3931 2274 mox
3962 2215 4031 2270 ad

2414 2287 2672 2372 antiquas
2697 2303 3071 2373 possessiones
3101 2317 3234 2358 suas
3259 2303 3639 2373 unusquisque
3688 2307 3986 2362 revertitur
4011 2323 4026 2371 ;

2412 2393 2562 2462 quia,
2593 2393 3070 2464 appropinquante
3100 2393 3350 2463 judicio:
3403 2393 3461 2448 lu
3512 2409 3648 2450 voce
3678 2395 4031 2468 Archangeli,

2412 2483 2468 2538 in
2503 2485 2798 2540 novissima
2834 2485 2964 2542 tuba
2998 2483 3050 2557 (Ι
3103 2483 3258 2539 Thes.
3303 2487 3384 2554 v),
3435 2485 3651 2540 cunctis
3705 2486 4032 2543 mortalibus

2413 2591 2637 2631 suorum
2699 2592 2992 2649 corporum
3056 2577 3333 2647 possessio
3393 2587 3702 2648 reparatur.
3770 2579 4033 2636 Testante

2410 2670 2614 2724 etenim
2663 2669 2872 2725 Paulo:
2920 2686 2941 2723 ι
2987 2669 3160 2725 Canet
3192 2669 3352 2734 tuba,
3403 2678 3454 2724 et
3498 2671 3698 2724 mortui
3744 2680 4034 2743 resurgent

2413 2760 2713 2830 incorrupti
2749 2760 2801 2831 (Ι
2839 2760 2964 2815 Cor.
3003 2769 3116 2832 xv).
3168 2780 3187 2812 ι
3231 2760 3414 2815 Beata
3445 2759 3549 2814 illa
3581 2761 3796 2823 anima,
3832 2760 4034 2818 fratres

2412 2852 2544 2916 mei,
2597 2868 2720 2922 qua
2773 2861 2922 2918 tunc,
2955 2853 3083 2906 dum
3139 2851 3256 2905 suis
3299 2864 3358 2904 se
3405 2851 3730 2920 corporibus
3775 2850 4029 2918 induunt,

2411 2956 2728 3000 sanctorum
2760 2953 3062 3017 martyrum
3089 2943 3439 3014 participium
3472 2943 3797 2999 sortiuntur.
3848 2942 4026 3010 Beati,

2413 3034 2507 3104 qui
2534 3035 2613 3089 sic
2644 3049 2790 3089 nunc
2813 3035 2880 3088 ad
2911 3042 3232 3089 sanctorum
3278 3032 3573 3088 memorias
3621 3034 3928 3100 excubant,
3971 3044 4033 3087 ut

2412 3117 2607 3179 eorum
2635 3125 2739 3179 sibi
2777 3125 2846 3179 ad
2893 3123 3218 3178 imitandum
3276 3138 3494 3193 semper
3540 3124 3792 3193 exempla
3835 3140 4032 3195 propo-

714 3211 828 3284 tate
854 3230 1079 3300 spiritus
1104 3232 1172 3287 ad
1201 3233 1328 3289 fidei
1365 3199 1711 3301 sacramanta
1747 3199 2036 3291 convertit.
2072 3237 2312 3295 Fructus
2335 3199 2385 3265 ϐ
2415 3225 2586 3280 nam;
2619 3215 2712 3285 qui
2743 3215 2822 3270 δίε
2847 3229 3036 3270 eorum
3063 3214 3440 3270 δοιθωηίιδῑθδ
3472 3214 3746 3272 laudando
3774 3217 4031 3288 frequen"

711 3318 980 3388 siquidem
1027 3321 1330 3377 animarum
1381 3325 1437 3379 in
1480 3335 1778 3395 conspectu
1824 3327 1919 3381 Dei
1968 3328 2305 3399 fragrantius

709 3407 922 3492 redplet
939 3450 954 3475 ,
986 3424 1151 3480 quam
1175 3410 1287 3466 ulla
1306 3415 1553 3469 suavitas.
1573 3414 1735 3488 194
1753 3416 2172 3472 sacrificiorum.
2194 3418 2310 3473 Hoc

709 3500 1059 3567 sacriﬁcium,
1087 3501 1286 3558 fratres
1317 3505 1446 3570 mei,
1495 3521 1618 3560 cum
1664 3507 1825 3562 beato
1873 3509 2080 3564 Donato
2109 3521 2165 3564 et
2208 3525 2310 3566 nos

704 3605 812 3663 pro
836 3592 1052 3648 modulo
1073 3603 1264 3649 nostro
1284 3609 1501 3666 semper
1523 3597 1633 3652 Deo
1663 3599 1978 3655 studeamus
2006 3599 2224 3667 oﬁ‘erre,
2250 3611 2310 3657 ut

707 3697 820 3738 non
847 3683 1020 3740 solum
1051 3686 1117 3740 de
1146 3694 1332 3740 nostra
1362 3687 1538 3743 salute
1565 3688 1805 3756 solliciti,
1856 3692 1951 3746 sed
1996 3693 2062 3747 ad
2090 3691 2308 3748 lucran-

709 3773 810 3829 das
859 3775 1026 3830 etiam
1079 3777 1454 3846 proximorum
1512 3789 1823 3835 nostrorum
1877 3781 2090 3837 animas
2135 3782 2308 3839 simus

708 3864 940 3938 solerter
963 3867 1156 3922 intenti
1185 3885 1200 3933 ;
1242 3877 1532 3937 quatenus,
1559 3870 1687 3924 dum
1717 3871 2004 3928 charitatis
2045 3874 2222 3929 hostia
2253 3875 2308 3930 in

709 3969 806 4008 ara
831 3955 1002 4010 nostri
1032 3957 1268 4026 pectoris
1315 3957 1585 4024 adoletur,
1624 3959 1694 4014 ab
1724 3960 1817 4015 illo
1847 3962 2180 4018 sacriﬁcium
2210 3980 2309 4020 no-

705 4050 880 4116 strum
922 4053 1197 4100 mereatur
1229 4046 1282 4100 in
1309 4047 1536 4102 odorem
1581 4049 1871 4104 suavitatis
1895 4052 2090 4122 accipi,
2121 4054 2212 4124 qui
2251 4056 2305 4110 in

706 4149 804 4190 ara
832 4136 1011 4191 crucis
1041 4152 1138 4207 pro
1167 4138 1344 4193 salute
1372 4147 1558 4194 nostra
1586 4141 1839 4212 dignatus
1881 4150 1967 4197 est
2010 4143 2304 4201 immolari.

777 4247 956 4304 Tanto
1006 4260 1270 4320 praterea
1317 4252 1404 4305 vir
1441 4243 1666 4308 sanctus
1715 4253 1864 4310 circa
1916 4270 2046 4310 suos
2089 4270 2307 4329 quoque

703 4339 832 4395 fidei
863 4341 980 4396 seio
1016 4341 1279 4406 fervebat,
1327 4352 1385 4396 ut
1411 4343 1640 4414 gentiles
1672 4345 1849 4400 adhuc
1874 4360 1998 4400 eum
2051 4359 2306 4418 parentes

688 4428 1027 4501 abjicerent,
1073 4438 1128 4486 et
1173 4431 1328 4488 dulce
1371 4433 1569 4504 pignus
1629 4449 1662 4489 a
1710 4435 1824 4491 suis
1869 4451 2093 4507 prorsus
2139 4438 2304 4496 affec-

705 4520 854 4577 tibus
907 4522 1261 4589 abdicarent;
1312 4525 1407 4579 sed
1451 4527 1797 4595 postmodum
1854 4543 1951 4582 eos
1996 4538 2052 4583 et
2088 4528 2153 4582 ad
2178 4530 2301 4585 ﬁdei

705 4610 1030 4666 Christiana
1058 4621 1398 4666 sacramenta
1425 4613 1699 4684 perduxit,
1727 4623 1782 4669 et
1811 4615 2033 4686 insuper
2062 4618 2130 4671 ad
2162 4635 2309 4673 mar-

706 4700 910 4772 tyrium
940 4701 1045 4755 sibi
1068 4716 1306 4772 congrua
1336 4703 1682 4759 ordinatione
1701 4698 1985 4776 pramisit.
2017 4707 2170 4764 Unde
2197 4709 2310 4765 cla—

705 4803 802 4845 rus
849 4790 951 4846 iste
994 4792 1136 4846 inter
1176 4792 1364 4847 beatos
1407 4806 1675 4866 martyres
1706 4793 1830 4865 jure
1865 4801 2169 4855 censendus
2198 4811 2305 4864 est.

705 4885 800 4956 qui
835 4885 975 4941 [ilius
1007 4885 1167 4940 simul
1194 4897 1246 4941 ct
1269 4897 1425 4956 pater
1444 4897 1529 4942 est
1557 4900 1880 4961 martyrum.
1915 4891 2083 4947 Filius
2119 4895 2306 4965 utique

703 4990 806 5049 per
835 4984 1085 5030 naturam
1112 4992 1127 5040 ;
1156 4985 1318 5046 pater
1347 4993 1443 5048 per
1473 4978 1684 5034 collata
1708 4979 1834 5035 ﬁdei
1874 4983 2133 5050 gratiam,
2179 5001 2305 5041 eos-

701 5085 814 5141 que
858 5079 1009 5140 grata
1056 5068 1428 5124 vicissitudine
1455 5071 1642 5140 genuit
1669 5071 1802 5136 Deo,
1842 5090 1871 5128 a
1903 5077 2100 5145 quibus
2127 5077 2304 5134 fuerat

706 5163 924 5235 genitus
945 5161 1166 5218 mundo.
1195 5161 1346 5216 Beati
1367 5163 1458 5232 qui
1482 5163 1535 5218 in
1559 5164 1873 5220 liareditate
1900 5175 2115 5224 terrena
2142 5170 2303 5225 talem

659 5237 945 5324 'genuere
1009 5263 1299 5325 parentes,
1346 5271 1444 5326 pcr
1494 5271 1653 5326 quem
1717 5258 1969 5315 videlicet
2031 5262 2086 5314 in
2157 5273 2304 5320 terra

711 5345 1003 5400 viventium
1078 5360 1438 5416 supernorum
1507 5348 1643 5403 ﬁunt
1702 5349 1903 5404 civium
1969 5352 2296 5408 collaredcs.

710 5432 917 5491 Laetare
946 5445 1002 5490 et
1031 5445 1086 5490 tu
1113 5437 1241 5492 felix
1268 5439 1526 5503 Aritium,
1568 5441 1712 5511 quod
1753 5441 1913 5496 talem
1956 5444 2204 5499 meruisti
2234 5461 2302 5501 ex

709 5528 890 5584 divina
943 5529 1269 5586 liberalitate
1318 5541 1627 5601 patronum.
1676 5531 1908 5600 Latare,
1953 5534 2198 5604 inquam,
2251 5547 2307 5592 et

713 5620 840 5676 totis
891 5621 943 5674 in
997 5621 1224 5676 Domino
1280 5623 1580 5679 visceribus
1620 5611 1923 5694 gratulare;
1968 5628 2117 5697 quia,
2176 5629 2302 5684 dum

711 5711 854 5768 sacri
889 5712 1134 5780 corporis
1173 5712 1228 5767 in
1279 5723 1371 5770 tuo
1398 5716 1604 5783 gremio
1642 5714 1900 5772 confoves
1921 5719 2152 5789 glebam,
2184 5721 2304 5774 dia-

709 5803 944 5864 dcmatis
973 5803 1192 5865 superni
1221 5805 1364 5869 regis
1383 5803 1701 5863 solemniter
1729 5807 2144 5874 imprimendam
2174 5825 2305 5865 con-

2415 3315 2554 3371 tant,
2587 3318 2645 3361 ut
2678 3316 2858 3360 tamen
2901 3306 3135 3360 vivendo
3161 3307 3234 3360 ab
3258 3318 3454 3360 eorum
3489 3307 3709 3362 tramite
3743 3322 3850 3362 non
3884 3323 4035 3365 rece-

2415 3397 2564 3451 dant.
2613 3396 2844 3451 Sanctus
2873 3395 3019 3464 enim
3047 3404 3319 3475 martyres
3357 3396 3661 3466 sequimur,
3694 3398 3766 3465 si,
3793 3399 3923 3454 dum
3954 3399 4031 3457 illi

2410 3507 2638 3547 suorum
2697 3499 3149 3560 contempserunt
3197 3504 3494 3560 corporum
3546 3493 3834 3561 passiones
3928 3509 4031 3551 nos

2412 3585 2577 3640 etiam
2608 3582 2790 3638 carnis
2821 3592 3026 3637 nostra
3052 3582 3374 3638 Studeamus
3403 3581 3660 3654 frangere
3691 3584 4025 3642 Voluntates.

2487 3673 2649 3747 195
2669 3673 3006 3729 Veneremur
3034 3673 3240 3745 itaque,
3260 3673 3479 3739 fratres,
3497 3685 3553 3729 et
3581 3677 3724 3732 votis
3753 3691 3818 3731 ac
3849 3677 4031 3750 dignis

2411 3767 2744 3822 honoremus
2765 3765 3043 3835 obsequiis
3067 3767 3256 3820 Lentos
3281 3767 3415 3821 istos
3438 3777 3734 3838 martyres,
3760 3770 4028 3826 Donatum

2411 3859 2666 3914 videlicet
2685 3872 2856 3927 arque
2879 3856 3257 3912 Hilarianum:
3283 3872 3380 3928 per
3396 3872 3552 3927 quos,
3582 3871 3840 3928 tanquam
3863 3861 4031 3933 gemi-

2411 3965 2512 4005 nos
2555 3950 2772 4020 superni
2811 3948 3034 4004 luminis
3058 3949 3272 4016 oculos,
3318 3949 3666 4020 omnipotens
3695 3953 3838 4007 Deus
3865 3954 4032 4010 totius

2411 4041 2625 4098 Tuscia
2663 4056 2866 4111 corpus
2913 4040 3081 4096 voluit
3125 4041 3443 4107 illustrare;
3476 4051 3557 4106 ut,
3603 4043 3731 4097 dum
3761 4043 4031 4113 gloriosos

2411 4146 2682 4204 martyres
2708 4149 2854 4188 nunc
2883 4133 3119 4188 amando
3150 4142 3206 4188 et
3239 4133 3502 4188 imitando
3524 4136 3932 4205 prosequimur,
3959 4138 4028 4193 ad

2410 4226 2799 4296 imperatorem
2849 4236 3178 4297 martyrum,
3210 4226 3342 4297 ipsis
3375 4226 3864 4295 intercedentibus,
3905 4245 4032 4299 per-

2408 4321 2598 4374 venire
2635 4334 2969 4382 mercamur,
3018 4318 3310 4372 Dominum
3341 4327 3598 4394 nostrum
3643 4318 3831 4374 Jesum
3871 4320 4032 4392 Chri-

2409 4419 2575 4473 stum,
2605 4409 2698 4478 qui
2737 4425 2860 4463 cum
2892 4409 3002 4464 Deo
3031 4406 3194 4463 Patre
3219 4419 3276 4464 et
3319 4407 3526 4479 Spiritu
3561 4419 3754 4465 samcto
3795 4411 3932 4466 vivit
3973 4422 4030 4469 et

2411 4511 2604 4572 regnat
2633 4501 2685 4555 in
2710 4500 2905 4555 saecula
2935 4501 3282 4555 saeculorum.
3309 4499 3506 4555 Amen.

2947 4607 3182 4663 εει).Μο
3221 4605 3466 4662 XXXIX.

2575 4717 2643 4756 ns
2681 4716 2889 4757 διῖκτο
2923 4714 3178 4754 cassuno
3219 4715 3476 4753 unus
3517 4701 3639 4773 (χιιι
3678 4705 3851 4776 me).

2483 4793 2835 4850 Admirabilis
2883 4801 2939 4845 et
2981 4789 3221 4862 gloriosa
3264 4791 3440 4845 nostri
3472 4793 3806 4864 dispensatio
3831 4793 4029 4851 Condi-

2413 4889 2572 4953 toris,
2605 4887 2806 4942 fratres
2829 4884 3163 4948 cbarissimi,
3193 4883 3265 4937 ita
3297 4899 3519 4938 cursqu
3551 4897 3750 4940 nostra
3781 4890 4028 4944 mortali-

2416 4981 2544 5035 tatis
2590 4973 2848 5042 instituit,
2900 4987 2962 5030 ut
3006 4989 3105 5045 per
3157 4972 3569 5029 succedentium
3618 4977 4027 5034 vicissitudines

2415 5082 2744 5142 temporum,
2791 5069 3028 5123 diversa
3057 5064 3212 5122 nobis
3239 5065 3656 5123 vietoriosorum
3692 5068 3900 5124 Christi
3930 5070 4028 5124 mi-

2411 5163 2568 5219 litum
2604 5160 2927 5218 festivitates
2953 5166 3274 5220 occurrant,
3301 5170 3423 5225 qua
3453 5166 3671 5230 nostros
3713 5161 3930 5222 animos
3957 5159 4026 5214 ad

2413 5271 2657 5311 amorem
2693 5253 2840 5308 illius
2878 5267 3106 5308 summa:
3136 5261 3193 5306 et
3221 5255 3495 5308 continua
3525 5254 3888 5314 solemnitatis
3939 5273 4028 5314 ac-

2413 5349 2671 5404 cendant.
2703 5346 2872 5400 Plane
2913 5359 3037 5401 cum
3080 5346 3252 5402 totius
3274 5347 3405 5402 anni
3434 5347 3699 5403 circulum
3728 5350 4027 5421 triumpha-

2415 5439 2556 5496 libus
2603 5437 2764 5492 modo
2814 5444 3144 5506 martyrum,
3204 5436 3369 5491 modo
3417 5436 3794 5494 confessorum
3853 5441 4023 5496 titulis

2417 5533 2558 5588 Deus
2608 5531 2958 5601 omnipotens
2996 5531 3196 5598 variat,
3256 5532 3386 5601 quid
3457 5531 3602 5587 aliud
3658 5549 3822 5603 quam
3880 5534 4014 5589 velut

2413 5633 2620 5681 sertum
2645 5623 2830 5694 gloria
2851 5624 3142 5689 construit,
3177 5624 3323 5693 quod
3347 5624 3534 5695 utique
3563 5626 3758 5680 decora
3790 5625 4031 5688 Iliorum.

2414 5729 2579 5789 atque
2609 5733 2862 5772 Nsarum
2891 5717 3160 5772 varietate
3187 5717 3518 5789 depingitur.
3542 5719 3691 5775 lntcr
3710 5735 3848 5790 quas
3871 5721 4013 5784 u‘um

2415 5826 2536 5866 rum
2566 5809 2914 5877 festivitates,
2942 5819 2995 5865 et
3023 5809 3290 5867 hodierna
3323 5829 3431 5868 non
3477 5812 3732 5884 ignobilis
3759 5823 3871 5886 est,
3907 5823 4024 5883 Ilip-
