5232 6514
1806 415 1907 472 7H

2417 402 2475 460 Β.
2509 399 2712 457 PETRI
2751 395 3037 453 DAIlAl‘lt
3073 395 3225 448 Ol‘i’.
3258 393 3437 446 PARS
3478 390 3607 446 SEU
3647 390 3882 448 TOMUS
3923 392 3981 447 ll.
4016 424 4085 434 —
4116 392 4504 452 SERIONES.

4986 394 5091 451 7i!

1805 528 1972 602 pom;
2018 523 2227 582 κῑιίοοι
2267 526 2328 583 ει,
2361 513 2606 572 Cassiani
2635 497 2955 580 martyrum,
2993 518 3112 574 qua
3143 514 3400 602 tan-quam
3432 518 3477 574 Α
3508 504 3636 602 bat;
3670 503 3811 602 sicut
3834 480 3946 602 jam
3982 503 4179 602 iuipsa
4212 513 4560 602 sacrosancta
4591 512 4645 559 et
4677 505 4902 576 mystica
4930 522 5086 564 cena

1808 594 2080 692 geminum
2125 610 2312 666 rutilat
2337 609 2567 662 duorum
2607 603 2785 656 lumen
2819 607 3110 653 astrorum.
3141 594 3242 660 Qui
3277 606 3400 662 pro-

1809 683 1953 767 iecto
2001 705 2140 774 regis
2183 699 2373 755 διετιιί
2431 691 2789 750 strenuissimi
2837 688 3127 744 bellatores
3171 683 3401 738 diversis

1809 800 2024 871 quidem
2049 794 2199 855 locis,
2225 790 2456 845 diversis
2480 785 2803 854 subjacuere
2829 778 3139 848 suppliciis;
3174 776 3268 828 sed
3294 788 3398 826 una

1807 869 2024 959 utrique
2072 894 2189 940 erat
2248 897 2412 937 causa
2457 877 2810 937 certaminis,
2867 874 2991 943 quia
3047 885 3152 923 non
3213 869 3401 936 dispar

1808 994 2097 1049 utrumque
2127 976 2465 1031 animaverat
2513 967 2779 1039 professio
2810 963 3074 1017 veritatis.
3109 961 3400 1014 Enimvero

1806 1072 2118 1134 Cassianus,
2147 1066 2232 1122 cui
2271 1061 2612 1132 potissimum
2659 1055 3015 1111 famulaturus
3067 1062 3151 1106 est
3197 1065 3398 1114 sermo,

1808 1163 1901 1218 diu
1928 1160 2143 1230 quidem
2175 1155 2351 1217 latuit,
2393 1153 2488 1207 sed
2515 1165 2638 1205 cum
2672 1148 2738 1201 ad
2765 1156 3046 1205 certamen
3077 1151 3397 1210 perventum

1798 1259 1910 1316 est,
1951 1229 2085 1319 quid
2119 1243 2448 1304 acrimonia,
2492 1238 2619 1308 quid
2663 1235 2888 1305 saporis,
2920 1233 3048 1302 quid
3068 1229 3398 1283 fortitudinis

1808 1325 2038 1413 granum
2097 1331 2690 1405 sinapisoccultaret,
2751 1327 2980 1396 aperuit.
3038 1323 3178 1380 lmu.
3242 1321 3395 1389 juxta

1808 1411 2046 1490 nominis
2073 1429 2154 1484 sui
2184 1425 2530 1497 pmsagium,
2579 1434 2699 1473 cum
2748 1417 2802 1470 in
2848 1413 3114 1485 passionis
3144 1411 3248 1478 pila
3279 1426 3398 1478 per-

1809 1531 2117 1580 secutorum
2154 1518 2402 1571 manibus
2431 1511 2584 1566 tundi
2632 1509 2795 1578 cmpit
2835 1516 2888 1559 et
2918 1504 3104 1568 atteri,
3134 1518 3255 1556 mox
3285 1501 3395 1554 fra-

1797 1612 2071 1684 grantiam
2121 1605 2409 1665 odoriferae
2454 1601 2758 1663 suavitatis,
2807 1610 2926 1666 qua:
2980 1595 3033 1648 in
3089 1607 3145 1646 se
3174 1593 3395 1655 latebat,

1799 1703 2058 1774 aspersit.
2094 1699 2251 1756 Casia
2288 1695 2552 1766 siquidem
2599 1691 2807 1759 species
2828 1697 2910 1742 est
2935 1685 3250 1745 aromatica,
3279 1698 3398 1750 qua:

1799 1773 2015 1865 integra
2062 1789 2280 1862 quidem
2329 1786 2527 1840 nullius
2573 1795 2694 1837 esse
2739 1779 2953 1832 videtur
3000 1776 3211 1838 odoris;
3271 1773 3393 1825 trita

1797 1894 1990 1939 autem
2021 1879 2280 1936 naturalis
2314 1877 2421 1930 vim
2451 1873 2733 1928 suavitatis
2761 1867 2979 1924 emittit.

1874 1975 2075 2030 Beatus
2115 1975 2300 2040 itaque
2327 1967 2635 2027 Cassianus,
2669 1970 3029 2030 utgestoruin
3064 1948 3200 2008 illius
3227 1960 3394 2006 testa-

1807 2075 1897 2121 tur
1942 2064 2192 2127 historia,
2233 2063 2360 2114 dum
2408 2056 2714 2112 scholarum
2746 2053 2934 2106 doctor
2962 2049 3240 2110 existeret,
3273 2046 3397 2099 bre-

1807 2157 2072 2227 vibusqne
2093 2155 2234 2209 notis
2255 2151 2417 2205 verba
2438 2143 2895 2217 comprehendere
2918 2154 3112 2230 pueros
3133 2139 3394 2200 erudiret,

1803 2256 1912 2317 pro'
1928 2246 2033 2300 fide
2052 2243 2254 2298 Christi
2275 2243 2341 2294 ad
2372 2239 2720 2308 quaestionem
2743 2236 3127 2289 deductus-est.
3154 2231 3397 2297 Cumque

1811 2336 1926 2392 seio
1966 2347 2260 2404 succensus
2301 2330 2425 2384 fidei
2461 2327 2702 2407 judicum
2732 2322 2949 2379 decreta
3003 2328 3394 2382 contemneret,

1803 2437 1866 2483 et
1889 2424 2151 2482 sacrificia
2179 2420 2405 2492 profana
2432 2419 2686 2481 calcaret,
2721 2413 3106 2483 discipulorum
3148 2409 3398 2463 manibus

1808 2522 1876 2576 ad
1903 2517 2250 2576 cruciandum
2274 2513 2504 2567 traditus
2528 2519 2645 2576 est;
2673 2518 2733 2562 ut
2755 2507 2859 2561 illis
2883 2519 3039 2564 versa
3063 2505 3181 2556 vice
3207 2512 3397 2572 pinnas

1802 2608 2126 2673 exsolveret,
2166 2621 2301 2677 quos
2348 2605 2461 2675 ipse
2503 2603 2701 2658 dudum
2732 2598 2833 2656 sub
2875 2596 3175 2666 disciplina
3225 2594 3395 2648 ferula

1808 2703 2111 2760 terruisset.
2143 2698 2264 2753 Mox
2292 2698 2474 2767 itaque
2510 2691 2838 2746 indumentis
2880 2697 3100 2750 exutus,
3146 2685 3398 2739 manibus

1808 2801 1929 2864 post
1956 2800 2104 2861 terga
2153 2789 2372 2856 ligatur,
2421 2790 2635 2836 armato
2679 2778 2835 2850 stylis
2873 2788 2929 2832 et
2967 2774 3165 2828 tabulis
3196 2788 3398 2842 puero-

1803 2892 1927 2939 rum
1983 2878 2278 2936 furentium
2329 2874 2544 2946 agmine
2590 2867 3095 2929 circumfunditur;
3155 2865 3247 2934 qui
3304 2879 3401 2915 un-

1803 2970 1966 3045 tiique
2019 2976 2378 3041 compunctus
2424 2975 2587 3035 atque
2631 2963 2957 3030 discerptus,
3011 2965 3128 3011 toto
3169 2968 3400 3023 corpore

1799 3065 2094 3119 tacentur.
2174 3057 2380 3114 Novum
2457 3051 2639 3125 plane
2699 3061 2756 3106 et
2828 3048 3146 3103 inusitatum
3231 3059 3400 3114 genus

1801 3150 2052 3224 martyrii
2078 3149 2344 3220 insignem
2373 3144 2482 3200 Deo
2506 3146 2802 3213 martyrem
2825 3137 3188 3193 consecravit.
3241 3134 3399 3189 Vide-

3508 593 3638 646 dicit
3665 592 3942 662 discipulis
3974 594 4088 648 suis
4120 612 4131 646 :
4175 613 4194 646 ι
4236 593 4388 649 Vado
4417 593 4482 647 ad
4512 609 4634 649 eum
4685 597 4778 666 qui
4819 599 4969 654 misit
5002 617 5088 658 me

3508 684 3701 754 (Joan.
3732 687 3841 756 vt).
3871 705 3888 737 ι
3921 688 4028 752 Sed
4055 687 4183 741 dum
4212 689 4456 755 ascendit
4484 689 4666 745 Bethel
4685 731 4698 756 ,
4734 690 4788 744 id
4814 702 4930 757 est,
4959 693 5085 748 dum

3453 787 3462 792 '
3505 791 3600 846 per
3650 778 4030 833 sacratissima:
4079 779 4354 834 Passionis
4391 797 4502 836 sua
4540 781 4858 851 mysterium
4909 783 5088 840 redire

3505 874 3785 926 contendit
3823 874 3889 926 ad
3933 863 4182 936 Patrem,
4222 876 4374 944 pueri
4417 877 4566 944 parvi
4606 877 4810 946 egressi
4849 876 4916 932 de
4953 878 5086 933 civi-

3507 975 3637 1027 tate,
3671 965 3898 1018 illudunt
3929 966 4000 1026 ei,
4026 966 4306 1020 dicentes:
4333 984 4351 1016 ι
4375 967 4621 1021 Ascende
4647 967 4819 1030 calve,
4847 968 5084 1024 ascende

3505 1057 3671 1110 calve.
3726 1075 3744 1107 ι
3780 1055 3913 1122 Quia
3952 1055 4148 1120 Judzi,
4186 1058 4333 1111 omni
4375 1058 4656 1122 gravitatis
4704 1067 4760 1112 et
4805 1059 5087 1129 sapientia

3504 1148 3742 1216 pondere
3775 1147 3961 1208 vacui,
3998 1146 4195 1215 illaque
4224 1148 4456 1215 pueritia
4513 1148 4724 1217 parvuli
4765 1149 4834 1202 de
4864 1158 4972 1218 qua
5006 1151 5088 1204 di-

3472 1239 3683 1308 ‘citnr:
3726 1255 3742 1286 ι
3781 1235 4096 1290 Maledictns
4143 1251 4278 1305 puer
4328 1244 4569 1290 centum.
4599 1249 4867 1293 annorum
4905 1238 5085 1308 (laci.

3502 1342 3605 1379 va
3632 1327 3649 1395 )
3675 1368 3687 1388 ,
3722 1346 3739 1376 ι
3771 1341 3892 1379 eum
3935 1327 4001 1378 ad
4038 1325 4243 1389 locum,
4276 1326 4366 1395 qui
4408 1325 4608 1380 dicitur
4635 1327 4914 1391 caluaria,
4955 1343 5083 1398 per-

3506 1420 3726 1470 trahdnt
3750 1456 3763 1478 ,
3813 1427 3976 1484 atque
4013 1419 4275 1471 adversus
4303 1431 4428 1470 eum
4475 1416 4732 1486 viperinis
4771 1418 5088 1473 irrisionun

3501 1522 3552 1564 et
3589 1511 3998 1580 opprobriorum
4029 1507 4184 1562 furiis
4216 1502 4593 1570 inardescunt:
4625 1507 4874 1562 calvaria
4902 1518 5086 1562 autem

3504 1603 3651 1654 locus
3681 1600 3767 1653 ille
3799 1599 4081 1653 dicebatur
4115 1611 4144 1649 a
4180 1596 4416 1650 calvitiis
4453 1598 4782 1666 amputatis,
4814 1599 4943 1667 quia
4981 1598 5088 1653 illic

3503 1689 3806 1745 damnatitii
3837 1687 4094 1742 decollari
4127 1696 4544 1740 consueverant.

3575 1781 3641 1835 Et
3700 1781 3998 1834 notandum
4042 1778 4166 1847 quia
4203 1778 4358 1846 pueri
4389 1778 4593 1846 egressi
4633 1779 4700 1833 de
4738 1778 4962 1836 civitate
4999 1780 5087 1835 dl-

3430 1868 3472 1924 D
3507 1882 3741 1924 cuntur:
3778 1870 4064 1938 quoniam,
4098 1869 4238 1923 sicut
4263 1868 4552 1937 Apostolus
4579 1869 4653 1922 ait
4683 1884 4699 1923 :
4731 1883 4750 1920 ι
4787 1869 4857 1925 Ut
4887 1872 5090 1927 sancti-

3504 1961 3689 2015 ﬁcaret
3719 1976 3814 2029 per
3841 1974 3997 2012 suum
4027 1959 4344 2028 sanguinem
4378 1959 4660 2027 pepulnm,
4691 1969 4845 2013 extra
4873 1970 5087 2030 portam

3499 2066 3691 2119 passus
3729 2059 3811 2102 est
3851 2048 4110 2104 Dominus
4139 2049 4156 2117 (
4187 2046 4317 2101 lleb.
4363 2033 4457 2102 x'm
4483 2049 4523 2116 ).
4556 2067 4576 2100 ο
4606 2049 4775 2102 Porro
4813 2050 4959 2120 quod
5001 2065 5087 2106 se-

3500 2142 3702 2209 quitur,
3739 2140 4004 2207 .quoniam
4039 2155 4056 2188 ι
4089 2139 4295 2207 egressi
4336 2137 4442 2191 duo
4482 2139 4592 2192 ursi
4632 2139 4700 2193 de
4737 2141 4911 2205 saltu,
4953 2141 5087 2195 dila-

3501 2238 3830 2284 ceraverunt
3869 2244 3934 2282 ex
3972 2229 4052 2282 eis
4091 2229 4448 2297 quadraginta
4485 2230 4620 2284 duos
4656 2246 4877 2300 pueros,
4937 2251 4959 2284 ι
4987 2247 5088 2304 per

3501 2335 3786 2374 numerum
3839 2333 4128 2386 puerorum
4188 2332 4446 2371 numerus
4496 2318 4742 2388 signatur
4793 2335 5082 2375 annorum.

3502 2413 3928 2480 Quadragesimo
3977 2409 4214 2464 secundo
4271 2409 4469 2478 quippe
4512 2424 4655 2463 anno
4701 2419 4824 2480 post
4870 2409 5088 2468 Domini

3501 2503 3808 2572 passionem
3832 2540 3846 2563 ,
3880 2501 4020 2553 sicut
4050 2497 4288 2553 historia:
4318 2500 4570 2563 tradunt,
4605 2497 4844 2554 Titus-et
4877 2499 5082 2572 Vespa-

3502 2595 3721 2656 sianus,
3756 2592 3860 2644 duo
3894 2605 4048 2659 reges
4078 2590 4145 2643 de
4174 2590 4327 2644 silvis
4360 2591 4636 2658 gentium,
4679 2600 4938 2658 tanquam
4976 2594 5084 2647 duo

3501 2682 3716 2736 feroces
3745 2682 3894 2744 ursi,
3927 2681 3994 2734 de
4034 2679 4173 2733 saltu
4213 2678 4453 2734 ferarum
4493 2680 4927 2735 dilaceraverunt
4950 2695 5086 2752 piae-

3507 2787 3635 2832 ros:
3679 2771 3804 2839 quia
3845 2769 4127 2827 venientes
4165 2769 4232 2823 ad
4264 2770 4534 2824 excidium
4573 2769 4949 2838 Hierusalem,
4992 2773 5082 2827 do

3505 2869 3843 2923 bellaveruut
3880 2868 3931 2920 in
3971 2866 4156 2920 furore
4190 2865 4425 2920 Judaos.
4467 2864 4573 2920 Per
4609 2879 4807 2936 pueros
4842 2882 4976 2938 ergo
5012 2869 5082 2922 si-

3504 2959 3740 3027 gnificati
3798 2967 3924 3012 sunt
3967 2958 4059 3025 qui
4113 2958 4397 3012 Dominum
4445 2957 4877 3024 cruciﬁxerunt;
4928 2962 5080 3029 pueri

3503 3064 3716 3120 quoque
3773 3059 3900 3103 sunt
3942 3050 4034 3119 qui
4075 3048 4135 3102 Β.
4176 3050 4495 3104 Cassianum
4535 3060 4827 3120 martyrem
4861 3053 5079 3108 occide

3505 3153 3650 3197 runt.
3697 3142 3937 3212 Utraque
3976 3141 4185 3197 sci!icet
4225 3158 4331 3196 non
4372 3143 4633 3198 innocens
4671 3144 4904 3212 pueritia
4932 3185 4949 3210 ,
4988 3147 5080 3202 sed

1801 3253 1899 3300 tur
1923 3251 2101 3296 autem
2131 3232 2272 3292 'htec
2313 3233 2562 3304 martyrii
2607 3230 2818 3300 species
2865 3227 2932 3282 ad
2983 3225 3394 3281 similitudinem
3423 3223 3468 3284 C
3500 3233 3693 3289 artifex
3730 3245 3788 3288 et
3840 3249 4108 3289 venenosa
4160 3234 4383 3288 malitia.
4423 3229 4648 3290 Occisus
4707 3245 4790 3288 cst
4828 3236 5081 3293 Christus

1799 3329 2247 3404 comparandam,
2279 3325 2426 3381 nulli'
2453 3321 2646 3378 melius
2690 3332 2871 3390 posse,
2892 3329 3196 3404 congruere
3232 3329 3395 3384 quam

1804 3397 2077 3497 ipsi—regi
2130 3429 2428 3489 martyrum
2482 3414 2714 3470 Domino
2782 3407 3075 3468 Salvatori.
3137 3397 3297 3480 Nam.
3341 3416 3398 3462 et

1803 3514 1902 3572 ille
1951 3529 1981 3568 a
2037 3513 2155 3568 suis
2209 3505 2727 3586 ﬁdelibusoccisus
2775 3510 2898 3565 est,
2957 3499 3157 3556 Judais
3205 3498 3396 3552 videli-

1808 3613 1933 3672 cet,
1967 3603 2128 3675 ιω
2158 3600 2356 3673 quibus
2381 3609 2650 3670 precepts
2681 3594 2935 3666 Decalogi
2965 3591 3189 3664 proprio
3220 3590 3393 3670 digito

1811 3696 2090 3764 descripta
2131 3691 2461 3755 tradiderat,
2493 3701 2634 3759 quos
2665 3683 3010 3742 ceremoniis
3066 3681 3184 3736 suis
3226 3681 3396 3736 sacri-

1811 3772 2177 3855 tleiontmque'
2201 3781 2396 3838 ritibus
2421 3778 2756 3858 instruxerat
2780 3792 2808 3843 ;.
2827 3789 2965 3847 quos
2993 3781 3144 3829 certe
3176 3772 3245 3828 ad
3273 3787 3393 3827 om-

1809 3876 1940 3932 nem
1962 3875 2177 3930 vivendi
2203 3871 2576 3927 rectitudinem
2595 3908 2612 3935 ,
2638 3878 2895 3938 tanquam
2915 3875 3134 3921 teneros
3155 3862 3256 3919 sub
3277 3864 3394 3945 dis-

1814 3967 2012 4038 ciplina
2051 3979 2278 4037 pueros,
2306 3945 2706 4017 informaverat.
2746 3960 2899 4037 Sicut
2927 3959 3044 4029 ipse
3068 3974 3165 4028 per
3200 3957 3393 4011 Isaiam

1812 4059 1996 4114 dicit:
2036 4076 2053 4108 ι
2094 4054 2277 4110 Filios'
2313 4053 2546 4124 contrivi
2613 4059 2669 4107 et
2723 4051 2997 4115 exaltavi,
3053 4043 3155 4118 ipsi
3211 4060 3393 4102 autem

1795 4154 2138 4219 ~Spreverunt
2184 4159 2270 4199 me
2317 4144 2336 4215 (
2361 4143 2483 4221 Isa.‘
2514 4142 2635 4213 xx).
2683 4161 2702 4193 ι
2737 4140 2872 4196 Nam
2921 4150 2976 4195 et
3022 4140 3097 4194 illi
3143 4138 3395 4194 carnala

1817 4238 2077 4294 Israelita
2105 4247 2396 4307 puerorum
2427 4235 2648 4290 nomine
2671 4233 2823 4304 digni
2848 4231 3095 4296 fuerant,
3125 4232 3216 4300 qui
3243 4246 3394 4283 man-

1808 4330 1962 4410 data.
1994 4329 2130 4398 legis
2179 4327 2677 4398 prophetarumque
2731 4323 2988 4395 mysteria
3049 4337 3156 4378 non
3231 4321 3388 4376 senili

3500 3338 3598 3392 pro
3659 3322 3957 3386 Cassiano,
4012 3322 4226 3377 occisus
4273 3332 4358 3377 est
4413 3322 4707 3379 Cassianus
4764 3340 4863 3395 pro
4915 3325 5080 3381 Chri-

3497 3423 3622 3476 sto;
3676 3413 3933 3466 Dominus
3959 3427 4059 3482 pro
4119 3427 4306 3477 servo,
4345 3421 4401 3468 et
4438 3429 4631 3469 servus
4666 3431 4766 3486 pro
4809 3417 5077 3475 Domino:

3496 3503 3709 3558 dicebat
3739 3505 3882 3558 enim
3912 3521 3925 3556 :
3957 3521 3974 3553 ι
4007 3503 4146 3570 Quid
4179 3503 4474 3559 retribuam
4512 3504 4739 3560 Domino
4766 3522 4867 3577 pro
4904 3509 5086 3563 omni-

3499 3595 3632 3657 bus,
3687 3610 3807 3664 qua:
3861 3595 4113 3649 retribuit
4161 3597 4337 3650 mihi?
4365 3596 4602 3652 Calicem
4641 3597 4898 3654 salutaris
4937 3601 5084 3656 acci-

3496 3688 3675 3754 piam,
3711 3696 3765 3740 et
3805 3702 4000 3742 nomen
4042 3688 4254 3743 Domini
4296 3690 4562 3744 invocabo
4599 3688 4791 3756 (Paul.
4837 3696 5008 3761 cxv).
5058 3711 5077 3745 ι

3497 3776 3603 3831 Sed
3634 3776 3720 3831 ille
3749 3779 3884 3833 mori
3915 3779 4168 3847 dignatus
4191 3787 4306 3843 est,
4338 3789 4393 3833 ut
4423 3780 4568 3835 hunc
4594 3780 4662 3835 de
4686 3780 4787 3836 sub
4809 3779 4942 3853 jugo
4967 3781 5082 3838 fer-

3497 3883 3602 3922 rea:
3639 3869 3919 3923 servitutis
3949 3869 4243 3935 educeret;
4280 3870 4366 3925 isti
4405 3871 4542 3925 mori
4583 3872 4840 3927 denatuiii
4869 3884 4986 3940 cst,
5024 3886 5082 3929 ut

3495 3958 3562 4012 ad
3597 3957 3968 4015 hareditatem
4011 3958 4279 4028 filiorum,
4315 3961 4406 4014 cui
4446 3961 4716 4031 ascriptus
4751 3972 4912 4027 crat,
4951 3979 5080 4020 cu

3494 4049 3664 4118 gloria
3716 4045 4047 4117 perveniret.
4083 4047 4242 4119 197
4274 4049 4365 4104 Ille
4410 4053 4648 4122 suscepit
4695 4061 4963 4120 mortem,
5017 4066 5080 4111 ut

3496 4150 3725 4194 mortem
3775 4143 3830 4195 in
3880 4157 3977 4194 sua
4025 4156 4191 4219 carne
4240 4141 4584 4208 destrueret,
4632 4144 4733 4199 iste
4780 4147 4917 4200 mori
4971 4163 5080 4202 non

3495 4231 3705 4295 timuit,
3761 4241 3819 4305 ut
3867 4231 3933 4284 ad
3979 4242 4259 4288 auctorem
4316 4234 4442 4287 vitae
4482 4235 4741 4304 triumphi
4781 4235 4864 4289 sui
4902 4238 5082 4292 victor

3493 4321 3722 4391 insignia
3762 4329 4084 4389 reportaret.
4123 4319 4215 4375 llle
4240 4332 4618 4391 persecutores
4670 4324 4885 4388 habuit,
4940 4340 5080 4395 quos

1804 4408 2082 4491 ‘gravitate
2119 4418 2471 4490 pensabantt
2502 4418 2599 4472 sed
2633 4416 2814 4471 omnia
2847 4413 3291 4485 superficietenus
3326 4427 3391 4466 ac
3489 4421 3806 4476 creaverat,
3853 4412 3953 4465 iste
3991 4426 4086 4465 eos
4125 4411 4414 4468 carnifices
4479 4414 4701 4484 pertulit
4740 4431 4874 4485 quos
4913 4417 5078 4472 doce.

1815 4507 2102 4579 pueriliter
2132 4506 2539 4576 intelligebant;
2571 4505 2715 4574 quod
2743 4517 2866 4558 cum
2897 4504 3109 4558 diversa
3140 4499 3386 4570 Scriptu-

1814 4614 2002 4653 rarum
2029 4598 2202 4670 possit
2229 4597 2555 4652 auctoritate
2579 4593 2817 4662 ﬁrmari,
2844 4595 2898 4649 id
2922 4603 3129 4648 tantum
3160 4592 3388 4647 sulliciat

1809 4689 1907 4745 hic
1936 4701 2232 4760 apponere,
2278 4688 2419 4757 quod
2459 4685 2641 4741 Eliseo
2673 4685 2952 4755 prophetat
2989 4682 3183 4753 legitur
3217 4682 3389 4736 couti-

1808 4765 1974 4851 gisse.
2015 4777 2151 4833 Nam
2198 4792 2323 4832 cum
2370 4774 2689 4831 ascenderet
2748 4787 2846 4844 per
2882 4772 3027 4826 viam
3077 4786 3197 4841 qua:
3245 4771 3390 4825 ducit

1814 4867 2037 4933 Bethel,
2090 4866 2246 4938 pueri
2298 4867 2450 4936 parvi
2488 4865 2691 4934 egressi
2729 4866 2797 4920 de
2832 4864 3054 4919 civitate
3093 4864 3392 4918 illudebant

1810 4959 1885 5020 ei,
1905 4957 2180 5012 dicentes:
2211 4974 2228 5005 ι
2257 4956 2524 5019 Ascende,
2545 4955 2724 5020 calve;
2753 4955 3004 5020 ascende,
3035 4954 3204 5010 calve.
3237 4973 3254 5006 ι
3286 4953 3388 5022 Qui

1811 5065 1941 5108 cum
1974 5050 2323 5122 respexisset,
2356 5050 2491 5103 vidit
2526 5064 2641 5114 eos,
2682 5057 2739 5104 et
2771 5049 3049 5104 maledixit
3084 5050 3163 5104 eis
3199 5049 3252 5102 in
3295 5063 3385 5102 no-

1812 5142 1963 5196 mine
1999 5139 2233 5195 Domini.
2272 5137 2504 5208 Moxque
2541 5137 2823 5207 Scriptura
2859 5136 3168 5207 suhjungit:
3202 5158 3219 5188 ι
3252 5136 3389 5204 Quia

1809 5231 2021 5304 egressi
2051 5239 2179 5286 sunt
2206 5229 2314 5291 duo
2343 5228 2456 5283 ursi
2495 5229 2563 5283 de
2599 5227 2772 5293 saltu,
2811 5236 2869 5282 et
2905 5227 3283 5280 laceraverunt
3317 5241 3387 5280 ex

1816 5323 1899 5378 eis
1933 5323 2288 5392 quadraginta
2324 5321 2462 5377 duos
2501 5335 2698 5392 pueros
2737 5318 2858 5390 (IV
2892 5317 3022 5389 Reg.
3066 5321 3160 5387 ll).
3195 5338 3213 5369 ι
3247 5318 3400 5392 Sane

1816 5413 1947 5483 quid
1991 5426 2092 5481 per
2140 5411 2404 5477 Eiiseum,
2447 5411 2550 5466 nisi
2593 5410 2852 5465 Mediator
2887 5410 2980 5464 Dei
3016 5418 3072 5463 et
3106 5409 3387 5464 hominum

1819 5503 1978 5559 debet
2015 5500 2284 5572 intelligi?
2317 5502 2457 5570 Quid
2495 5517 2625 5557 vero
2663 5516 2760 5572 per
2793 5501 3009 5565 Bethel,
3047 5517 3167 5571 qua:
3200 5502 3388 5554 domus

1809 5594 1916 5650 Dei
1948 5595 2353 5664 interpretatur,
2393 5595 2496 5652 nisi
2538 5594 2816 5650 beatitudo
2851 5593 3090 5649 celestis
3123 5593 3387 5664 exprimi-

1821 5683 1951 5737 tur?
1977 5683 2081 5753 iter
2117 5683 2258 5735 viam
2290 5698 2417 5754 ergo
2455 5699 2576 5752 quas
2613 5683 2762 5740 ducit
2794 5682 2976 5738 Bethel
3007 5723 3021 5748 ,
3064 5680 3391 5757 Redemptor

1824 5783 2010 5828 noster
2053 5771 2405 5838 ascendebat,
2447 5774 2664 5842 quando
2707 5773 2943 5844 μιεείοηὶ
2992 5773 3391 5844 appropinqua-

3410 4561 3462 4620 D

3490 4503 3602 4555 hat.
3659 4501 3764 4556 Sed
3818 4502 4070 4557 Christus
4121 4503 4174 4556 in
4227 4514 4465 4575 martyre
4503 4520 4603 4559 suo
4638 4508 4942 4576 pugnabat,
4982 4509 5078 4578 qui

3492 4595 3763 4666 pugnandi
3795 4597 3943 4648 vires
3973 4595 4390 4655 administrabat
4418 4614 4432 4659 ;
4468 4599 4520 4650 in
4552 4613 4619 4652 eo
4646 4600 4793 4654 solus
4824 4601 4936 4670 ipse
4961 4601 5078 4654 vin-

3492 4686 3650 4738 cebat
3689 4684 3779 4751 qui
3816 4683 3964 4736 illum
3999 4683 4140 4738 inter
4166 4685 4470 4740 certamina
4504 4686 4816 4741 roborabat.
4851 4687 4988 4743 Nam
5017 4700 5076 4744 et

3495 4782 3606 4826 tota
3638 4773 3963 4827 universalis
3993 4773 4258 4836 Ecclesia,
4292 4776 4552 4828 virtutum
4589 4770 4758 4830 armis
4785 4777 5070 4840 accincta.

3493 4872 3682 4916 contra
3715 4862 3986 4916 diabolum
4019 4878 4118 4932 per
4152 4874 4322 4927 totum
4349 4865 4601 4920 mortalis
4632 4866 4754 4921 vita:
4782 4866 4947 4936 hujus
4974 4884 5073 4925 ex-

3493 4971 3712 5010 cursum
3747 4956 3799 5032 in
3832 4957 4048 5011 Christo
4077 4958 4334 5021 dimicat,
4368 4959 4420 5012 in
4454 4957 4676 5015 Christo
4712 4975 4928 5030 semper
4965 4978 5071 5026 non

3492 5059 3586 5098 sua
3608 5053 3630 5108 ,'
3655 5045 3748 5098 sed
3778 5045 3895 5112 ejus
3927 5047 4124 5111 virtute
4154 5046 4468 5115 triumphat.
4501 5046 4650 5120 lianc
4675 5049 4835 5118 plane
4870 5065 4940 5106 ea
4977 5066 5076 5105 an-

3493 5137 3643 5205 tiquo
3683 5138 3839 5190 hoste
3879 5139 4164 5192 victoriam
4190 5179 4206 5205 ,
4246 5141 4372 5210 quia
4411 5141 4584 5196 noluit
4622 5140 4906 5214 Synagoga
4934 5185 4952 5210 ,
4985 5161 5072 5200 su-

3494 5228 3666 5294 scepit
3703 5225 3965 5280 Ecclesia.

3565 5317 3718 5384 Quod
3745 5319 3915 5382 vobis,
3939 5319 4132 5375 fratres
4152 5321 4483 5387 eharissimi,
4502 5323 4690 5378 melius
4710 5324 5068 5383 ostendimus.

3494 5409 3538 5464 si
3569 5410 3768 5463 veteris
3799 5409 4142 5465 instrumenti
4173 5413 4455 5467 victoriam
4475 5453 4488 5474 .
4523 5429 4643 5482 quae
4670 5429 4766 5482 per
4793 5414 5068 5470 mulieri-ni

3497 5500 3635 5553 facta
3668 5509 3770 5562 est,
3793 5501 3859 5552 ad
3891 5503 4207 5555 memoriam
4241 5517 4572 5557 revocemus.
4611 5501 4775 5562 Nam.
4806 5515 4863 5557 ut
4888 5520 5006 5574 μοι
5030 5507 5068 5558 ἰ

3490 5592 3672 5646 verbis
3711 5607 3866 5645 sacra
3908 5594 4402 5661 comprehendatur
4434 5595 4678 5653 historia.
4713 5595 4916 5650 Debora
4941 5613 5067 5667 pro-

3489 5684 3680 5754 phetes
3711 5698 3846 5735 uxor
3875 5683 4159 5754 [.apidoth,
4194 5685 4468 5754 judicabat
4501 5686 4751 5755 populum
4804 5687 4892 5741 illo
4939 5699 5066 5741 tctu-

3490 5790 3641 5844 porc,
3672 5783 3726 5832 ct
3753 5774 3974 5829 sedebat
4019 5777 4119 5830 sub
4157 5775 4329 5847 palma
4359 5779 4504 5833 inter
4534 5778 4700 5832 Rama
4723 5819 4736 5844 ,
4764 5790 4819 5833 tt
4850 5779 5060 5843 Bethel,
