5232 6504
715 357 819 410 71;
2121 347 2359 401 δειυιυ
2410 341 2655 396 Χλλῖλ.
3940 352 4045 409 ῗιι

708 465 1261 538 inmonteEphraim,
1287 462 1767 533 ascendebantque
1790 461 2001 516 adeam
2028 459 2120 514 fdii
2149 461 2315 514 lsrael
2348 468 2395 525 Α
2422 458 2711 530 intelligi?
2763 458 2903 539 Nam
2955 476 3081 541 cum
3128 464 3572 541 catechumenos
3628 465 3851 523 lavacro
3901 473 4046 545 sacri

706 561 768 616 in
813 574 973 615 omne
1009 558 1277 632 judicium
1320 556 1492 623 (Jud.
1540 556 1655 627 tv).
1708 554 1815 610 Sed
1862 555 1942 609 sic
1993 555 2060 609 ad
2108 555 2318 633 exitum

701 652 944 709 celerius
993 647 1331 719 pervenitur,
1360 649 1405 703 si
1436 689 1451 711 ,
1480 646 1607 703 dum
1659 646 1888 702 historia
1942 647 2175 727 texit-ur,
2222 661 2322 716 per

705 756 896 816 partes
939 742 1159 798 interim
1188 750 1513 815 expuuntur.
1553 740 1659 794 Per
1685 738 1955 793 Deboram
1996 752 2164 803 sane,
2199 752 2323 807 qum

709 836 924 909 loquela
960 834 1076 890 sive
1101 834 1218 904 apis
1271 833 1703 904 interpretatur,
1742 832 2029 901 prophetia
2077 846 2183 886 non
2235 832 2319 884 in-

721 928 1113 986 convenienter
1142 926 1430 997 accipitur.
1463 920 1598 995 Apis
1624 922 1824 994 quippe
1851 921 2144 986 melliticat,
2172 931 2228 977 et
2255 921 2322 977 de

704 1022 997 1095 prophetia
1044 1034 1150 1091 per-
1188 1017 1537 1073 Psalmistam
1582 1014 1819 1070 dicitur:
1866 1033 1883 1067 ‹
1928 1014 2103 1081 Quam
2144 1013 2321 1068 dulcia

705 1114 957 1168 faucibus
996 1111 1142 1173 tineis
1185 1110 1404 1181 eloquia
1439 1118 1563 1173 tua,
1600 1108 1861 1170 Domine,
1894 1122 2063 1179 super
2105 1105 2211 1161 mel
2238 1115 2323 1164 ,et

704 1206 891 1260 favum
918 1204 1002 1259 ori
1034 1205 1183 1261 meo!
1216 1195 1427 1274 {(Psal.
1450 1204 1669 1271 cxvnt.)
1697 1198 1922 1255 Interim
1953 1198 2079 1255 nolo
2110 1213 2207 1254 vos
2237 1198 2319 1279 laf

703 1305 843 1362 teat,
873 1295 1234 1367 dilectissimi.
1264 1294 1394 1366 quia
1431 1293 1661 1349 historia
1692 1293 1841 1358 haec,
1883 1309 2049 1363 quam
2083 1302 2325 1347 tractan-

704 1388 836 1442 dam
868 1403 935 1443 ex
958 1382 1263 1443 Occasione
1283 1384 1648 1456 suscepimus,
1686 1383 1933 1465 pluribus
1962 1383 2171 1456 indiget
2197 1398 2323 1459 ver-

694 1479 813 1547 bis,
850 1479 979 1553 quia
1012 1474 1198 1535 multis
1221 1486 1314 1534 cst
1360 1478 1563 1548 repleta
1602 1476 1877 1548 mysteriis
1906 1495 1923 1531 :
1960 1476 2057 1532 sed
2081 1492 2207 1531 eam
2240 1477 2323 1549 id;

699 1570 858 1633 circo
909 1568 1012 1638 sub
1068 1570 1339 1626 brevitate
1389 1568 1801 1632 contrahimus,
1854 1575 1915 1623 ut
1968 1567 2319 1623 dilectionem

696 1643 941 1715 vestram
969 1658 1304 1731 prolixitatis
1334 1658 1494 1713 taedio
1518 1673 1626 1711 non
1652 1672 1962 1727 gravemus.
1988 1656 2318 1713 Considere-

707 1751 1046 1820 musitaque
1067 1748 1159 1805 ubi
1172 1749 1377 1805 sedem
1409 1748 1613 1804 habere
1641 1748 1925 1819 prophetia
1956 1748 2318 1816 describitur,

698 1841 956 1898 videlicet
986 1841 1087 1897 sub
1115 1839 1294 1911 palma
1314 1881 1329 1907 ,
1374 1841 1501 1911 quia
1542 1856 1685 1911 quos
1719 1841 2040 1912 prophetica
2069 1842 2315 1897 doctrina

700 1933 819 1989 suis
845 1932 1281 1990 institutionibus
1304 1935 1507 2000 erudit,
1528 1937 1595 1990 ad
1612 1934 1850 2006 palmam
1875 1951 2128 2006 superna:
2150 1950 2315 1997 voca-

702 2023 872 2079 tionis
910 2024 1162 2090 adducit,
1200 2024 1586 2105 dumque‘per
1630 2040 1751 2080 eam
1798 2025 2053 2087 homines
2099 2026 2317 2082 vivendi

705 2116 957 2171 ordinem
1013 2118 1265 2183 discunt,
1322 2118 1587 2175 vitiorum
1638 2117 2021 2173 rebellantium
2081 2119 2319 2176 victores

696 2207 865 2262 ﬁunt.
891 2207 1003 2265 Nec
1032 2210 1473 2281 praetereundum
1503 2212 1647 2281 quod
1678 2211 1823 2266 inter
1846 2211 2017 2267 itania
2046 2223 2102 2267 ct
2130 2212 2318 2269 Bethel

694 2289 910 2355 aedisse
954 2302 1297 2372 perhibetur.
1329 2301 1503 2358 Rama
1543 2303 1814 2373 siquidem
1859 2304 2096 2369 excelso,
2131 2303 2317 2369 Detth

697 2393 892 2460 (tomus
926 2382 1045 2459 Dei,
1074 2396 1217 2451 sicut
1236 2395 1350 2465 jam
1384 2397 1645 2465 diximus,
1693 2398 2107 2471 interpretatur.
2148 2400 2318 2456 Recte

700 2482 869 2552 igitur
894 2482 1179 2555 prophetia
1211 2485 1355 2541 inter
1388 2486 1561 2542 Rama
1598 2500 1656 2543 et
1700 2488 1887 2545 Bethel
1935 2491 2188 2547 habitare
2216 2492 2317 2565 de-

700 2573 998 2639 st'ribitur;
1022 2575 1149 2645 quia
1178 2575 1429 2647 quisquis
1455 2578 1794 2649 propheticis
1818 2581 2002 2636 studet
2028 2581 2318 2652 invigilare

698 2666 988 2733 doctrinis,
1020 2668 1270 2739 quisquis
1312 2684 1597 2726 sacrarum
1638 2671 2051 2744 Scripturarum
2100 2675 2317 2732 sincere

696 2766 862 2813 vacat
885 2758 1140 2830 eloquiis,
1168 2761 1248 2815 sic
1279 2760 1332 2815 in
1361 2763 1523 2817 domo
1555 2762 1645 2817 Dei
1679 2778 1775 2834 per
1802 2764 2136 2820 desiderium
2162 2782 2315 2825 incn-

700 2848 772 2903 tis
802 2836 1094 2917 inhabitat,
1129 2860 1189 2907 ut
1234 2868 1341 2909 non
1384 2853 1600 2908 infirma
1644 2864 1700 2909 et
1751 2869 2175 2919 monientanca.
2218 2859 2315 2915 sied

688 2941 913 2997 excelsa
946 2946 1126 3012 potius
1187 2954 1354 3015 atque
1382 2946 1883 3019 coelestiaseniper
1912 2950 2177 3019 inquirat.

748 3032 899 3089 Date
921 3040 1137 3091 vocavit
1169 3036 1238 3091 ad
1264 3053 1323 3092 se
1345 3037 1579 3094 Barach.
1605 3039 1778 3096 Porro
1802 3041 2017 3097 Barach
2045 3043 2304 3112 interpre~

694 3132 847 3189 tatur
892 3129 1212 3183 coruscatio.
1266 3128 1589 3185 Coruscatio
1638 3142 1822 3187 autem
1879 3134 2043 3189 habet
2092 3135 2312 3203 quidem

2427 550 2595 606 fontis
2642 551 3023 631 immergitur,
3077 563 3337 631 tanquam
3378 556 3564 631 Sisara
3597 574 3722 614 cum
3752 575 3852 616 suo
3889 576 4045 618 excr-

2428 645 2573 711 citu,
2623 645 2705 700 sic
2746 645 3116 715 nequissimus
3156 648 3391 718 spiritus
3436 664 3559 704 cum
3610 650 3725 715 his,
3771 666 3893 721 quae
3942 653 4048 709 sibi

2426 735 2689 799 militant,
2725 735 2876 790 vitiis
2906 737 3163 797 omnibus
3196 753 3424 795 necesse
3464 750 3550 794 est
3577 741 3903 812 perimatur.
3938 743 4047 801 Re-

2427 827 2647 898 spondit
2670 837 2851 881 autem
2877 828 3087 883 Barach
3112 828 3177 884 ad
3207 829 3477 886 Deboram
3501 848 3513 884 :
3543 832 3601 886 Si
3628 832 3783 887 venis
3806 848 4045 901 mecum,

2427 920 2653 985 vadam;
2694 920 2739 974 si
2772 918 3275 986 ,npluerisveuire,
3306 937 3413 977 non
3443 937 3694 994 pergam.
3738 922 3820 978 Ac
3852 926 3895 979 si
3924 924 4049 980 car-'-

2427 1010 2565 1085 nalls
2611 1010 2702 1065 ille
2749 1010 2935 1065 lsrael'
2964 1012 3269 1083 prophetia:
3299 1013 3684 1085 respondeat:
3733 1012 3845 1069 Nisi
3887 1013 4049 1086 juxta

2426 1100 2666 1170 litteras,
2699 1111 2756 1157 et
2795 1102 2953 1173 quasi
2998 1102 3302 1157 secundum
3338 1101 3661 1159 muliebrem
3709 1105 4050 1162 intellectum

2427 1200 2480 1246 te
2503 1206 2715 1247 meeum
2748 1208 2968 1263 semper
2995 1193 3272 1257 habuero,
3310 1194 3609 1265 spirituale
3638 1206 3919 1253 certamen
3953 1213 4049 1271 ag-

2424 1282 2576 1354 gredi
2600 1272 2708 1337 non
2735 1297 3030 1354 praesumo.
3053 1284 3152 1339 Cui
3176 1284 3390 1339 Debora
3418 1303 3431 1340 :
3470 1285 3814 1357 lbo'quidcm
3842 1296 4047 1355 tecum,

2418 1369 2521 1430 "Sed
2572 1376 2669 1431 tibi
2718 1375 2951 1431 victoria
3000 1393 3111 1432 non
3160 1379 3538 1448 reputabitur,
3580 1381 3708 1451 quia
3739 1380 3799 1437 in.
3822 1397 4050 1439 manum

2424 1465 2671 1544 mulieris
2690 1465 2939 1522 tradetur
2959 1462 3171 1522 Sisara.
3192 1468 3353 1539 Velut
3369 1469 3413 1523 si
3434 1479 3681 1525 vetustus
3707 1471 3799 1527 ille
3812 1472 4051 1544 populus

2425 1538 2578 1613 audit
2602 1571 2616 1612 :
2642 1556 2846 1614 Tecum
2878 1560 3098 1629 quidem
3121 1560 3227 1615 erit
3250 1538 3515 1627 exterior,
3549 1571 3607 1616 ut
3629 1538 4052 1636 postulas,—pro-

2424 1650 2642 1721 phetia;
2668 1654 2764 1716 sed
2785 1651 3128 1723 spiritualem
3151 1668 3219 1707 ex
3246 1654 3475 1723 antiquo
3498 1656 3655 1717 hoste
3685 1656 4047 1729 triumphant.

2424 1756 2535 1798 non
2570 1743 2761 1809 tu,sed
2786 1753 2977 1800 sancta
2999 1731 3470 1815 potiusobtinebit
3486 1747 3751 1803 Ecclesia.
3776 1748 4049 1816 lllicerte,

2351 1834 2394 1894 Β
2428 1835 2503 1890 illi
2536 1835 2825 1906 proveniet
2850 1833 2975 1905 jure
3018 1837 3249 1891 victoria
3273 1878 3288 1903 ,
3333 1853 3456 1908 qua:
3484 1838 3539 1893 in
3580 1834 3887 1910 Scriptura:
3925 1856 4054 1913 inv-

2424 1926 2637 1991 steriis,
2672 1926 2801 1981 dum
2832 1926 3139 1998 spiritualis
3166 1928 3540 1999 intelligentiae
3570 1931 3861 1987 medulam
3899 1947 4051 2004 qua»

2420 2017 2518 2082 t'it,
2542 2016 2847 2073 occidentis
2868 2017 3069 2073 litterae
3092 2017 3281 2088 paleas
3300 2034 3636 2093 magnopere
3659 2039 3766 2077 non
3786 2026 4048 2080 attendit.

2494 2106 2808 2163 Commisso
2856 2108 3044 2178 itaque
3085 2109 3229 2165 bello
3278 2111 3502 2167 tandem
3559 2113 3701 2186 fugit
3751 2116 3941 2173 Sisara
3992 2116 4052 2175 in

2374 2238 2377 2243 .
2422 2196 2645 2251 dntnum
2677 2197 2871 2266 .lahel,
2921 2194 3246 2272 alienigena:
3295 2201 3547 2259 videlicet
3599 2205 3867 2262 mulieris.
3916 2207 4054 2277 Quas

2421 2289 2672 2362 profecto
2696 2292 2905 2348 sitienti
2937 2302 3114 2349 utrem
3140 2293 3299 2351 lactis
3324 2297 3543 2366 aperuit
3568 2307 3623 2353 et
3644 2306 3833 2370 potum
3859 2300 4047 2369 dedit;

2421 2382 2619 2438 deinde
2648 2382 2863 2439 clavum
2894 2385 2948 2439 in
2978 2387 3271 2442 cerebrum
3310 2388 3428 2457 ejus
3459 2404 3559 2460 per
3587 2399 3806 2461 tempus
3836 2402 4051 2449 utrum-

2420 2488 2528 2544 que
2558 2475 2782 2542 delixit,
2832 2477 3112 2547 sicque‘in
3153 2478 3393 2534 hominis
3434 2482 3618 2552 specie
3658 2499 4052 2554 perversorum

2418 2567 2665 2622 carnium
2698 2574 2863 2640 caput
2886 2570 3164 2627 diabolum
3191 2571 3490 2628 interiecit.
3520 2574 3664 2642 Quid
3690 2578 3838 2632 enim
3870 2577 4049 2645 Jahcl,

2418 2674 2541 2730 quae
2591 2662 2831 2718 ascensio
2881 2663 3295 2741 interpretatur,
3350 2667 3455 2722 nisi
3505 2681 3757 2725 sanctam
3797 2672 4054 2745 designat

2422 2752 2749 2819 Ecclesiam,
2784 2770 2884 2826 per
2911 2772 3079 2826 quam
3111 2757 3369 2813 videlicet
3410 2759 3583 2816 solam
3622 2762 3907 2819 beatitudo
3936 2780 4049 2821 cm-

2418 2844 2574 2906 lestis
2604 2848 2963 2903 ostenditur?
3004 2849 3159 2906 Unde
3202 2860 3260 2907 et
3298 2849 3589 2925 Synagoga
3624 2854 3690 2909 de
3721 2854 3916 2921 eadem
3946 2856 4051 2913 Ec-

2417 2935 2585 2998 clesia
2616 2937 2749 2992 dicit
2777 2939 2831 2992 in
2856 2940 3136 2995 Cauticis:
3178 2962 3196 2994 ι
3226 2942 3358 3011 Quae
3380 2953 3465 2999 est
3493 2945 3619 3009 ista,
3646 2962 3769 3015 quae
3799 2948 4052 3004 ascendit

2418 3029 2485 3083 de
2514 3029 2735 3085 deserto
2767 3030 2981 3089 deliciis
3011 3032 3241 3089 ailluens
3262 3075 3277 3099 ,
3324 3035 3511 3092 innixa
3566 3053 3735 3107 super
3781 3040 4049 3096 dilectum

2419 3122 2618 3176 suum?
2650 3140 2669 3175 ι
2718 3120 2903 3193 (Cant.
2945 3127 3093 3197 vtn.)
3135 3126 3266 3182 [tce
3326 3128 3526 3184 mulier
3561 3130 3870 3201 alienigena
3919 3130 4044 3197 fuit.

694 3210 901 3285 iurem,
936 3218 1031 3273 sed
1064 3235 1170 3274 non
1208 3220 1413 3275 diutius
1444 3230 1878 3291 permanentem.
1917 3220 2035 3277 Mox
2071 3202 2217 3279 enim
2251 3236 2310 3287 ut
2342 3202 2387 3263 C
2422 3214 2549 3283 (Ιιιίίί
2586 3228 2753 3281 ⁵³υεῖ

1981 3240 2035 3277 ),
2071 3202 2217 3279 chi,“
2251 3236 2310 3287 ω
2342 3202 2387 3263 C
2422 3214 2549 3283 quia
2586 3228 2787 3281 saneta
2822 3216 3071 3271 Ecclesia
3113 3219 3180 3273 de
3225 3219 3533 3289 gentilitate
3580 3224 3874 3293 processit.
3915 3224 4047 3281 [late

689 3298 1123 3379 lucere-incipit,
1156 3309 1304 3367 illico
1339 3300 1543 3368 deficit.
1570 3314 1781 3370 Barach
1814 3316 1984 3384 igitur
2007 3316 2112 3372 iste
2139 3315 2312 3373 isvae-

686 3396 835 3453 .litiei
873 3401 1053 3470 populi
1091 3400 1321 3474 ﬁguram
1356 3412 1523 3469 tenet,
1556 3404 1649 3476 qui
1677 3402 1889 3476 primus
1910 3406 2155 3462 omnium
2186 3424 2315 3478 pro-

695 3489 931 3560 pheticis
980 3490 1285 3548 instructus
1334 3495 1607 3561 oraculis,
1643 3496 2041 3565 aliquantulum
2089 3500 2313 3568 quidem

692 3580 751 3634 in
803 3592 1026 3653 accepta
1067 3580 1185 3653 lege
1232 3582 1471 3649 refulsit,
1518 3585 1615 3641 sed
1651 3588 1804 3669 brevi
1860 3598 2107 3659 tempore
2153 3605 2312 3647 coru-

683 3672 890 3744 ‘S'cavit.
927 3672 987 3727 ιιι
1019 3672 1135 3746 iege
1174 3676 1375 3746 quippe
1400 3717 1417 3742 ,
1461 3679 1529 3732 de
1571 3696 1676 3749 qua
1724 3680 1931 3735 dictum
1961 3692 2089 3737 est:
2147 3703 2165 3734 ι
2198 3683 2309 3739 Lu-

688 3777 862 3818 cerna
909 3765 1139 3835 pedibus
1186 3767 1321 3821 meis
1371 3767 1599 3822 verbum
1657 3780 1849 3835 tuum,
1922 3774 2190 3840 Domine,
2256 3786 2313 3830 ct

696 3850 881 3910 lumen
931 3856 1144 3911 semitis
1191 3857 1330 3912 meis
1374 3857 1549 3928 (Psal.
1576 3861 1826 3931 cunt),
1860 3872 1879 3913 δ
1911 3864 2171 3934 antiquus
2220 3866 2309 3921 ille

686 3946 927 4017 populus
970 3946 1153 4003 lucere
1191 3949 1389 4019 cmpit,
1437 3950 1532 4004 sed
1582 3952 1765 4007 desiit.
1800 3954 2104 4011 Coruscunt
2152 3960 2309 4027 quasi

2417 3304 2790 3361 lsraclitarum
2822 3308 3034 3362 hostem
3060 3310 3214 3378 prius
3236 3310 3379 3375 lacte
3406 3316 3637 3383 potavit,
3662 3324 3850 3383 postea
3874 3318 4046 3388 pilum

2415 3397 2581 3468 capiti
2621 3398 2740 3468 ejus
2786 3398 2997 3466 inlisit;
3043 3401 3173 3469 quia
3202 3400 3433 3459 humani
3466 3405 3689 3475 generis
3722 3406 4043 3473 inimicum,

2414 3504 2574 3558 quem
2608 3502 2798 3543 saneta
2832 3488 2988 3560 prius
3016 3491 3262 3547 Ecclesia
3289 3494 3589 3550 carnaliter
3611 3496 3849 3553 vivendo
3873 3497 4050 3555 lacta—

2414 3581 2490 3633 vit
2516 3621 2529 3643 ,
2561 3580 2913 3648 postmodum
2945 3582 3313 3651 spiritualiter
3344 3588 3727 3644 conversando
3748 3630 3763 3655 ,
3799 3592 4044 3659 quodam

2414 3672 2669 3725 acumine
2717 3688 2780 3725 ac
2810 3673 3011 3728 \ir:ute
3040 3675 3223 3730 crucis
3250 3676 3535 3733 exstinxit.
3571 3677 3685 3735 Nisi
3717 3682 3866 3737 enim
3900 3684 4046 3739 iisa-

2415 3760 2905 3818 tiabilislioniieida
2928 3764 3296 3834 perditionem
3312 3768 3537 3825 humani
3562 3774 3783 3842 generis
3806 3776 4047 3848 inexple-

2414 3855 2771 3927 biliprorsus
2799 3858 3063 3913 aviditate
3095 3860 3311 3927 sitiret,
3343 3864 3411 3918 de
3443 3863 3536 3919 illo
3561 3867 3715 3922 certe
3754 3866 4043 3938 Scriptura

2416 3963 2522 4002 non
2548 3949 2758 4005 diceret
2782 3967 2795 4003 :
2830 3969 2847 4001 ε
2877 3950 3217 4007 Absorbebit
3236 3951 3486 4019 ﬂuvium,
3511 3966 3565 4017 ct
3589 3972 3697 4012 non
3724 3960 4043 4028 mirabitur,

692 4035 860 4091 clara:
885 4037 1011 4092 vitae
1038 4039 1282 4110 protulit,
1312 4042 1407 4096 sed
1437 4042 1489 4096 in
1532 4042 1727 4098 lucidis
1754 4047 2015 4115 operibus
2047 4064 2153 4123 non
2189 4064 2310 4119 per-
2398 4049 2471 4115 \et
2502 4041 2665 4095 habet
2696 4042 2953 4096 liduciam
3000 4043 3145 4112 quod
3205 4043 3397 4100 inﬂuat
3429 4045 3692 4104 Iordanis
3732 4049 3784 4104 in
3831 4065 3894 4106 os
3923 4051 4044 4121 ejus

693 4128 917 4184 mansit.
953 4125 1087 4183 Nam
1119 4130 1247 4185 dum
1291 4130 1581 4191 dicerent:
1621 4152 1639 4185 ς
1669 4134 1898 4202 Omnia,
1938 4154 2060 4207 qua:
2107 4154 2312 4209 praece-

694 4214 841 4287 perit
864 4218 1021 4273 nobis
1046 4219 1331 4287 Dominus,
1355 4230 1410 4277 et
1436 4222 1726 4280 audiemus
1745 4234 1801 4281 et
1824 4224 2110 4294 iaciemus,
2138 4249 2156 4281 ι
2182 4244 2310 4285 ecce

691 4307 853 4376 quasi
883 4306 975 4362 lux
1010 4312 1411 4367 coruscationis
1439 4313 1604 4385 198
1628 4326 1853 4382 exorta;
1896 4320 1993 4373 sed
2039 4320 2169 4375 dum
2221 4328 2307 4375 re;

693 4412 859 4471 ponte
886 4413 1184 4480 curvarent
1215 4402 1392 4477 genua
1432 4418 1560 4465 ante
1607 4408 1771 4476 Baal,
1822 4419 1952 4467 ecce
1998 4416 2310 4470 coruscatio

2416 4132 2536 4203 (Job
2570 4133 2681 4204 XL).
2718 4154 2736 4185 ›
2785 4134 2898 4189 Lac
2941 4150 3075 4191 vero
3122 4135 3334 4191 fructus
3360 4147 3446 4193 est
3473 4141 3679 4206 carnis,
3727 4152 3783 4195 ct
3817 4143 4035 4199 blandi-

2414 4236 2597 4281 menta
2627 4226 2866 4283 carnalis
2896 4228 3169 4301 signiﬁcat
3197 4230 3514 4301 voluptatis.

2486 4316 2742 4384 Qua‘ndiu
2775 4336 2909 4389 ergo
2937 4321 3158 4391 gentilis
3197 4323 3429 4394 populus
3454 4322 3613 4393 juxta
3653 4326 3829 4399 legem
3859 4334 4043 4388 carnis

2414 4410 2738 4483 voluptuose
2780 4414 2915 4468 vixit
2943 4456 2956 4477 ,
3004 4424 3263 4485 tauquam
3298 4420 3417 4484 lac,
3467 4420 3541 4474 ita
3573 4422 3697 4476 vitze
3730 4422 3894 4496 139
3928 4443 4041 4483 sua:

692 4493 984 4548 videbatur
1012 4497 1305 4553 exstincta.
1353 4498 1502 4554 Dixit
1531 4500 1664 4563 ergo
1704 4498 1917 4558 Debora
1950 4505 2017 4559 ad
2051 4504 2263 4561 Barach
2292 4526 2302 4560 :
2343 4566 2381 4581 ﬂ
2416 4502 2698 4558 tuolﬁtiem
2730 4505 2937 4559 sitienti
2959 4547 2973 4571 ,
3028 4520 3261 4563 mortem
3296 4520 3545 4567 nostram
3590 4493 3815 4569 diabolo
3852 4493 4043 4587 propi-

698 4601 719 4633 ι
750 4580 1019 4655 Praecepit
1052 4586 1148 4643 tibi
1181 4587 1446 4645 Dominus
1490 4591 1632 4646 Deus
1676 4592 1883 4648 Israel:
1937 4595 2088 4653 Tolle
2124 4608 2302 4653 tecum
2342 4580 2386 4623 υ
2417 4596 2583 4650 navit.
2619 4598 2687 4650 At
2719 4594 3013 4667 postquam
3060 4601 3162 4654 sub
3190 4601 3420 4671 spiritus
3470 4618 3530 4657 se
3574 4580 3870 4675 disciplina
3904 4580 4042 4663 cou-

692 4676 883 4729 decem
913 4677 1079 4733 millia
1107 4692 1494 4752 pugnatorum,
1521 4695 1576 4738 et
1604 4683 1741 4740 vade
1784 4688 1849 4740 in
1880 4697 2121 4744 montem
2160 4691 2305 4745 'l'ha-

691 4765 816 4841 hor.
865 4766 979 4839 Ego
1009 4774 1193 4825 autem
1238 4772 1505 4829 adducam
1534 4776 1603 4829 ad
1652 4787 1703 4832 te
1742 4776 1807 4850 in
1838 4779 2015 4834 locum
2047 4784 2306 4837 torrentis

690 4853 858 4912 Cisou
888 4859 1132 4916 Sisaram
1172 4863 1473 4935 principem
1511 4868 1787 4925 exerCitus
1815 4869 1973 4925 Jabin
1994 4913 2007 4937 ,
2033 4882 2089 4927 et
2112 4888 2307 4930 currus

693 4947 1595 5025 ejusomnemquemultitudinem,
1625 4962 1943 5032 traditusque
1958 4966 2122 5023 cosio
2143 4984 2303 5022 manu

695 5052 791 5096 tua
819 5042 967 5115 (Iud.
1003 5050 1096 5109 ιγ).
1130 5067 1147 5099 ι
1181 5047 1464 5120 Tanquam
1500 5055 1542 5109 si
1572 5060 1670 5125 per
1700 5059 2073 5128 propheticum
2104 5061 2305 5121 doctri-

693 5136 825 5191 itam
864 5138 1030 5208 priori
1077 5142 1272 5214 populo
1304 5144 1451 5207 Deus
1481 5151 1830 5211 onminotens
1861 5154 2007 5209 dicat
2037 5174 2049 5210 :
2108 5158 2303 5213 Decem

690 5241 964 5305 praecepta
998 5234 1129 5300 lenis
1154 5238 1393 5306 assume,
1421 5251 1478 5296 et
1508 5243 1769 5301 virtutum
1799 5248 2013 5304 culmen
2045 5244 2300 5317 ascende,

692 5323 885 5392 sicque
929 5331 1286 5397 rcprnbOrum
1334 5335 1635 5403 principem
1683 5353 1746 5392 ac
1798 5340 1962 5395 tutius
1990 5340 2303 5412 iniquitatis

690 5422 995 5479 auctorem,
1029 5434 1115 5472 me
1147 5420 1239 5474 tibi
1272 5422 1419 5477 vires
1444 5426 1896 5495 administrante,
1925 5436 2251 5499 prosternc.‘

765 5502 877 5560 Nec
906 5514 1347 5585 prmlereundum
1393 5516 1536 5584 quod
1567 5520 1819 5588 princeps
1859 5521 1948 5575 ille
1979 5523 2186 5581 militia:
2216 5527 2303 5582 Si-

693 5612 841 5661 sara,
871 5601 961 5668 qui
992 5604 1282 5670 perditimti
1312 5608 1573 5676 proxima:
1613 5621 1731 5665 erat
1769 5613 2056 5681 obus-vius,
2099 5618 2164 5670 at!
2195 5628 2306 5673 tor-

692 5697 907 5743 rentcm
941 5692 1102 5747 (Δίδοη
1130 5699 1551 5763 promittebatur
1577 5710 1736 5753 antea
1765 5702 2134 5759 deducendus.
2163 5710 2302 5773 Quid

691 5777 843 5834 enim
886 5795 981 5848 per
1022 5795 1320 5841 torrentem
1371 5792 1573 5853 (Limn,
1632 5790 1735 5847 n‘si
1791 5794 2093 5864 baptismns
2144 5800 2303 5857 debet

1019 5900 1291 5962 Parnm.
1345 5902 1609 5963 L'XLH'.

2416 4688 2660 4753 strinxit,
2686 4689 2904 4745 invicta:
2936 4706 3060 4745 tnox
3089 4693 3272 4750 crucis
3299 4708 3453 4748 arma
3482 4698 3771 4769 wrripnit,
3796 4699 4043 4754 hostem-

2415 4797 2523 4851 que
2552 4780 2744 4837 salutis
2790 4782 3047 4839 humana:
3067 4826 3081 4849 ,
3135 4800 3298 4855 quem
3329 4786 3535 4841 dudum
3564 4792 3862 4860 voluptatis
3899 4792 4044 4849 lacte

2417 4870 2724 4945 potaverat,
2759 4892 2905 4931 nunc
2943 4878 3287 4947 pauitantia:
3314 4881 3523 4935 tnUnita
3563 4883 3853 4953 praesidio,
3895 4885 4042 4955 ligno

2419 4967 2715 5023 transfixit.
2754 4967 2846 5043 Sic
2879 4972 3070 5041 itaque
3112 4986 3278 5045 quem
3327 4966 3630 5030 israelitica
3677 4974 3832 5044 plebs
3877 4992 4039 5047 supc-

2418 5075 2542 5114 rare
2570 5052 2913 5130 uou'potuit,
2948 5062 3242 5133 peregrina
3292 5062 3513 5129 mulier,
3560 5063 3668 5120 hoc
3706 5076 3791 5120 est
3822 5070 4039 5139 gentilis

2415 5152 2681 5218 Ecclesia,
2710 5152 2827 5208 solo
2854 5155 3040 5209 crucis
3071 5153 3220 5226 ligno
3247 5154 3566 5225 prustravit.

2485 5242 2623 5299 llinc
2668 5252 2751 5299 est
2792 5245 2939 5314 quod
2970 5256 3026 5300 et
3076 5246 3165 5300 hic
3208 5244 3608 5303 invictissimus
3638 5246 3845 5305 Christi
3879 5251 4037 5305 miles

2412 5336 2471 5391 Β.
2500 5334 2797 5393 Cassianus
2824 5339 2969 5393 inter
2999 5336 3325 5409 gravissima
3357 5354 3647 5410 pmnarum
3673 5359 3897 5399 suarum
3928 5355 4041 5399 tor-

2412 5443 2594 5487 menta
2643 5433 2892 5501 superari
2932 5450 3040 5485 non
3090 5432 3301 5501 potuit,
3335 5434 3466 5503 quia
3518 5450 3625 5491 non
3673 5434 4037 5492 eumJerrra

2408 5522 2578 5577 lorica
2608 5522 2997 5589 circumdedit,
3031 5540 3137 5579 non
3170 5523 3323 5593 galea
3355 5526 3583 5581 cristata
3625 5529 3897 5598 protexit,
3937 5530 4035 5585 sed

2407 5619 2613 5690 lignum
2647 5614 3025 5676 tantummodo
3055 5622 3237 5675 crucis
3268 5624 3525 5677 armavit.
3574 5624 3713 5678 Nam
3758 5626 3851 5694 qui
3901 5625 3969 5696 Ιίε
4001 5652 4029 5675 -:

2412 5714 2572 5781 hujus
2600 5730 2620 5765 \
2636 5714 2797 5767 exilio
2821 5716 3091 5777 munitur,
3112 5708 3415 5784 spiritualis
3440 5718 3698 5787 nequitia
3719 5717 3971 5773 conﬂict;-

2414 5822 2643 5859 διπηιλυς
2692 5808 3031 5877 aggicdztnr.
3084 5806 3196 5863 Hoc
3237 5809 3452 5879 tignum
3502 5821 3696 5867 contra
3743 5810 3915 5871 David

3610 5925 3690 5985 23
