5232 6522
1813 469 1916 526 713

2419 471 2473 526 S.
2507 469 2713 526 PETRI
2742 465 3022 527 DAIIANI
3065 467 3218 527 οη.
3244 464 3425 524 PARS
3465 467 3595 525 εει]
3651 469 3886 527 τοιιυε
3928 470 3992 526 ll.
4033 499 4102 512 —
4140 465 4525 525 SERIONES.

295 12 4119 121 Μ-

4959 467 5060 529 ιιι

1806 591 1942 645 inulla
1971 587 2344 658 congrediens.
2377 583 2718 639 Philistum
2748 583 3044 653 sacrilegus
3075 583 3380 654 ignorabat,
3413 591 3459 649 Α
3487 601 3701 642 crucem
3719 627 3734 650 ,
3779 596 3834 640 et
3875 586 4248 656 unusquigque
4285 591 4525 638 nostrum
4560 583 4802 641 ,ξοιοι-ιετ
4830 584 5060 658 inﬁgi“.

1809 690 1972 748 atque
2017 677 2220 731 idcirco
2263 689 2385 728 mox
2425 674 2478 728 in
2526 671 2704 727 fronte
2754 687 3043 744 percussus
3078 674 3283 728 interiit
3325 673 3386 743 (1

1810 769 1936 838 flag.
1964 768 2128 834 xm),
2157 765 2247 821 ubi
2273 765 2483 821 scilicet
2510 764 2632 819 vitae
2655 763 2756 818 sibi
2786 764 3129 835 signaculum
3156 779 3263 818 non
3290 766 3386 818 im-

1804 860 2024 930 pressit.
2058 855 2173 912 Hoc
2198 857 2412 927 signum
2445 854 2636 909 salutis
2661 854 2714 908 in
2743 853 2921 908 fronte
2947 854 3271 924 depingitur,
3299 855 3388 910 ubi

1803 948 2055 1003 videlicet
2094 947 2347 1003 sacerdos
2371 959 2618 1003 summus
2647 945 2702 998 in
2731 944 2850 1015 lege
2876 943 2994 998 auri
3032 944 3287 999 laminam
3334 944 3387 1000 iu

1803 1039 2028 1110 gloriam
2051 1047 2107 1093 et
2129 1037 2377 1092 decorem
2404 1049 2606 1105 ponere
2628 1032 2924 1103 jubebatur
2945 1031 3140 1102 (Exod.
3165 1035 3385 1103 xxmt),

1803 1133 1858 1187 in
1885 1146 1989 1202 qua
2025 1130 2232 1186 scilicet
2271 1128 2468 1183 lamina
2506 1127 2636 1182 illud
2682 1127 2976 1198 gloriosum
3018 1135 3073 1180 et
3117 1124 3387 1180 ineffabile

1805 1241 2001 1283 nomen
2043 1222 2257 1278 Domini
2305 1228 2793 1291 tetragrammatou
2836 1219 3123 1274 videbatur
3167 1218 3383 1274 exscul-

1804 1326 1975 1386 ptum.
2008 1312 2164 1382 Quod
2187 1311 2446 1367 nimirum
2471 1309 2601 1380 quid
2645 1308 2788 1365 aliud
2813 1323 2976 1377 quam
3002 1321 3217 1362 crucem
3245 1308 3387 1364 vide-

1801 1409 1964 1463 batur
1991 1404 2296 1474 exprimere
2329 1399 2668 1458 Salvatoris?
2708 1397 2862 1454 Sicut
2898 1397 3044 1452 enim
3081 1412 3216 1452 crux
3252 1412 3385 1467 qua-

1807 1508 1932 1550 tuor
1957 1494 2115 1550 habet
2135 1506 2364 1559 mmua,
2391 1498 2448 1548 et
2469 1490 2542 1546 ita
2567 1504 2764 1546 nomen
2788 1488 2913 1544 illud
2937 1498 3172 1559 quatuor
3191 1489 3385 1543 litteris

1810 1591 2024 1641 constat

1873 1673 2016 1728 Crux
2049 1676 2179 1743 ergo
2223 1670 2387 1728 decor
2433 1679 2488 1726 et
2535 1670 2705 1740 gloria
2751 1669 3102 1726 sacerdotalis
3130 1668 3288 1725 officii
3329 1669 3381 1722 in

1798 1765 1980 1822 fronte
1999 1762 2256 1834 ponitur,
2286 1769 2345 1815 ut
2375 1760 2777 1830 superliminari
2815 1762 3005 1815 domus
3031 1760 3154 1830 agni
3194 1774 3384 1814 cruore

1800 1852 2042 1927 perfuso.
2072 1851 2404 1906 transeuntis
2432 1849 2606 1921 angeli
2635 1850 2844 1921 gladius
2878 1850 3140 1904 eradatur
3172 1849 3376 1918 (Exod.

3490 692 3707 748 pravam
3755 677 3806 731 in
3852 691 3910 731 se
3953 675 4248 746 reprimere
4292 674 4643 728 voluntatem.
4690 672 4920 745 Signum
4965 677 5058 733 ινα

3488 769 3610 822 vita:
3635 781 3740 820 non
3771 767 4138 836 exprimamus
4165 765 4540 820 tantummodo
4568 766 4622 820 in
4653 764 4836 822 fronte
4857 768 5066 832 curuis,

3487 857 3580 912 sed
3621 858 3976 911 recondamus
4016 856 4236 925 insuper
4265 853 4473 909 intimis
4497 853 4798 910 visceribus
4824 863 4992 912 east:
5013 866 5070 912 es

3485 947 3678 1001 sobri:
3697 946 4014 1009 voluntatis.
4041 945 4327 1015 implentes
4350 943 4481 998 illud
4504 943 4648 1013 quod
4667 959 4884 1016 sponsa
4905 959 5071 1014 spon-

3487 1053 3578 1093 sus
3599 1037 3750 1104 jubet
3775 1038 3827 1091 in
3856 1035 4134 1092 Canticis:
4181 1053 4201 1087 ι
4246 1033 4394 1090 Pone
4418 1048 4538 1100 me,
4565 1035 4848 1106 inquiunt
4881 1037 5068 1106 signa-

3486 1126 3662 1180 culum
3705 1137 3867 1194 super
3910 1138 4007 1179 cor
4047 1131 4236 1186 tuum.
4266 1131 4326 1177 ut
4356 1121 4692 1192 signaculum
4735 1137 4903 1194 super
4943 1123 5068 1178 bra-

3485 1216 3665 1271 chium
3693 1224 3841 1270 tuum
3871 1212 4049 1286 (Cant.
4073 1213 4211 1283 rm).
4244 1232 4262 1266 ι
4289 1213 4642 1285 Perspicuum
4668 1223 4754 1272 est
4771 1215 4899 1286 quia
4922 1214 5068 1285 quod

3485 1323 3581 1363 cor
3622 1308 3842 1378 cogitat,
3886 1306 4167 1363 brachium
4193 1314 4470 1376 operatur.
4506 1304 4599 1361 Ille
4621 1319 4759 1376 ergo
4787 1305 5070 1362 (hs-istum

3483 1412 3646 1467 super
3686 1412 3782 1452 cor
3823 1411 3980 1452 suum
4015 1396 4171 1467 quasi
4229 1393 4566 1467 signaculum
4595 1395 4786 1467 ponit,
4823 1396 4918 1465 qui
4943 1409 5074 1451 eum

3483 1485 3792 1541 medullitus
3819 1486 4012 1556 diligit,
4040 1486 4134 1556 qui
4159 1485 4224 1539 ad
4252 1499 4377 1541 eum
4405 1484 4677 1541 ferventer
4699 1484 4942 1550 anhelat,
4973 1485 5067 1554 qui

3481 1590 3605 1630 cum
3638 1577 3798 1630 anxie
3825 1574 4055 1646 ﬂagitat,
4086 1576 4179 1646 qui
4210 1575 4262 1629 in
4293 1574 4412 1644 eius
4435 1575 4923 1647 desideriojugitcr
4947 1591 5072 1644 peu-

3482 1672 3715 1718 severat.
3758 1664 3851 1719 llle
3878 1678 4009 1719 vero
4037 1679 4199 1736 super
4236 1664 4515 1720 brachium
4543 1679 4704 1721 suum
4731 1667 4884 1736 ponit
4908 1665 5076 1721 Chri-

3483 1766 3657 1821 stum.
3704 1757 3797 1826 qui
3844 1756 4181 1813 extrinsecus
4227 1771 4444 1830 quoque
4476 1755 4595 1826 ejus
4623 1757 4895 1814 mandatis
4940 1759 5074 1815 insi-

3484 1857 3652 1912 stens,
3690 1862 3851 1918 quem
3883 1849 3937 1902 in
3965 1847 4265 1903 visceribus
4292 1847 4474 1904 cordis
4501 1848 4774 1912 occultat,
4811 1848 4978 1902 etiam
5013 1848 5072 1903 in

1802 1942 1940 2012 xu).
1991 1940 2223 1995 Econtra
2269 1940 2322 1994 in
2363 1941 2465 1995 hac
2505 1940 2751 2010 corporis
2778 1949 2933 2010 parte
2964 1955 3056 1994 rex
3092 1940 3179 1994 ille
3220 1937 3378 1994 Oxias
3407 1935 3455 1996 B
3483 1937 3799 2007 operatione
3820 1936 4179 1991 demonstrat.
4203 1934 4339 1990 Nam
4360 1943 4416 1990 et
4438 1949 4540 1991 nos
4561 1936 4619 1991 in
4637 1935 4877 2006 quolibet
4899 1951 5072 1992 metuo

1799 2030 1948 2101 lepra
1977 2044 2262 2100 percussus
2295 2037 2379 2084 est
2427 2028 2515 2099 (Il
2555 2027 2688 2082 Par.
2720 2030 2894 2098 sxw),
2923 2027 3080 2097 juxta
3102 2029 3380 2098 Propheta

1800 2133 1988 2173 vocem
2035 2117 2302 2172 dicentis:
2355 2136 2374 2169 ι
2425 2117 2590 2187 imple
2635 2116 2803 2173 facies
2847 2132 3034 2176 eorum
3088 2118 3379 2188 ignominia

1795 2208 1972 2280 (Paul.
2000 2207 2231 2277 Lxxxtt),
2254 2227 2272 2259 ι
2319 2208 2408 2276 qui
2435 2207 2562 2262 dum
2594 2207 2759 2277 regali
2799 2207 3032 2262 culmine
3061 2217 3384 2277 arroganter

1799 2297 2077 2362 intumuit,
2101 2297 2443 2352 sacrificandi
2473 2297 2773 2362 licentiam,
2796 2311 2916 2367 qua:
2935 2297 3064 2353 solis
3087 2297 3381 2354 debebatur

1801 2387 2194 2452 uacatiotibus,
2219 2387 2437 2442 sibimet
2464 2387 2764 2458 usurparit.

1875 2475 1987 2532 lloc
2022 2476 2232 2546 signum
2278 2475 2446 2531 David
2479 2476 2533 2530 in
2575 2478 2770 2548 spiritu
2815 2480 3120 2548 praevidens
3147 2479 3380 2551 gratula-

1804 2568 2018 2623 bundus
2062 2568 2281 2622 aiebat:
2336 2587 2354 2620 ι
2403 2567 2683 2639 Signatum
2732 2578 2817 2624 est
2861 2585 3024 2639 super
3061 2586 3158 2625 nos
3202 2572 3379 2624 lumen

1801 2658 1984 2714 tuitus
2015 2658 2114 2722 tui,
2153 2655 2411 2721 Domine;
2460 2676 2480 2710 ι
2523 2658 2748 2727 ideoque
2776 2659 3090 2732 subjungit:
3127 2680 3143 2710 ι
3175 2649 3379 2715 Dedisti

1809 2748 2040 2804 setitiam
2067 2749 2120 2802 in
2148 2748 2313 2803 corde
2341 2763 2462 2804 meo
2485 2747 2657 2820 (f’saf.
2687 2753 2780 2818 tv).
2811 2769 2832 2803 ι
2861 2750 3031 2816 Quam
3059 2752 3376 2820 pretiosum,

1801 2852 2073 2907 quamque
2103 2837 2391 2891 mirificum
2421 2838 2599 2892 crucis
2624 2839 2835 2908 signum
2873 2849 2977 2898 est.
3015 2840 3142 2891 frat:
3156 2854 3215 2892 es
3241 2839 3377 2902 mei,

1800 2930 1950 2998 quod
1977 2936 2033 2982 et
2061 2929 2322 2998 superbos
2350 2941 2594 2997 quosque
2625 2943 2746 2982 cum
2784 2929 2901 2999 ipso
2931 2941 3152 2984 auctore
3195 2942 3382 2996 super-

1791 3017 1900 3072 bia:
1927 3017 2215 3081 destruxit,
2241 3026 2302 3071 ct
2331 3031 2429 3085 pro
2457 3016 2672 3072 Christo
2693 3027 2967 3073 certantes
2988 3019 3040 3071 in
3067 3028 3378 3085 provectum

1789 3108 1978 3178 gloria
2007 3106 2349 3177 triumphalis
2393 3108 2591 3163 attollit
2617 3109 2630 3160 !
2675 3128 2692 3159 ι
2726 3108 2890 3173 Ecce,
2920 3110 3096 3178 inquit
3128 3109 3378 3171 Simeon.

1792 3202 2003 3271 positus
2030 3208 2116 3255 est
2139 3198 2230 3254 hic
2253 3200 2306 3254 in
2326 3199 2566 3261 ruinam.
2597 3211 2653 3255 et
2681 3201 2733 3255 iu
2759 3202 3217 3257 resurrectionem
3242 3201 3378 3256 mul-

1791 3297 1975 3344 turum
2023 3286 2272 3343 iu.lsrael
2315 3286 2467 3357 (Luc.
2499 3288 2585 3357 ιι).
2620 3304 2639 3340 ι
2677 3287 3000 3354 Pretiosum,
3032 3290 3277 3357 inquam,
3304 3290 3378 3345 si-
3404 3277 3449 3340 C

1789 3393 1955 3448 gnum
1981 3379 2179 3439 erucis,
2211 3377 2330 3442 sed,
2349 3387 2522 3448 prout
2547 3388 2820 3448 gestamus
2854 3379 2909 3434 in
2943 3377 3143 3446 fronte,
3173 3381 3377 3436 utinam

1792 3484 1883 3540 po.
1899 3468 2148 3525 temusin
2169 3468 2356 3524 Corde.
2383 3467 2477 3526 ille
2502 3469 2646 3523 enim
2667 3471 2821 3524 cordi
2844 3484 2943 3526 suo
2964 3471 3176 3540 signum
3203 3473 3380 3528 crucis

1786 3557 2062 3613 .s'eraciler
2105 3557 2270 3613 habet
2318 3556 2680 3628 impressum,
2712 3559 2804 3630 qui
2843 3558 3154 3624 Christum,
3204 3565 3296 3632 qui
3326 3562 3378 3622 lu

1793 3665 1956 3704 cruce
1999 3664 2296 3720 suspensus
2341 3659 2454 3714 est,
2500 3649 2693 3721 diligit,
2725 3651 2818 3720 qui
2866 3665 2991 3706 eum
3042 3662 3155 3708 toto
3199 3654 3381 3710 cordis

1796 3756 1978 3800 amore
2001 3741 2406 3810 complectitur,
2439 3743 2530 3811 qui
2570 3753 2720 3798 certe
2747 3744 2799 3798 in
2830 3758 2897 3799 eo
2928 3746 3052 3800 totis
3084 3747 3380 3802 visceribus

1788 3830 2117 3896 delectatur,
2145 3831 2235 3900 qui
2265 3846 2492 3902 qumque
2515 3833 2584 3887 ab
2611 3847 2676 3888 eo
2702 3834 2976 3903 prohibita
3007 3838 3232 3906 respuit,
3258 3852 3378 3907 qua

1790 3931 1922 3981 sunt
1947 3922 2221 3985 mandata,
2251 3937 2374 3978 cum
2406 3937 2601 4000 pmore
2637 3923 2890 3983 custodit.
2934 3923 3070 3979 Sunt
3095 3925 3238 3980 enim
3261 3926 3375 3986 ,ini-

1801 4013 1930 4068 inici
1953 4013 2134 4067 crucis
2154 4011 2355 4066 Christi
2384 4028 2636 4082 quorum,
2657 4023 2718 4068 ut
2739 4015 3030 4085 Apostolus
3056 4018 3161 4076 ait:
3194 4037 3211 4072 s
3230 4017 3376 4072 Finis

1793 4094 2068 4165 interitus,
2098 4111 2155 4156 et
2182 4101 2347 4171 gloria
2389 4101 2440 4156 in
2479 4101 2797 4158 confusione
2839 4105 3099 4174 ipsorum,
3142 4107 3231 4175 qui
3265 4117 3375 4161 ter-

1788 4208 1925 4247 rena
1945 4193 2159 4262 sapiunt
2180 4189 2346 4263 (Phil.
2363 4194 2466 4252 ιιι).
2490 4212 2508 4244 ›
2539 4191 2678 4248 Sunt
2701 4204 2749 4248 et
2769 4196 2928 4250 amici
2952 4198 3130 4251 crucis
3151 4198 3375 4262 Christi,

1797 4300 2026 4354 quorum
2076 4285 2324 4339 videlicet
2366 4288 2706 4342 conversatio
2745 4289 2799 4342 in
2839 4289 2994 4345 ctelis
3035 4299 3136 4344 cst.
3177 4291 3234 4346 ln
3268 4302 3378 4346 tre-

1796 4374 1995 4430 mendo
2026 4389 2219 4444 nempe
2241 4375 2450 4446 judicio
2496 4377 2638 4433 inter
2680 4378 2934 4435 sinistros
2978 4382 3102 4446 erit,
3131 4382 3377 4452 quisquis

1795 4465 1976 4520 vitalis
1994 4463 2164 4534 huius
2188 4464 2324 4534 signi
2351 4465 2725 4523 characterem
2755 4484 2862 4532 non
2893 4469 3135 4529 habebit.
3169 4471 3276 4527 Nec
3308 4473 3376 4527 ab

1797 4573 1884 4624 eo,
1908 4557 2000 4627 qui
2030 4555 2324 4612 crucifixus
2339 4567 2461 4626 est,
2499 4556 2683 4627 judice
2716 4559 2918 4617 referet
2943 4562 3219 4633 pramium
3238 4604 3253 4629 ,
3283 4567 3373 4632 qui

1797 4647 1899 4726 sibi
1932 4646 2111 4700 crucis
2140 4646 2350 4716 insigne
2372 4662 2476 4703 non
2503 4648 2752 4705 ostendet
2780 4650 3119 4721 impressum.
3151 4653 3210 4706 lu
3235 4653 3375 4710 libro

1795 4733 1996 4804 quippe
2024 4734 2323 4790 Ezechielis
2344 4735 2447 4791 hoc
2481 4737 2696 4808 signum
2739 4737 2998 4796 Dominus
3026 4741 3080 4796 in
3110 4734 3375 4798 frontibus

1797 4826 2128 4896 gementium
2154 4837 2210 4881 et
2237 4826 2533 4884 dolentium
2568 4832 2822 4902 pracipit
2862 4833 3098 4904 imprimi
3133 4853 3147 4888 :
3182 4836 3376 4892 deinde

1801 4928 2024 4974 caeteros
2065 4935 2272 4982 omnes,
2304 4923 2396 4992 qui
2428 4923 2595 4996 ω
2625 4927 2829 4996 absque
2858 4929 2962 4986 hoc
2991 4931 3145 5002 signo
3174 4935 3373 5002 reperti

1799 5016 1949 5073 sunt,
1976 5006 2129 5076 jubet
2165 5011 2338 5066 occidi
2367 5011 2586 5081 (Enen.
2616 5020 2714 5086 ix).
2741 5016 2875 5073 Nam
2901 5020 2948 5075 si
2973 5021 3254 5094 diligenter
3287 5027 3373 5082 in-

1799 5098 2091 5168 spicimus,
2123 5101 2238 5171 ipsa
2280 5117 2495 5172 quoque
2523 5108 2771 5164 mandata
2801 5113 3008 5168 veteris
3031 5115 3375 5172 lnstrur‘nenti

1797 5199 2194 5244 sai-ramentum
2241 5193 2420 5253 crucis
2452 5194 2695 5250 redolere
2736 5200 3017 5264 sentimus.
3067 5203 3200 5258 Cum
3232 5207 3374 5262 enim

1790 5275 1881 5333 lex
1911 5277 2170 5334 divinitus
2190 5281 2317 5342 data
2345 5283 2443 5337 sub
2474 5285 2700 5341 denario
2727 5267 2954 5344 numero
2985 5294 3221 5348 traditur
3239 5335 3253 5360 ,
3281 5299 3374 5364 qui

1799 5366 2047 5458 uidelicet
2091 5385 2349 5425 numerus
2391 5389 2488 5444 per
2527 5375 2571 5430 Χ
2613 5376 2845 5434 litteram
2880 5381 3215 5453 designatur,
3248 5389 3377 5458 quid

1799 5455 1857 5512 in
1899 5456 2002 5512 hoc
2041 5457 2184 5513 aliud
2222 5474 2384 5529 quam
2433 5465 2599 5534 figura
2645 5472 2821 5526 crucis
2861 5475 3220 5542 exprimitur?
3250 5455 3374 5534 llaec

1796 5546 1944 5603 enim
1979 5544 2153 5602 littera
2200 5551 2376 5605 crucis
2406 5551 2565 5608 habet
2588 5560 2854 5626 speciem,
2878 5578 3016 5631 quae,
3053 5566 3177 5621 dum
3209 5569 3372 5626 deua-

1801 5638 1946 5692 n’um
1987 5653 2268 5694 numerum
2311 5641 2362 5697 in
2407 5659 2465 5698 se
2504 5649 2936 5718 comprehendit,
2962 5659 3113 5710 cruci
3145 5660 3376 5714 militare

1794 5727 1983 5785 omnia
2008 5729 2255 5785 mandata
2283 5731 2417 5802 legis
2438 5736 2716 5794 evidenter
2745 5743 3001 5800 ostendit.

1871 5817 2127 5876 Amemus
2169 5835 2329 5894 ergo,
2380 5823 2747 5897 dilectissimi,
2795 5831 3088 5904 Clu-istum,
3135 5853 3374 5897 amemus

3407 4622 3455 4680 D

3482 2029 3580 2083 bro
3609 2037 3795 2083 nostro
3824 2028 4035 2097 signum
4067 2027 4338 2097 ponimus,
4362 2033 4422 2080 ut
4446 2026 4545 2090 rei,
4574 2040 4697 2096 qua
4721 2025 4878 2080 nobis
4897 2026 5072 2080 chara

3480 2129 3584 2182 est,
3619 2117 3937 2172 memoriam
3964 2130 4070 2171 non
4103 2116 4414 2186 perdamus.
4446 2114 4722 2200 iiabeatur
4743 2130 4876 2186 ergo
4904 2115 5069 2170 ωτι.

3481 2218 3596 2263 stus
3621 2210 3672 2262 in
3697 2208 3881 2273 corde,
3917 2206 4180 2262 habeatur
4204 2215 4261 2261 et
4290 2207 4341 2261 in
4357 2206 4671 2278 operatione
4700 2204 5068 2276 signaculum.

3481 2310 3538 2354 ut
3564 2301 3679 2369 ejus
3717 2301 3770 2354 in
3804 2299 3959 2354 nobis
3989 2313 4203 2370 semper
4226 2299 4347 2354 viva
4376 2298 4660 2363 memoria,
4687 2304 4742 2352 et
4769 2296 5069 2365 subrepu-

3483 2391 3614 2445 tium
3646 2389 4034 2460 cogitationum
4060 2402 4225 2458 prava
4278 2397 4614 2459 compescat,
4645 2397 4702 2442 et
4729 2386 4782 2442 in
4817 2386 4906 2442 his
4946 2399 5070 2457 qua

3481 2483 3815 2536 extrinsecus
3841 2481 4070 2550 agimus.
4095 2478 4354 2534 Cruciﬂxi
4385 2479 4756 2535 characterem
4783 2479 5069 2533 evidenter

3480 2572 3752 2626 exhibeat.
3800 2569 4089 2624 Enimvero
4136 2569 4181 2623 si
4231 2569 4389 2625 nobis
4432 2567 4683 2624 Christus
4728 2565 5067 2637 signaculum

3482 2660 3665 2724 fuerit,
3689 2669 3743 2713 et
3764 2659 3875 2728 ipse
3897 2672 3996 2712 nos
4022 2658 4124 2712 sibi
4153 2667 4304 2729 grata
4329 2656 4698 2713 vicissitudine
4724 2657 5068 2727 signaaslum

3482 2752 3653 2820 ponit.
3684 2747 3845 2802 Juxta
3872 2748 4014 2818 quod
4043 2748 4340 2803 Zorobabel
4370 2749 4492 2804 duci
4529 2746 4728 2803 ludat
4756 2747 5066 2818 pollicetur,

3482 2843 3668 2895 dicens
3696 2859 3707 2892 :
3748 2860 3763 2891 ι
3794 2840 3849 2894 lu
3879 2840 3968 2894 illa
3996 2839 4082 2894 dic
4109 2840 4397 2910 suscipiam
4431 2848 4518 2905 te,
4562 2837 4863 2894 Zorobabel
4910 2854 5068 2894 serve

3483 2945 3652 2993 meus,
3703 2938 3756 2984 et
3795 2943 3990 2999 ponam
4023 2938 4072 2984 te
4102 2930 4242 2983 sicut
4288 2928 4620 3000 signaculum
4667 2929 4721 2984 in
4767 2941 5065 3000 conspectu

3484 3040 3604 3079 meo
3651 3024 3802 3094 (A99.
3855 3024 3935 3092 ιι).
3987 3041 4004 3074 ι
4054 3022 4111 3076 ln
4155 3031 4442 3093 conspectu
4475 3036 4704 3092 namque
4749 3020 4844 3077 Dei
4883 3022 5066 3090 justus

3483 3118 3624 3171 sicut
3649 3117 3984 3188 signaculum
4013 3118 4252 3188 ponitur,
4286 3118 4413 3188 quia
4451 3133 4550 3190 per
4584 3117 4828 3174 continui
4861 3119 5067 3172 amoris

3482 3208 3712 3278 gratiam
3742 3208 3798 3261 in
3820 3207 3939 3276 ejus
3961 3211 4219 3262 memoria
4245 3223 4462 3280 semper
4479 3209 4725 3265 habetur.
4754 3211 4824 3262 At
4849 3217 5064 3272 contra,

3482 3299 3547 3351 de
3578 3297 3742 3367 impio
3786 3314 3911 3370 rege
3940 3298 4195 3354 Jechonia
4215 3340 4230 3364 ,
4252 3301 4368 3369 qui,
4399 3300 4652 3370 quoniam
4679 3297 4775 3353 Dei
4813 3299 5066 3368 omnipo-

3482 3391 3646 3445 tentis
3675 3391 3962 3447 immemor
3984 3401 4124 3455 erat,
4152 3393 4204 3446 in
4233 3390 4350 3460 ejus
4376 3400 4430 3445 et
4461 3388 4573 3463 ipse
4612 3404 4719 3446 non
4751 3391 5068 3446 merebatur

3479 3496 3600 3536 osse
3626 3483 3919 3536 memoria:
3955 3501 3972 3534 ι
4006 3481 4063 3536 Si
4091 3482 4278 3547 fuerit,
4302 3479 4812 3553 inquitJechonias
4827 3481 5067 3536 annulus

3479 3573 3668 3628 dexter
3695 3574 3747 3627 in
3775 3590 3935 3627 manu
3962 3588 4102 3638 mea,
4133 3575 4258 3630 inde
4279 3574 4506 3630 evellam
4531 3589 4654 3630 eum
4681 3573 4816 3645 (lor.
4853 3574 5012 3644 xm).
5041 3593 5059 3626 ο

3550 3664 3720 3730 Quam
3747 3663 4050 3719 inviolabile
4073 3666 4396 3735 firmumque
4414 3665 4749 3741 signaculum
4769 3663 4831 3719 Β.
4855 3675 5068 3734 martyr

3481 3755 3776 3810 Cassianus
3823 3757 3874 3808 in
3905 3766 4121 3825 pectore
4150 3771 4247 3811 suo
4269 3767 4528 3826 posuerat
4551 3755 4852 3821 Christum,
4883 3757 4980 3827 qui
5011 3757 5064 3810 in

3481 3855 3644 3898 tanta
3675 3844 3797 3898 fidei
3836 3845 4141 3899 constantia
4192 3844 4483 3900 immobilis
4525 3845 4935 3915 permanebatl'
4961 3846 5067 3900 illi-

3478 3937 3680 3989 duntur
3706 3935 3875 4005 plztga:
3899 3935 4209 4001 verberum,
4241 3933 4552 4006 inﬂiguntur
4574 3935 4792 3990 vulnera
4816 3936 5067 4002 punctio-

3478 4041 3630 4087 num,
3661 4027 4040 4093 intorquentur
4071 4024 4378 4078 irrisionum
4405 4024 4606 4095 jacula,
4636 4024 4850 4079 tincula
4891 4027 5065 4080 mani-

3483 4119 3578 4169 bus
3606 4118 3971 4168 innectuntur.
4010 4115 4230 4169 Accedit
4256 4115 4553 4194 etnuditas
4573 4117 4842 4186 corporis,
4881 4116 4982 4170 sed
5013 4127 5068 4170 et

3479 4211 3844 4280 spectaculum
3894 4210 4412 4266 circumlatrantium
4459 4213 4694 4282 undique
4730 4212 5064 4269 deriserunt.

3479 4302 3624 4357 inter
3671 4303 3770 4357 hos
3799 4302 4152 4373 procellarum
4203 4303 4539 4358 savientium
4594 4305 4868 4370 turbines,
4919 4307 5068 4362 inter

3482 4393 3613 4446 istas
3654 4393 3886 4461 denique
3926 4391 4380 4448 crebrescentium
4419 4394 4741 4464 grandinum
4776 4405 5068 4463 tempesta-

3481 4493 3582 4548 tes,
3615 4493 3724 4538 stat
3763 4484 3915 4538 firma
3945 4483 4192 4539 columna
4229 4481 4323 4539 Dei
4350 4499 4572 4555 prorsus
4601 4485 4913 4542 immobilis.
4943 4486 5064 4542 Non

3482 4575 3819 4638 concutitur,
3869 4590 3974 4630 non
4008 4586 4331 4646 quassatur;
4364 4577 4458 4632 sed
4489 4577 4678 4647 lapidi,
4709 4593 4875 4649 super
4900 4593 5064 4648 quem

3484 4665 3700 4719 fundata
3747 4675 3860 4728 est,
3911 4676 4060 4722 recta
4094 4682 4308 4737 semper
4336 4677 4392 4722 et
4433 4667 4591 4722 firma
4631 4679 4947 4726 constanter
4985 4673 5068 4727 in-

3485 4756 3695 4809 nititur.
3747 4756 3971 4810 Dicebat
4009 4757 4150 4812 enlm
4179 4775 4192 4810 :
4231 4775 4248 4808 ι
4292 4757 4426 4825 Quis
4455 4773 4540 4814 me
4573 4759 4849 4830 separabit
4875 4776 4907 4817 u
4933 4763 5068 4819 da-

3483 4846 3644 4901 ritate
3684 4846 3930 4908 Christi?
3966 4847 4280 4905 tribulatio?
4313 4866 4383 4905 an
4424 4852 4722 4924 angustia?
4768 4869 4839 4908 au
4884 4868 5069 4926 pus-ue-

3481 4937 3671 4990 cutioi
3709 4952 3774 4990 an
3824 4937 4036 4993 fames?
4073 4953 4142 4994 an
4191 4939 4454 4996 auditas?
4490 4956 4561 4998 an
4606 4941 4954 5013 perieulum!
4995 4961 5068 5000 an

3481 5027 3731 5097 gladius?
3759 5048 3779 5081 ι
3826 5027 4004 5098 (fiam.
4036 5031 4179 5101 mi.)
4204 5029 4629 5088 illifreadebant
4654 5033 4944 5101 dentibus;
4963 5034 5070 5092 isse

3479 5121 3627 5174 mitis
3653 5121 3790 5190 Agni
3820 5121 4001 5175 mundi
4028 5132 4250 5191 peccata
4280 5122 4520 5179 tollentis
4554 5124 4876 5195 patientiam
4911 5129 5067 5198 cogi-

3479 5211 3644 5266 tabat.
3683 5213 3840 5282 201
3874 5213 4169 5270 Carnifices
4196 5215 4476 5272 inferendo
4499 5218 4760 5289 supplicia
4792 5221 5068 5276 satiabant

3479 5313 3756 5356 cruentam
3795 5304 3877 5357 sui
3908 5307 4145 5374 pectoris
4189 5309 4424 5374 rabiem;
4467 5309 4571 5365 iste
4603 5310 4718 5380 jam
4752 5325 4984 5368 securus
5013 5317 5064 5367 iu

3483 5403 3660 5448 mente
3691 5394 3937 5450 versabat
3981 5397 4220 5454 celestis
4261 5397 4446 5470 gloria:
4481 5401 4820 5472 dignitatem.
4863 5404 5064 5475 Atque,

3481 5494 3540 5538 ut
3578 5485 3647 5538 ita
3688 5487 3935 5553 dixerim,
3990 5501 4181 5547 cautus
4222 5508 4288 5546 ac
4320 5493 4558 5565 prudens
4599 5495 4703 5550 iste
4739 5499 5062 5568 negotiator.

3476 5577 3673 5633 fratres
3701 5579 3829 5642 mei,
3857 5595 4018 5649 quam
4053 5580 4236 5637 felices
4267 5599 4388 5639 cum
4416 5595 4822 5643 remuneratore
4849 5600 5064 5645 certan-

3479 5670 3608 5720 tium
3653 5668 3866 5723 Christo
3905 5671 4168 5726 nundinas
4197 5676 4590 5731 contrahebat!
4631 5674 4949 5748 Deponebat
4995 5681 5062 5734 si-

3479 5758 3690 5825 quidem
3725 5761 3993 5814 sarcinam
4024 5763 4227 5826 carnis,
4266 5773 4427 5834 atque
4453 5766 4517 5818 ad
4546 5765 4738 5821 stolam
4772 5767 5059 5824 festinabat

3478 5849 3732 5917 angelicae
3787 5848 4069 5905 claritatis.
4137 5852 4420 5910 Deferebat
4476 5857 4705 5913 ferulam
4763 5860 5059 5916 crudelium
