5232 6514
737 413 848 472 ἽΠ

2195 385 2435 442 εειιιιυ
2464 383 2576 441 XL.

3970 401 4081 464 7l8

733 535 1062 597 puerorum,
1112 526 1175 576 ut
1211 527 1528 576 sanctorum
1581 516 1735 574 fieret
1780 515 1964 573 socius
2003 513 2343 584 angelorum.
2374 519 2426 582 Α
2453 524 2774 587 potuerunt,
2822 513 2982 572 Matri
3030 527 3163 572 vero
3200 516 3466 573 ctelorum
3518 516 3718 589 palatia
3761 518 4075 591 penetranti

734 611 1100 686 Postponebat
1127 609 1502 682 magisterium
1539 607 1751 664 litteras
1777 604 2062 672 edocendi,
2088 613 2254 676 atque
2278 605 2348 661 ad

733 703 868 761 illud
896 716 1064 759 unum
1093 699 1351 756 alacriter
1377 698 1712 770 properabat
1750 696 2014 763 Verbum,
2065 696 2154 751 cui
2203 695 2348 751 mili-

733 806 852 854 tant
873 802 1070 854 cuncta
1090 807 1189 865 per
1202 792 1391 848 orbem
1414 789 1695 849 volumina
1716 788 2047 854 litterarum,
2063 788 2346 844 Christum

731 890 1025 946 Dominum
1069 893 1342 948 nostrum,
1374 883 1468 954 qui
1505 896 1631 938 cum
1667 880 1781 937 Deo
1822 879 1988 935 Patre
2031 880 2086 934 in
2135 880 2347 935 unitate

729 980 968 1051 Spiritus
993 975 1199 1044 sancti,
1228 975 1362 1031 vivit
1388 983 1447 1030 et
1468 980 1663 1043 regnat
1690 972 1744 1027 in
1769 971 1967 1028 srecula
1993 969 2341 1028 saeculorum.

727 1072 927 1128 Amen.

1304 1161 1348 1194 '-
1364 1158 1602 1216 SERMO
1639 1157 1756 1215 XL.

724 1271 782 1314 nt
809 1267 1175 1314 assumuntur
1203 1268 1535 1311 ιιλτιεειιιε
1561 1268 1742 1308 nanis:
1773 1266 2030 1308 vrucms.
2069 1251 2159 1322 (xv
2189 1249 2343 1321 auc.)

799 1347 899 1405 Hic
939 1357 1114 1404 totum
1155 1346 1416 1404 decurrat
1460 1345 1760 1416 ingenium,
1807 1353 1866 1400 et
1911 1359 2116 1400 aureus
2162 1357 2346 1398 sermo

723 1450 842 1497 tota
872 1439 1113 1496 reluceat
1142 1437 1446 1509 majestate.
1489 1435 1812 1492 Voluntaria
1837 1435 1947 1490 oris
1973 1435 2144 1490 nostri
2174 1434 2345 1491 bene-

721 1529 922 1604 placita
943 1529 1120 1603 (Psal.
1148 1527 1344 1596 cxvnt)
1371 1525 1538 1582 faciat
1565 1526 1667 1583 sibi
1694 1526 1934 1598 genitrix
1963 1526 2083 1590 Dei,
2119 1525 2339 1581 domina

727 1621 942 1686 mundi,
978 1619 1102 1677 cteli
1137 1619 1345 1693 regina.
1387 1618 1508 1689 lpsa
1540 1633 1761 1674 sensum
1793 1629 1969 1683 acuat,
2003 1618 2206 1690 dirigat
2231 1627 2344 1690 sty-

722 1699 862 1772 lum.
902 1719 968 1766 ct~
985 1710 1226 1780 linguam
1268 1709 1526 1780 pauperis
1568 1708 1868 1764 venustiori
1911 1719 2193 1779 respergat
2230 1708 2344 1764 elo-

719 1803 874 1874 quio.
915 1801 1154 1857 lllustret
1187 1799 1367 1857 lucem
1412 1800 1555 1856 hanc
1603 1800 1810 1855 lumine
1852 1799 2095 1866 clariori,
2142 1810 2199 1855 et
2242 1816 2343 1857 suo

2451 608 2624 667 Filius
2666 609 2804 682 ipse,
2843 625 2970 666 cum
3028 617 3144 666 tota
3184 610 3338 666 curia
3397 622 3509 667 tam
3560 612 3878 684 angelorum
3910 629 4080 686 quam

2443 699 2721 771 iustorum
2771 701 3093 758 solemniter
3135 717 3474 770 occurrens,
3535 705 3720 761 evexit
3771 707 3843 763 ad
3901 708 4081 769 beata

2450 778 3166 858 consistorium'sessionis.
3217 803 3275 850 et
3317 795 3396 848 ait
3435 813 3448 850 :
3494 814 3513 847 ι
3548 795 3686 852 Tota
3720 797 3947 868 pulchra
3995 815 4079 866 es,

2450 883 2626 938 amica
2658 899 2803 950 mea,
2845 892 2902 940 et
2952 886 3166 942 macula
3212 903 3320 942 non
3369 897 3454 943 est
3498 889 3551 944 in
3595 896 3649 945 te
3689 888 3873 962 (Cant.
3917 894 4016 963 tv).
4055 919 4076 944 .

2451 972 2586 1028 Tota
2617 974 2869 1045 pulchra,
2900 976 3030 1046 quia
3074 986 3187 1033 tota
3225 978 3512 1047 deiﬁcata;
3565 982 3784 1038 macula
3835 999 3944 1040 non
3991 996 4081 1042 est

2451 1062 2506 1119 in
2536 1073 2611 1130 te,
2643 1063 2770 1136 quia
2804 1065 3046 1137 Spiritus
3077 1077 3300 1124 sanctus
3333 1071 3653 1140 supervenit
3697 1072 3753 1128 in
3794 1081 3869 1141 te,
3902 1075 3993 1145 qui
4023 1085 4080 1131 te

2450 1154 2758 1212 inundavit.
2797 1155 2905 1212 Sed
2941 1166 2999 1213 et
3027 1158 3196 1231 Virgo
3223 1161 3483 1230 gratiosis
3509 1164 3789 1220 cumulata
3827 1169 4077 1224 muneri-

2449 1246 2572 1312 bus,
2616 1256 2767 1302 tanta
2797 1247 3136 1322 benignitate
3168 1251 3429 1310 Davidico
3465 1243 3723 1312 sermone
3754 1258 4078 1329 respondet,

2448 1353 2678 1395 summa:
2698 1339 3031 1412 dignationis
3059 1342 3368 1401 claritatem
3405 1346 3686 1403 admirans
3718 1367 3731 1404 :
3777 1369 3795 1401 ι
3826 1348 4077 1408 Tenuisti

2449 1447 2672 1488 manum
2703 1432 2990 1490 dexteram
3016 1451 3214 1501 meam,
3243 1449 3300 1494 et
3329 1437 3385 1493 in
3411 1439 3693 1498 voluntate
3723 1452 3816 1498 tua
3845 1443 4078 1500 deduxi-

2447 1525 2518 1580 sti
2547 1539 2655 1588 me,
2700 1534 2758 1581 et
2798 1541 2922 1582 cum
2954 1528 3128 1600 gloria
3159 1531 3447 1602 suscepisti
3479 1549 3568 1590 me
3598 1534 3777 1606 (Psal.
3819 1539 4018 1611 Lxxu).
4051 1561 4070 1591 ι

2448 1613 2586 1670 Nota
2629 1616 2926 1672 verborum
2978 1620 3304 1689 positionem
3359 1622 3634 1681 dill‘erenti
3683 1629 3954 1699 graduum
4003 1631 4060 1686 di

2447 1705 2740 1764 stiuctione
2768 1707 3063 1779 signatam.
3104 1709 3376 1778 Tenuisti,
3403 1713 3601 1786 inquit,
3637 1732 3861 1774 manum
3883 1721 4076 1776 dextc~

2447 1813 2567 1852 ram
2595 1812 2794 1863 meam,
2831 1801 2959 1872 quia
2984 1811 3040 1857 et
3067 1802 3112 1857 si
3143 1802 3277 1860 laws
3309 1812 3400 1859 tua
3434 1807 3537 1862 sub
3561 1808 3743 1880 capite
3769 1824 3918 1877 meo,
3941 1813 4076 1869 Cox-

719 1893 1015 1952 conventui
1044 1907 1200 1949 suam
1226 1892 1580 1963 prmsentiam
1604 1891 1813 1948 donare
1833 1891 2107 1962 dignetur.
2149 1892 2337 1948 Subli-
2371 1885 2418 1946 Β
2449 1898 2564 1945 tera
2596 1899 2688 1945 tua
2720 1890 2836 1960 jam
2877 1893 3224 1965 amplexatur
3272 1912 3381 1953 me.
3413 1890 3504 1953 ‘Et
3550 1899 3605 1954 in
3660 1901 3943 1961 voluntate
3986 1915 4078 1963 tua

721 1986 832 2042 mis
856 1985 960 2042 ista
989 1983 1128 2048 dies,
1175 1992 1232 2039 et
1280 1983 1649 2055 splendidiore
1697 1983 1814 2040 sole
1859 1984 2227 2057 refulgurans,
2282 1987 2338 2042 in

716 2093 831 2150 qua
859 2077 1025 2149 Virgo
1051 2075 1252 2146 regalis
1285 2076 1354 2131 ad
1388 2077 1647 2158 thropum
1691 2075 1788 2131 Dei
1835 2074 2016 2132 Patris
2062 2078 2337 2146 evehitur,

717 2176 776 2225 et
808 2168 863 2223 in
894 2167 1064 2239 ipsius
1093 2165 1378 2223 Trinitatis
1409 2167 1540 2222 sede
1569 2167 1835 2238 reposita,
1868 2177 2124 2223 naturam
2168 2169 2338 2225 etiam

716 2257 1022 2329 angelicam
1058 2255 1317 2312 sollicitat
1350 2257 1417 2312 ad
1446 2257 1763 2314 videndum.
1797 2259 1932 2314 Tota
1961 2263 2339 2331 conglomera-

714 2360 812 2407 ιω
835 2350 1150 2424 angelorum
1179 2348 1512 2421 frequentia,
1541 2359 1604 2406 ut
1631 2351 1814 2408 videat
1855 2354 2102 2424 reginam
2139 2357 2338 2411 seden-

715 2451 829 2496 tem
858 2455 890 2495 a
919 2441 1130 2498 dextris
1155 2440 1366 2496 Domini
1397 2441 1687 2510 virtutum,
1737 2444 1792 2500 in
1837 2446 2038 2501 vestitu
2072 2448 2338 2504 deaurato

716 2529 893 2603 (Psal.
945 2533 1116 2608 xuv),
1164 2532 1218 2587 in
1263 2547 1497 2605 wrpore
1540 2551 1760 2608 semper
1803 2539 2183 2604 immaculato,
2233 2543 2338 2597 cir-

713 2622 1026 2678 eumdatam
1065 2621 1351 2689 varietate,
1400 2625 1666 2681 virtutum
1702 2627 2109 2700 multiplicitate
2149 2632 2338 2689 distin-

713 2719 884 2770 ctam.

787 2800 915 2859 Haec
937 2811 1024 2859 est
1046 2803 1136 2859 illa
1162 2805 1278 2861 dies
1317 2821 1439 2878 quae
1459 2806 1724 2864 ccelorum
1749 2807 1996 2866 oﬂicinas
2018 2812 2330 2870 sublimiori

711 2893 914 2967 gaudio
939 2894 1259 2963 cumulavit,
1293 2912 1477 2953 annua
1515 2898 1741 2964 mundo,
1784 2901 1997 2972 angelis
2046 2905 2330 2971 continua,

710 2986 1039 3043 eontinuans
1087 2988 1338 3045 homines
1379 2989 1605 3061 angelis,
1647 3001 1703 3046 et
1743 2993 1970 3064 angelos
2017 2995 2331 3052 hominibus

712 3077 862 3143 felici
901 3077 1261 3136 foederatione
1309 3081 1670 3152 conjungens.
1729 3083 1951 3141 Intuere
1997 3089 2333 3146 mentalibus

709 3170 882 3227 oculis
923 3171 1119 3226 Filium
1159 3174 1574 3240 ascendentem,
1607 3185 1662 3231 et
1691 3174 1921 3232 Matrem
1961 3191 2325 3253 assumptam,

710 3268 768 3316 et
804 3260 1014 3316 videbis
1061 3262 1267 3334 aliquid
1307 3265 1668 3323 excellentius
1711 3267 1766 3323 in
1816 3269 2156 3329 Ascensione
2203 3274 2325 3330 Filii
2357 3255 2402 3316 (ἶ

706 3351 976 3419 exhiberi,
1010 3362 1068 3409 et
1099 3355 1306 3426 aliquid
1342 3356 1635 3428 gloriosius
1675 3359 1728 3414 in
1767 3359 2158 3432 Assumptione
2205 3363 2334 3420 Viro

706 3442 851 3516 ginis
895 3444 1280 3500 demonstrari.
1324 3447 1592 3504 Ascendit
1622 3450 1769 3505 enim
1808 3450 2062 3509 Salvator
2110 3453 2164 3510 in
2216 3469 2326 3512 coe-

706 3532 816 3589 lum
843 3537 1185 3608 potestativai
1215 3538 1438 3596 virtutis
1471 3539 1724 3612 imperio,
1758 3545 1901 3600 sicut
1937 3546 2223 3615 Dominus,
2269 3559 2327 3605 et

703 3624 952 3693 Creator,
993 3627 1309 3700 angelorum
1332 3631 1626 3689 comitatus
1655 3634 1944 3706 obsequio,
1978 3653 2085 3694 non
2119 3641 2325 3694 auxilio

702 3717 890 3774 fultus.
926 3721 1220 3793 Assumpta
1261 3732 1343 3779 est
1374 3724 1544 3780 Maria
1599 3727 1652 3781 iu
1710 3729 1932 3796 caelum,
1983 3734 2080 3788 sed
2131 3737 2322 3806 gratim

701 3811 1041 3869 sublevantis
1090 3813 1334 3883 judicio,
1383 3818 1776 3874 comitantibus
1819 3831 1875 3876 et
1928 3824 2319 3880 auxiliantibus

698 3901 929 3972 angelis,
961 3918 1125 3972 quam
1167 3905 1486 3961 sublevabat
1520 3909 1736 3979 gratia,
1767 3928 1872 3967 non
1921 3923 2138 3970 natura.
2192 3917 2319 3974 Ideo

696 3989 819 4046 dies
875 3992 991 4048 haec
1033 3993 1370 4065 Assumptio,
1419 3996 1688 4055 Ascensio
1740 4002 1830 4056 illa
1881 4017 2135 4072 vocatur;
2190 4024 2314 4063 cum

695 4079 845 4134 aliud
870 4081 940 4135 sit
963 4084 1229 4151 potentia,
1260 4084 1405 4140 aliud
1440 4089 1842 4156 misericordia,
1885 4095 2172 4169 solumque
2212 4103 2312 4155 soli

693 4171 769 4228 sit
802 4173 1141 4246 privilegium
1170 4168 1417 4234 Creatori
1454 4192 1708 4240 naturam
1743 4203 1923 4242 rerum
1966 4168 2184 4263 propria
2217 4210 2316 4265 po-

694 4272 892 4320 testate
918 4268 1260 4338 supergredi.
1299 4269 1414 4326 Hoc
1457 4281 1541 4326 est
1575 4274 1706 4331 illud
1745 4279 2131 4350 excellentius,
2168 4288 2313 4355 quod

690 4357 799 4414 sibi
851 4359 1088 4416 vindicat
1130 4377 1296 4434 super
1337 4375 1647 4424 creaturam
1697 4369 1961 4441 Creator,
2008 4377 2099 4434 ubi
2143 4381 2311 4436 etiam

690 4449 1139 4520 superabundans
1169 4462 1223 4508 et
1267 4454 1562 4526 singularis
1591 4463 1765 4533 gratia
1789 4480 1896 4520 non
1935 4467 2136 4524 audeat
2163 4473 2309 4542 aspi-

689 4555 835 4596 rare.

762 4634 870 4691 Sed
911 4638 958 4693 si
1001 4638 1290 4711 diligenter
1322 4645 1670 4704 attendamus
1719 4649 2114 4710 Ast-ensionem
2158 4657 2303 4726 Filii,

683 4736 746 4783 et
789 4727 976 4786 Matris
1015 4730 1482 4806 Assumptionem,
1539 4740 1886 4800 inveniemus
1927 4747 2176 4816 profecto
2205 4751 2304 4806 ali—

683 4818 817 4889 quid
863 4822 1006 4891 quod
1055 4839 1154 4880 nos
1199 4826 1476 4887 invenisse
1522 4835 1908 4903 gaudebimus.
1964 4839 2300 4902 Ascendenti

681 4908 886 4980 quippe
902 4911 1128 4970 Domino
1143 4929 1364 4987 egressa
1377 4929 1462 4976 est
1481 4921 1697 4978 obviam
1713 4927 1893 4983 onmis
1910 4929 2000 4986 illa
2014 4931 2298 4992 beatorum

680 5001 972 5072 spirituum
994 5006 1229 5077 gloriosa
1255 5013 1491 5074 societas
1507 5055 1522 5081 ,
1549 5019 1768 5086 quando
1795 5033 2006 5095 natura:
2027 5032 2298 5101 superiori

677 5093 922 5165 p_r.etalit
956 5096 1310 5167 inferiorem,
1358 5104 1522 5177 202
1555 5117 1612 5163 et
1643 5093 2048 5172 inconvertibili
2097 5093 2296 5179 sacra-

676 5192 868 5241 mento
902 5198 1219 5258 susceptum
1260 5194 1536 5253 hominem
1570 5197 1625 5254 in
1664 5206 1777 5272 ipsa
1808 5205 2118 5266 divinitatis
2147 5215 2298 5270 clau-

676 5276 753 5332 sit
786 5276 1091 5338 identitate.
1131 5282 1562 5360 occurrentibus
1603 5303 1786 5350 autem
1815 5301 2047 5370 angelis,
2089 5304 2294 5364 electo-

677 5385 802 5426 rum
849 5371 1082 5442 animas,
1123 5391 1264 5446 quas
1291 5393 1475 5436 secum
1511 5385 1799 5455 educebat,
1833 5392 2101 5464 adjunxit,
2135 5409 2190 5455 et
2216 5403 2295 5458 sic

675 5469 1032 5560 utrorumque
1077 5467 1390 5540 triumphali
1434 5489 1630 5547 pompa
1662 5479 1926 5540 deductus
1950 5488 2017 5541 ad
2049 5488 2290 5560 Patrem,

674 5552 830 5608 sedet
855 5555 922 5610 ad
952 5557 1238 5617 dexteram
1269 5563 1593 5632 majestatis.
1634 5571 1838 5630 Attolle
1859 5575 1973 5645 jam
2003 5583 2193 5639 oculos
2219 5552 2290 5642 ad

671 5650 1117 5718 Assumptiouem
1144 5652 1405 5726 Virginis,
1434 5670 1510 5727 et,
1539 5662 1686 5718 salva
1719 5665 1839 5722 Filii
1870 5673 2174 5743 majestate,
2209 5679 2279 5737 itt-

675 5738 863 5795 venies
906 5755 1196 5799 occursum
1237 5745 1398 5819 hujus
1427 5767 1640 5824 pompae
1690 5773 1796 5813 non
1835 5738 2184 5824 mediocriter
2206 5771 2289 5827 di-

669 5830 938 5900 gniorem.
985 5831 1096 5891 sou
1127 5838 1326 5912 quippe
1369 5844 1544 5918 angeli
1590 5847 1945 5926 Rcdemptori
1989 5875 2283 5922 occurrere

2445 1977 2719 2037 deduxisti
2763 1998 2873 2050 me,
2917 1999 3025 2040 non
3067 1985 3120 2041 in
3166 2002 3288 2042 mea
3322 1987 3679 2057 sublimitate,
3720 1994 3850 2063 quia
3903 2005 4077 2054 totum

2444 2085 2580 2140 opus
2609 2071 2800 2143 gratiae
2833 2083 2938 2139 est,
2971 2089 3081 2131 non
3110 2087 3341 2158 naturas.
3386 2077 3455 2133 Et
3481 2095 3606 2135 cum
3628 2081 3801 2153 gloria
3831 2090 4048 2159 suscepi

2445 2161 2514 2216 sti
2553 2177 2681 2228 me;
2711 2163 2884 2236 gloria
2919 2165 3109 2236 utique
3132 2153 3393 2238 gloriosa,
3428 2186 3594 2241 quam
3626 2188 3734 2230 non
3766 2177 3943 2245 novit,
3966 2153 4076 2237 nisi

2443 2252 2538 2322 qui
2568 2253 2737 2321 dedit,
2773 2265 2830 2310 et
2859 2257 2946 2312 cui
2981 2258 3189 2316 donare
3214 2259 3472 2333 dignatus
3493 2272 3599 2319 est.

2514 2365 2752 2423 Attende
2773 2376 2958 2425 autem
2988 2369 3334 2444 diligentiam
3366 2383 3419 2430 et
3445 2379 3899 2448 consequentiam
3923 2380 4075 2441 Scriv

2441 2464 2755 2526 pturarum.
2772 2458 3012 2532 Spiritus
3031 2464 3180 2518 enim
3203 2477 3450 2535 sanctus,
3467 2468 3520 2524 in
3545 2469 3702 2540 cujus
3715 2470 3944 2537 fabrica,
3962 2485 4075 2532 tam

2443 2550 2659 2608 Veteris
2679 2567 2846 2622 quam
2869 2552 3004 2610 Novi
3028 2555 3368 2614 Testamenti
3399 2559 3501 2616 fuit
3519 2564 3810 2635 compositi
3834 2565 4072 2625 fabrica-

2443 2652 2516 2709 ta,
2540 2644 2939 2702 Ascensionem
2963 2647 3088 2704 Filii
3099 2659 3182 2716 ,et
3206 2649 3397 2708 Matris
3418 2655 3874 2726 Assumptionem
3901 2659 4072 2716 simili

2437 2736 2579 2808 stylo
2601 2739 3013 2809 pet-ambulans,
3043 2751 3130 2798 ter
3161 2744 3467 2818 interrogat
3495 2763 3510 2801 :
3544 2768 3563 2801 ‹
3595 2748 3732 2817 Quis
3755 2762 3841 2807 est
3873 2753 3979 2809 iste
4000 2753 4024 2808 τ
4047 2774 4066 2808 ι

2438 2828 2616 2901 (Psal.
2633 2833 2900 2904 xxtu.)Et
2924 2835 3087 2891 tertio
3112 2839 3337 2908 repetit:
3359 2859 3376 2891 ι
3397 2839 3530 2909 Quae
3551 2854 3636 2898 est
3658 2844 3760 2900 ista
3788 2845 3811 2900 ?
3835 2866 3853 2898 ι
3885 2846 4071 2921 (Cant.

2438 2923 2549 2991 ιιι.)
2593 2924 2839 2982 Primum
2898 2926 2966 2984 de
2992 2928 3152 2996 Filio,
3184 2940 3379 3001 postea
3428 2934 3498 2991 de
3539 2935 3713 2992 Matre
3758 2939 4071 2998 videamus.

2435 3014 2491 3068 In
2518 3015 2716 3085 spiritu
2740 3015 3078 3076 fortitudinis
3100 3019 3360 3078 Salvator
3377 3026 3445 3080 ad
3472 3025 3680 3084 inferos
3704 3029 4073 3100 descendens.

2433 3107 2694 3162 contrivit
2732 3118 2921 3179 portas
2969 3127 3166 3179 aereas,
3210 3125 3266 3170 et
3313 3125 3498 3172 vectes
3534 3118 3743 3177 ferreos
3775 3124 4072 3198 confregit,

2433 3204 2490 3250 et
2519 3197 2838 3265 gehennalis
2863 3199 2984 3256 ollae
3006 3202 3289 3274 dissipatis
3316 3203 3704 3278 fragminibus,
3733 3221 3908 3268 totum
3935 3215 4070 3271 illud

2425 3285 2625 3343 infelix
2670 3290 3045 3346 habitaculum
3092 3295 3317 3351 ruinasa
3357 3300 3727 3357 concussione
3766 3305 4070 3374 succussit,

2433 3377 2904 3437 conclamantibus
2935 3384 3146 3454 angelis
3172 3403 3186 3439 :
3230 3407 3246 3438 ι
3289 3381 3541 3448 Attollite
3572 3403 3764 3463 portas
3789 3382 4070 3469 principes

2433 3480 2645 3528 vestras
2676 3472 2854 3545 (Psal.
2892 3478 3084 3548 xxiii);
3109 3498 3130 3532 ι
3165 3478 3266 3544 illi,
3300 3482 3392 3554 qui
3421 3486 3692 3556 superbiae
3720 3487 3879 3560 lapsu
3926 3491 4068 3550 irrc-

2429 3563 2706 3620 mediabili
2730 3580 3082 3637 corruerunt,
3117 3570 3462 3642 ignoratione
3492 3577 3844 3650 dedignativa
3882 3595 4068 3641 retor-

2427 3665 2597 3725 quent
2621 3674 2633 3709 :
2663 3677 2680 3707 ι
2701 3659 2835 3725 Quis
2860 3670 2945 3716 est
2967 3661 3071 3716 iste
3093 3677 3187 3716 rex
3211 3663 3440 3734 gloria}?
3464 3685 3482 3717 ι
3511 3666 3708 3742 (Ιὸίά.)
3736 3671 3834 3729 llic
3858 3685 3944 3730 est
3977 3676 4067 3730 ille

2426 3748 2709 3819 insipiens,
2727 3752 2819 3820 qui
2842 3753 2980 3807 dixit
3004 3754 3056 3810 in
3079 3757 3246 3812 corde
3271 3772 3370 3827 suo
3388 3775 3402 3812 :
3423 3779 3440 3809 ι
3460 3758 3581 3817 Non
3603 3772 3689 3818 est
3713 3762 3862 3821 Dens
3883 3767 4060 3837 (ἔδεαι.

2426 3851 2570 3910 xm).
2600 3861 2617 3892 ι
2661 3841 2727 3896 Et
2762 3857 2776 3894 :
2811 3862 2829 3894 ι
2865 3843 3061 3900 Nescio
3099 3845 3416 3913 Dominum,
3445 3861 3502 3905 et
3527 3850 3696 3907 Israel
3729 3871 3838 3910 non
3879 3859 4065 3914 dimit-

2427 3942 2534 3986 tant
2574 3932 2777 4003 (Exod.
2830 3937 2906 4005 ι’).
2942 3957 2959 3988 ι
3008 3938 3204 4009 Augcli
3252 3942 3402 4011 paris
3452 3943 3797 4003 conﬁdenter
3831 3948 4063 4023 ingemi-

2421 4039 2557 4082 nant
2587 4047 2599 4081 :
2641 4048 2658 4080 ι
2691 4030 2955 4088 Dominus
2983 4033 3163 4100 furtis,
3197 4047 3248 4092 et
3285 4051 3502 4107 potens,
3553 4042 3818 4101 Dominus
3863 4057 4060 4117 potens

2421 4136 2474 4193 iu
2506 4120 2892 4192 pra-lio(."sal.
2929 4126 3124 4198 xxiii);
3161 4147 3179 4179 ι
3221 4127 3382 4187 fortis
3411 4133 3481 4186 ad
3508 4143 3748 4190 vestram
3771 4135 4058 4196 fortitudi-

2420 4228 2546 4270 nem
2572 4214 2987 4285 infirmandam;
3020 4229 3214 4289 potens
3244 4223 3313 4278 ad
3355 4236 3593 4282 vestram
3619 4231 3924 4299 potentiam
3964 4252 4059 4292 va-

2418 4306 2728 4373 cuandam;
2763 4309 2822 4367 in
2851 4311 3041 4380 praclio
3077 4312 3169 4370 illo
3197 4317 3388 4390 utique
3437 4318 3689 4388 salutari,
3741 4341 3853 4396 quo
3901 4341 4056 4400 pote-

2416 4407 2589 4491 states
2635 4416 2832 4458 aereas
2874 4404 3228 4476 singulariter
3258 4411 3574 4468 debellavit.
3621 4413 3939 4496 licsurgens
3981 4425 4054 4477 ab

2419 4480 2634 4561 inferis,
2656 4509 2710 4551 et
2734 4497 2996 4555 solemnis
3026 4501 3270 4558 victoriae
3303 4505 3501 4561 vexilla
3528 4480 3840 4580 reportans,
3866 4513 4047 4570 homi-

2418 4597 2544 4639 nem
2577 4587 2787 4642 unitum
2816 4588 2949 4655 sibi,
2980 4606 3146 4662 quem
3180 4609 3460 4664 nunquam
3486 4597 3717 4667 dimisit,
3747 4597 4044 4661 resuscita-

2418 4677 2584 4742 vit,et
2606 4680 3010 4754 triumphatrici
3035 4685 3214 4756 palma
3239 4690 3394 4746 caelis
3421 4692 3693 4762 invectus,
3714 4697 3862 4754 Patri
3885 4715 4045 4757 ovem

2412 4771 2802 4840 centesimam,
2833 4789 2998 4844 quam
3035 4778 3352 4848 perdiderat
3392 4780 3548 4853 (Luc.
3595 4790 3710 4857 xv),
3739 4803 4044 4861 reprtesen~

2412 4870 2556 4929 tans,
2579 4863 2733 4921 audit
2757 4866 2828 4922 ab
2859 4869 3106 4941 angelis:
3134 4891 3153 4924 ι
3186 4872 3322 4941 Quis
3359 4885 3444 4932 est
3487 4877 3589 4935 iste
3629 4895 3724 4937 rex
3757 4882 3990 4954 gloriae?
4017 4907 4037 4940 ι

2409 4954 2504 5010 sed
2532 4967 2587 5012 et
2615 4958 2823 5014 eisdem
2850 4961 3324 5022 conclamantibus
3355 4984 3369 5020 :
3409 4986 3428 5020 ι
3456 4970 3723 5028 Dominus
3751 4974 4040 5046 virtutum,

2409 5045 2524 5115 ipse
2552 5055 2638 5102 est
2666 5064 2755 5104 rex
2791 5050 3170 5124 glori:e(Psal.
3192 5058 3416 5132 xxm);i
3440 5062 3709 5122 ctelorum
3741 5067 4040 5126 insonuere

2409 5137 2635 5206 palatio,
2669 5151 2725 5196 et
2766 5150 2875 5198 tota
2909 5159 3074 5216 super
3115 5149 3359 5208 ccelestis
3397 5153 3594 5212 domus
3628 5158 4038 5230 profusioribus

2407 5231 2623 5301 gaudiis
2649 5234 2954 5292 inundavit.
2999 5239 3138 5296 Vere
3161 5240 3426 5302 Dominus
3449 5247 3713 5306 virtutum
3749 5253 3801 5308 in
3837 5254 4039 5319 Resurg-

2409 5321 2653 5378 rectione
2682 5325 2938 5382 virtutem
2977 5328 3206 5398 faciens,
3259 5352 3425 5406 quam
3473 5352 3602 5397 ante
3645 5359 3752 5400 non
3799 5346 4031 5414 fecerat,

2406 5412 2685 5471 redimens
2715 5431 2933 5473 servum
2954 5461 2969 5486 ,
3000 5431 3056 5476 et
3082 5438 3181 5493 pro
3208 5441 3371 5484 servo
3402 5429 3572 5488 filium
3605 5433 3868 5494 alliciens.
3911 5441 4033 5497 Cla-

2406 5504 2624 5562 rissima
2650 5519 2832 5564 autem
2870 5511 3228 5571 Ascensionis
3275 5519 3380 5584 die,
3431 5525 3673 5594 quando,
3719 5516 4034 5588 videntibus

2401 5596 2703 5670 discipulis,
2743 5613 2829 5658 est
2854 5605 3099 5664 elevatus
3139 5610 3192 5666 in
3243 5614 3443 5671 ets-lum
3476 5617 3673 5690 (Marc.
3709 5625 3848 5694 xvr),
3878 5641 4032 5683 sum-

2399 5703 2549 5784 mum
2593 5691 2748 5784 illud,
2800 5693 2965 5768 203
3023 5703 3493 5776 reverendumque
3541 5691 3829 5784 collegium
3876 5717 4031 5778 venit

2395 5778 2614 5837 obviam
2648 5783 3027 5858 Bedemptori,
3079 5801 3133 5846 et
3166 5796 3346 5853 omnis
3378 5797 3470 5854 illa
3503 5813 3613 5858 tam
3646 5778 4026 5868 assistentium

2395 5887 2563 5944 quam
2595 5875 3029 5938 ministrantium
3062 5887 3384 5959 angelorum
3431 5896 3735 5957 auctoritas
3775 5904 4026 5961 cucurrit
