5450 6392
30 1134 43 1149 ι

54 1770 61 1781 r

52 1860 61 1879 θ

1949 373 2054 428 719

2504 375 2561 431 S.
2598 378 2803 434 l’ET‘itl
2843 381 3127 439 DAIIANI
3170 383 3324 441 OPP.
3366 381 3552 442 PARS
3585 380 3724 444 εευ
3759 385 3999 445 τοιιυε
4034 390 4095 446 ll.
4139 424 4204 434 —
4248 394 4639 452 SERMOXES.

5155 400 5257 457 730

1946 488 2013 541 ai
2046 486 2269 551 Filium,
2312 498 2365 543 et
2400 494 2783 546 ascendentem
2817 493 3092 551 demirans
3119 507 3195 551 ait
3224 515 3234 549 :
3265 517 3280 548 ι
3315 499 3447 565 Quis
3478 507 3559 551 est
3589 503 3635 561 Δ
3666 502 3927 569 sublime;
3960 514 4012 561 et
4042 517 4163 561 orat
4183 507 4373 562 beatus
4399 507 4502 565 Job
4533 519 4591 564 ut
4618 511 4666 565 ei
4696 510 4861 567 multa
4884 516 5263 584 suppressione

1948 578 2067 642 iste,
2092 580 2181 648 qui
2214 581 2364 635 venit
2393 581 2459 636 de
2487 581 2689 648 Edom,
2719 585 2903 639 tinctis
2928 586 3170 642 vestibus
3196 588 3261 642 de
3290 586 3457 642 Bosra
3482 588 3504 641 ?
3533 609 3550 638 ι

1944 668 2079 738 (Isa.
2134 670 2316 739 um.)
2355 668 2617 727 Videntes
2653 675 2803 729 enim
2842 690 2966 730 eum
3014 678 3296 748 sanguinei
3342 679 3557 734 ruboris

1944 759 2085 811 unda
2134 758 2439 828 perfusum,
2474 763 2746 818 mirantur
2776 764 2895 832 ejus
2923 767 3266 835 patientiam,
3306 778 3361 824 et
3400 773 3555 824 sani-

1941 848 2440 919 tiam'lludzeorum,
2469 857 2561 925 qui
2594 871 2703 911 non
2738 868 2862 913 sunt
2891 858 3047 914 veriti
3081 859 3399 917 Filinm'Dei
3430 879 3556 917 eru-

1940 943 2019 997 cis
2056 944 2352 1013 ignominia
2384 946 2770 1002 condemnare.
2818 969 2834 1001 ι
2863 948 3155 1017 Cradiens,
3197 952 3468 1023 inquiunt.
3498 954 3551 1009 in

1939 1032 2289 1092 multitudine
2321 1036 2660 1094 fortitudinis
2692 1054 2804 1096 suae
2841 1040 3033 1113 (Ιόίά.)
3062 1061 3075 1097 :
3107 1063 3126 1097 ι
3159 1059 3265 1098 non
3292 1044 3463 1100 solum
3496 1048 3550 1100 in

1936 1123 2281 1192 fortitudine,
2332 1129 2427 1183 sed
2468 1130 2633 1184 etiam
2684 1132 2737 1186 in
2791 1131 3136 1190 multitudine
3183 1134 3549 1202 fortitudinis;

1934 1218 2062 1287 quia
2092 1219 2236 1273 nulla
2273 1219 2532 1275 fortitudo
2560 1222 2751 1277 fortior
2778 1222 2894 1285 fuit.
2929 1240 3092 1294 quam
3127 1227 3400 1283 redimere
3429 1244 3548 1283 ser-

1934 1325 2083 1376 vum,
2117 1322 2173 1366 et
2208 1314 2260 1367 in
2298 1313 2599 1369 divinitatis
2628 1318 2850 1372 dextera
2887 1301 3149 1390 perpetuo
3184 1321 3473 1377 collocare.

2006 1401 2102 1459 lla:
2130 1412 2257 1459 sinit
2299 1404 2408 1461 illa:
2434 1421 2596 1463 voces
2624 1422 2746 1477 qum
2775 1410 3195 1468 descendentem
3227 1414 3293 1468 ad
3322 1414 3547 1483 inferos,

1930 1493 2002 1549 ab
2054 1496 2249 1550 inferis
2307 1506 2726 1568 resurgentem.
2778 1502 3164 1560 ascendentem
3209 1504 3277 1559 ad
3333 1504 3501 1561 caelos
3532 1546 3547 1570 ,

1929 1584 2253 1642 multiformi
2280 1590 2557 1658 praeconio
2594 1602 3022 1664 prosequuntur.
3060 1594 3169 1650 Sed
3186 1594 3298 1664 jam
3331 1606 3549 1651 verten-

1929 1674 2033 1728 dus
2076 1684 2164 1730 est
2206 1678 2383 1747 stylus
2420 1677 2485 1731 ad
2538 1688 2786 1735 sanctam
2833 1691 3171 1747 sanctarum.
3222 1695 3277 1740 et
3329 1686 3546 1742 illorum

1929 1768 2224 1823 verborum
2273 1770 2557 1824 enodanda
2605 1774 2932 1843 proprietas,
2978 1790 3098 1845 quae
3136 1770 3337 1849 Virgini
3382 1782 3543 1835 matri

3664 592 3969 660 claudatur,
4012 598 4241 652 dicens:
4272 596 4437 670 206
4486 618 4504 650 ι
4538 598 4653 654 Non
4707 601 4890 656 videat
4926 611 5111 658 ortum
5150 621 5265 661 sur.

3661 688 3837 755 gentis
3878 703 4092 742 aurora:
4136 689 4257 757 (Job
4307 694 4409 757 ιιι).
4444 709 4461 741 ι
4507 690 4657 746 Tuus
4719 702 4805 747 est
4844 694 4983 757 dies.
5019 694 5260 761 Domine,

3660 771 3715 828 in
3743 790 3849 844 quo
3881 776 4052 831 Adam
4082 788 4167 832 est
4192 780 4475 845 conditus;
4504 790 4595 834 tua
4616 790 4849 846 estnos,
4873 782 4928 837 in
4954 799 5063 854 qua
5094 786 5259 840 Adam

3659 878 3689 918 a
3734 866 3820 921 die
3864 878 3946 922 est
3977 870 4216 939 ejectus;
4264 880 4319 924 tu
4358 871 4738 928 fabricatuses
4763 890 5039 941 auroram,
5089 876 5143 931 id
5184 887 5264 933 est

3659 955 3936 1027 Virginem
3964 969 4197 1014 matrem
4228 976 4241 1014 :
4272 970 4328 1015 ct
4368 962 4559 1027 solem,
4602 963 4788 1020 Solem
4834 964 5087 1020 videlicet
5103 965 5262 1035 justi-

3659 1049 3767 1113 tice,
3797 1051 3888 1117 qui
3913 1050 3977 1105 dc
4002 1052 4250 1122 virginali
4281 1050 4521 1107 thalamo
4550 1056 4913 1109 consurrexit.
4954 1053 5091 1110 Nam
5122 1058 5263 1113 sicut

3656 1153 3853 1194 aurora
3897 1142 4189 1196 terminum
4224 1144 4423 1208 noctis,
4449 1142 4559 1199 diei
4593 1144 4920 1213 principium
4954 1147 5153 1201 adesse
5178 1157 5261 1201 te-

3654 1242 3853 1295 statur,
3888 1234 3965 1289 sic
3994 1244 4048 1289 ct
4084 1234 4248 1304 Virgo
4277 1246 4495 1291 noctem
4525 1236 4735 1308 expulit
4760 1239 5174 1307 sempiternam,
5204 1250 5261 1293 et

3654 1320 3721 1375 de
3743 1321 3829 1375 die
3860 1322 4025 1386 diem,
4054 1323 4120 1378 de
4155 1334 4297 1378 terra
4328 1336 4440 1379 sua:
4472 1324 4801 1396 virginitatis
4830 1337 5106 1392 exortum,
5146 1337 5257 1383 ter-

3656 1416 3730 1468 ris
3770 1414 3984 1470 iafuiit.

3727 1503 4097 1575 l‘rogrcditur,
4141 1508 4338 1578 inquit,
4378 1509 4533 1578 quasi
4576 1507 4762 1579 procul
4802 1507 5100 1579 egreditur,
5131 1512 5257 1581 quia

3652 1596 3861 1664 procul,
3907 1604 3960 1649 ct
4002 1593 4067 1651 de
4110 1597 4314 1653 ultimis
4372 1600 4572 1655 ﬁnibus
4626 1602 4856 1669 pretium
4912 1602 5031 1671 ejus
5069 1598 5255 1673 (Prae.

3654 1690 3827 1753 sui).
3864 1689 4099 1751 Aurora,
4128 1691 4253 1760 quia
4305 1692 4483 1746 noctis
4539 1692 4685 1755 linis,
4731 1703 4785 1747 ct
4824 1694 4959 1749 lucis
5007 1695 5255 1763 initium;

3650 1794 4003 1850 consurgens,
4042 1785 4168 1852 quia
4211 1783 4278 1838 de
4310 1784 4539 1839 cadente
4578 1802 4969 1857 supersurgens
5002 1790 5250 1843 materia.

1928 1867 2057 1912 sunt
2101 1858 2416 1929 specialiter
2472 1860 2742 1917 dedicata.
2805 1862 2914 1918 Sed
2944 1867 3022 1920 uti
3065 1864 3537 1936 superliminarem
3574 1856 3618 1915 Β
3649 1870 3878 1924 Pulchra
3915 1881 3972 1926 ut
4018 1872 4167 1927 luna.
4210 1874 4349 1942 Quid
4383 1876 4507 1929 luna
4556 1856 4859 1946 pulchrius,
4909 1893 5035 1932 eum
5081 1878 5257 1934 stellis

1930 1956 2151 2009 titulum
2191 1957 2245 2010 in
2272 1957 2279 1961 ’
2309 1956 2488 2011 fronte
2533 1955 2702 2012 futuri
2743 1958 2959 2015 zdilicii
3000 1976 3369 2031 proponamus
3395 2004 3411 2029 ,
3462 1966 3541 2019 dio

1925 2064 2118 2106 camus
2170 2048 2417 2104 breviter
2481 2051 2608 2120 quia
2685 2053 2861 2122 prima
2894 2053 3252 2127 interrogatio
3286 2060 3541 2114 Convenit

1925 2140 2045 2210 ejus
2069 2138 2377 2204 Nativitati,
2400 2145 2638 2197 secunda
2662 2144 2780 2215 ejus
2807 2150 3232 2211 conversationi,
3259 2150 3416 2204 tertia
3446 2151 3539 2205 As-

1932 2232 2255 2301 sumptioni.
2304 2252 2321 2283 ι
2346 2232 2477 2300 Quae
2514 2244 2596 2290 est
2641 2236 2804 2301 ista,»
2843 2238 3015 2308 inquit
3048 2240 3285 2311 Spiritus
3315 2251 3537 2298 sanctus

1930 2324 1998 2377 de
2026 2324 2151 2392 ejus
2188 2322 2517 2389 .‘a'ativitatc,
2564 2342 2722 2401 gquse
2758 2330 3132 2401 progreditur,
3175 2333 3314 2386 sicut
3337 2347 3533 2387 aurora

1931 2425 2295 2483 consurgens,
2336 2414 2564 2485 pulchra
2598 2424 2658 2468 ut
2696 2416 2843 2482 luna,
2876 2418 3048 2472 electa
3072 2419 3252 2486 utsol,
3281 2422 3537 2477 terribilis

1924 2511 1985 2556 nt
2018 2514 2329 2559 castrorum
2364 2506 2513 2561 acies
2552 2507 2805 2563 ordinata
2834 2508 2857 2562 ζ’
2883 2530 2901 2560 ι
2939 2509 3118 2581 (Cant.
3158 2514 3258 2580 vi.)
3294 2512 3419 2567 tunc
3452 2522 3536 2568 est

1925 2613 1945 2645 s
1976 2609 2099 2663 qua:
2152 2596 2380 2652 nescivit
2418 2604 2600 2654 torum
2639 2600 2691 2655 in
2730 2602 2931 2655 delicto
2963 2599 3117 2671 (Sep.
3163 2606 3267 2673 ιιι).
3306 2624 3322 2655 ι
3370 2604 3533 2676 Virgo

1917 2683 2012 2741 Dei
2046 2686 2185 2743 Filio
2228 2689 2584 2760 singulariter
2619 2702 2960 2758 consecrata,
2993 2694 3310 2763 specialiter
3338 2706 3532 2751 saneto

1914 2774 2205 2847 ennjugata
2260 2776 2514 2849 Spiritui.
2590 2781 2767 2847 «Quae
2814 2783 3199 2852 progreditur,
3231 2802 3249 2835 ι
3314 2785 3530 2853 inquit,

1918 2886 1937 2919 ι
1977 2868 2042 2923 ιιι
2060 2877 2121 2923 ιιι
2162 2884 2362 2923 aurora
2400 2884 2756 2943 consurgens.
2789 2888 2827 2925 »⁷
2853 2872 3025 2939 Quam
3052 2873 3275 2945 elegans
3300 2885 3355 2931 et
3381 2876 3529 2931 clara

1910 2958 2347 3035 similitudoget
2389 2975 2457 3015 ex
2504 2961 2651 3037 illius
2694 2963 2981 3033 disciplina
3024 2964 3395 3032 descendens,
3436 2969 3529 3037 qui

1908 3068 2186 3109 sniiirnum
2236 3036 2777 3125 sapientitefontem
2838 3056 2891 3111 in
2944 3057 3190 3112 Canticis
3246 3036 3530 3114 afﬂuenter

1912 3143 2165 3200 inclusit!

3644 1965 4058 2021 coruscantibus
4085 1966 4137 2019 in
4163 1966 4424 2036 signifero
4452 1968 4625 2023 limite
4655 1970 4984 2040 reliquorum
5012 1971 5253 2025 siderum

3643 2054 3988 2122 splendorem
4039 2057 4298 2112 excedit?
4334 2056 4633 2113 Considera
4681 2074 4844 2129 quam
4889 2060 5170 2116 stellarum
5202 2072 5257 2116 et

3642 2159 3837 2199 serena
3892 2146 4146 2209 vibratio,
4189 2162 4354 2218 quam
4384 2147 4687 2205 luminosus
4715 2148 4895 2222 fulgor
4926 2150 5253 2206 circularem

3641 2234 3829 2288 orbem
3855 2235 3988 2289 tanti
4020 2236 4217 2291 sideris
4241 2238 4623 2305 superfundat,
4649 2248 4709 2293 ιιι
4728 2239 4955 2294 aliorum
4981 2238 5253 2294 luminum

3640 2325 3949 2379 claritatem
4006 2341 4112 2379 non
4154 2327 4505 2382 mediocriter
4543 2327 4814 2383 oluscet?
4853 2327 4946 2383 Sic
4992 2339 5049 2383 et
5085 2329 5253 2399 Virgo

3641 2417 3785 2471 inter
3824 2417 4037 2470 animas
4062 2429 4378 2473 sanctorum
4408 2426 4463 2473 et
4492 2418 4807 2488 angelorum
4836 2420 5035 2474 choros
5060 2434 5253 2489 super-

3637 2509 3883 2563 eminens
3918 2518 3973 2563 et
4017 2520 4229 2575 evecta,
4284 2510 4475 2565 merita
4518 2510 4852 2583 singulorum
4903 2520 4959 2565 et
5004 2511 5250 2565 omnium

3638 2599 3825 2654 titulos
3854 2601 4146 2655 antecedit.
4185 2601 4591 2668 Quantumlibet
4611 2602 4730 2656 alia
4750 2602 4920 2657 stella:
4948 2602 5247 2667 relnoeant,

3637 2692 3761 2746 luna
3793 2702 3972 2748 tamen
4003 2702 4059 2747 et
4086 2694 4457 2761 magnitudine
4491 2693 4807 2762 praeminet
4836 2701 4901 2747 et
4928 2692 5241 2761 splendore.

3637 2780 3727 2836 Sic
3758 2793 4043 2851 utramque
4082 2796 4331 2836 naturam
4361 2780 4525 2851 Virgo
4551 2780 4841 2852 singularis
4867 2790 5165 2852 exsuperat
5190 2790 5246 2834 (ι

3635 2873 4005 2929 immensitate
4048 2877 4238 2946 gratia-
4280 2884 4335 2930 et
4378 2875 4587 2945 fulgore
4634 2875 4920 2930 virtutum.
4967 2874 5157 2930 Electa
5188 2884 5245 2928 ut

3632 2965 3734 3020 sol.
3778 2965 3927 3021 lianc
3965 2967 4182 3021 attende
4215 2965 4649 3031 similitudinem,
4679 2981 4782 3036 qua
4813 2965 4957 3020 nulla
4992 2966 5047 3021 in
5082 2966 5243 3021 rebus

3634 3058 3820 3112 mundi
3852 3067 4028 3128 potest
4054 3072 4176 3112 esse
4211 3058 4516 3113 sublimior.
4557 3056 4699 3112 Nihil
4726 3058 4873 3112 enim
4901 3057 5095 3111 habuit
5122 3057 5242 3129 Spi-

3633 3148 3774 3201 ritus
3812 3148 3864 3201 in
3898 3148 4201 3204 visibilibus
4230 3150 4502 3204 creaturis
4537 3147 4908 3211 excellentius,
4940 3149 5027 3202 cui
5058 3148 5243 3203 excel-

1974 3236 2039 3305 lit
2087 3237 2402 3294 meridiano
2447 3238 2653 3295 lumine
2698 3240 2908 3309 primus
2948 3241 3037 3295 ille
3075 3256 3273 3311 parcns
3308 3254 3526 3298 creatus
3552 3231 3600 3294 C
3633 3237 3852 3291 lculinm
3886 3238 4122 3309 Virginis
4148 3246 4511 3308 compararet.
4555 3237 4720 3293 ΙΙιιΙιο
4758 3238 4904 3293 enim
4950 3238 5116 3292 altius
5146 3240 5241 3291 Ili-

1904 3338 2011 3393 est,
2029 3327 2214 3384 factus
2250 3329 2317 3382 ad
2350 3329 2643 3400 imaginem
2669 3343 2723 3387 et
2755 3331 3169 3388 similitudinem
3190 3334 3525 3391 Conditoris.

1907 3418 2048 3487 Quid
2087 3420 2237 3475 enim
2280 3419 2507 3486 clarius,
2537 3435 2699 3489 quam
2739 3432 2985 3477 creatum
3010 3423 3234 3480 Crcanti
3266 3441 3375 3481 non
3407 3442 3528 3482 esse

1908 3507 2275 3566 dissimilem?
2330 3529 2349 3561 ι
2378 3508 2690 3575 Faciamus,
2734 3512 2930 3581 inquit,
2977 3512 3255 3569 hominem
3287 3516 3355 3569 ad
3387 3516 3525 3569 ima-

1908 3600 2087 3671 ginem
2110 3610 2165 3655 et
2186 3600 2595 3655 similitudinem
2619 3611 2862 3657 nostram
2890 3600 3045 3672 (Gen.
3078 3603 3141 3674 ι).
3175 3625 3193 3656 ι
3228 3604 3524 3676 Imaginem

1907 3692 2059 3746 dedit
2097 3692 2147 3745 ei
2195 3692 2249 3746 in
2293 3692 2622 3757 :eternitate,
2669 3692 3087 3748 similitudinem
3136 3695 3189 3750 in
3246 3698 3520 3763 moribus;

1905 3790 1968 3837 ut
1999 3782 2070 3837 sit
2097 3781 2292 3838 similis
2320 3782 2593 3847 Creatori,
2620 3784 2664 3838 si
2696 3799 2803 3837 non
2836 3783 3140 3848 identitate,
3169 3786 3525 3843 similitudine

1906 3884 2113 3930 tamen.
2170 3873 2279 3930 Sed
2330 3873 2441 3941 ille,
2492 3878 2628 3931 tanti
2682 3876 2951 3949 privilegii
2983 3876 3245 3949 dignitate
3300 3879 3520 3948 rejecta,

1906 3976 2173 4039 apostatte
2200 3968 2429 4037 spiritus
2450 3966 2583 4022 falsa
2607 3969 2973 4039 promissione
2999 3968 3257 4027 delinitu-J
3281 3970 3519 4036 inhaesit,

1905 4070 1959 4115 et
1983 4076 2043 4115 se
2072 4075 2201 4115 cum
2226 4061 2541 4131 posteritate
2568 4074 2665 4115 sua
2701 4069 2977 4130 perpetua:
3012 4061 3170 4115 morti
3203 4062 3519 4128 destinavit,

1904 4159 1959 4204 et
1994 4147 2257 4205 tenebris.
2299 4149 2385 4203 Ab
2420 4148 2509 4204 illa
2553 4150 2689 4204 hora
2733 4150 2971 4203 tenebrae
3006 4148 3163 4204 facta
3199 4160 3328 4206 sunt
3355 4166 3521 4222 super

1903 4246 2221 4299 universam
2254 4251 2456 4296 terram
2488 4256 2660 4310 usque
2690 4241 2759 4295 ad
2791 4240 3067 4311 Virginem
3093 4258 3106 4305 ;
3140 4256 3241 4297 nec
3270 4242 3521 4298 inventus

1903 4345 1988 4393 est
2033 4334 2236 4404 aliquis
2272 4333 2363 4403 qui
2398 4333 2479 4387 vel
2518 4333 2695 4387 exiret
2750 4331 2817 4386 de
2849 4331 3107 4398 tenebris,
3146 4331 3231 4385 vel
3265 4334 3517 4389 tenebras

1902 4430 2232 4497 dissiparet;
2265 4424 2594 4481 sed'mundo
2632 4433 2921 4479 crescente
2961 4426 3242 4480 concrevit
3285 4435 3341 4481 et
3370 4435 3519 4481 tene-

1902 4521 2066 4573 brosa
2097 4532 2321 4587 vorago,
2358 4515 2527 4570 donec
2564 4516 2616 4567 in
2648 4514 3033 4568 densissimam
3066 4515 3385 4586 conglobata
3431 4517 3515 4570 ni-

3630 3328 3759 3399 quid
3794 3328 3951 3384 habet
3982 3330 4202 3384 claritas
4230 3328 4359 3383 aulis
4384 3343 4549 3399 quam
4579 3328 4749 3394 quat;
4796 3328 4925 3398 quia
4965 3336 5022 3381 et
5054 3329 5102 3383 si
5152 3328 5238 3381 illa

3630 3423 3869 3476 minores
3909 3420 4095 3475 stellas
4135 3421 4415 3485 obseurat,
4447 3435 4553 3474 non
4588 3431 4767 3473 tamen
4801 3419 5020 3487 penitus
5053 3420 5241 3474 eccul-

3631 3521 3742 3577 tat;
3771 3513 3858 3566 hic
3889 3526 4017 3566 vero
4046 3511 4279 3567 lucidius
4306 3512 4719 3575 incandescens,
4754 3510 4825 3563 ita
4856 3510 4959 3564 sibi
4990 3510 5238 3564 siderum

3628 3613 3683 3657 et
3713 3601 3852 3657 lunae
3883 3604 4023 3672 rapit
4056 3604 4404 3673 positionem,
4453 3611 4514 3656 ut
4550 3602 4662 3657 sint
4698 3602 4855 3673 quasi
4881 3616 4987 3656 non
5020 3602 5155 3666 sint,
5183 3612 5247 3657 et

3628 3693 3798 3747 videri
3831 3709 3935 3747 non
3964 3695 4193 3763 possint.

3696 3784 3963 3839 Similiter
4010 3796 4065 3838 et
4120 3785 4268 3855 virga
4305 3784 4479 3848 Iesse,
4524 3785 4635 3838 veri
4675 3784 4872 3854 pravis
4899 3783 5149 3846 luminis.
5181 3787 5236 3841 ia

3627 3875 3716 3929 illa
3747 3876 4106 3934 inaeccssibili
4145 3876 4263 3931 luce
4291 3878 4601 3947 perlucens,
4632 3876 4712 3931 sic
4740 3886 5098 3947 utrorumque
5120 3880 5239 3949 spi-

3628 3966 3830 4019 rituum
3863 3966 4082 4019 hebetat
4121 3965 4465 4036 dignitatem,
4493 3974 4550 4019 ut
4582 3966 4635 4019 in
4658 3966 5070 4034 comparatimie
5108 3965 5235 4020 Vir-

3624 4056 3765 4128 ginis
3810 4069 3911 4109 nec
3953 4055 4163 4125 possint
4214 4070 4312 4110 nec
4347 4055 4579 4110 debeant
4608 4070 4891 4125 apparere.
4946 4054 5030 4109 An
5067 4069 5233 4127 putas

3623 4150 3766 4219 quod
3805 4163 3913 4205 non
3964 4149 4353 4203 eontremiscat
4395 4156 4505 4201 tota
4540 4147 4816 4201 rationalis
4860 4158 5114 4202 creatura
5159 4149 5231 4203 ad

3622 4242 4136 4311 contemplationem
4162 4249 4323 4295 tanta:
4343 4239 4667 4309 dignitatis?
4703 4239 4996 4294 Considera
5024 4249 5079 4295 et
5102 4254 5230 4309 qua

3624 4333 3675 4385 in
3714 4333 3889 4397 oculis,
3922 4343 3978 4387 et
4017 4347 4136 4401 qua:
4178 4332 4231 4387 in
4279 4332 4439 4386 terris
4489 4331 4542 4385 in
4600 4330 4823 4400 Virgine
4876 4331 5227 4391 refahricata,

3622 4423 3819 4485 Deum,
3863 4425 3953 4493 qui
3999 4424 4197 4477 coelum
4229 4421 4407 4491 palma
4454 4420 4697 4486 metitur,
4746 4421 4973 4493 virginei
5018 4423 5231 4478 ventris

3622 4517 3887 4572 brevitate
3914 4513 4689 4584 conclusum,redemptiouem
4722 4515 5025 4575 hominum.
5056 4527 5228 4588 ange-

1903 4609 2211 4677 gredinem,
2238 4581 2544 4660 humanum
2576 4618 2750 4675 genus
2776 4614 2931 4658 nocte
2974 4581 3199 4659 terribili
3239 4607 3511 4675 sepelivit.
3549 4581 3594 4640 υ
3625 4610 3800 4663 lorum
3826 4606 4300 4667 restaurationem,
4320 4581 4554 4675 denique
4582 4603 4844 4674 quidquid
4870 4612 4973 4668 est,
5011 4581 5227 4667 fuit,'et

1906 4703 2030 4756 ll.ce
2069 4710 2155 4756 est
2199 4700 2287 4753 illa
2332 4713 2437 4753 nos
2476 4698 2745 4763 solitaria,
2784 4712 2883 4752 nec
2912 4697 3068 4752 laude
3097 4699 3279 4769 digna,
3309 4700 3376 4755 de
3404 4716 3509 4770 qua

1903 4795 2167 4861 sz'l‘iptttm
2198 4800 2325 4846 est:
2360 4808 2379 4841 ι
2412 4788 2651 4843 Posuisti
2697 4790 2969 4852 tenebras,
3019 4799 3075 4845 et
3110 4788 3255 4845 facta
3289 4784 3372 4846 est
3404 4806 3508 4845 nos

1905 4882 2080 4953 (Psal.
2115 4882 2257 4949 cui).
2286 4905 2308 4934 ι
2352 4880 2411 4935 in
2455 4881 2569 4951 ipsa
2615 4881 3050 4949 perimnsierant
3092 4894 3284 4937 omnes
3321 4882 3511 4938 bestia

1904 4976 2077 5039 silvae,
2132 4974 2262 5043 quia
2327 4971 2577 5026 crudeles
2626 4978 2682 5023 et
2721 4968 2965 5024 indomiti
3016 4970 3241 5041 spiritus
3290 4971 3511 5027 dimotis

1904 5061 2198 5135 repagulis,
2229 5061 2527 5116 humanum
2554 5073 2726 5129 genus
2762 5059 2889 5113 totis
2920 5059 3125 5113 viribus
3151 5060 3510 5115 obtriverunt.

1907 5152 2013 5207 Sed
2070 5162 2196 5205 nata
2242 5150 2462 5220 Virgine
2498 5148 2741 5203 surrexit
2778 5162 3006 5214 aurora;
3042 5149 3166 5217 quia
3203 5148 3369 5204 Maria
3402 5151 3513 5203 veri

1906 5245 2106 5314 praevia
2151 5243 2399 5304 luminis,
2457 5240 2750 5295 nativitate
2798 5255 2897 5295 sua
2950 5256 3107 5294 mane
3149 5242 3513 5297 clarissimum

1908 5336 2203 5392 serenavit.
2248 5333 2374 5389 liae
2406 5344 2488 5388 est
2515 5332 2670 5386 stella
2701 5331 2962 5386 matutina
2996 5332 3048 5385 in
3075 5332 3253 5388 medio
3283 5332 3511 5398 nebula,

1908 5442 2029 5496 quze
2067 5426 2289 5503 in‘cceli
2336 5424 2560 5480 cardine
2601 5438 2815 5477 summo
2860 5422 3146 5492 splendore
3194 5440 3510 5493 coruscans,

1906 5522 2095 5575 orbem
2164 5520 2437 5578 subditum
2499 5517 2955 5587 splendidioribus
3005 5516 3170 5572 radiis
3223 5518 3509 5573 incolora'.

1908 5611 2039 5667 llam
2078 5623 2160 5665 est
2200 5627 2423 5675 aurora,
2465 5625 2627 5679 quam
2687 5611 2971 5678 sequitur,
3007 5609 3117 5664 imo
3166 5609 3234 5663 de
3270 5626 3375 5679 qua
3417 5626 3514 5665 na-

1908 5704 2081 5753 St'litll'
2129 5702 2219 5757 Sol
2273 5702 2529 5771 justitire,
2597 5699 2763 5753 solius
2834 5700 3066 5755 claritati
3126 5704 3505 5758 succumbens.

1912 5789 2038 5845 llcc
2066 5801 2150 5847 est
2178 5807 2397 5862 aurora,
2426 5805 2590 5865 quam
2628 5789 2715 5845 ille
2741 5806 2847 5846 non
2896 5791 3031 5846 vidit
3055 5793 3144 5863 qui
3179 5794 3311 5847 vidit
3350 5811 3510 5852 omne

3622 4701 3727 4753 erit
3764 4713 3860 4769 per
3896 4696 4129 4769 Virginis
4160 4707 4371 4751 uterum
4404 4705 4811 4761 renovatum,et
4838 4705 4966 4753 tunc
5000 4698 5096 4754 tibi
5121 4714 5225 4754 eo—

3620 4788 3811 4859 gitatio
3850 4798 4105 4857 suggeret
4147 4786 4292 4857 quod
4336 4786 4540 4840 locutio
4569 4787 4942 4842 demonstrare
4986 4802 5095 4841 non
5122 4801 5225 4858 po-

3551 4871 3557 4877 ’
3621 4889 3744 4932 test.
3792 4876 3996 4942 Electa,
4030 4877 4223 4945 inquit,
4260 4875 4355 4930 sed
4396 4885 4453 4931 et
4494 4875 4796 4946 praelecta.
4837 4876 4905 4932 Ut
4941 4876 5046 4940 sol,
5090 4878 5220 4947 quia

3619 4970 3761 5023 sicut
3791 4969 3871 5023 sol
3918 4969 4067 5022 solus
4094 4967 4282 5022 orbem
4312 4967 4619 5031 illuminat;
4661 4967 4741 5023 sic
4784 4967 4900 5023 haec
4940 4966 5056 5024 sola
5090 4969 5222 5023 soli-

3621 5059 3759 5113 diori
3784 5060 3984 5113 lumine
4011 5068 4066 5113 et
4093 5056 4311 5128 angelos
4329 5068 4384 5112 et
4408 5057 4655 5113 homines
4684 5058 4934 5115 illustrat.
4977 5058 5219 5114 Terribi-

3622 5151 3686 5205 lis
3709 5161 3765 5205 ut
3793 5161 4096 5207 castrorum
4124 5153 4271 5206 acies
4288 5152 4561 5216 ordinata,
4587 5151 4845 5207 terribilis
4858 5150 5213 5213 hmonibus.

3618 5245 3867 5301 ordinata
3924 5244 4237 5309 virtutibus,
4295 5243 4589 5314 singularis
4648 5227 4807 5297 iimor
4854 5243 5211 5314 malignorum

3619 5334 3927 5403 spirituum,
3969 5335 4223 5402 specialis
4258 5349 4411 5388 amor
4439 5334 4638 5387 civium
4678 5333 4980 5388 beatorum.
5020 5333 5211 5402 Sequi.

3621 5435 3709 5477 tur
3731 5426 3795 5476 de
3819 5424 3935 5493 ejus
3971 5425 4412 5479 conversatione:
4438 5442 4455 5476 ι
4477 5423 4609 5491 θυαε
4626 5434 4708 5479 est
4731 5425 4854 5488 ista,
4877 5440 4998 5493 qu;e
5018 5438 5203 5477 ascen-

3617 5514 3696 5570 dit
3725 5527 3821 5583 per
3850 5516 4146 5577 desertum,
4186 5514 4332 5569 sicut
4359 5513 4566 5583 virgula
4593 5513 4723 5567 furni
4764 5529 4829 5567 ea
4872 5512 5205 5567 aromatibus

3614 5606 3873 5673 myrrhae,
3908 5616 3957 5659 et
3993 5606 4185 5667 thuris,
4214 5614 4271 5660 et
4292 5605 4528 5660 universi
4558 5605 4791 5675 pulveris
4820 5604 5204 5673 pigmentariil

3614 5700 3717 5754 ista
3746 5711 3823 5752 cst
3863 5704 4106 5771 speciosa
4148 5702 4291 5757 inter
4324 5701 4463 5755 tilias
4507 5696 5007 5766 Jorusaleni{Cant.
5048 5704 5151 5766 tu}:
5180 5716 5195 5745 ι

3616 5791 3894 5848 Desertum
3920 5807 3997 5848 est
4024 5797 4247 5851 vastitas
4265 5793 4425 5865 hujus
4445 5792 4651 5859 mundi,
4678 5790 4730 5844 in
4754 5804 4862 5861 quo
4882 5788 5070 5844 bestia
5088 5788 5195 5859 agri
