4072 6312
338 374 442 434 'ﬂl

1731 371 1964 429 SEllMO
1995 371 2127 428 XLI.

3541 370 3657 426 τΞῖ

331 491 915 564 lrequentiusludunt,
935 490 1024 544 ubi
1044 490 1396 560 princepsille
1414 487 1938 559 nequissimusomni
1970 491 2013 549 Α
2046 503 2152 543 non
2189 498 2417 556 tantum,
2449 500 2710 561 quantum
2738 489 3050 546 confracta.
3088 487 3312 542 Crebris
3338 487 3483 539 enim
3519 495 3644 539 tun-

329 581 663 638 fortitudine
678 579 1034 649 priueipatur.
1061 580 1343 634 Desertum
1365 589 1545 632 autem
1560 579 1777 640 dicitur,
1792 579 1943 646 quasi

327 671 663 727 derelictum
687 685 717 724 a
747 671 1005 723 virtutum
1045 669 1513 723 administratione
1535 709 1549 732 ,
1590 684 1710 723 cum
1757 685 1942 723 earum

327 772 666 825 conventus,
690 761 999 816 abundante
1021 759 1407 828 iuiquitate,ad
1427 762 1670 830 proprios
1691 769 1842 816 ortus
1859 776 1942 815 re-

326 853 631 908 volaverit.
649 851 813 921 205
827 850 957 914 Qua:
986 851 1254 913 ascendit,
1279 852 1470 921 inquit.
1499 853 1554 906 in
1578 851 1736 920 hujus
1758 853 1939 908 seculi

327 941 615 997 vanitates
669 954 866 994 omnes
897 939 980 992 vel
1036 939 1368 995 descendere
1400 940 1482 993 vel
1513 940 1710 995 cadere
1736 956 1938 1012 cogno-

325 1039 589 1094 scuntur,
625 1043 894 1098 rarusque
921 1028 1013 1097 qui
1064 1039 1170 1083 non
1203 1029 1286 1082 vel
1325 1029 1618 1084 descendat
1646 1029 1731 1084 vel
1775 1031 1936 1085 cadat

327 1121 392 1176 in
445 1119 611 1186 hujus
670 1119 1156 1174 turbulentissimae
1205 1119 1596 1188 profunditatis
1647 1135 1937 1176 oceanum.

327 1209 464 1266 Sola
497 1211 588 1265 illa
625 1220 804 1265 mater
833 1219 889 1264 et
937 1209 1043 1263 lilia
1072 1207 1352 1264 Creatoris
1397 1225 1498 1265 nec
1523 1210 1806 1264 descendit
1835 1226 1939 1267 nec

324 1307 557 1372 cecidit,
610 1305 707 1361 sed
736 1305 804 1360 de
851 1305 1056 1358 virtute
1088 1305 1140 1358 in
1169 1304 1425 1358 virtutem
1475 1305 1778 1360 ascendens
1808 1321 1935 1360 con-

323 1399 704 1452 anmmatione
744 1397 1008 1449 virtutum
1055 1396 1251 1449 vestita
1304 1403 1410 1450 est.
1461 1395 1708 1463 Qualiter
1753 1405 1935 1452 autem

323 1491 626 1552 ascendit?
675 1489 821 1544 sicut
850 1487 1082 1558 virgula,
1135 1488 1332 1557 inquit,
1380 1487 1534 1542 fumi.
1593 1487 1698 1542 Sed
1737 1497 1792 1542 et
1817 1488 1934 1542 haec

319 1580 585 1650 operatio
615 1595 779 1648 quam
813 1577 1145 1648 significanti
1195 1579 1550 1633 similitudine
1578 1579 1652 1633 sit
1697 1579 1932 1654 signata,

322 1668 617 1738 recollige.
643 1665 862 1737 Virgnla
893 1665 1025 1721 fumi
1059 1676 1207 1721 recta
1239 1675 1344 1733 est,
1372 1666 1606 1731 subtilis,
1636 1667 1932 1733 odorifera,

318 1769 386 1814 et
420 1769 631 1828 quanto
663 1759 836 1828 magis
868 1758 919 1812 in
966 1771 1094 1812 aera
1131 1759 1466 1824 extenditur,
1523 1765 1673 1813 tanto
1701 1759 1931 1829 amplius

2047 581 2292 636 sionibus
2326 581 2656 651 supertritar,
2693 579 3041 635 remotiorem
3067 578 3230 630 etiam
3257 576 3434 629 locum
3464 575 3647 628 odori-

2044 670 2160 725 fera
2192 672 2584 741 conspersione
2605 670 2918 732 refundunt.
2955 667 3049 721 Sic
3083 677 3136 721 et
3167 666 3399 718 virtutes
3429 666 3479 718 in
3512 678 3648 733 pace

2043 763 2263 830 quidem
2292 761 2508 816 fortiter
2527 761 2798 824 redolent,
2831 759 2924 813 sed
2959 757 3156 811 fortius
3187 756 3240 809 in
3265 753 3650 815 tribulatione.

2043 850 2166 922 quia
2195 850 2366 904 virtus
2392 851 2444 903 in
2473 864 2605 918 pace
2637 847 2962 917 acquiritur,
3010 847 3062 899 in
3097 844 3481 912 persecutione
3516 857 3649 912 pro-

2041 942 2225 1005 batur,
2255 943 2590 1011 approbatur
2619 940 2671 994 in
2700 939 2950 994 victoria.
2981 936 3285 992 Universns
3311 950 3444 1003 ergo
3468 934 3653 1004 pulvis

2039 1033 2433 1103 pigmentarius
2464 1033 2518 1085 in
2545 1031 2766 1102 Virgine
2793 1028 3075 1097 conjectus
3105 1037 3212 1091 cst,
3246 1027 3412 1098 206
3439 1027 3566 1094 quia
3593 1026 3644 1079 in

2040 1138 2103 1178 ca
2129 1124 2388 1178 virtutum
2440 1133 2748 1179 conventus
2796 1121 3156 1177 reverendum
3201 1120 3303 1173 sibi
3342 1119 3643 1174 thalamum

2039 1216 2399 1280 consecravit,
2429 1226 2481 1271 et
2507 1216 2550 1271 si
2582 1215 2797 1270 caeteris
2828 1230 2924 1285 per
2952 1223 3137 1282 partes
3175 1211 3418 1281 Spiritus
3448 1211 3642 1273 aﬂluit.

2039 1307 2222 1362 Marix
2263 1316 2440 1362 tamen
2471 1316 2581 1360 tota
2635 1307 2912 1375 plenitudo
2942 1305 3134 1376 gratiae
3166 1305 3498 1374 supervenit.
3537 1302 3646 1359 Nec

2039 1398 2265 1468 integra:
2295 1397 2514 1453 fuerunt
2549 1399 2601 1452 in
2629 1413 2692 1452 ea
2725 1399 2959 1466 species,
2988 1398 3080 1451 sed
3132 1399 3182 1450 in
3216 1396 3641 1451 subtilissimum

2037 1488 2405 1552 comminutae,
2451 1488 2576 1556 quia
2609 1488 2724 1556 ipsa
2774 1496 2858 1541 est
2885 1501 3024 1555 quae,
3061 1485 3382 1540 fortioribus
3411 1484 3646 1540 tribula-

2038 1579 2243 1632 tionum
2267 1576 2475 1633 malleis
2499 1591 2879 1647 supergressa,
2896 1577 3031 1630 vidit
3053 1592 3211 1629 suum
3244 1585 3299 1629 et
3322 1575 3415 1630 Dei
3438 1574 3642 1631 Filium

2034 1667 2172 1738 alligi
2202 1668 2372 1729 cruci.
2428 1667 2650 1722 militari
2685 1666 2870 1722 lancea
2901 1665 3197 1726 vulnerari,
3231 1656 3284 1718 et
3328 1665 3472 1720 inter
3501 1665 3654 1719 duos.

2034 1755 2274 1811 latrones
2301 1757 2534 1826 positum
2556 1755 2809 1823 expirare
2842 1754 3022 1822 (Joan.
3059 1756 3195 1820 xix).

323 1816 626 1905 dilatatur.
649 1848 739 1902 Sic
756 1816 826 1903 2:
850 1848 1166 1916 angelorum
1193 1849 1380 1920 regina
1406 1858 1549 1902 recta
1577 1857 1659 1904 est
1686 1849 1740 1903 in
1764 1816 1929 1904 subli-
1965 1816 2008 1875 Β
2111 1845 2371 1916 Sequitur
2396 1846 2463 1901 de
2488 1844 2606 1912 ejus
2627 1845 3014 1913 Assumptione
3041 1861 3054 1896 :
3079 1843 3210 1911 Quae
3245 1853 3328 1898 est
3364 1843 3487 1907 ista,
3516 1857 3638 1914 qua:

323 1941 531 1995 mitate
561 1940 1017 2011 conversationis,
1049 1941 1175 2010 quia
1207 1941 1353 2010 virga
1407 1941 1750 2004 directionis,
1783 1943 1934 2013 virga

322 2033 490 2100 regni
537 2032 752 2086 Domini
785 2029 959 2101 (Psal.
985 2032 1154 2103 των).
1203 2029 1430 2086 Subtilis
1461 2032 1514 2085 in
1562 2033 1780 2087 deitatis
1806 2049 1934 2088 con-

317 2119 707 2190 templatione,
736 2122 862 2188 quia
896 2119 1013 2187 ipsa
1060 2127 1144 2173 est
1192 2134 1313 2188 qua:
1359 2123 1720 2178 conservabat
1748 2124 1932 2176 omnia

318 2211 502 2264 verba
532 2212 669 2273 brec,
695 2209 984 2265 conferens
1014 2211 1065 2263 in
1101 2213 1266 2265 corde
1313 2226 1410 2265 suo
1442 2211 1593 2281 (Luc.
1626 2214 1707 2281 ιι).
1733 2211 1931 2267 Odori-

317 2300 452 2357 fera
475 2302 528 2356 in
562 2303 828 2356 virtutum
856 2300 1130 2370 opinione,
1155 2301 1281 2369 quia
1318 2303 1589 2357 currimus
1619 2302 1672 2356 in
1705 2304 1931 2360 odorem

314 2385 734 2458 unguentorum
761 2404 983 2443 suorum
1007 2387 1186 2455 (Cant.
1213 2391 1275 2457 ι).
1299 2390 1543 2460 Angusta
1572 2392 1622 2444 in
1653 2399 1930 2462 tempora-

315 2477 496 2542 libus,
531 2477 657 2546 quia
693 2492 798 2532 nou
828 2485 948 2531 erat
972 2477 1020 2532 ei
1054 2477 1207 2531 locus
1240 2479 1290 2532 in
1327 2480 1629 2534 diversorio
1655 2479 1807 2550 (Luc.
1844 2483 1927 2550 ιι).

314 2566 386 2625 In
421 2567 802 2637 spiritualibus
825 2567 1216 2636 dilatata,quia
1245 2569 1417 2622 astitit
1445 2569 1628 2638 regina
1664 2585 1693 2624 a
1722 2571 1932 2626 dextris

314 2657 550 2714 Domini
580 2654 756 2725 (Psal.
787 2658 956 2723 xuv).
989 2656 1116 2710 Haec
1154 2665 1239 2712 est
1267 2658 1417 2727 virga
1471 2659 1561 2712 illa
1605 2674 1709 2728 qua
1743 2671 1926 2714 retun-

313 2749 540 2806 duntur
589 2749 832 2818 impetus
859 2748 1269 2804 adversantium
1302 2750 1691 2804 damoniorum
1727 2769 1740 2804 :
1777 2754 1926 2823 virga

311 2840 537 2902 Aaron,
569 2853 670 2908 per
695 2853 859 2907 quam
907 2837 1042 2890 fiunt
1075 2837 1227 2907 signa
1257 2847 1311 2892 et
1344 2837 1633 2892 mirabilia.
1667 2839 1926 2894 Daculuut

311 2936 516 2983 autem
548 2927 729 2981 crucis
779 2924 1040 2995 intellige,
1091 2941 1201 2996 quo
1230 2941 1337 2980 non
1376 2926 1551 2980 solum
1605 2929 1928 2982 verberatus

309 3027 435 3082 est,
463 3018 558 3073 sed
586 3026 641 3073 et
687 3017 904 3072 occisus
947 3016 1036 3072 ille
1088 3016 1405 3072 insanabilis
1457 3015 1522 3088 [ί.
1566 3017 1915 3090 insatiabilis]
1970 3006 1974 3010 ’

311 3109 630 3173 homicida,
655 3109 745 3179 qui
770 3109 1038 3164 mortibus
1087 3108 1369 3163 hominum
1401 3112 1645 3180 pascitur
1665 3120 1717 3165 et
1749 3113 1924 3165 nutri-

312 3209 437 3255 tur.
469 3199 525 3252 In
555 3197 779 3269 Virgine
810 3199 960 3269 virga
1011 3209 1068 3254 et
1112 3199 1305 3253 baculo
1354 3215 1540 3264 cruce,
1594 3203 1921 3258 miserorum

311 3304 456 3359 apes
487 3298 544 3344 et
591 3288 895 3345 consolatio
949 3290 1277 3344 continetur.
1309 3290 1464 3345 Sicut
1511 3293 1758 3348 sublimis
1793 3293 1924 3348 Pro-

311 3382 491 3453 pheta
519 3381 668 3436 clara
701 3395 831 3436 voce
861 3381 1105 3437 declarat
1138 3400 1149 3434 :
1201 3401 1219 3432 ι
1265 3383 1443 3453 Virga,
1488 3383 1681 3453 inquit,
1728 3395 1838 3449 tua,
1872 3397 1928 3441 et

310 3472 555 3530 baculus
586 3481 712 3526 tuus
742 3472 858 3540 ipse
886 3487 972 3526 me
997 3473 1275 3526 consolata
1298 3484 1421 3527 sunt
1451 3471 1626 3543 (Psal.
1661 3456 1818 3545 ιιιῖ).
1865 3497 1886 3530 ι

398 3563 662 3632 Sequitur
687 3580 699 3614 :
727 3561 805 3616 Ex
830 3563 1167 3618 aromatibus
1190 3565 1426 3634 myrrha:
1452 3573 1506 3619 et
1533 3566 1723 3619 thuris.
1741 3565 1926 3621 Nomi-

310 3661 530 3709 nantur
577 3653 809 3720 species,
834 3654 900 3707 de
925 3654 1125 3722 quibus
1176 3655 1474 3707 aromatiea
1506 3656 1714 3724 virgula
1745 3657 1926 3712 suble-

310 3751 507 3803 vatur,
543 3741 780 3810 myrrha:
815 3751 869 3794 et
925 3739 1122 3794 thuris.
1162 3740 1376 3810 Myrrha
1405 3758 1634 3812 corpora
1663 3745 1921 3799 dissoluta

311 3829 658 3891 consolidat,
709 3837 764 3882 et
811 3829 1046 3883 cadaver
1093 3831 1346 3883 exanime
1396 3830 1500 3885 sibi
1556 3833 1820 3896 vindicat,
1854 3850 1922 3888 ne

313 3928 629 3989 putrescat.
664 3915 812 3971 Thus
841 3926 1023 3972 autem
1075 3916 1186 3972 Deo
1223 3919 1274 3972 in
1301 3921 1550 3974 oratione
1580 3922 1919 3999 accenditur,

313 4010 470 4066 sicut
495 4007 892 4078 multiplicibus
924 4009 1333 4078 Scripturarum
1362 4013 1698 4084 testimoniis
1727 4015 1921 4070 edoce-

313 4116 469 4158 mur.
498 4101 554 4156 In
586 4101 806 4171 myrrha
837 4100 1252 4166 continentiam,
1286 4101 1340 4156 in
1384 4102 1544 4157 thure
1569 4104 1914 4160 devotionem

313 4192 587 4260 intellige.
619 4190 774 4268 Caro‘
801 4191 948 4245 enim
1003 4190 1242 4262 Virginis
1292 4207 1358 4246 ex
1411 4193 1584 4248 Adam
1641 4205 1919 4266 assumpta

314 4281 568 4337 maculas
592 4280 725 4334 Ade
747 4295 853 4335 non
874 4281 1113 4343 admisit.
1133 4283 1228 4336 sed
1255 4283 1547 4353 singularis
1565 4287 1917 4340 continentia

311 4372 533 4440 paritas
586 4371 639 4424 in
687 4373 977 4426 candorem
1030 4373 1168 4428 lucis
1218 4386 1436 4444 (eterna;
1497 4385 1761 4431 conversa
1810 4389 1911 4432 est.

2038 1934 2285 1990 ascendit
2327 1934 2394 1989 de
2425 1935 2669 2000 deserto,
2712 1933 2923 1988 deliciis
2975 1932 3222 1995 affluens.
3261 1933 3446 1986 innixa
3475 1947 3641 2004 super

2036 2023 2292 2078 dilectum
2315 2024 2511 2078 suum?
2535 2021 2658 2077 Haec
2681 2030 2765 2077 est
2783 2019 3106 2093 regina'illa,
3128 2036 3293 2092 quam
3317 2022 3562 2076 videntes
3583 2019 3642 2074 tl-

2032 2104 2118 2168 lire
2141 2113 2292 2178 Sion,
2316 2111 2725 2167 «Beatissimam
2748 2112 3200 2182 praedicaverunt,
3228 2124 3280 2166 et
3305 2113 3506 2182 regina:
3528 2112 3642 2167 lau-

2033 2204 2298 2258 daverunt
2321 2219 2441 2259 eam
2474 2203 2651 2274 (Cant.
2684 2203 2781 2272 vi).
2807 2223 2825 2254 ι
2856 2202 3117 2257 Ascendit
3152 2212 3333 2256 autem
3376 2203 3539 2258 hodie
3568 2203 3637 2258 de

2034 2294 2271 2357 deserto,
2296 2293 2346 2348 id
2368 2296 2541 2349 estde
2565 2294 2790 2358 mundo,
2817 2295 2884 2349 ad
2909 2294 3106 2364 regalis
3139 2294 3319 2350 throni
3359 2293 3666 2352 celsitudi—'

2033 2399 2154 2436 nem
2169 2384 2476 2441 sublimata.
2496 2384 2733 2448 Deliciis,
2751 2384 2948 2455 inquit,
2965 2382 3209 2438 afﬂuens.
3237 2385 3370 2438 Vere
3383 2382 3635 2448 afﬂuens,

2033 2473 2160 2542 quia
2215 2491 2233 2524 ι
2287 2473 2469 2527 multa:
2517 2473 2637 2530 filim
2679 2484 3150 2545 congregaverunt
3208 2476 3451 2537 divitias.
3518 2477 3636 2532 base

2031 2580 2382 2635 supergressa
2404 2576 2486 2620 est
2512 2567 2796 2622 universas
2825 2567 3008 2637 (Prov.
3037 2568 3211 2638 xxix).
3254 2586 3270 2618 ι
3304 2567 3636 2623 Deliciarum

2033 2667 2214 2711 autem
2255 2657 2372 2726 ejus
2421 2667 2635 2712 nonest
2685 2675 2968 2725 numerus,
2999 2661 3152 2729 quia,
3204 2662 3331 2714 dum
3365 2661 3635 2730 Spiritum

2032 2756 2279 2800 sanctum
2313 2749 2559 2816 suscipit,
2578 2749 2816 2818 concipit
2844 2750 2935 2803 Dei
2968 2750 3184 2809 Filium.
3211 2751 3417 2819 Regem
3445 2751 3633 2821 gloria:

2032 2846 2274 2907 generat,
2298 2848 2547 2907 penetrat
2570 2839 2760 2903 cmlos,
2784 2841 3061 2894 cumulata
3085 2843 3310 2904 divitiis,
3340 2849 3396 2896 et
3417 2840 3634 2896 deliciis

2032 2925 2256 2982 allluens
2271 2930 2338 2983 ad
2357 2944 2583 3000 regnum
2608 2931 2792 2985 evolat
2813 2932 3209 3000 sempiternum
3237 2949 3418 2987 suum.
3438 2931 3631 2988 lnnixa

2031 3028 2198 3083 super
2226 3016 2485 3072 dilectum
2524 3034 2702 3072 suum.
2758 3018 2874 3074 Rex
2926 3021 3184 3073 virtutum
3234 3021 3417 3075 dilecti
3469 3021 3632 3077 Pater

2030 3116 2135 3168 est,
2165 3107 2218 3160 in
2247 3123 2358 3176 quo
2396 3111 2496 3163 sibi
2549 3110 2687 3164 bene
2722 3111 3052 3179 complacuit
3091 3111 3311 3181 (Matth.
3356 3127 3439 3177 tn,
3471 3113 3627 3185 xvu).

2033 3195 2208 3266 Super
2235 3198 2381 3254 hunc
2413 3199 2662 3254 innititur
2691 3200 2867 3254 Mater
2901 3201 2990 3254 illa
3025 3201 3257 3266 felicior,
3288 3213 3340 3256 et
3377 3205 3430 3257 in
3459 3220 3644 3259 aureo.

2030 3287 2379 3343 reclinatorio
2445 3289 2644 3344 divinae
2706 3289 3009 3358 maiestatis
3067 3292 3423 3355 incumbens,
3482 3295 3628 3348 intra

2028 3379 2234 3446 sponsi,
2269 3380 2377 3434 imo
2400 3379 2519 3434 Filii
2552 3382 2659 3445 sui,
2688 3381 2910 3436 brachia
2963 3384 3274 3452 requiescit.
3329 3383 3374 3439 Ο
3420 3399 3627 3454 quanta

2029 3469 2282 3539 dignitas,
2316 3484 2480 3539 quam
2505 3472 2758 3541 specialis
2789 3475 3049 3542 potentia,
3081 3476 3236 3529 inniti
3279 3491 3444 3543 super
3475 3479 3626 3532 illum

2027 3573 2188 3626 quem
2218 3561 2479 3630 angelica:
2508 3572 2812 3630 potestates
2840 3576 3162 3620 reverentur
3192 3568 3472 3636 aspicere!

2097 3648 2225 3704 liae
2271 3661 2398 3707 sunt
2425 3668 2558 3721 ergo
2609 3668 2729 3722 qua:
2758 3658 3012 3724 praesenti
3060 3656 3343 3712 festivitati
3385 3661 3486 3713 sub
3511 3677 3629 3716 um-

2026 3739 2139 3795 bris
2165 3751 2221 3794 et
2252 3742 2579 3813 imaginibus
2607 3744 2899 3815 dignanter
2939 3749 3206 3815 alludunt,
3238 3761 3293 3804 et
3324 3754 3627 3807 sacratiore

2027 3833 2263 3901 tegmine
2319 3835 2492 3888 velata
2540 3839 2840 3906 gratiosius
2889 3839 3110 3903 lucent,
3173 3859 3296 3897 cum
3348 3845 3631 3913 potuerint

2026 3925 2274 3980 revelari.
2309 3927 2503 3982 Amen.

2590 4019 2826 4076 SERMO
2885 4022 3020 4076 XLI.

2132 4123 2169 4160 ι.
2206 4123 2271 4162 ne
2307 4124 2352 4164 s.
2394 4122 2804 4166 axnruowamo
2834 4129 3127 4170 Αροςτοιο.
3169 4117 3321 4185 (xxiv
3363 4119 3512 4187 tus.)

2095 4200 2368 4256 Hodierna
2426 4201 2714 4267 festivitas,
2781 4203 3145 4272 dilectissimi,
3200 4223 3305 4277 qua
3363 4209 3619 4264 videlicet

2025 4291 2372 4360 triumphalia
2433 4292 2490 4344 Β.
2546 4293 2926 4350 Βατιῑυοίοιηωὶ
2977 4309 3125 4365 gesta
3159 4301 3470 4361 recolimus,
3508 4315 3631 4354 nutr

2021 4391 2103 4436 est
2127 4383 2344 4451 propria
2395 4382 2682 4450 cujuslibet
2712 4386 2953 4442 civitatis
2987 4401 3074 4442 aut
3105 4391 3314 4458 patriae,
3343 4391 3436 4444 sed
3463 4406 3618 4446 como

311 4462 494 4518 Porro
519 4461 648 4530 quis
680 4459 796 4528 ejus
827 4463 1167 4517 devotionem
1198 4466 1394 4519 votivis
1438 4466 1687 4522 laudibus
1717 4470 1916 4538 poterit
1946 4512 1992 4567 ο
2021 4473 2200 4526 munis
2223 4483 2306 4527 est
2328 4473 2609 4528 catholica
2654 4478 2819 4532 totius
2850 4478 3128 4534 Ecclesia.
3185 4480 3293 4536 Nec
3344 4478 3618 4538 immerito

308 4555 632 4622 adsequare,
685 4567 808 4606 cum
854 4565 1182 4609 rememoret
1232 4560 1456 4611 missum
1501 4559 1912 4631 archangelum,

307 4641 797 4712 supervenientem
821 4641 1107 4711 Spiritum,
1156 4643 1350 4700 Filium
1373 4657 1715 4716 conceptum,
1747 4649 1914 4704 Deum

306 4730 760 4797 natum,stellam
791 4746 1006 4797 novam,
1033 4749 1317 4804 magorum
1339 4735 1589 4805 gloriam,
1621 4754 1911 4794 munerum

305 4812 572 4894 gratiam,
601 4831 658 4877 et
682 4837 849 4893 super
873 4823 988 4878 hac
1013 4825 1195 4878 omnia
1226 4828 1598 4882 testimonium
1631 4833 1913 4886 conscien-

309 4914 405 4967 tia:
424 4910 578 4966 sua?
597 4909 725 4966 Haec
752 4920 879 4966 sunt
901 4912 1008 4968 duo
1052 4927 1173 4983 qua:
1197 4915 1519 4984 virginalem
1551 4919 1913 4975 substantiam

304 5017 430 5061 tota
472 5004 893 5060 circumdedere
939 5006 1165 5068 virtute.
1216 5009 1556 5064 continentia
1605 5011 1814 5067 scilicet
1858 5024 1915 5068 et

301 5095 552 5159 devotio,
587 5108 820 5166 quorum
853 5095 1084 5151 alterum
1137 5114 1383 5165 carnem,
1412 5099 1639 5156 alterum
1671 5113 1908 5161 mentem

301 5186 382 5240 ω
416 5184 684 5254 possedit.
734 5193 794 5238 ut
835 5201 969 5242 caro
1015 5189 1396 5254 mundissima,
1436 5193 1592 5248 mens
1618 5194 1910 5263 purissima

300 5276 634 5348 genitricem
666 5275 880 5331 Domini
905 5278 1239 5347 singular-ius
1269 5293 1676 5339 consecrarent.

378 5365 489 5423 Sed
521 5383 592 5422 ne
622 5378 846 5434 putares
872 5367 959 5424 his
987 5371 1196 5425 duabus
1245 5372 1377 5428 solis
1431 5375 1728 5433 virtutibus
1776 5378 1904 5432 insi-

298 5464 511 5536 gnium
537 5462 817 5517 dominam
842 5465 992 5520 orbis
1035 5475 1091 5520 et
1121 5468 1362 5536 reginam
1401 5469 1684 5535 caelorum,
1711 5473 1902 5528 subse-

297 5558 493 5626 quitur
513 5553 928 5622 Scripturarum
947 5559 1273 5615 auctoritas:
1303 5560 1368 5614 Et
1399 5563 1634 5618 universi
1666 5564 1905 5634 pulveris

297 5645 682 5716 pigmentarii.
740 5643 839 5699 llic
880 5661 1199 5716 expressum
1245 5659 1329 5704 est
1358 5652 1620 5721 quidquid
1670 5657 1902 5725 exprimi

299 5736 500 5806 potuit.
521 5732 752 5805 Species
779 5735 996 5803 quidem
1033 5737 1256 5806 integre
1283 5741 1502 5796 odorem
1535 5741 1783 5812 reddunt,
1810 5749 1903 5802 sed

2020 4563 2214 4616 culitnr
2239 4574 2294 4619 et
2323 4575 2618 4621 veneratur
2665 4569 2732 4621 ab
2776 4572 3051 4635 omnibus,
3085 4574 3174 4641 qui
3205 4574 3402 4628 nobilis
3432 4575 3614 4630 archi-

2021 4665 2198 4710 tectus
2219 4670 2342 4711 cum
2372 4657 2547 4712 beatis
2565 4658 2896 4728 coapostolis
2912 4664 3025 4740 suis
3050 4661 3187 4718 tideiv
3204 4661 3619 4720 fundamentum

2021 4747 2222 4813 posuit,
2275 4759 2440 4815 super
2492 4749 2636 4818 quod
2689 4752 2969 4805 nascentis
3028 4751 3285 4808 Ecclesia:
3340 4764 3622 4810 structura

2020 4838 2279 4892 surrexit.
2311 4837 2426 4894 Huc
2461 4839 2672 4894 accedit
2697 4842 2846 4910 quia,
2883 4859 3006 4898 cum
3037 4856 3260 4901 senatus
3287 4847 3622 4916 apostolicus

2015 4926 2206 4996 j'udicii
2233 4929 2336 4984 sibi
2357 4930 2600 4987 vindicet
2621 4932 2816 4986 solium
2846 4947 3009 5004 atque
3032 4937 3172 4991 inter
3201 4952 3396 4993 omnes
3428 4939 3620 4994 beato-

2018 5036 2136 5073 rum
2153 5022 2373 5077 ordines
2399 5025 2629 5093 egregiae
2656 5025 2941 5094 dignitatis
2959 5027 3201 5083 obtineat
3223 5031 3616 5102 principatum,

2019 5111 2119 5164 iste
2180 5113 2234 5166 in
2283 5127 2477 5168 eorum
2535 5116 2785 5183 catalogo
2816 5131 2922 5172 non
2974 5121 3328 5175 mediocriter
3385 5115 3616 5194 insignis

2015 5213 2179 5273 atque
2211 5208 2542 5277 conspicuus
2587 5220 2802 5263 sextum
2852 5211 3065 5265 obtinet
3096 5214 3294 5268 locum.
3330 5214 3422 5268 Ait
3464 5217 3615 5269 enim

2014 5295 2345 5365 evangelista
2376 5296 2662 5353 Mattltaaus
2699 5317 2710 5352 :
2753 5318 2770 5350 ι
2808 5299 3105 5356 Duodecim
3132 5312 3313 5358 autem
3342 5305 3616 5373 apostolo-

2014 5399 2132 5437 rum
2164 5385 2385 5440 nomina
2428 5397 2556 5441 sunt
2605 5388 2722 5442 hac
2752 5406 2765 5441 :
2800 5390 3010 5458 primus
3042 5391 3257 5456 Simon,
3291 5395 3382 5462 qui
3411 5395 3612 5448 dicitur

2015 5475 2225 5541 Petrus,
2258 5488 2313 5531 et
2340 5479 2586 5534 Andreas
2615 5480 2786 5535 frater
2813 5481 2952 5550 ejus,
3000 5482 3235 5540 Iacobus
3265 5483 3533 5549 Zebedrl,
3556 5498 3613 5540 et

2011 5563 2248 5622 Joannes
2300 5567 2473 5624 frater
2500 5570 2637 5637 ejus.
2697 5571 2998 5642 Philippus,
3053 5583 3108 5630 et
3157 5575 3621 5639 Bartbolommus.“

2013 5655 2269 5720 Thomas,
2305 5667 2360 5713 et
2389 5658 2672 5716 Matthazus
2722 5662 3062 5730 publicanus,
3109 5664 3341 5721 Jacobus
3372 5666 3612 5736 Alpha-i,

2012 5761 2067 5804 ct
2090 5748 2412 5817 Tbaddarus,
2435 5751 2621 5807 Simon
2646 5752 3089 5822 Chaonians.“
3112 5755 3279 5814 ludas
3297 5756 3602 5821 lscariotes,
