5450 6392
1970 341 2078 398 ἠδ

2580 340 2634 397 S.
2669 341 2870 397 PETlll
2913 338 3193 396 DAMIANI
3231 335 3380 393 OPP.
3420 333 3596 390 PARS
3631 332 3760 390 SEU
3800 330 4036 392 τοιιυε
4078 331 4141 390 ll.
4169 362 4240 376 -—-
4266 328 4651 390 SEBIONES.

5142 314 5245 374 τίι

1969 457 2062 526 qui
2083 466 2136 510 et
2160 452 2379 508 tradidit
2398 467 2523 506 eum
2545 451 3200 523 (Hatth.x).illisitaque
3221 456 3554 511 convocatis.
3586 457 3632 511 Α
3661 448 3786 502 licet
3830 459 3989 503 erant
4045 448 4328 506 duodecim
4386 449 4580 509 fontes.
4613 457 4668 502 et
4691 447 5033 516 septuaginta
5058 438 5246 513 palli-

1971 557 2033 600 ut
2054 543 2384 615 evangelista
2414 544 2717 613 praemittit.
2741 545 2887 599 dedit
2911 543 3017 598 illis
3039 543 3298 599 Dominus
3321 549 3556 611 potesta-

1972 645 2081 690 tem
2103 634 2387 703 spirituum
2410 634 2834 699 immundorum,
2854 632 3310 702 utejicerenteos.
3327 640 3380 685 et
3400 646 3556 685 cura-

1970 736 2320 782 rentomnem
2335 727 2649 796 languorem
2662 737 2715 782 et
2728 741 2944 782 omnem
2957 726 3326 782 infirmitatem
3343 724 3550 794 (liud).

1971 818 2187 875 Marcus
2230 821 2392 874 etiam
2449 818 2698 873 eumdem
2761 826 2973 872 sextum
3031 818 3318 873 constituit
3374 816 3552 871 locum

1969 910 2167 980 (Marc.
2199 911 2304 980 ιιι).
2323 909 2476 964 Unde
2496 909 2750 980 colligere
2774 924 3061 980 possumus
3081 920 3284 978 quanta
3314 909 3366 961 in
3393 908 3552 960 beato

1961 991 2363 1054 Bartholomm
2433 998 2754 1052 meritorum
2815 1000 3172 1069 prarogativa
3250 997 3553 1060 claruerit,

1966 1090 2129 1161 20⁸1
2171 1089 2263 1159 qui
2305 1099 2413 1143 tam
2441 1089 2710 1154 sublimis,
2744 1098 3013 1158 tantasque
3064 1089 3248 1158 gloriae
3301 1089 3451 1142 viros
3497 1089 3552 1141 in

1966 1181 2262 1252 apostolica
2297 1181 2557 1252 dignitate
2601 1180 2881 1250 prazcellit.
2919 1179 3214 1236 Praefertur
3241 1180 3385 1234 enim
3416 1179 3554 1233 Mat-

1967 1274 2132 1337 tbao,
2152 1273 2241 1343 qui
2274 1272 2327 1326 in
2351 1272 2576 1342 mystica
2601 1271 3062 1342 evangelistarum
3094 1271 3356 1341 quadriga
3405 1272 3554 1340 prin.-

1963 1363 2192 1434 cipalcm
2221 1363 2460 1433 possidet
2489 1362 2692 1429 locum,
2745 1372 2802 1418 et
2848 1372 3110 1433 tanquam
3160 1361 3362 1417 Phison
3409 1364 3555 1417 inter

1963 1470 2197 1516 caeteros
2233 1459 2421 1515 fluvios
2473 1460 2539 1516 de
2593 1460 2829 1530 paradisi
2889 1459 3037 1515 fonte
3087 1460 3302 1529 primus
3340 1467 3556 1513 emetat

1961 1551 2120 1621 (Gen.
2140 1553 2223 1625 it),
2238 1562 2401 1623 atque
2420 1565 2635 1607 omnem
2657 1554 2847 1606 mundi
2871 1551 3206 1607 latitudinem
3231 1551 3554 1621 evangelica:

1963 1648 2229 1703 doctrina
2272 1648 2491 1702 liuentis
2529 1647 2773 1701 inundat.
2833 1646 3171 1717 Prmponitur
3195 1647 3552 1701 nihilominus

3661 539 3854 606 (Exod.
3891 541 3998 608 sv).
4054 541 4192 606 Quid
4240 540 4384 594 enim
4430 555 4527 608 per
4552 538 4838 592 duodecim
4887 537 5091 598 fontes.
5140 529 5243 588 nisi

3660 631 3828 684 sancti
3881 630 4234 699 designantur
4274 629 4527 700 apostoli.
4583 628 4673 699 qui
4706 625 5014 682 ariditatem
5066 621 5246 680 cordis

3661 722 3876 775 humani
3902 731 4103 773 sancta:
4135 721 4539 787 praedicationis
4587 734 4692 772 non
4730 718 4985 772 desinunt
5013 713 5245 783 irrigare

3656 813 3901 866 liuentis?
3935 812 4071 878 Quid
4132 829 4257 867 vero
4305 829 4400 882 per
4449 812 4790 882 septuaginta
4828 809 5070 880 palmas;
5134 807 5236 860 nisi

3659 904 3931 960 inferioris
3983 906 4184 976 gradus
4245 905 4444 959 debent
4491 903 4808 959 sacerdotes
4862 901 5117 972 intelligi,
5146 900 5241 970 qui

3658 997 3933 1050 constituti
3955 1006 4080 1050 sunt
4103 1011 4198 1065 per
4220 995 4476 1050 mundum
4493 993 4691 1049 Christi
4716 1008 4942 1048 narrare
4964 991 5248 1046 victorias!

3657 1085 3839 1139 Palma
3871 1087 4140 1154 siquidem
4167 1101 4388 1139 manum
4428 1084 4566 1139 solet
4619 1085 4886 1139 honorare
4937 1083 5246 1137 victricem.

3656 1177 3832 1248 ipsum
3858 1191 4073 1246 quoque
4098 1191 4292 1230 nomen
4320 1176 4453 1230 Elim
4476 1176 4758 1247 aptissime
4777 1189 5080 1245 congruere
5103 1172 5250 1226 vide-

3659 1277 3745 1322 tur
3797 1268 4074 1335 apostolis.
4128 1266 4268 1320 Elim
4326 1268 4471 1321 enim
4524 1267 4756 1321 vertitur
4807 1266 4860 1319 in
4890 1267 5106 1318 arietes.
5141 1263 5249 1333 Ipsi

3655 1360 3913 1414 nimirum
3967 1359 4135 1413 duces
4179 1360 4386 1430 gregis.
4440 1368 4690 1428 pastores
4729 1359 4933 1422 ovium,
4999 1356 5248 1425 magistri

3654 1451 3918 1519 gentium.
3946 1451 4112 1520 εοο
4157 1451 4428 1520 principes
4479 1450 4821 1520 populorum.
4867 1449 4973 1519 Ipsi
5016 1449 5251 1504 duoru-

3654 1543 4126 1597 Testamentorum
4173 1544 4497 1598 auctoritate
4546 1541 4752 1597 δυσαιιί
4801 1551 5064 1610 tanquam
5105 1538 5252 1594 binis

3654 1639 3912 1692 cornibus
3944 1637 4275 1706 pnemnniti.
4325 1637 4565 1707 lupinam
4617 1636 4998 1691 hereticorum
5029 1648 5094 1687 ac
5138 1633 5251 1686 Deo

1963 1746 2020 1791 et
2049 1737 2206 1793 beato
2235 1736 2479 1799 Thomag,
2536 1738 2688 1806 cujus
2736 1737 2935 1808 digitus
2977 1739 3234 1809 magister
3267 1739 3443 1793 facta;
3467 1747 3551 1793 εει
3585 1807 3608 1809 _
3657 1726 4029 1781 resistentium
4087 1729 4293 1780 rabiem
4325 1725 4614 1784 ventilant.
4648 1733 4703 1777 ut
4749 1734 5040 1792 sequentes
5063 1722 5249 1774 oviu

1962 1829 2580 1899 mundi,quiprincipali
2605 1807 3547 1899 quadamdignitateveredicendus
3581 1807 3623 1865 Β
3656 1827 3863 1869 ιιιτιηειε
3906 1817 3971 1868 ad
4013 1817 4112 1870 Viri

3098 1828 3547 1883 ενετεάίεεηάυε
3581 1807 3623 1865 Β
3656 1827 3863 1869 turmas
3906 1817 3971 1868 ad
4013 1817 4306 1871 viriditatis
4351 1826 4570 1870 aeterna:
4622 1829 4824 1887 pascua
4864 1814 4982 1869 sine
5027 1812 5250 1868 lasioas

1963 1929 2051 1976 est
2073 1920 2259 1986 index,
2281 1920 2407 1990 quia
2438 1920 2723 1974 veritatem
2758 1918 3051 1975 Dominiue
3077 1923 3260 1975 carnis
3289 1922 3547 1991 ignoran-

1964 2013 2112 2068 tibus
2154 2013 2431 2068 indicavit.
2487 2011 2585 2067 Hic
2613 2013 2758 2068 enim
2792 2013 2984 2068 beatus
3024 2014 3305 2083 apostolus
3328 2015 3552 2068 certitu-

1963 2105 2152 2159 dinem
2180 2105 2334 2159 nobis
2357 2119 2450 2158 sua
2477 2103 2752 2159 dubietate
2765 2105 3024 2176 providit.
3043 2114 3097 2159 et
3119 2105 3247 2158 dum
3276 2113 3553 2158 scrutatur

1968 2191 2196 2246 vulnera
2241 2191 2556 2254 Salvatoris,
2588 2193 2788 2247 evertit
2842 2208 3061 2248 errores
3089 2203 3254 2262 atque
3281 2193 3553 2249 versutias

1963 2277 2235 2336 haeretica
2264 2284 2569 2351 pravitatis.
2613 2283 2803 2352 Palpat
2841 2284 2986 2338 enim
3019 2287 3305 2340 veritatem
3346 2286 3550 2350 carnis.

1965 2382 2022 2426 et
2050 2372 2304 2442 intelligit
2327 2373 2775 2441 omnipotentiam
2812 2373 3054 2430 deitatis.
3090 2393 3108 2425 ι
3149 2375 3433 2440 Dominus,
3466 2378 3552 2430 in—

1963 2464 2105 2536 quit,
2130 2477 2281 2520 meus
2305 2473 2360 2518 et
2383 2464 2524 2519 Deus
2551 2478 2702 2520 meus
2730 2464 2913 2533 (Joan.
2942 2466 3058 2535 xx).
3099 2484 3118 2518 ι

2039 2553 2358 2624 Quanquam
2399 2571 2530 2625 ergo
2575 2557 2642 2611 de
2671 2557 2731 2611 Β.
2765 2556 3162 2613 Bartholomaio
3193 2558 3246 2613 in
3279 2557 3555 2613 authenti-

1966 2647 2050 2705 cis
2093 2645 2248 2702 libris
2277 2646 2352 2702 nil
2377 2647 2675 2718 proprium,
2702 2648 2787 2702 vel
2842 2649 3135 2719 singulare,
3182 2658 3380 2719 prmtcr
3405 2666 3557 2705 com-

1966 2750 2187 2792 munem
2243 2736 2453 2808 legatur
2481 2737 2790 2801 bistoriam,
2828 2739 3090 2809 quidquid
3135 2750 3313 2795 tamen
3358 2756 3423 2794 ex
3470 2741 3556 2795 his

1964 2827 2166 2897 quibus
2219 2828 2332 2897 ipse
2385 2827 2747 2896 praeponitur,
2817 2827 3225 2898 Scripturarum
3287 2832 3556 2901 reperitur

1963 2919 2109 2988 style
2138 2917 2431 2988 digestum,
2457 2917 2510 2972 in
2531 2918 2649 2988 ejus
2671 2933 2886 2989 quoque
2913 2934 3021 2974 non
3048 2920 3329 2975 dubitatur
3358 2921 3556 2976 redun-

1964 3009 2098 3063 dare
2128 3009 2459 3078 praaconium
2485 3026 2502 3074 ;
2535 3009 2667 3065 licet
2719 3025 2906 3065 omnes
2933 3011 3106 3065 sancti
3133 3012 3363 3082 apostoli
3392 3011 3554 3064 unius

1963 3100 2235 3171 privilegii
2291 3102 2631 3173 dignitatem,
2679 3102 2839 3159 unius
2886 3102 3086 3174 fastigii
3145 3103 3552 3169 celsitudinem,

1965 3207 2067 3249 nec
2090 3193 2361 3264 disparem
2406 3193 2646 3250 caelestis
2684 3195 2871 3265 gratiae
2898 3196 3320 3265 eomprobentur
3352 3195 3554 3250 habere

1965 3285 2250 3339 virtutem.
2297 3283 2433 3339 Nam
2483 3283 2627 3353 quod
2676 3286 2837 3340 beato
2873 3285 3036 3341 Petro
3078 3285 3341 3341 Dominus
3375 3285 3556 3340 claves

1968 3375 2124 3444 regni
2170 3374 2434 3430 ctelurum
2490 3376 2711 3445 speciali
2760 3377 2994 3446 quadam
3040 3375 3210 3430 voluit
3266 3375 3556 3431 traditione

1971 3465 2314 3520 committere
2337 3465 2556 3536 (Hauh.
2588 3467 2765 3537 xvm),
2786 3467 2888 3522 hoc
2914 3475 3200 3536 propterea
3222 3466 3428 3523 factum
3451 3476 3552 3530 est,

1968 3567 2032 3613 ut
2061 3557 2323 3612 unitatem
2360 3556 2615 3613 Ecclesia:
2642 3558 3069 3612 commendaret.
3097 3557 3367 3612 Caeterum
3393 3556 3554 3627 quid-

1968 3649 2098 3720 quid
2122 3649 2212 3703 uni
2242 3649 2552 3720 specialiter
2570 3648 2735 3709 dedit.
2763 3649 3129 3708 communiter
3149 3648 3404 3704 omnibus
3425 3663 3554 3702 con-

1969 3739 2116 3795 tulit.
2167 3739 2430 3796 Omnibus
2480 3741 2628 3795 enim
2674 3741 2807 3795 dicit
2859 3758 2870 3793 :
2920 3759 2940 3790 ι
2993 3738 3236 3810 Accipite
3289 3740 3552 3810 Spiritum

1970 3840 2259 3902 sanctum;
2284 3846 2516 3902 quorum
2559 3831 2880 3886 remiseritis
2908 3840 3156 3900 peccata.
3204 3832 3557 3885 remittuntur

1968 3924 2073 3990 eis,
2095 3932 2391 3994 etquorum
2428 3923 2782 3987 retinueritis,
2803 3932 3011 3978 retenta
3034 3932 3162 3979 sunt
3186 3921 3372 3992 (Joaa.
3389 3921 3507 3990 xx).
3532 3940 3551 3973 ι

1969 4017 2036 4073 Et
2061 4017 2237 4073 Lucas
2282 4017 2359 4072 ait
2393 4017 2572 4084 :Quia
2599 4016 2914 4072 convocatis
2939 4015 3225 4071 duodecim
3272 4010 3554 4086 apostolis,

1969 4106 2121 4163 dedit
2143 4106 2248 4162 illis
2269 4107 2525 4161 virtutem
2570 4115 2626 4161 ct
2653 4114 2978 4176 potestatem
3031 4120 3195 4174 super
3227 4104 3410 4158 omnia
3441 4104 3553 4159 daa-

1967 4199 2177 4264 monia,
2206 4209 2261 4253 ct
2289 4208 2348 4252 ut
2401 4197 2689 4267 languores
2733 4205 2990 4251 curarent
3018 4193 3175 4267 (Luc.
3204 4196 3282 4267 x).
3313 4194 3471 4251 Unde
3501 4202 3558 4250 et

1965 4290 2086 4362 ipse
2136 4291 2396 4346 Dominus
2449 4289 2528 4343 ait
2570 4306 2582 4341 :
2620 4306 2638 4339 ι
2676 4288 2815 4342 Ecce
2861 4287 2984 4342 dedi
3027 4287 3180 4342 vobis
3231 4296 3557 4358 potestatem

1969 4381 2218 4437 calcandi
2265 4394 2427 4449 supra
2479 4387 2761 4448 serpentes
2803 4386 2859 4432 et
2915 4377 3248 4446 scorpiones.
3289 4385 3346 4430 et
3394 4389 3558 4444 super

3656 1908 3972 1976 perducant.

3728 1999 3790 2052 Et
3825 2001 4119 2052 notandum
4145 1999 4286 2068 quod
4324 1999 4466 2054 sicut
4495 1997 4553 2053 Β.
4600 1996 5030 2052 Βετιιιοιοιιιωιιδ
5057 2004 5252 2050 sextus

3655 2103 3739 2145 est
3765 2093 3903 2144 intra
3929 2093 4175 2144 ordinem
4202 2091 4583 2161 apostolicum,
4601 2089 4678 2144 sic
4700 2088 4838 2143 Elim
4862 2101 5081 2156 quoque
5107 2086 5252 2140 intra

3657 2185 3935 2238 Israelitici
3972 2184 4148 2254 populi
4181 2183 4495 2238 mansiones
4544 2191 4757 2236 sextum
4805 2180 5016 2233 obtinet
5044 2177 5248 2238 locum.

3657 2285 3711 2328 ιιι
3737 2277 3859 2328 huic
3890 2290 4082 2328 nomen
4111 2274 4415 2345 spiritualis
4436 2273 4625 2328 arietis
4647 2271 4930 2341 aptissime
4953 2278 5246 2340 congruat.

3656 2382 3685 2419 s
3714 2382 3819 2433 quo
3845 2366 3994 2419 locus
4029 2367 4166 2435 ipse.
4196 2367 4286 2434 qui
4341 2366 4519 2420 fontes
4567 2363 4734 2418 habet
4782 2362 5112 2434 apostolicos
5153 2375 5256 2430 per

3656 2458 3894 2511 nominis
3924 2468 3976 2511 et
3997 2457 4205 2509 ordinis
4221 2457 4537 2526 mysterium
4566 2470 4670 2509 non
4693 2453 4987 2508 discordat.
5016 2450 5250 2506 Sextum

3664 2551 4021 2604 nihilominus
4047 2549 4224 2602 locum
4246 2549 4494 2602 Issachar
4521 2549 4658 2600 inter
4679 2545 4877 2600 fratres
4911 2544 5102 2608 tenuit,
5126 2558 5258 2597 cum

3657 2656 3781 2696 eum
3814 2641 4117 2710 patriarcha
4146 2639 4313 2694 Jacob
4353 2655 4475 2693 cum
4523 2637 4736 2693 caeteris
4778 2636 5042 2691 fratribus
5082 2636 5254 2689 bene-

3658 2732 3813 2785 dixit.
3842 2729 4014 2800 Cujus
4028 2731 4192 2784 etiam
4247 2728 4555 2784 benedictio
4584 2729 4743 2782 beato
4771 2741 4989 2798 quoque
5020 2725 5242 2779 Barthc-

3661 2817 3853 2872 lumao
3896 2817 4183 2884 perspicue
4240 2816 4517 2885 congruit.
4575 2814 4667 2883 qui
4723 2812 4978 2868 videlicet
5020 2811 5249 2870 Indiam.

3660 2911 3915 2982 gentilem
3948 2911 4135 2979 utique
4182 2908 4462 2978 populum,
4485 2907 4540 2961 in
4589 2901 4795 2961 sortem
4847 2903 5254 2976 praedicationis

3660 3005 3887 3074 accepit.
3919 3005 4054 3058 Nam
4085 3020 4209 3059 cum
4237 3004 4468 3058 diversis
4494 3017 4591 3073 per
4619 3001 4858 3072 quinque
4917 2999 5058 3054 filios
5087 2999 5253 3052 bene-

3660 3098 3985 3153 dictionibus
4008 3097 4338 3160 distributis,
4369 3095 4434 3149 ad
4460 3094 4708 3150 lssachar
4739 3100 5063 3163 perventum
5085 3097 5252 3152 esset,

3661 3189 3738 3242 ait
3763 3187 3932 3243 Jacob
3959 3203 3972 3241 :
4008 3208 4025 3239 ι
4063 3188 4342 3252 lssaehar,
4360 3187 4549 3242 asinus
4577 3185 4734 3241 fortis
4755 3185 5030 3240 accubans
5061 3183 5115 3238 in
5136 3194 5254 3239 ter-

3658 3282 3841 3344 minis.
3882 3282 4015 3336 vidit
4047 3282 4308 3350 requiem.
4352 3280 4497 3349 quod
4535 3287 4682 3334 esset
4728 3278 4890 3340 bona.
4935 3286 4989 3333 et
5018 3287 5248 3340 terram.

3658 3375 3802 3444 quod
3824 3376 4048 3443 optima,
4077 3385 4131 3428 et
4162 3375 4448 3444 supposuit
4491 3374 4782 3428 humerum
4828 3387 4987 3426 suum
5036 3374 5103 3428 ad
5129 3389 5254 3444 por-

3661 3465 4053 3536 tandum(Gen.
4084 3465 4253 3536 xL-tx).
4288 3485 4305 3517 ι
4335 3465 4390 3519 In
4435 3465 4689 3521 terminis
4733 3464 4934 3534 quippe
4977 3466 5257 3520 accubare

3659 3568 3763 3620 est,
3792 3557 4105 3627 prcstolato
4140 3556 4325 3611 mundi
4357 3554 4487 3620 line,
4515 3555 4881 3625 requiescere.
4914 3554 5159 3624 nihilque
5188 3555 5254 3611 de

3658 3651 3744 3705 his
3797 3664 3918 3719 qum
3964 3663 4108 3702 nunc
4150 3648 4204 3702 in
4258 3646 4438 3700 medio
4487 3654 4795 3708 versanwr.
4839 3659 5108 3714 quatere.
5159 3645 5256 3699 sed

3657 3738 3847 3793 ultima
3870 3738 4201 3794 desiderare.
4220 3736 4286 3792 Et
4313 3735 4471 3792 fortis
4499 3736 4694 3791 asinus
4722 3735 4969 3805 requiem
4987 3737 5254 3804 optimam

3656 3833 3813 3895 vidit.
3841 3847 3963 3886 cum
3993 3829 4219 3901 simplex
4271 3828 4551 3900 gentilitas
4602 3825 4806 3882 idcirco
4854 3840 4914 3881 se
4959 3827 5026 3880 ad
5085 3826 5254 3881 robur

3659 3924 3784 3980 boni
3811 3922 3995 3992 operis
4033 3921 4215 3992 erigit,
4265 3920 4394 3990 quia
4447 3919 4516 3974 ad
4567 3926 4788 3974 aeterna
4841 3919 4969 3973 vitae
5016 3918 5255 3989 patriam

3661 4014 3856 4069 tendit.
3891 4012 4022 4079 Quae
4049 4020 4106 4067 et
4135 4011 4201 4066 ad
4247 4009 4573 4082 portandum
4631 4009 4920 4064 humerum
4973 4008 5250 4078 supponit,

3659 4106 3783 4174 quia
3809 4112 4100 4172 conspecta
4131 4115 4366 4172 superna
4389 4100 4598 4170 requie.
4620 4098 4905 4169 praceptis
4926 4098 5092 4152 etiam
5122 4112 5252 4168 gra-

3658 4196 3815 4249 vibus
3848 4194 3901 4248 in
3921 4191 4242 4264 operatione
4270 4206 4329 4247 se
4377 4189 4617 4259 subiicit.
4649 4197 4706 4244 et
4756 4189 5021 4259 quidquid
5052 4188 5250 4244 intole-

3662 4287 3832 4342 rabile
3886 4286 4308 4356 pusillanimitas
4337 4285 4558 4349 asserit.
4606 4284 4710 4340 hoc
4755 4284 4805 4339 ei
4854 4283 4974 4340 leve
4999 4297 5064 4338 ac
5092 4281 5254 4338 facile

3663 4395 3786 4450 spes
3815 4380 4272 4434 remunerationis
4298 4379 4552 4433 ostendit.

1969 4487 2188 4527 omnem
2233 4472 2490 4526 virtutem
2546 4469 2777 4533 inimici,
2832 4478 2889 4522 et
2941 4469 3078 4524 nihil
3127 4468 3281 4524 vobis
3339 4466 3560 4522 nocebit
3590 4511 3638 4570 Β
3732 4471 4048 4526 Benedictio
4076 4470 4520 4539 igiturlssachar
4543 4471 4702 4523 beato
4736 4467 5133 4522 Bartholomao
5155 4482 5256 4538 per

1969 4563 2182 4636 (Ibid).
2241 4583 2260 4616 ι
2292 4563 2358 4618 Ει
2399 4561 2558 4634 paulo
2584 4563 2836 4631 superius
2873 4580 2886 4616 :
2916 4581 2934 4614 ι
2966 4561 3070 4628 Qui
3117 4576 3214 4616 vos
3270 4561 3440 4624 audit.
3471 4576 3560 4616 me

1967 4655 2118 4709 audit
2145 4695 2159 4715 .
2206 4663 2264 4708 et
2303 4653 2395 4724 qui
2445 4667 2541 4708 vos
2586 4653 2836 4723 spernit.
2880 4667 2966 4708 me
3014 4653 3226 4722 spernit
3281 4651 3496 4723 (Ibit).
3531 4669 3550 4703 ι

1965 4745 2099 4800 lllud
2125 4745 2289 4800 etiam
2319 4746 2569 4801 omnibus
2594 4746 2730 4800 dixit
2756 4763 2769 4798 :
2805 4765 2821 4796 ι
2853 4746 2954 4814 Qui
2973 4746 3148 4802 credit
3169 4747 3221 4800 in
3244 4759 3551 4815 me,opera.

1966 4852 2089 4906 qua:
2140 4851 2242 4904 ego
2295 4835 2453 4902 facio,
2504 4845 2559 4889 et
2604 4837 2721 4905 ipse
2771 4835 2960 4900 faciet;
3014 4846 3071 4892 et
3117 4837 3323 4908 majora
3358 4838 3552 4892 horum

1966 4927 2148 4989 faciet.
2180 4927 2304 4997 quia
2333 4926 2398 4980 ad
2429 4925 2650 4982 Patrem
2673 4925 2812 4981 vado
2837 4925 3018 4996 (locu.
3048 4927 3180 4997 xiv).
3213 4946 3230 4978 ι

2035 5018 2208 5073 Porro
2233 5027 2414 5073 autem
2466 5019 2609 5087 quod
2641 5016 2892 5071 Salvator
2922 5027 3130 5082 uoster.
3169 5019 3235 5072 ad
3266 5018 3552 5088 perﬁcien-

1967 5110 2095 5164 dum
2120 5111 2474 5180 apostolicum
2499 5110 2774 5174 ordinem,
2800 5109 3126 5166 duodenarii
3149 5111 3363 5166 numeri
3387 5111 3555 5166 voluit

1915 5191 1917 5194 i
1969 5201 2170 5271 eligere
2221 5203 2600 5270 quantitatem,
2631 5203 2747 5258 hzec
2798 5213 2879 5258 est
2909 5219 3077 5258 causa
3115 5223 3126 5256 :
3159 5204 3425 5272 Quoniam
3472 5214 3556 5260 ter

1968 5293 2226 5364 quaterni
2253 5293 2538 5348 duodecim
2566 5293 2724 5357 tiunt.
2750 5303 2806 5346 et
2853 5295 3081 5349 rationis
3109 5297 3242 5351 ordo
3272 5296 3551 5366 poscebat,

1967 5396 2030 5440 ut
2050 5385 2334 5441 duodecim
2361 5385 2694 5457 eligerentur
2736 5385 2978 5456 apostoli,
3008 5387 3100 5455 qui
3129 5396 3332 5443 sancte
3370 5387 3551 5442 Trini-

1971 5478 2100 5530 tatis
2139 5475 2300 5531 ﬁdem
2343 5484 2664 5549 spargerent
2716 5491 2814 5546 per
2862 5486 3098 5546 quatuor
3135 5486 3318 5548 partes
3344 5478 3550 5531 mundi.

1969 5563 2072 5618 Hic
2091 5564 2255 5632 plane
2301 5566 2561 5636 mysticus
2615 5579 2873 5620 numerus
2901 5565 3108 5620 sanctis
3134 5567 3394 5637 apostolis
3420 5583 3550 5622 con-

1971 5655 2165 5708 venire
2182 5665 2309 5710 tunc
2323 5656 2692 5712 indubitanter
2718 5658 3052 5726 agnoscitur,
3078 5673 3202 5712 cum
3227 5658 3552 5714 lsraeliticus

1975 5746 2209 5824 pupulas
2239 5748 2292 5803 in
2320 5749 2454 5802 Elim
2494 5759 2670 5805 castra
2701 5751 2943 5821 posuisse
2976 5761 3225 5806 narratur
3255 5795 3265 5805 .
3292 5752 3380 5806 ubi
3407 5755 3550 5808 vide.

3662 4563 3918 4634 gentilcm
3970 4560 4225 4631 populum
4266 4559 4542 4627 congruit.
4592 4572 4755 4627 quem
4784 4558 4912 4612 dum
4960 4571 4990 4608 a
5034 4556 5253 4611 cultura

3662 4659 3967 4712 daemonum
3997 4654 4320 4710 Christiana:
4350 4654 4471 4708 fidei
4514 4652 4763 4716 sociavit,
4798 4652 4850 4705 in
4895 4650 5109 4704 unitate
5138 4653 5254 4720 spi-

3663 4753 3800 4804 ritus
3845 4746 4246 4816 quodammodo
4282 4761 4440 4800 suum
4497 4759 4698 4813 corpus
4742 4741 4942 4798 effecit.
4992 4741 5171 4796 Unum
5200 4751 5256 4795 et

3660 4859 3758 4897 nos
3785 4856 3908 4896 cum
3940 4841 4144 4894 sanctis
4174 4837 4435 4908 apostolis
4482 4851 4690 4902 sumus.
4717 4836 4762 4890 si
4791 4850 4900 4889 non
4934 4834 5100 4889 modo
5127 4832 5254 4888 fidei

3661 4933 3942 4993 meritum.
4001 4931 4095 4984 sed
4149 4939 4204 4982 et
4263 4927 4697 4983 conversationis
4737 4941 4926 4980 eorum
4976 4925 5256 4979 imitemur

3662 5023 3990 5093 exemplum.
4033 5022 4175 5076 sicut
4219 5036 4313 5089 per
4335 5019 4563 5074 Paulum
4601 5019 4840 5073 dicitur:
4877 5036 4894 5067 ι
4933 5017 5146 5071 Etenim
5201 5019 5252 5068 in

3660 5133 3769 5172 uno
3788 5115 3983 5185 spiritu
4004 5129 4193 5168 omnes
4227 5129 4323 5167 nos
4362 5113 4413 5166 in
4440 5128 4604 5166 unum
4638 5126 4838 5182 corpus
4875 5109 5138 5177 baptizati
5165 5125 5256 5163 su-

3663 5225 3804 5271 mus.
3827 5207 3940 5260 sive
3967 5204 4156 5266 Juda'i.
4183 5205 4296 5259 sive
4323 5204 4572 5275 gentiles.
4597 5203 4713 5258 sive
4738 5202 4904 5264 servi,
4930 5201 5044 5254 sive
5069 5199 5253 5258 liberi.

3662 5309 3715 5354 ct
3737 5314 3926 5354 omnes
3949 5314 4055 5352 uno
4081 5299 4270 5368 spiritu
4295 5297 4462 5367 potati
4490 5311 4677 5350 sumus
4697 5295 4748 5364 (1
4773 5294 4898 5349 Cor.
4916 5296 5035 5362 xu).
5061 5313 5079 5344 ι
5104 5293 5252 5360 Qua-

3664 5401 3884 5462 propter
3931 5405 4117 5444 eorum
4170 5391 4326 5444 nohis
4374 5403 4595 5444 necesse
4627 5397 4709 5442 est
4758 5400 4975 5456 semper
5003 5386 5250 5456 exempla

3663 5497 3983 5553 proponere.
4026 5493 4084 5535 ut
4124 5497 4152 5533 a
4195 5482 4393 5551 quibus
4442 5480 4787 5549 agnoscimur
4821 5477 4873 5531 in
4927 5475 5252 5545 Megeniti.

3663 5589 3767 5628 non
3800 5574 4081 5627 videamur
4104 5573 4320 5626 dissona
4369 5571 4492 5625 vine
4520 5571 4785 5641 qualitate
4821 5567 5065 5623 discreti.
5102 5565 5254 5622 [inde

3661 5675 3743 5717 est
3766 5665 3907 5734 quod
3942 5677 4060 5734 post
4090 5662 4341 5717 lordauis
4372 5665 4659 5718 transitum
4693 5663 4760 5717 ad
4791 5659 4958 5716 Iosue
4985 5657 5250 5712 Dominus

3661 5755 3732 5808 ait
3768 5773 3778 5806 :
3817 5774 3831 5801 ‹
3876 5754 4019 5824 Elige
4054 5754 4334 5808 duodecim
4387 5755 4552 5819 viros.
4589 5753 4832 5825 singulos
4883 5767 4981 5823 per
5009 5749 5253 5820 singulas
