5450 6324
989 346 1108 406 ηδ.

2421 319 2657 388 εειωο
2690 315 2851 380 ιω.

4181 299 4287 360 725

987 460 1181 528 tribus,
1212 471 1268 516 et
1293 455 1528 532 pracipe
1567 453 1649 512 eis
1691 462 1750 510 ut
1774 450 2080 519 tollanLde
2108 447 2291 505 medio
2318 442 2583 502 Iordanis
2609 442 2657 503 Α
2685 431 2968 532 apostolis,
3002 430 3391 532 huiusAmundli
3422 429 3723 532 dilectores
3767 437 3799 480 a
3847 421 4029 496 rigore
4056 433 4177 478 sese
4203 431 4292 476 tu-

987 551 1170 617 alveo,
1212 549 1302 604 ubi
1350 554 1628 602 steterunt
1677 544 2020 600 sacerdotum
2067 540 2267 612 pedes,
2294 535 2585 594 duodecim

987 642 1310 699 durissimos
1339 635 1571 706 lapides.
1601 648 1740 704 quos
1768 630 1984 704 ponetis
2027 630 2082 686 in
2106 627 2229 685 loco
2250 634 2579 689 castrorum,

986 732 1081 788 ubi
1125 728 1357 791 ﬁxeritis
1396 727 1501 782 hac
1545 734 1706 780 nocte
1751 721 1984 779 tentoria
2031 720 2174 791 (Ias.
2207 717 2304 788 tv).
2363 734 2384 770 ι
2441 713 2584 782 Quid

987 823 1174 891 itaque
1228 834 1327 891 per
1381 815 1638 874 Iordanis
1694 815 2008 878 transitum,
2064 811 2170 868 nisi
2235 807 2584 880 baptismatis

986 911 1240 967 innuitur
1279 907 1718 965 sacramentum?
1759 905 1870 960 Cur
1901 903 2103 960 dicitur
2131 900 2260 972 quia
2292 897 2583 955 duodecim

985 1004 1312 1062 durissimos
1354 1001 1562 1073 lapides
1611 999 1668 1068 in
1715 997 2086 1055 testimonium
2118 1000 2443 1066 posuerunt,
2475 989 2583 1046 nisi

984 1107 1046 1153 ut
1069 1111 1168 1152 nos
1211 1095 1492 1151 instruant
1519 1101 1811 1164 quatenus,
1843 1105 1968 1147 mox
1999 1097 2061 1144 ut
2099 1088 2166 1143 de
2206 1085 2348 1143 sacri
2379 1083 2584 1141 lavacri

983 1189 1137 1245 finite
1163 1187 1562 1259 consurgimus,
1593 1183 1820 1240 virtutis
1874 1181 2189 1252 apostolica
2217 1179 2373 1235 nobis
2397 1192 2584 1235 exem-

981 1281 1076 1354 pla
1107 1279 1401 1338 fortissima
1428 1275 1832 1350 proponamus?
1860 1282 1922 1330 ut
1951 1273 1987 1328 ii
2018 1271 2177 1328 nobis
2218 1270 2426 1340 lapides
2468 1268 2584 1326 sint

983 1375 1044 1431 in
1075 1373 1475 1436 testimonium,
1525 1369 1655 1425 dum
1698 1367 2083 1425 contendimus
2122 1365 2192 1421 ad
2243 1365 2583 1420 incrementa

983 1466 1276 1523 virtutum.
1333 1463 1486 1520 Unde
1512 1462 1763 1534 protinus
1803 1459 1969 1518 Iosue
2011 1459 2237 1531 iubetur
2277 1468 2339 1515 ut
2371 1458 2424 1514 in
2455 1457 2584 1515 Gal-

985 1558 1109 1630 gala
1159 1572 1283 1614 cum
1333 1555 1530 1627 populo
1579 1561 1841 1620 transeat,
1871 1562 2038 1625 atque
2092 1553 2204 1609 illic
2245 1567 2341 1609 eos
2387 1550 2582 1609 cultris

985 1649 1213 1721 lapideis
1233 1648 1614 1705 circumcidat.
1655 1646 1840 1714 Petra,
1867 1655 1929 1701 ut
1973 1645 2052 1702 ait
2094 1644 2407 1718 Apostolus,
2460 1652 2584 1700 erat

983 1741 1238 1798 Christus
1285 1739 1341 1810 (l
1387 1738 1511 1796 Cor.
1565 1738 1646 1808 κ).
1701 1737 1808 1793 Per
1849 1737 2100 1794 cultellos
2151 1753 2284 1809 ergo
2338 1737 2587 1808 lapideos

985 1830 1154 1903 209
1195 1829 1664 1895 circumcidimur,
1708 1843 1833 1885 cum
1887 1844 1986 1899 per
2039 1828 2320 1884 Christum
2364 1844 2395 1884 a
2425 1827 2585 1885 nobis

987 1935 1180 1978 omnes
1206 1920 1385 1976 carnis
1413 1927 1472 1975 et
1513 1918 1742 1990 spiritus
1772 1918 2057 1974 illecebras
2091 1927 2460 1989 amputamus.
2517 1917 2586 1972 Et

987 2008 1094 2066 bac
1120 2009 1562 2074 circumcisione,
1611 2009 1756 2066 sicut
1798 2008 1909 2064 illic
1935 2009 2156 2075 dicitur,
2198 2008 2580 2082 Egyptiornm

988 2100 1371 2172 propulsamus
1397 2100 1776 2173 opprobrium,
1800 2100 2058 2171 quoniam
2083 2101 2457 2157 deludentium
2485 2119 2592 2160 nos.

985 2192 1240 2250 elidimus
1257 2193 1613 2265 petulantiam
1659 2193 1958 2249 vitiorum:
1995 2213 2014 2246 ι
2054 2192 2246 2260 Hodie,
2276 2194 2455 2265 inquit
2480 2193 2584 2250 Do-

989 2285 1179 2343 minus
1200 2286 1267 2342 ad
1302 2285 1488 2351 Iosue,
1520 2286 1716 2342 abstuli
1746 2287 2101 2357 opprobrium
2129 2286 2347 2359 Egypti
2376 2303 2406 2342 a
2430 2289 2584 2344 vobis

986 2376 1128 2451 (los.
1158 2378 1234 2450 v).
1267 2397 1288 2432 ι
1318 2377 1430 2434 Nec
1466 2378 1926 2450 pratereundum,
1955 2379 2098 2449 quod
2127 2378 2350 2452 Galgala
2381 2379 2582 2435 revela-

986 2470 1063 2526 tio
1081 2470 1490 2541 interpretatur.
1509 2471 1631 2527 Vita
1653 2471 1852 2544 quippe
1881 2471 2121 2528 carnalis
2149 2471 2339 2528 oculos
2379 2471 2585 2530 mentis

984 2568 1250 2627 excacat,
1279 2560 1578 2632 spiritualis
1607 2560 1896 2616 illuminat.
1931 2580 1950 2613 ι
1978 2561 2199 2628 Revela,
2233 2562 2432 2633 inquit,
2453 2577 2585 2618 ocu-

985 2648 1072 2705 los
1125 2665 1300 2716 meos,
1352 2659 1408 2707 et
1460 2650 1826 2707 considerabo
1866 2652 2142 2709 mirabilia
2197 2654 2265 2710 de
2313 2653 2432 2726 lege
2490 2663 2582 2710 tua

987 2738 1164 2809 (Paul.
1214 2742 1429 2814 cxvul).
1470 2762 1489 2795 ι
1524 2743 1663 2798 Cum
1695 2745 1842 2799 enim
1868 2759 1900 2800 a
1931 2746 2048 2802 suis
2089 2747 2254 2802 homo
2278 2746 2424 2803 vitiis
2469 2748 2580 2803 cir-

985 2832 1339 2899 cumciditur,
1377 2834 1444 2889 ad
1469 2833 1670 2889 divina
1699 2832 1832 2905 legis
1873 2835 2271 2894 consideranda
2320 2839 2582 2908 mysteria

987 2923 1187 2978 mentis
1203 2924 1354 2980 acies
1384 2923 1681 2991 relevatnr,
1706 2925 1764 2980 in
1783 2939 1893 2996 quo
1917 2924 2132 2983 scilicet
2162 2925 2284 2983 loco
2313 2927 2382 2984 ab
2412 2927 2584 2983 Israe-

986 3009 1145 3070 litico
1169 3014 1371 3086 populo
1401 3014 1608 3072 Pascha
1637 3015 1973 3091 celebratur,
1995 3027 2052 3074 et
2083 3019 2262 3090 typice
2282 3020 2472 3089 Agnus
2497 3020 2586 3076 ille

985 3106 1314 3172 comeditur,
1342 3106 1442 3176 qui
1479 3107 1622 3164 tollit
1653 3117 1878 3180 peccata
1911 3110 2098 3166 mundi
2129 3109 2316 3182 (Joan.
2349 3113 2414 3183 l).

1061 3195 1126 3250 Et
1168 3203 1298 3251 nota
1326 3196 1575 3253 ordinem
1606 3212 1815 3267 rerum,
1855 3214 1922 3256 ac
1964 3199 2156 3256 salutis
2185 3202 2439 3258 humana
2467 3218 2534 3275 pe

982 3287 1162 3360 pende
1210 3288 1552 3360 mysterium.
1586 3287 1883 3361 Postquam
1908 3291 1978 3348 de
2017 3291 2293 3364 baptismo
2321 3296 2478 3364 quasi
2521 3296 2589 3352 de

985 3376 1201 3449 gurgite
1224 3375 1482 3435 Iordanis
1509 3379 1749 3448 eximus,
1780 3380 2094 3454 apostolica
2121 3383 2344 3440 virtutis
2371 3395 2426 3442 et
2450 3400 2586 3442 con-

987 3467 1205 3523 stantia
1244 3467 1453 3540 lapides
1493 3470 1652 3528 nobis
1681 3471 1736 3526 in
1786 3471 2025 3545 exempli
2055 3473 2433 3531 testiinonium
2459 3491 2588 3533 con-

983 3558 1292 3628 stituimus,
1344 3577 1485 3633 quos
1518 3563 1884 3621 amulationis
1921 3565 2104 3623 studio
2131 3568 2584 3640 contemplantes,

985 3662 1018 3703 a
1050 3648 1332 3719 pravitatis
1359 3660 1563 3708 nostra
1585 3654 1856 3724 praputio
1881 3655 2363 3725 circumcidimur;
2398 3658 2589 3731 sicque

984 3738 1191 3797 dimota
1235 3741 1426 3811 procul
1452 3751 1619 3812 atque
1648 3742 1865 3799 detersa
1893 3743 2126 3815 caligine
2154 3745 2437 3812 vitiorum,
2494 3761 2586 3804 re-

983 3828 1161 3886 velata
1191 3829 1333 3887 facie
1366 3831 1632 3904 spiritalis
1659 3832 1885 3900 latitia,
1919 3833 2129 3893 Pascha
2161 3836 2503 3897 celebramus
2529 3837 2586 3894 in

983 3919 1107 3978 luce
1142 3920 1428 3977 virtutum.
1475 3920 1590 3979 Illic
1650 3923 1890 3995 primum
1931 3925 2161 3997 populus
2217 3927 2286 3982 de
2337 3926 2587 4000 frugibus

985 4020 1148 4069 terra
1174 4015 1413 4070 comedit
1442 4029 1667 4087 azymos
1700 4031 1910 4088 panes;
1957 4031 2012 4074 et
2037 4033 2267 4084 manna,
2300 4033 2411 4090 quo
2435 4029 2587 4077 eate-

983 4118 1088 4163 nus
1124 4103 1198 4160 ali
1227 4113 1656 4172 consueverant,
1707 4105 1941 4164 ulterius
1978 4124 2085 4166 non
2134 4110 2408 4181 apparuit;
2442 4110 2584 4180 Quia

980 4201 1270 4266 postquam
1298 4194 1458 4265 panis
1511 4195 1602 4252 ille
1627 4195 1814 4263 vivus,
1857 4197 1953 4267 qui
2005 4197 2076 4255 de
2125 4198 2266 4256 calo
2303 4199 2586 4258 descendit

987 4283 1173 4358 (locu.
1220 4286 1332 4358 vt)‘,
1362 4301 1430 4342 ex
1462 4301 1596 4358 agro
1643 4287 1928 4359 virginalis
1970 4287 2112 4345 uteri
2157 4289 2390 4360 prodiit;
2439 4300 2587 4363 post-

982 4391 1145 4449 quam
1175 4392 1404 4449 granum
1430 4378 1600 4436 tritici
1620 4380 1824 4438 cadens
1846 4381 1901 4436 in
1930 4391 2133 4438 terram
2164 4393 2441 4440 mortuum
2473 4394 2581 4452 est,

2686 528 2847 586 mida
2880 527 3153 601 superbia
3183 523 3464 582 humiliter
3489 519 3736 577 ﬂectunt.

2756 619 2827 675 Et
2856 634 2978 687 nos,
3009 617 3210 674 fratres
3235 613 3575 677 cbarissiml,
3599 623 3820 679 semper
3840 605 4154 676 apostolicis
4187 603 4293 658 hu-

2686 710 2962 766 miliemur
2989 707 3256 782 imperiis,
3289 714 3350 762 ut
3398 703 3631 775 rigidam
3677 701 3863 757 cordis
3903 697 4079 754 nostri
4116 695 4297 753 cervi-

2684 815 2805 857 cem
2835 813 3024 856 eorum
3065 798 3384 854 studeamus
3435 792 3729 864 subjugare
3791 787 4077 844 doctrinis.
4133 785 4298 842 Certe

2687 889 2789 960 ipsi
2843 898 2973 946 sunt
3047 886 3284 959 jyudices'
3321 883 3517 948 nostri,
3555 881 3626 937 ab
3671 879 3808 949 ipsis
3861 892 4051 933 sumus
4080 877 4136 932 in
4187 882 4299 930 tre-

2685 980 2884 1036 mendo
2906 978 3104 1036 summi
3136 975 3345 1033 Iudicis
3367 973 3624 1030 examine
3653 970 4007 1027 discutiendi.
4033 969 4180 1025 Ecce
4201 981 4300 1038 per

2685 1076 2860 1136 totum
2897 1068 3162 1124 mundum
3194 1065 3450 1123 tubarum
3473 1061 3827 1134 clangoribus
3857 1060 4132 1125 intonant,
4167 1072 4300 1113 cccc

2685 1159 2943 1218 rebellem
3001 1158 3182 1217 adhuc
3233 1155 3457 1213 Iericho
3504 1154 3660 1226 quasi
3707 1168 3834 1208 cum
3887 1165 4018 1207 arca
4071 1149 4303 1205 fmderis

2685 1263 2876 1305 eorum
2924 1247 3172 1305 doctrina
3220 1245 3547 1303 circumdat.
3604 1242 3922 1299 Excitemur
3957 1241 4026 1298 ad
4090 1240 4301 1296 tonitru

2685 1351 2857 1399 tanta
2880 1339 3307 1412 pradicationis,
3331 1353 3433 1395 nec
3455 1352 3621 1410 sopor
3648 1351 3752 1394 nos
3779 1335 3973 1392 mortis
3998 1336 4296 1406 opprimat.

2686 1435 2815 1491 dum
2845 1433 2972 1489 vita
3000 1433 3244 1490 carnalis
3263 1497 3272 1504 ,
3292 1433 3487 1490 umbra
3518 1432 3777 1491 delectat.
3819 1432 4126 1489 Audiamus
4152 1428 4302 1486 Pau-

2687 1524 2798 1580 lum
2836 1535 3095 1596 tanquam
3126 1527 3424 1582 vehemens
3462 1525 3756 1582 classicum
3787 1523 4111 1580 terribiliter
4150 1523 4298 1579 inte-

2687 1627 2947 1675 nantem:
2987 1637 3006 1672 ι
3046 1618 3317 1690 Exsurge,
3348 1617 3548 1690 inquit,
3580 1617 3676 1690 qui
3710 1617 3944 1683 dormis,
3974 1626 4031 1673 et
4061 1630 4300 1687 exsurge

2687 1727 2720 1767 a
2767 1712 3022 1779 mortuis,
3074 1721 3131 1768 et
3180 1711 3444 1769 excitabit
3494 1719 3550 1767 te
3599 1708 3855 1767 Christds
3899 1709 4122 1782 (Ephes.
4155 1707 4236 1780 v).
4273 1726 4294 1761 ι

2617 1812 2661 1873 Β
2689 1801 2863 1860 Porro
2889 1818 3016 1860 cum
3053 1802 3491 1869 sacerdotalibus
3519 1801 3666 1859 tubis
3691 1799 4060 1859 Ierichontini
4088 1797 4302 1872 lapides

2685 1893 3211 1964 obtemperaverint,
3241 1900 3298 1950 et
3338 1891 3678 1950 insensibilis
3706 1891 3800 1949 illa
3825 1891 4079 1955 materia,
4111 1889 4296 1946 diruta

2687 1983 2933 2041 funditus
2955 1993 3011 2040 et
3039 1999 3233 2042 eversa
3264 1983 3512 2051 civitate,
3546 1983 3850 2050 corruerit;
3890 1983 4167 2054 quomodo
4198 1998 4299 2040 nos

2685 2077 2754 2134 ad
2779 2077 3096 2149 apostolica
3125 2077 3542 2149 pradicationis
3569 2077 3863 2149 imperium
3891 2076 4040 2132 velut
4067 2077 4299 2132 insensi-

2685 2168 2825 2225 biles
2851 2164 3232 2238 dormiemus,
3281 2169 3375 2240 qui
3415 2184 3516 2242 per
3558 2169 3767 2226 Christi
3816 2169 4083 2241 gratiam,
4123 2169 4300 2240 .210

2686 2262 2780 2334 qni
2805 2261 2944 2333 lapis
2990 2269 3076 2320 est
3114 2263 3421 2334 angularis,
3469 2271 3525 2319 et
3554 2261 3658 2335 ipsi
3689 2260 3797 2318 vivi
3826 2260 4036 2334 lapides
4069 2261 4299 2317 sumus?

2685 2354 2991 2412 Audiamas
3015 2356 3149 2429 quid
3175 2355 3374 2413 Petrus
3404 2355 3554 2413 dicat
3579 2353 3861 2427 apostolus
3886 2371 3902 2410 :
3943 2373 3965 2407 ‹
3998 2355 4081 2412 Ad
4110 2349 4295 2428 queui.

2687 2445 2901 2516 inquit,
2932 2448 3279 2515 accedentes,
3305 2445 3541 2517 lapidem
3598 2447 3782 2502 vivum
3804 2446 3940 2512 ,‘ab
3984 2445 4296 2502 hominibus

2687 2537 2907 2608 quidem
2941 2539 3318 2610 reprobatum,
3343 2553 3374 2594 a
3402 2537 3518 2613 Deo
3564 2546 3750 2594 autem
3773 2537 4010 2594 electum
4041 2548 4092 2594 et
4129 2537 4301 2594 hono-

2685 2625 2995 2695 rilicatum;
3021 2636 3076 2684 et
3105 2628 3208 2701 ipsi
3243 2637 3505 2702 tanquam
3526 2629 3636 2685 vivi
3685 2628 3896 2702 lapides
3960 2629 4292 2701 superadill'

2686 2716 2891 2772 camini
2913 2716 3113 2774 domus
3157 2719 3461 2789 spiritualis
3508 2718 3562 2792 (l
3595 2718 3744 2774 Petr.
3799 2720 3882 2791 ll).
3921 2740 3938 2773 ι
3985 2719 4106 2774 Iam
4136 2718 4305 2792 igitur

2687 2807 2742 2863 in
2776 2809 2933 2866 nobis
2984 2811 3221 2881 superba
3273 2809 3519 2879 Iericho,
3553 2823 3661 2868 n'on
3689 2811 4147 2878 Chananaorum,
4203 2812 4302 2870 sed

2687 2898 2944 2956 vitiorum
2974 2900 3247 2957 habitatio
3273 2910 3534 2970 corruat;
3559 2911 3616 2958 et
3635 2901 3976 2958 Hierusalem
4006 2917 4168 2966 nova,
4189 2901 4304 2960 vir-

2688 2999 2868 3046 tutum
2896 2990 3168 3062 lapidibus
3196 2991 3486 3056 adiflcata,
3520 3001 3840 3064 consurgat,
3871 2992 4120 3063 ut-juxta
4145 2994 4294 3064 Apoo

2687 3078 2930 3135 stolum:
2982 3098 3002 3132 ι
3031 3079 3264 3137 Peccato
3323 3083 3548 3149 mortui,
3590 3081 3819 3153 iustitia
3872 3083 4151 3149 vivamus;
4199 3093 4295 3140 et:

2539 3221 2590 3259 r_
2619 3168 2665 3230 C
2698 3169 2802 3238 Qui
2860 3173 3192 3228 commortui
3238 3187 3429 3228 sumus
3463 3172 3719 3240 Christo,
3773 3174 3937 3229 simul
3966 3183 4024 3230 et
4053 3175 4302 3231 vivamus

2691 3275 2818 3318 cum
2845 3262 2964 3334 ipso
2990 3262 3076 3336 (II
3124 3262 3260 3319 Tim.
3291 3264 3378 3337 ιι).
3412 3282 3431 3316 ι
3475 3263 3577 3335 Qui
3609 3280 3734 3322 cum
3767 3265 3880 3321 Deo
3907 3264 4069 3323 Patre
4091 3275 4149 3323 et
4177 3267 4302 3338 Spi-

2691 3351 2802 3408 ritu
2853 3363 3046 3412 sancto
3070 3354 3206 3412 vivit
3251 3363 3324 3412 et-
3357 3365 3554 3430 regnat
3597 3357 3656 3414 in
3701 3355 3904 3414 sacula
3951 3355 4298 3416 saeculorum.

2687 3442 2885 3502 Amen.

3270 3537 3507 3598 SERMO
3543 3540 3704 3598 XLII.

2789 3665 2852 3705 ιι.
2889 3664 2959 3706 ns
2987 3666 3037 3710 ε.
3064 3663 3483 3708 neruoso-uio
3514 3666 3815 3710 aros'roco.
3856 3657 4013 3726 (xxiv
4045 3659 4198 3727 auc.)

2759 3735 3037 3795 Latamur
3056 3747 3110 3796 et
3137 3739 3441 3812 gloriamur
3466 3741 3522 3798 in
3545 3743 3803 3812 Domino,
3834 3744 4205 3814 dilectissimi.
4229 3750 4326 3806 der

2687 3839 2882 3888 sancto
2911 3839 3110 3888 vestrae
3146 3832 3462 3891 devotionis
3503 3833 3726 3904 affectu,
3757 3837 3888 3908 quia
3925 3851 4132 3909 quanto
4161 3842 4297 3898 ube-

2688 3925 2803 3982 rius
2832 3924 3001 3983 divini
3032 3925 3185 3982 verbi
3209 3927 3464 3998 poculum
3491 3927 3713 3995 bibitis,
3745 3938 3898 3986 tanto
3941 3931 4296 3992 ferventioris

2689 4016 2744 4072 in
2775 4016 3013 4088 idipsum
3043 4014 3300 4074 desiderii
3350 4017 3599 4076 faucibus
3645 4023 3913 4078 astuatis.
3943 4021 4057 4080 Nec
4098 4024 4301 4082 imme-

2687 4107 2838 4165 rito:
2870 4123 2996 4165 nam
3048 4109 3121 4165 ita
3165 4118 3252 4165 est
3301 4111 3483 4166 omnis
3512 4112 3796 4182 apostolici
3839 4112 4098 4173 culminis
4125 4115 4302 4174 beati-

2688 4200 2821 4258 tudo
2846 4199 3164 4271 conjuncta,
3205 4210 3262 4258 et
3291 4210 3370 4258 tot
3399 4205 3722 4274 gratiarum—
3747 4221 4012 4279 compage
4062 4208 4147 4266 vel
4176 4210 4300 4284 glu-

2689 4291 2803 4347 tino
2835 4292 3100 4362 probatur
3129 4293 3281 4348 unita
3303 4333 3318 4360 ,
3360 4303 3420 4348 ut
3443 4309 3570 4349 cum
3601 4295 3765 4352 unius
3792 4311 3985 4352 eorum
4026 4296 4300 4358 festivitas

2685 4384 2912 4450 colitur,
2946 4385 3201 4456 protinus
3243 4385 3490 4440 omnium
3540 4385 3914 4458 apostolorum
3941 4403 4052 4444 non
4081 4390 4301 4448 diversa

983 4485 1050 4526 ac
1078 4470 1341 4542 plurimos
1389 4470 1602 4530 fructus
1631 4473 1810 4531 attulit
1837 4472 2021 4549 (Joan.
2053 4474 2179 4550 xu),
2209 4493 2336 4534 mox
2390 4479 2582 4550 typica
2613 4528 2661 4552 η
2686 4473 2998 4530 sublimitas
3053 4475 3410 4535 interioribus
3461 4477 3744 4534 obtutibus
3811 4479 4113 4552 ingeratur.
4175 4480 4298 4539 Una

2611 4528 2661 4589 D

981 4561 1117 4634 legis
1163 4579 1361 4620 manna
1400 4564 1619 4623 defecit.
1669 4566 1838 4623 Terra
1885 4568 2085 4640 quippe
2139 4570 2578 4640 repromissionis
2611 4561 2661 4589 ν
2687 4563 2898 4620 scilicet
2945 4564 3093 4620 inter
3131 4581 3232 4623 eos
3286 4565 3613 4623 excellentia
3637 4566 3947 4637 iudiciaria
3988 4575 4298 4642 potestatis,

979 4664 1173 4712 venter
1201 4665 1283 4713 est
1314 4655 1570 4730 Virginis.
1594 4658 1671 4716 De
1692 4674 1798 4731 qua
1827 4668 1975 4715 terra
1994 4676 2093 4731 per
2114 4661 2313 4718 lsaiam
2336 4664 2536 4719 dicitur
2560 4683 2571 4718 :

984 4763 1006 4799 ε
1036 4744 1234 4803 Rorate
1262 4747 1384 4804 cali
1415 4749 1666 4821 desuper,
1699 4758 1752 4805 et
1783 4749 1959 4806 nubes
1975 4750 2421 4822 pluantIustum;
2450 4767 2578 4824 ape-

933 4877 938 4881 -
980 4836 1154 4894 rlatur
1184 4848 1347 4905 terra,
1380 4849 1437 4897 et
1484 4842 1755 4914 germinet
1812 4842 2152 4900 Salvatorem
2185 4844 2323 4916 (Ita.
2366 4847 2514 4916 xcv).
2549 4867 2568 4899 ι

977 4928 1115 4986 Cum
1142 4947 1276 5004 ergo
1305 4933 1372 4990 ad
1417 4934 1566 4991 hunc
1595 4949 1793 5005 panem
1838 4937 2178 5006 pervenitur,
2212 4937 2350 5010 legis
2374 4940 2577 4996 veteris

978 5019 1212 5092 antplius
1232 5037 1429 5078 manna
1447 5039 1556 5079 non
1578 5026 1861 5094 quaritur.
1891 5025 2098 5083 Deinde
2118 5026 2340 5082 Iericho
2367 5038 2574 5099 septem

977 5107 1170 5166 diebus
1193 5110 1414 5168 obsessa
1454 5111 1752 5168 destruitut
1796 5113 1934 5184 (los.
1969 5114 2069 5185 vr),
2101 5131 2199 5186 per
2225 5131 2388 5186 quam
2427 5117 2576 5172 vide-

979 5197 1106 5256 licet
1143 5203 1377 5260 mundus
1407 5204 1513 5260 iste
1536 5204 1872 5272 designatur.
1898 5202 2053 5261 Sicut
2082 5207 2228 5261 enim
2258 5208 2453 5263 civitas
2486 5206 2574 5264 illa

978 5307 1084 5348 non
1111 5296 1376 5352 evertitur
1405 5296 1530 5354 telis
1549 5339 1564 5364 ,
1593 5297 1676 5353 vel
1707 5299 2152 5370 oppugnantibus
2178 5300 2372 5357 cuneis
2398 5299 2570 5356 bella-

979 5393 1176 5454 torum,
1227 5389 1322 5446 sed
1372 5392 1516 5448 tubis
1559 5395 1938 5449 tantummodo
1980 5393 2363 5467 clangentibus
2392 5411 2571 5451 sacer-

976 5475 1192 5546 domm;
1226 5481 1298 5535 ita
1341 5483 1577 5540 mundus
1603 5485 1692 5540 hic
1735 5501 1841 5539 non
1879 5487 2111 5542 terrenis
2157 5495 2446 5557 superatus
2487 5497 2576 5543 est

977 5571 1166 5635 armis,
1197 5574 1290 5628 sed
1319 5575 1473 5645 quasi
1507 5577 1832 5646 quibusdam
1860 5579 2004 5634 tubis
2030 5589 2192 5649 atque
2223 5580 2576 5649 clangoribus

981 5663 1295 5732 apostolica
1379 5666 1797 5736 prtetliuttionis.
1852 5671 2179 5726 Sncerdotcs
2243 5681 2578 5742 concrepant

979 5751 1142 5822 tubis,
1169 5764 1221 5810 et
1246 5756 1386 5812 muri
1407 5754 1624 5814 Iericho
1654 5774 1912 5818 corruunt
1939 5781 1952 5825 ;
1988 5763 2136 5834 quia.
2156 5764 2577 5834 prmtlicantiltus

2683 4657 2874 4714 eadem
2904 4656 3141 4729 dignitas
3166 4657 3378 4715 ordinis
3397 4700 3412 4726 ,
3441 4674 3543 4716 nec
3570 4661 3787 4716 diversa
3816 4661 3871 4717 in
3902 4662 4145 4735 ligando,
4181 4669 4300 4722 sive

2685 4748 2970 4815 solvendo,
2997 4749 3218 4806 virtutis
3247 4750 3481 4807 habetur
3512 4753 3836 4810 auctoritas.
3869 4751 3966 4810 lla
3993 4765 4122 4811 sunt
4145 4757 4296 4813 enim

2684 4841 2790 4896 illa
2816 4842 3066 4913 pretiosa
3091 4843 3430 4916 margarita,
3450 4860 3589 4915 quas
3614 4846 3671 4900 in
3691 4844 4014 4919 Apocalypsi
4044 4847 4104 4902 Β.
4129 4846 4304 4906 Ioan-

2683 4949 2783 4989 nes
2807 4947 2868 4989 se
2893 4936 3245 5004 conspexisse
3273 4937 3615 5006 pronuntiat,
3654 4953 3722 4994 ex
3755 4938 3955 5008 quibus
3989 4940 4154 4996 etiam
4183 4956 4298 4999 coa-

2685 5025 2842 5082 lestis
2867 5023 3208 5082 Hierusalem
3233 5036 3419 5097 portas
3443 5029 3695 5098 perhibet
3729 5043 3854 5085 esse
3893 5040 4244 5088 constructas
4277 5052 4291 5086 :

2692 5139 2709 5170 ι
2744 5116 3018 5191 Singula,
3041 5117 3241 5188 inquit,
3281 5128 3453 5189 porta
3477 5127 3639 5174 erant
3675 5135 3744 5176 ex
3773 5119 4001 5192 singulis
4028 5124 4296 5194 margari-

2686 5211 2756 5266 tis
2804 5210 2993 5282 (Apoc.
3045 5209 3184 5283 XXI).
3227 5229 3244 5262 ι
3290 5211 3396 5281 Ipsi
3450 5212 3711 5266 nimirum
3753 5221 3944 5283 porta,
3996 5214 4101 5284 ipsi
4165 5225 4300 5272 sunt

2684 5301 3042 5358 nihilominus
3069 5304 3402 5374 margarita,
3439 5305 3592 5376 quia,
3624 5305 3753 5360 dum
3782 5305 3956 5378 signis
3977 5317 4142 5378 atque
4161 5323 4289 5378 pro-

2683 5393 2846 5462 digiis
2874 5393 3140 5465 quosdam
3187 5395 3355 5449 divini
3381 5395 3692 5466 splendoris
3729 5397 3913 5454 radios
3943 5399 4187 5463 mittunt.
4217 5400 4289 5455 ad

2682 5499 2933 5555 superna
2986 5484 3327 5542 Hierusalem
3379 5488 3607 5560 gloriam
3681 5493 3963 5548 conversis
4004 5493 4072 5547 ad
4123 5492 4303 5552 fidem.

2683 5578 2936 5648 gentibus
2985 5579 3194 5634 aditum
3256 5582 3519 5651 pandunt.
3565 5583 3632 5638 Et
3680 5584 3994 5654 quicunque
4042 5582 4291 5640 salvator

2680 5685 2779 5740 per
2809 5670 2929 5735 hos,
2977 5671 3130 5741 quasi
3181 5682 3372 5743 portas
3401 5676 3470 5729 ad
3518 5677 3683 5730 vitam
3741 5675 3918 5730 viator
3958 5676 4285 5748 ingreditur.

2685 5764 2926 5831 Quorum
2971 5765 3258 5837 mysticam
3301 5774 3530 5823 tenuere
3571 5765 3799 5839 ﬁguram
3837 5777 3891 5824 ct
3943 5765 4154 5842 lapides
4185 5765 4298 5836 illi,_
