5450 6400
155 1042 263 1947 Ι

1922 420 2024 478 727
2562 419 2618 475 s.
2662 417 2866 473 PETRI
2910 412 3196 471 Damam
3224 409 3373 465 OPl’.
3417 408 3595 458 rans
3633 402 3764 461 seu
3796 404 4036 466 TOttUS
4062 409 4125 467 tt.
4164 443 4233 454 -
4272 410 4665 472 SEMONSS.
5099 415 5198 474 “tu

1917 553 2035 607 qtn,
2068 536 2178 591 Deo
2201 533 2423 604 juoente
2456 530 2623 601 Moysi
2646 571 2664 593 ,
2694 529 2941 585 rationali
2975 527 3171 582 summi
3201 521 3502 579 sacerdotis
3530 519 3583 579 Α
3612 518 3837 576 uebrosa
3873 540 4011 595 aqua
4048 528 4099 579 in
4145 528 4376 582 nubibus
4404 536 4549 583 aeris
4595 529 4770 598 (Paul.
4810 536 4966 603 xm),
5004 553 5021 585 ι
5074 534 5195 605 quis

1916 623 2439 697 .egunturimpressi
2473 621 2677 691 (Exod.
2706 620 2918 687 xxvttt).
2956 618 3069 674 Hoc
3117 618 3296 689 itaque
3338 617 3503 671 ratio-

1916 716 2040 771 nale
2065 714 2319 770 sacerdos
2352 713 2559 768 ferebat
2594 713 2647 766 in
2687 719 2926 782 pectore,
2956 728 3081 767 cum
3129 711 3503 782 ingrederetur

1917 806 2118 862 Sancta
2166 814 2502 860 sanctorum.
2551 803 2884 873 Praeceptum
2918 814 3001 857 est
3050 818 3180 873 ergo
3228 811 3287 856 ut
3336 802 3388 856 in
3434 816 3501 855 eo

1912 908 2246 968 ponerentur
2282 895 2562 951 duodecim
2611 894 2849 965 lapides,
2884 895 3022 949 terni
3066 908 3165 962 per
3206 901 3501 961 quaternos

1910 988 2162 1058 angulos,
2192 987 2385 1042 inclusi
2415 1002 2583 1051 auro;
2618 986 2746 1056 quia
2782 985 3037 1039 nimirum
3063 983 3235 1037 sancti
3268 982 3499 1051 apostoli

1908 1091 2009 1147 per
2032 1076 2393 1147 quadriﬁdam
2424 1075 2612 1131 orbem
2645 1077 2711 1132 de
2741 1075 3029 1137 Trinitate,
3070 1089 3191 1144 qua:
3224 1074 3365 1129 Deus
3392 1084 3497 1141 est,

1908 1171 2275 1237 praedicarunt
2318 1168 2599 1225 catholica:
2656 1168 2779 1223 ﬁdei
2822 1168 3125 1222 veritatem.
3180 1166 3283 1234 Qui
3331 1168 3495 1221 etiam

1905 1258 2116 1329 lapides
2145 1277 2282 1317 auro
2308 1260 2620 1315 referuntur
2653 1258 2844 1315 inclusi
2869 1302 2883 1321 .
2912 1260 3053 1329 quia
3095 1269 3151 1314 et
3188 1260 3330 1313 beati
3364 1274 3493 1327 apo-

1907 1352 2031 1406 stoli
2065 1352 2117 1407 in
2148 1352 2435 1421 sapientia:
2456 1350 2699 1407 caelestis
2722 1366 2925 1407 arcano
2950 1359 3300 1421 perseverant
3324 1350 3495 1402 invio.

1906 1446 2144 1503 labiliter
2163 1445 2491 1502 conﬁrmati.

1974 1580 2300 1652 Legitimum
2341 1597 2473 1653 ergo
2502 1591 2588 1638 est
2619 1590 2680 1637 ut
2708 1580 2986 1643 sacerdos,
3022 1596 3147 1635 cum
3192 1579 3496 1649 ingreditur

1904 1674 2302 1738 sanctuarium,
2352 1674 2639 1729 duodecim
2685 1674 2956 1743 pretiosos
2992 1673 3199 1741 lapides
3238 1672 3289 1725 in
3323 1673 3491 1724 ratio-

1902 1766 2012 1821 nali
2040 1767 2277 1835 pectoris
2307 1766 2549 1830 deferat;
2578 1774 2846 1835 quatenus
2875 1765 3121 1833 quisquis
3153 1764 3324 1818 sacris
3354 1764 3491 1816 alta-

1902 1860 2054 1914 ribus
2084 1859 2505 1929 appropinquat,
2541 1858 2850 1929 apostolica:
2878 1857 3100 1912 sibimet
3147 1867 3263 1912 rect
3287 1855 3491 1910 tudinis
3523 1877 3566 1935 η

1900 1951 2145 2021 exempla
2177 1961 2476 2021 proponat:
2504 1962 2563 2005 ut
2602 1967 2834 2021 quorum
2879 1951 3185 2005 ministerio
3225 1949 3487 2019 fungitur.

1901 2060 2089 2099 eorum
2133 2044 2325 2110 vitam,
2373 2044 2427 2098 in
2474 2055 2737 2113 quantum
2782 2043 3061 2114 praevalet,
3117 2043 3393 2106 imitetur;
3435 2052 3491 2096 ct

1899 2149 2131 2203 quorum
2176 2135 2316 2204 gerit
2364 2132 2617 2198 ofﬁcium,
2669 2136 2723 2188 in
2771 2150 2864 2189 eos
2890 2145 3093 2189 sancta:
3128 2133 3491 2187 aemulationis

1899 2226 2081 2281 studio
2128 2228 2325 2280 tuentis
2374 2223 2571 2296 deligat
2608 2227 2876 2280 obtutum.
2912 2226 2977 2279 Et
3010 2226 3140 2296 quid
3167 2225 3386 2289 mirum,
3444 2225 3487 2279 si

1898 2334 2001 2374 nos
2040 2319 2335 2373 imbecilles
2384 2326 2440 2373 et
2480 2318 2711 2387 parvuli,
2763 2317 3044 2372 beatorum
3094 2316 3487 2387 apostolorum,

1899 2411 2060 2483 all
2090 2411 2181 2481 qui
2210 2423 2414 2466 sanctae
2440 2410 2699 2466 Ecclesia:
2734 2410 2895 2464 bases
2927 2418 3055 2465 sunt
3093 2418 3150 2463 et
3200 2406 3486 2466 columnze,

1890 2501 2182 2570 jubeamur
2210 2503 2413 2556 imitari
2463 2516 2712 2567 normam
2732 2542 2747 2563 ,
2795 2510 3149 2570 sanctamque
3178 2507 3365 2553 tenere
3393 2496 3491 2550 do.

1896 2594 2166 2660 ctrinam,
2215 2608 2341 2648 cum
2389 2599 2445 2647 et
2497 2592 2595 2661 ipsi
2642 2589 2872 2662 apostoli
2937 2590 3180 2661 priorum
3238 2602 3484 2649 suorum,

1896 2686 2247 2755 antiquorum
2276 2683 2489 2739 scilicet
2504 2682 2875 2747 Patrum,sint
2895 2681 3219 2735 auctoritate
3243 2678 3488 2732 ﬁrmati?

1897 2774 2054 2831 Unde
2098 2785 2155 2830 et
2204 2775 2257 2829 in
2300 2774 2712 2831 constructione
2743 2770 3075 2827 tabernaculi
3117 2781 3179 2825 ut
3223 2769 3487 2826 columna

1892 2877 2169 2940 argenteae
2197 2867 2428 2921 interius
2449 2872 2680 2929 starent,
2703 2862 2889 2933 paxilli
2907 2860 3035 2916 terei
3052 2860 3139 2932 ﬁgi
3164 2876 3260 2931 per
3284 2861 3487 2915 circui-

1892 2968 2009 3014 tum
2048 2959 2291 3014 exterius
2312 2957 2455 3027 jussi
2491 2964 2618 3010 sunt
2653 2953 2855 3025 (Exod.
2897 2953 3153 3022 xxxvttt),
3189 2953 3244 3007 in
3292 2950 3488 3021 quibus

1894 3049 2182 3122 religatum
2226 3047 2637 3105 tabernaculum
2666 3054 2970 3101 teneretur.
3001 3045 3282 3100 Columnae
3304 3045 3487 3113 itaque

1891 3150 2165 3212 argentea:
2216 3137 2478 3203 interius,
2528 3134 2717 3207 paxilli
2773 3149 2906 3191 vero
2957 3134 3087 3190 aerei
3141 3134 3195 3189 in
3250 3134 3483 3189 circuitu

1890 3232 2154 3302 ﬁguntur,
2190 3230 2431 3299 atquein
2460 3229 2592 3297 ipsis
2631 3226 2791 3281 funes
2814 3225 2962 3296 ligati
3003 3234 3150 3291 sunt,
3188 3234 3248 3280 ut
3301 3226 3481 3281 taber-
3509 3231 3557 3293 ο

1888 3324 2142 3380 naculum
2194 3322 2358 3377 ﬁxum
2411 3328 2698 3385 maneret;
2733 3319 2865 3388 quia
2910 3318 3164 3373 videlicet
3204 3326 3263 3371 ut
3302 3319 3480 3373 sancti

1890 3413 2118 3484 apostoli
2169 3412 2224 3466 in
2265 3410 2388 3466 luce
2417 3410 2686 3467 sermonis
2727 3409 2811 3464 sui
2841 3407 2996 3477 solidi
3039 3417 3269 3469 starent,
3316 3418 3484 3476 utque

1892 3511 2065 3560 totum
2100 3502 2538 3567 tabernaculum,
2569 3501 2623 3556 id
2648 3510 2758 3565 est,
2784 3508 2972 3555 saneta
3003 3498 3247 3554 Ecclesia
3272 3500 3326 3553 in
3357 3498 3481 3554 ﬁdei

1893 3594 2208 3665 integritate
2242 3590 2584 3660 consisteret,
2616 3602 2876 3663 tanquam
2905 3591 3097 3663 paxilli
3122 3592 3249 3645 aerei
3291 3593 3343 3645 in
3372 3593 3485 3647 cir-

1896 3686 2043 3739 cuitu
2060 3696 2246 3756 patres
2279 3686 2617 3742 Testameuti
2637 3684 2856 3741 Veteris
2876 3699 2939 3740 ac
2950 3684 3485 3754 prophetarexterius

1895 3775 1988 3830 ﬁxi
2020 3786 2175 3842 sunt;
2203 3775 2295 3847 qui
2320 3771 2612 3831 verborum
2648 3790 2873 3833 suorum
2903 3774 3126 3834 funibus
3155 3778 3482 3847 praediato-

1897 3879 2018 3919 rum
2044 3876 2256 3920 mentes
2284 3866 2337 3920 in
2365 3866 2642 3923 soliditate
2669 3868 3140 3939 constringet-ent,
3182 3879 3346 3942 atque
3381 3869 3485 3927 hoc

1898 3956 1991 4013 Dei
2020 3956 2390 4013 habitaculum
2431 3958 2555 4013 ﬁdei
2594 3957 2889 4014 stabilitate
2908 3959 3161 4029 ligarem.

1968 4096 2135 4151 Extra
2180 4110 2312 4165 ergo
2360 4094 2543 4164 paxilli
2594 4103 2749 4160 sunt,
2777 4096 2873 4173 qui
2914 4105 3043 4151 ante
3088 4106 3299 4166 tempus
3325 4097 3485 4166 hujus

1894 4195 2099 4242 sancta:
2123 4186 2383 4240 Ecclesiae
2419 4184 2659 4241 fuerunt.
2692 4184 2801 4241 Sed
2850 4195 3029 4242 tamen
3060 4200 3157 4243 eos
3181 4187 3481 4261 ligantqui

1892 4280 1947 4343 in
1982 4281 2099 4353 ipsa
2146 4288 2309 4344 sunt;
2353 4281 2480 4349 quia
2506 4280 2642 4333 dum
2672 4270 2917 4355 molestia
2947 4272 3210 4354 mysteria
3252 4274 3482 4339 ventura

1891 4377 2214 4448 pradicant,
2241 4374 2380 4441 haec,
2424 4383 2711 4444 postquam
2759 4386 2989 4431 ostensa-
3010 4388 3171 4443 sunt,
3199 4377 3479 4435 credibilia

1890 4468 2073 4524 omnia
2105 4467 2371 4523 fecerunt.
2396 4466 2489 4525 .Ut
2517 4480 2649 4538 ergo
2675 4467 2824 4529 intus
2866 4467 3143 4533 columna
3174 4470 3481 4527 immobiles

1890 4567 2032 4615 stent
2056 4600 2071 4620 .
2094 4556 2234 4614 foris
2265 4558 2453 4627 paxilli
2497 4559 2654 4615 funes
2681 4560 2962 4615 continent
2986 4577 3000 4625 ;
3024 4561 3159 4632 quia
3204 4572 3264 4617 ut
3303 4564 3477 4619 sancti

1890 4650 2117 4722 apostoli
2166 4649 2421 4719 perfecta:
2472 4651 2866 4707 incarnationis
2902 4652 3226 4709 "Domiuicte
3280 4652 3497 4724 myste?

1889 4742 2030 4798 rium
2074 4742 2394 4803 crederent.
2448 4740 2659 4796 morum
2710 4742 3027 4811 praedicatio
3070 4745 3338 4811 obtinuit;
3368 4747 3477 4817 qui

1888 4832 2012 4897 hoc,
2043 4832 2358 4903 priusquam
2392 4831 2565 4897 ﬁeret,
2594 4844 2649 4888 et
2677 4834 2861 4889 videre
2887 4836 3264 4905 etprtcdicare
3286 4846 3477 4908 potue-

1886 4932 2033 4979 runt.
2064 4922 2217 4979 Unde
2251 4934 2403 4980 recte
2426 4938 2643 4995 quoque
2686 4926 2803 4995 ipse
2841 4926 3049 4996 primus
3079 4929 3473 4999 apostolorum,

1887 5031 2083 5090 magna
2110 5018 2317 5074 scilicet
2347 5019 2593 5074 columna
2640 5022 2755 5075 reri
2798 5018 3187 5083 tabernaculi,
3214 5020 3473 5091 loquitur,

1886 5108 2076 5165 dicens
2101 5123 2115 5163 :
2143 5121 2146 5123 λ
2172 5127 2193 5160 ι
2222 5108 2496 5165 Habemus
2526 5111 2823 5167 ﬁrmiorem
2844 5111 3239 5183 propheticum
3270 5129 3477 5169 sermo-

1884 5215 2027 5261 nem.
2081 5202 2165 5256 cui
2225 5200 2545 5259 benefacitis
2595 5203 2979 5270 intendentes,
3035 5206 3193 5275 quasi
3244 5206 3479 5262 lucerna:

1884 5292 2148 5348 relucenti
2174 5290 2572 5364 in'caliginoso
2602 5295 2721 5348 loco
2754 5292 2841 5367 (ιι
2862 5294 3011 5349 Ριιιν.
3041 5293 3103 5365 ι).
3141 5314 3159 5348 ι
3192 5295 3249 5352 ln
3276 5298 3478 5365 quibus

1879 5380 2067 5438 verbis
2090 5382 2295 5440 indicat
2316 5383 2593 5454 (quamvis
2614 5382 2682 5438 ad
2704 5384 2812 5439 alta
2837 5384 3099 5457 surrexit)
3121 5399 3186 5441 ex
3215 5384 3475 5447 culmine,

1882 5473 1973 5528 ubi
2023 5473 2251 5546 religata
2306 5475 2565 5547 persistat
2613 5474 2670 5530 in
2704 5475 2829 5531 ﬁde.
2863 5475 2997 5544 Quae
3026 5485 3207 5533 tamen
3250 5476 3473 5534 lucerna

1879 5566 2183 5638 prophetici
2205 5567 2475 5623 sermonis
2486 5565 2601 5638 jam
2617 5567 2839 5638 quidem
2862 5568 3286 5639 intelligentibus
3309 5570 3472 5637 lucet,

1884 5655 1978 5711 sed
2006 5656 2185 5713 adhuc
2218 5672 2328 5714 non
2354 5658 2785 5731 intelligentlbus
2808 5668 3067 5729 cooperta
3091 5659 3471 5732 allegoriarum

1886 5746 2308 5804 obscuritatibus
2354 5757 2661 5819 permanet.
2709 5744 2869 5806 Unde
2907 5750 3073 5805 etiam
3104 5766 3200 5821 per
3240 5749 3469 5808 Psalmi-

1894 5842 2026 5890 stam
2053 5836 2129 5892 de'
2145 5839 2349 5895 eisdem
2381 5840 2540 5896 dictis
2580 5842 2974 5914 prophetarum
3005 5839 3245 5898 dicitur:
3304 5861 3322 5894 ι
3370 5843 3473 5900 Te-

3610 608 3863 693 videljcet
3890 617 4099 672 occulta
4130 630 4213 674 est
4243 621 4504 691 sapientia
4540 621 4590 675 in
4615 622 4913 692 prophetis.

3677 709 3787 765 Nec
3838 712 4107 766 immerito
4151 712 4416 767 columna
4470 724 4778 784 argenteae,
4831 715 5016 785 paxilli
5071 732 5197 773 vero

3604 802 3728 856 terei
3763 800 3887 857 facti
3919 813 4081 865 sunt;
4115 804 4239 873 quia
4268 804 4412 873 quod
4447 804 4592 859 clare
4637 804 4749 873 jam
4791 808 5024 874 apostoli
5055 824 5193 877 pra!-

3604 892 3805 957 dieant,
3835 894 3935 948 hoc
3957 895 4236 965 propheta
4269 896 4369 950 sub
4402 896 4677 952 intellectu
4712 901 4943 970 mystico
4964 904 5198 957 obscure

3603 982 3767 1037 locuti
3812 992 3956 1038 sunt.
4007 984 4174 1039 Recte
4221 1001 4351 1040 vero
4402 1003 4498 1056 per
4526 988 4653 1041 aeris
4689 988 4966 1043 metallum
4997 992 5197 1061 signati

3601 1084 3750 1135 sunt,
3787 1074 3881 1143 qui
3904 1074 4038 1128 clari
4071 1076 4121 1128 itt
4149 1077 4261 1129 suis
4297 1077 4771 1147 praedicationibus
4807 1094 4913 1132 non
4942 1078 5194 1148 fuerunt;

3602 1169 3771 1221 sancti
3805 1184 3935 1224 vero
3977 1172 4240 1238 apostoli.
4283 1172 4409 1241 quia
4465 1172 4530 1226 de
4587 1173 4970 1246 Redemptoris
5020 1175 5196 1233 nostri

3600 1259 3861 1328 mysterio
3893 1260 4065 1315 lucem
4095 1265 4493 1332 prrcdicationis
4536 1266 4881 1331 habuerunt,
4918 1270 5195 1337 argenteis

3599 1348 3865 1402 columnis
3896 1353 4138 1419 expressi
4166 1363 4311 1407 sunt.
4361 1353 4423 1407 Et
4479 1358 4776 1410 notandum
4819 1360 4961 1427 quod
4995 1373 5195 1429 argen-

3601 1447 3711 1491 tum
3748 1452 3907 1495 sonat
3941 1452 3995 1495 et
4045 1443 4221 1508 lucet;
4269 1459 4342 1499 res
4375 1460 4505 1498 vero
4553 1457 4732 1511 sonat,
4772 1457 4824 1501 et
4857 1462 4965 1502 non
5004 1448 5189 1513 lucet;

3598 1534 3722 1600 quia
3769 1534 4159 1602 pnedicatores
4227 1535 4359 1590 Novi
4411 1537 4745 1594 Testamenti
4796 1553 4985 1610 aperte
5024 1541 5193 1597 locuti

3600 1630 3725 1676 sunt
3753 1640 3871 1693 qua:
3903 1628 4065 1677 etiam
4096 1636 4402 1681 monstrare
4451 1638 4763 1696 potuerunt.
4796 1620 5199 1687 PraedieatOres

3600 1728 3728 1765 vero
3778 1712 4106 1769 Testantenti
4171 1716 4417 1777 Veteris.
4476 1720 4599 1789 quia
4654 1734 4753 1789 per
4806 1721 5192 1789 allegoriarutn

3599 1805 3822 1859 umbras
3858 1806 3924 1860 de
3965 1809 4173 1859 (‘u-lesti
4208 1809 4468 1877 mysterio
4506 1809 4738 1864 obscura
4776 1810 4919 1866 dicta
4948 1812 5193 1882 protule-

3595 1904 3738 1949 runt.
3775 1897 3931 1963 quasi
3975 1900 4091 1951 sine
4120 1898 4236 1951 luce
4279 1899 4515 1952 sonitum
4544 1899 4841 1962 dederunt;
4873 1917 5190 1973 quanquam

3592 2001 3668 2041 ars
3708 1997 3761 2039 et
3801 1990 4003 2042 sanctis
4058 1989 4347 2057 aliquando
4374 2005 4677 2061 congruere
4716 1994 5022 2062 reperiatur
5061 2008 5199 2063 apo-

3592 2078 3764 2132 stolis.
3804 2079 3876 2133 De
3933 2082 4132 2150 quibus
4173 2084 4272 2135 sub
4312 2082 4448 2135 Aser
4493 2083 4675 2153 specie
4721 2099 4819 2155 per
4868 2083 5090 2155 loysen
5136 2088 5191 2140 in

3594 2176 4015 2232 Deuteronmnio
4043 2182 4241 2233 dicitur
4269 2201 4279 2233 ε
4319 2201 4335 2231 ι
4374 2182 4600 2236 Ferrum
4656 2192 4705 2237 et
4737 2199 4811 2238 res
4842 2182 5213 2259 calceamenﬁ

3593 2279 3703 2323 tum
3737 2272 3851 2339 ejus
3882 2272 4061 2337 (Deut.
4097 2274 4311 2341 xxxttt).
4360 2294 4377 2324 ι
4420 2274 4858 2329 Calceatncntum
4887 2277 5089 2347 quippe
5134 2277 5190 2331 in

3592 2361 3870 2432 Scriptura
3914 2381 4067 2417 sacra
4105 2366 4498 2418 munimentum
4542 2368 4946 2434 prmdicationis
4988 2368 5195 2436 accipi-

3593 2465 3697 2517 tur,
3732 2456 3869 2507 sicut
3896 2458 4154 2525 scriptum
4202 2467 4323 2512 est:
4363 2477 4382 2510 ι
4411 2457 4651 2513 Calceati
4681 2461 4845 2530 pedes
4893 2460 4946 2513 in
4989 2460 5193 2529 praedi-

3589 2550 3803 2603 ratione
3836 2550 4113 2619 Evangelii
4145 2554 4293 2622 pacis
4330 2553 4527 2624 (Ep/in
4580 2557 4677 2623 vt).
4714 2577 4731 2606 ι
4764 2553 4902 2620 Quia
4930 2569 5064 2627 ergo
5091 2569 5201 2625 per

3591 2638 3793 2693 ferrum
3826 2642 4023 2705 virtus,
4073 2658 4168 2712 per
4193 2660 4266 2698 ais
4295 2654 4475 2700 autem
4507 2647 4913 2717 perseverantia
4942 2646 5193 2717 longani-

3593 2733 3799 2786 mitatis
3845 2736 4196 2803 exprimitur;
4249 2736 4474 2801 ferrum,
4517 2738 4678 2807 212
4710 2747 4763 2792 et
4808 2752 4885 2791 as
4918 2737 5191 2808 apostolo.

3591 2839 3707 2877 rutn
3739 2824 3939 2878 dicitur
3964 2842 4080 2879 csse
4108 2828 4556 2890 calceamentnm,
4602 2844 4703 2883 nec
4736 2843 4842 2882 non
4870 2839 4925 2883 et
4967 2842 5191 2885 sancto-

3591 2929 3709 2968 rum
3738 2916 4107 2985 quornmlibet
4140 2918 4581 2986 prmdicatorum.
4613 2918 4717 2972 Per
4740 2920 4944 2972 ferrum
4976 2918 5193 2974 scilicet

3592 3006 3937 3060 adversantia
3984 3006 4119 3059 mala
4171 3010 4441 3076 patienter
4486 3008 4750 3073 tolerarat;
4802 3025 4898 3079 per
4932 3024 5010 3064 ts
5054 3024 5189 3065 vero

3589 3095 3727 3148 bona
3786 3098 4059 3165 prpposita
4127 3096 4508 3166 longanimiter
4571 3107 4807 3152 servant.
4858 3099 4931 3153 De
4987 3099 5197 3169 quibus

3591 3187 3871 3254 apostolis,
3912 3188 4025 3240 sive
4058 3188 4369 3256 apostolicis
4398 3188 4527 3241 viris
4548 3230 4561 3251 ,
4593 3188 5046 3259 prmiicaloribus
5078 3191 5193 3245 sci-

3588 3277 3711 3331 licet
3742 3280 3967 3341 sanetis,
4011 3279 4077 3331 ad
4124 3278 4373 3332 eumdem
4421 3280 4556 3333 Aser
4609 3294 4733 3334 cum
4778 3280 5179 3349 prmmisisset:

3594 3385 3611 3417 ι
3642 3368 3916 3422 Ascensor
3952 3367 4073 3421 mali
4124 3366 4415 3421 auxiliator
4465 3377 4618 3431 tuus;
4655 3388 4673 3420 ι
4711 3368 4854 3425 illico
4896 3370 5143 3424 subdidit
5168 3388 5183 3400 ·

3594 3474 3612 3508 ι
3651 3456 4046 3527 Magniticentia
4080 3456 4199 3525 ejus
4227 3458 4544 3514 discurrunt
4573 3460 4762 3533 nubes.
4801 3478 4820 3513 ι
4872 3458 5009 3525 Quis
5035 3461 5184 3514 enim

3589 3558 3670 3603 est
3689 3566 3945 3605 ascensor
3970 3551 4116 3615 ereti,
4140 3551 4241 3605 nisi
4268 3549 4517 3606 Salvator
4532 3562 4735 3613 noster,
4760 3552 4877 3620 qui,
4894 3564 5193 3623 postquam

3590 3640 3784 3696 mortis
3831 3640 4115 3710 imperium
4165 3642 4405 3696 moriens
4449 3643 4705 3712 perdidit,
4736 3641 4933 3697 coelum
4973 3642 5192 3713 angelis

3588 3728 3981 3783 comitantibus
4006 3740 4059 3784 et
4086 3730 4369 3799 discipulis
4390 3730 4813 3801 suspicientibus
4840 3732 5193 3801 penetravit?

3587 3820 3763 3892 llujns
3809 3823 4211 3894 magniﬁcentia
4268 3822 4440 3877 nubes
4487 3823 4832 3890 discurrunt,
4886 3824 5014 3895 quia
5068 3824 5194 3896 ejus

3588 3910 3917 3969 auctoritate
3959 3916 4209 3969 doctores
4246 3916 4429 3977 sancti
4456 3931 4554 3986 per
4592 3917 4848 3972 mundum
4891 3916 5195 3976 salutifera

3588 3995 3991 4075 praedicationis
4040 4005 4270 4061 imb.em
4335 4006 4545 4076 pluunt.
4594 4007 4671 4063 De
4718 4010 4919 4079 quibus
4965 4020 5025 4064 et
5061 4014 5189 4082 pro.

3578 4098 3752 4168 ,pbcta
3782 4115 3794 4150 :
3827 4117 3845 4147 ι
3878 4097 4350 4166 Quisunt,inquit,
4386 4098 4615 4168 isti,qui
4641 4107 4697 4152 ttt
4721 4097 4893 4153 nubes
4913 4100 5093 4159 volant
5113 4102 5139 4155 2
5163 4124 5189 4155 υ

3588 4186 3726 4257 (Im.
3759 4188 3873 4252 sx.)
3928 4188 4047 4243 [sue
4089 4190 4262 4244 nubes
4298 4188 4642 4246 resolvuntur
4681 4188 4733 4243 in
4789 4204 5013 4259 aquam,
5058 4206 5187 4247 cum

3589 4289 3790 4334 terram
3821 4279 4003 4334 cordis
4030 4280 4200 4341 nostri
4225 4280 4488 4343 doctrina:
4512 4294 4621 4334 sua
4645 4278 4862 4338 ﬂuentis
4886 4281 5187 4347 inebriant,

3585 4385 3789 4429 uteam
3828 4374 3896 4428 ad
3943 4372 4265 4436 proferenda
4312 4373 4386 4444 pii
4415 4372 4597 4444 operis
4638 4372 4886 4447 germina
4944 4372 5193 4431 fertilaa

3577 4465 3835 4549 Orcddattt.

3663 4559 3817 4617 Unde
3862 4570 3917 4613 et
3952 4557 4395 4614 "Bartholoma’us
4424 4550 4589 4628 (quod
4619 4554 4815 4628 utique
4848 4554 5050 4627 Syrum
5078 4571 5185 4612 no-

3588 4671 3710 4709 men
3736 4666 3840 4715 est,
3874 4668 3979 4707 non
4020 4640 4329 4720 Hebra‘um)
4368 4649 5187 4725 interpretatnrﬁliusaspeao

3585 4749 3752 4802 dentis
3794 4744 4195 4816 aquos:Filius
4239 4744 4427 4813 utique
4469 4742 4583 4804 Dei.
4625 4740 4714 4810 qui
4760 4738 5184 4809 medicatorum

3580 4856 3807 4895 suorum
3832 4846 4043 4893 mentes
4064 4835 4130 4890 ad
4154 4835 4392 4891 calestia
4416 4832 4833 4904 contemplanda
4860 4832 5185 4903 sum;

3584 4945 3643 4984 ut
3689 4940 3895 5001 quanto
3945 4928 4169 4983 libet-ius
4216 4941 4276 4982 se
4324 4927 4391 4980 ad
4423 4924 4829 4994 intelligendum
4860 4922 5183 4981 Creatorem

3584 5040 3741 5082 suum
3790 5024 3984 5094 pennis
4030 5022 4294 5076 virtutum
4353 5020 4587 5080 librant,
4639 5027 4791 5071 tanto
4836 5012 5075 5073 feracius
5123 5026 5182 5073 et

3584 5115 3808 5169 uberius
3855 5114 4083 5169 imbrem
4129 5111 4372 5166 cmlestis
4419 5108 4620 5179 eloquii
4666 5108 4875 5163 nostris
4920 5108 5181 5165 cordibus

3584 5204 3871 5260 infundere
3913 5203 4154 5266 valeant,
4177 5211 4233 5256 et
4255 5217 4321 5257 ex
4366 5200 4458 5255 illo
4490 5182 4638 5255 fo'ltte
4664 5198 4914 5269 suspensi
4963 5198 5178 5266 bibant.

3582 5295 3728 5366 quod
3761 5296 3813 5349 in
3865 5310 3964 5350 nos
4002 5293 4345 5365 postmodum
4386 5291 4726 5364 prnpinando
4769 5288 5174 5347 transfundam.

3585 5387 3740 5451 Unde
3768 5387 3907 5442 bene
3937 5387 4148 5458 Moyses
4171 5385 4401 5459 mystice
4425 5386 4493 5439 de
4520 5390 4708 5439 uncta
4732 5381 4867 5437 dicit
4885 5380 5131 5439 Ecclesia
5158 5400 5176 5438 :

3588 5478 3732 5543 «Non
3753 5480 4234 5552 est,inquit,terra,
4253 5478 4321 5551 ad
4337 5492 4500 5549 quam
4519 5476 4864 5548 ingredimini
4885 5476 5177 5547 possiden-

3582 5574 3739 5639 dam,
3759 5575 3950 5629 similis
3978 5584 4138 5629 terra:
4160 5571 4405 5644 Egypti,
4444 5571 4510 5627 de
4537 5586 4644 5642 qua
4673 5572 4889 5636 existis.
4916 5571 5009 5627 ubi
5027 5571 5177 5640 iacto

3578 5667 3810 5731 semine,
3828 5667 3879 5721 in
3903 5668 4183 5722 hortorum
4210 5680 4419 5721 morem
4439 5664 4878 5735 aquaeducuntur
4898 5665 5171 5738 irrigua”

3581 5759 3675 5814 sed
3700 5774 3715 5812 :
3751 5778 3769 5810 ι
3804 5760 3871 5813 de
3897 5759 4037 5815 corio
4067 5758 4276 5830 pluvias
4303 5766 4650 5829 exspectans.
4680 5772 4843 5829 quam
4871 5756 5017 5813 Dens
5045 5770 5172 5813 satis

3582 5849 3761 5905 ἰηιὶρίί
3792 5851 3935 5905 ειιιιιιῑ
3988 5860 4227 5907 temer
4272 5847 4452 5921 (Deut.
4498 5844 4600 5922 ιι).
4632 5867 4651 5902 ι
4698 5845 4990 5904 Set-alaris
5032 5844 5163 5904 eai.r
