5450 6374
850 358 946 416 Iiﬂ
2301 347 2536 408 δὲζιίΜο
2577 348 2734 406 XL".

4068 353 4175 411 730

846 474 1121 538 prudentia
1171 475 1326 545 quasi
1368 474 1590 529 coluber
1631 489 1728 545 per
1757 474 1983 529 humum
2018 484 2208 545 serpit,
2255 483 2308 527 et
2337 473 2442 526 huc
2473 469 2521 526 A
2553 470 2781 540 ittSlgttlS
2812 481 2894 525 cst
2941 480 3104 540 alque
3141 471 3468 541 conspicuus
3495 514 3510 535 ,
3562 470 3652 540 qui
3696 469 3933 541 quodam
3973 483 4174 538 prmsa-

844 566 1074 634 illucque
1115 566 1321 620 lubrica
1360 567 1624 621 varietate
1662 567 1932 632 declinat;
1970 569 2152 621 divina
2191 583 2323 622 vero
2351 582 2443 620 sa-

847 659 1045 726 pientia
1078 660 1142 712 de
1165 658 1482 713 caelestibus
1522 660 1749 714 intonat.
1782 658 1984 712 Hortus
2005 659 2171 712 etiam
2199 659 2287 712 hic
2319 659 2448 712 sini-

845 756 1012 802 stram
1051 747 1214 802 habet
1246 749 1723 816 signiﬁcationem.
1759 748 1892 802 Nam
1927 750 2167 804 carnalis
2200 751 2446 804 scicntia:

845 838 1059 892 videtur
1113 838 1400 909 designare
1473 841 1777 894 lasciviam.
1837 840 1992 893 Sicut
2044 848 2098 893 et
2167 839 2301 902 illic,
2355 839 2446 894 ubi

843 928 1031 983 Achab
1059 931 1216 999 petiit
1246 933 1460 986 vineam
1493 933 1706 987 Nalmth
1737 949 1750 986 :
1789 952 1806 984 ι
1843 933 1918 986 Da
1948 933 2102 996 mihi,
2139 934 2334 1003 inquit,
2367 933 2447 987 vi-

847 1034 1000 1073 neam
1034 1029 1204 1079 tuam.
1235 1032 1293 1076 ttt
1325 1022 1518 1077 faciam
1547 1023 1676 1077 mihi
1701 1023 1916 1078 hortum
1937 1023 2179 1078 oleorum
2207 1023 2294 1094 (ll
2315 1023 2441 1094 Reg.

843 1111 977 1180 ιιι).
1007 1131 1027 1166 ι
1056 1113 1147 1166 llle
1171 1115 1368 1184 quippe
1393 1117 1442 1168 in
1477 1117 1690 1170 hortum
1717 1126 1949 1172 conatur
1971 1119 2182 1171 vineam
2207 1127 2441 1183 vertere,

841 1204 933 1271 qui
973 1205 1205 1272 rigorem
1241 1206 1719 1274 vnrtutisjuéunda
1748 1210 1987 1265 carnalis
2030 1210 2302 1265 illecebrae
2329 1210 2444 1264 vult

842 1298 1160 1352 animnitate
1191 1308 1420 1352 mutare.
1464 1299 1529 1354 Et
1575 1299 1862 1357 Psalmista
1905 1304 2166 1371 reprobos
2201 1302 2444 1358 oleribus

842 1400 1146 1458 comparat,
1201 1392 1388 1447 dicens
1442 1411 1456 1446 :
1523 1412 1540 1444 ι
1599 1393 1881 1464 Tanquam
1938 1396 2121 1451 fenum
2181 1397 2445 1452 velociter

839 1493 1109 1544 arescent,
1134 1492 1189 1536 et
1215 1483 1356 1538 sicut
1387 1484 1535 1540 olera
1567 1486 1864 1541 herbarum
1889 1487 1999 1543 cito
2031 1488 2232 1543 cadent
2261 1485 2439 1558 (Psal.

841 1574 1053 1642 xxxvi).
1096 1593 1114 1625 ι

911 1663 1081 1718 Terra
1115 1666 1297 1735 itaque
1338 1669 1814 1737 repromissionis.
1855 1669 1960 1725 hoc
2002 1680 2084 1726 est
2116 1679 2305 1727 sancta
2340 1671 2441 1728 Ec-

835 1751 1024 1814 clesia.
1055 1765 1109 1808 et
1140 1757 1208 1811 de
1229 1757 1371 1812 Cil'lO
1406 1760 1620 1830 pluvias
1665 1763 2033 1830 prtestolatur,
2061 1763 2184 1832 quia
2216 1765 2438 1834 sapien-

2553 564 2640 633 gio
2667 563 2975 620 futurorum
3009 564 3170 633 hujus
3201 565 3416 636 mystici
3454 563 3699 619 vocabuli
3737 564 3893 617 titulo
3928 561 4175 619 cernitur

2551 654 2862 725 insignitus.
2919 653 3054 709 Nam
3087 671 3211 710 cum
3257 657 3460 710 dicitur
3504 656 3649 710 filius
3693 655 4079 725 suspendentis
4116 670 4176 709 a-

2551 761 2689 816 quas
2715 789 2728 814 ,
2761 748 2964 803 dicitur
2991 749 3180 816 procul
3213 749 3378 805 dubio
3418 750 3590 804 Filius
3622 750 3711 803 Dei
3742 793 3756 816 ,
3809 764 3915 803 non
3950 749 4174 819 quidem

2551 837 2819 891 naturalis
2841 839 3219 907 generationis
3250 840 3458 908 origine
3483 881 3497 905 ,
3528 841 3622 894 sed
3656 840 4032 908 propensioris
4053 855 4178 909 gra-

2551 929 2640 984 ti:e
2689 928 2972 999 dignitate.
3026 929 3160 984 Erat
3204 931 3349 984 enim
3386 946 3515 986 vere
3559 931 3652 984 Dei
3712 930 4014 999 templum,
4063 944 4176 985 cte-

2550 1020 2707 1077 lestis
2754 1023 2944 1092 gratia:
2984 1025 3359 1077 sanctuarium
3390 1065 3405 1085 .
3445 1039 3572 1078 arca
3607 1023 3830 1078 foederis
3858 1065 3870 1086 ,
3914 1024 4174 1076 taberna-

2549 1115 2729 1170 culum
2779 1117 3100 1171 testimonii.
3154 1115 3291 1170 Nam
3343 1118 3487 1171 sicut
3535 1132 3661 1170 arca
3717 1115 3805 1170 illa
3859 1116 4048 1185 legalis
4104 1130 4172 1170 cx

2552 1207 2984 1275 imputribilibus
3016 1207 3180 1278 lignis
3215 1207 3387 1262 Setini
3415 1209 3648 1278 mystica
3678 1206 3855 1260 fuerat
3881 1215 3998 1260 arte
4027 1222 4176 1260 eom-

2549 1299 2724 1368 posita
2752 1341 2766 1365 ,
2803 1314 2940 1353 auro
2971 1315 3191 1369 quoque
3222 1299 3522 1368 purissimo
3579 1297 3994 1366 resplendebat,
4031 1297 4176 1348 intus

2548 1400 2603 1446 et
2655 1391 2998 1446 extrinsecus
3053 1393 3299 1446 inaurata
3338 1389 3539 1461 (Exod.
3577 1392 3743 1456 xxv);
3804 1389 3876 1440 ita
3930 1389 4015 1441 vir
4069 1387 4175 1442 iste

2548 1485 2816 1538 mirabilis
2841 1525 2857 1550 ,
2887 1485 2979 1556 qui
3031 1501 3183 1556 spem
3224 1500 3380 1540 suam
3417 1487 3469 1538 in
3516 1483 3826 1539 aeternitate
3875 1489 4174 1551 posuerat,

2547 1583 2602 1629 et
2655 1576 2898 1631 exterius
2950 1577 3202 1631 radiabat
3252 1577 3530 1630 imitandze
3581 1575 3708 1628 vine
3757 1574 4087 1643 splendore,
4122 1582 4180 1628 et

2548 1667 2881 1722 intrinsecus
2928 1668 3264 1739 praelueebat
3308 1667 3506 1722 divinae
3565 1667 3846 1736 sapientia:
3900 1665 4174 1720 claritate.

2547 1759 2602 1813 In
2634 1760 2719 1813 illa
2749 1775 2969 1830 quoque
2999 1775 3129 1814 arca
3183 1767 3304 1816 erat
3334 1775 3469 1812 urna
3500 1774 3663 1812 aurea
3692 1797 3706 1820 ,
3752 1758 3803 1810 lu
3833 1772 3939 1825 qua
3973 1773 4175 1811 manna

837 1843 927 1899 tite
954 1846 1191 1902 caelestis
1216 1849 1390 1903 imbre
1419 1850 1786 1919 perfuoditur,
1811 1863 1864 1907 et
1895 1855 2066 1908 nubes
2089 1856 2231 1924 ejus,
2256 1856 2433 1909 sancti
2469 1846 2513 1906 Β
2543 1852 2891 1914 servabatur,
2925 1850 3122 1904 tabulze
3153 1850 3514 1905 nihilominus
3541 1847 3907 1910 Testamenti,
3940 1856 3995 1901 et
4021 1847 4174 1918 virga

835 1937 1044 1992 scilicet
1091 1940 1367 2006 doctores,
1398 1943 1465 1998 de
1513 1943 1720 2013 cmlesti
1754 1962 1861 1999 uno
1893 1945 2040 2000 fonte
2091 1947 2441 2001 invisibiliter

835 2028 1115 2098 hauriunt,
1173 2035 1316 2103 quod
1366 2035 1419 2089 in
1467 2053 1566 2091 nos
1615 2039 1959 2106 postmodum
2011 2041 2255 2094 suaviter
2308 2055 2439 2094 eru-

831 2123 1030 2178 ctaudo
1063 2124 1470 2181 transfundunt.
1498 2127 1651 2183 Unde
1699 2129 2008 2200 Propheta:
2044 2151 2062 2182 ι
2095 2131 2436 2195 Memoriam,

833 2213 1050 2283 inquit,
1103 2217 1451 2273 abundantiae
1496 2221 1784 2276 suavitatis
1827 2231 1930 2276 ture
1976 2224 2338 2287 eructabunt,
2385 2232 2439 2278 et

823 2305 1039 2375 justitia
1071 2318 1161 2362 tua
1193 2310 1552 2382 exsultabant
1578 2309 1751 2382 (Prol.
1787 2315 1995 2384 chtvl.
2037 2337 2054 2368 ι
2091 2317 2174 2371 An
2221 2334 2328 2372 non
2371 2318 2439 2371 ad

832 2398 986 2472 illum
1016 2399 1216 2455 fantem
1243 2402 1464 2468 Paulus,
1511 2421 1704 2474 magna
1741 2409 1951 2463 scilicet
1996 2412 2198 2472 nubes,
2253 2411 2436 2475 rediit,

827 2507 978 2557 cum,
1012 2508 1172 2562 supra
1210 2494 1427 2548 tertium
1457 2496 1654 2550 caelum
1693 2508 1900 2565 raptus,
1939 2501 2102 2555 verba
2136 2517 2259 2571 qim
2289 2502 2436 2572 loqui

827 2592 936 2632 non
965 2579 1183 2647 licebat,
1210 2585 1453 2639 audivit?
1478 2585 1526 2656 (Ι
1561 2585 1685 2641 Cor.
1721 2589 1806 2657 ιι.)
1840 2590 1920 2643 An
1950 2606 2056 2644 non
2089 2593 2156 2646 ad
2181 2593 2436 2648 eumdem

827 2668 1036 2726 fontem
1070 2687 1320 2730 reversus
1355 2685 1436 2732 est
1472 2676 1686 2742 Petrus,
1729 2696 1852 2734 cum
1897 2681 1949 2734 in
1977 2682 2212 2736 exlasim
2260 2684 2440 2739 subito

828 2763 1064 2833 rapitur,
1095 2776 1148 2819 ct
1197 2783 1302 2820 non
1353 2770 1514 2823 modo
1557 2770 1765 2838 diversa
1810 2772 2168 2828 animantium
2211 2789 2436 2845 genera,

824 2849 920 2902 sed
969 2860 1024 2904 et
1068 2853 1340 2922 serpentia
1405 2864 1644 2909 mactare
1683 2866 1737 2911 et
1787 2860 2120 2915 manducare
2164 2859 2438 2929 jubetur?

825 2939 970 3009 (Act.
1006 2944 1086 3013 x.)
1123 2944 1185 2998 Et
1217 2947 1329 3000 haec
1379 2947 1599 3016 quidem
1643 2950 1815 3004 nubes
1840 2967 1945 3004 non
1974 2961 2094 3006 erat
2139 2963 2266 3008 tunc
2297 2965 2435 3025 aqua

827 3034 1108 3101 sapientiae
1155 3035 1386 3104 pleniter
1408 3040 1652 3108 gravida,
1681 3042 1805 3110 quia
1840 3045 2147 3100 communis
2189 3047 2434 3100 omnium

823 3123 986 3196 213
1029 3127 1274 3196 gentium
1314 3131 1618 3186 vocationis
1649 3143 1770 3186 erat
1800 3134 2010 3205 ignara.
2044 3137 2151 3191 Sed
2202 3138 2438 3193 accessit

2543 1946 2724 2000 Aaron
2753 1986 2768 2010 ,
2823 1960 2946 2013 quae
2993 1943 3337 2004 fronduerat.
3390 1943 3531 2010 Quid
3567 1951 3653 1998 est
3689 1949 3872 1994 autem
3904 1954 4040 1992 urna
4071 1953 4172 1993 au-

2544 2053 2657 2101 rea,
2693 2036 2796 2091 nisi
2829 2051 2960 2090 caro
2997 2036 3201 2091 Christi
3235 2035 3460 2101 munda,
3511 2037 3682 2091 nitida
3705 2078 3720 2101 ,
3753 2037 3970 2089 sincera
4005 2043 4174 2102 atque

2544 2129 2613 2181 ab
2653 2127 2802 2181 omni
2848 2137 3035 2182 reatus
3079 2128 3408 2199 contagione
3440 2128 3780 2198 purissima?
3811 2127 3944 2194 Qua!
3983 2141 4178 2181 recon-

2534 2207 2716 2274 iditum
2758 2219 2923 2273 habet
2971 2234 3171 2273 manna
3201 2260 3215 2284 ,
3263 2220 3574 2290 angelicum
3627 2221 3889 2275 videlicet
3931 2235 4128 2289 panem
4156 2259 4172 2284 ,

2543 2312 2647 2365 hoc
2687 2319 2811 2375 est,
2840 2311 3143 2365 divinitatis
3186 2319 3408 2366 aeterna:
3446 2311 3822 2366 dulcedinem.
3873 2310 4006 2364 Duae
4041 2323 4177 2364 vero

2547 2401 2774 2470 lapidea:
2821 2401 3018 2456 tabula:
3071 2401 3442 2457 inviolabilem
3495 2404 3783 2472 utriusque
3835 2401 4177 2458 Testamenti

2545 2495 2852 2565 signiﬁcant
2886 2495 3222 2550 firmitatem.
3250 2497 3390 2562 Quid
3421 2505 3604 2551 autem
3631 2498 3812 2551 Aaron
3847 2498 3999 2567 virga
4019 2537 4032 2557 .
4073 2495 4178 2550 nisi

2543 2586 2743 2641 summi
2789 2586 3016 2656 verique
3063 2585 3350 2642 Pontificis
3403 2589 3577 2643 nostri
3611 2587 3852 2643 salutare
3891 2587 4174 2648 vexillum.

2544 2685 2598 2732 et
2623 2677 2855 2732 vivilica:
2878 2678 3060 2732 crucis
3085 2677 3348 2747 exprimit
3369 2679 3818 2735 sacramentum?
3847 2677 3976 2744 Qua:
4007 2677 4175 2730 etiam

2544 2765 2597 2820 in
2650 2781 2717 2820 eo
2775 2765 2921 2837 quod
2982 2767 3327 2841 germinasse
3386 2769 3743 2839 perhibetur,
3802 2767 4180 2839 praeﬂguravit

2543 2858 2759 2913 beatam
2798 2872 3021 2914 crucem
3057 2858 3385 2914 immortalis
3413 2860 3696 2913 memoria:
3736 2858 4018 2913 viriditate
4051 2871 4174 2912 ver-

2544 2958 2790 3004 nantem.

2615 3041 2742 3096 Haec
2783 3051 2912 3096 sunt
2953 3052 3301 3098 sacramenta
3350 3045 3678 3102 universalis
3719 3043 4018 3107 Ecclesiae,
4055 3042 4176 3098 haec

2543 3133 2710 3188 etiam
2743 3133 3001 3186 salutaris
3042 3135 3333 3188 instructio
3360 3137 3736 3208 cujuscunque
3760 3135 3935 3190 lldelis
3964 3135 4166 3188 anima

822 3216 893 3268 ad
942 3213 1145 3270 fontem
1175 3260 1189 3280 ,
1218 3226 1274 3272 et
1308 3219 1490 3274 hausit
1519 3219 1958 3290 limpidissimam
2007 3234 2174 3296 atque
2221 3229 2432 3297 perspi-
2461 3208 2508 3272 C
2541 3221 2892 3279 Christianae.
2939 3223 3093 3291 Quod
3123 3227 3268 3280 enim
3314 3244 3442 3282 arca
3487 3245 3584 3298 per
3612 3229 3994 3294 adumbratam
4022 3241 4166 3298 pra:-

823 3317 983 3361 cuam
1017 3308 1082 3361 de
1108 3309 1283 3364 salute
1311 3312 1553 3380 gentium
1587 3315 1902 3381 puritatem.
1939 3315 2191 3386 Nunquid
2223 3329 2276 3374 et
2302 3321 2437 3377 bea-

824 3406 913 3453 tus
951 3401 1054 3454 iste
1102 3400 1536 3459 Bartholomzeus
1587 3405 1652 3460 de
1687 3407 2021 3486 plenitudine
2073 3409 2242 3466 fontis
2273 3413 2434 3483 hujus

822 3488 1077 3544 haustmn
1103 3491 1342 3546 caelestis
1365 3495 1554 3564 gratiae
1591 3512 1697 3550 non
1728 3500 2239 3570 percepit,quando
2271 3519 2435 3574 super

818 3591 945 3633 eum
975 3595 1094 3634 eum
1120 3585 1450 3651 coapostolis
1475 3586 1591 3641 suis
1611 3589 1867 3643 omnibus
1889 3590 2434 3662 venitSpiritnssan-

816 3679 939 3725 ctus
970 3672 1021 3727 in
1078 3673 1372 3741 ignitarum
1416 3677 1732 3734 diversitate
1775 3679 2118 3750 linguarum?
2154 3683 2295 3753 (Act.
2344 3686 2432 3755 ιι.)

799 3765 925 3820 Sed
956 3767 1044 3836 qui
1075 3768 1251 3837 ignem
1283 3771 1459 3831 audis,
1488 3786 1688 3841 aquam
1717 3774 1945 3829 forsitan
1983 3793 2088 3831 non
2133 3778 2433 3849 intelligis?

819 3858 960 3912 Audi
985 3861 1259 3926 quomodo
1291 3861 1551 3917 Dominus
1570 3865 1823 3920 eumdem
1851 3866 2114 3936 Spiritum
2142 3880 2390 3927 sanctum
2414 3913 2428 3936 ,

818 3948 913 4018 qui
958 3949 1010 4003 in
1045 3951 1168 4019 igne
1201 3967 1363 4020 super
1407 3955 1685 4023 apostolos
1717 3959 1904 4036 venit,
1941 3975 2142 4032 aquam
2191 3965 2429 4018 vocavit.

823 4061 842 4090 ι
884 4039 938 4094 Si
984 4043 1106 4112 quis
1131 4086 1145 4104 .
1179 4043 1417 4115 inquit,.
1442 4047 1555 4101 sitit
1581 4090 1594 4110 ,
1644 4051 1828 4105 veniat
1857 4053 1926 4107 ad
1963 4070 2049 4109 me
2086 4065 2142 4110 et
2190 4056 2364 4112 bibat.
2403 4077 2423 4112 ι

815 4129 1046 4200 Moxque
1094 4135 1371 4202 sultjunxit
1403 4156 1415 4190 :
1450 4156 1470 4188 ι
1511 4139 1610 4200 Qui
1645 4143 1820 4196 credit
1851 4143 1902 4195 in
1937 4160 2042 4210 me,
2075 4164 2093 4196 ›
2128 4147 2270 4200 sicut
2300 4149 2431 4204 dicit

813 4219 1117 4291 Scriptura,
1139 4225 1390 4281 cﬂumina
1417 4229 1484 4284 de
1507 4241 1697 4307 ventre
1721 4233 1841 4304 ejus
1862 4233 2032 4290 ﬂuent
2053 4253 2208 4307 aqu-.e
2232 4242 2388 4297 vivae.
2405 4263 2424 4295 ι

815 4309 932 4366 lloc
963 4325 1142 4367 autem
1166 4357 1179 4377 ,
1220 4317 1292 4370 ait
1323 4306 1661 4390 evangelista
1683 4364 1696 4385 ,
1727 4323 1868 4380 dixit
1916 4329 1983 4382 de
2019 4306 2229 4401 Spiritu
2263 4349 2425 4403 quem

813 4407 1094 4473 acrepturi
1142 4418 1301 4462 erant
1346 4413 1633 4469 credentes
1665 4414 1716 4470 in
1761 4433 1886 4472 eum
1921 4421 2104 4489 (Joan.
2136 4427 2257 4496 Vit).
2301 4446 2319 4478 ι
2354 4427 2429 4484 De

812 4497 1013 4566 quibus
1058 4501 1410 4560 credentibus
1455 4521 1554 4575 per
1587 4507 1917 4579 Prophetam
1967 4515 2212 4571 dicitur:
2252 4539 2270 4570 c
2309 4520 2426 4575 Inc-

809 4589 1143 4648 briabuntur
1191 4595 1260 4649 ab
1309 4596 1560 4655 ubertate
1606 4601 1809 4675 domus
1859 4615 1964 4661 tute
2001 4651 2014 4672 ,
2074 4618 2129 4664 ct
2186 4620 2428 4670 torrente

806 4682 1110 4753 voluptatis
1157 4695 1261 4742 ture
1302 4689 1516 4759 potabis
1563 4707 1695 4759 eos,
1745 4699 2004 4765 quoniam
2041 4704 2183 4771 apud
2240 4715 2290 4759 te
2339 4716 2427 4762 est

815 4771 934 4828 fons
961 4775 1083 4830 vita:
1117 4775 1292 4844 (Prol.
1327 4784 1514 4850 xxxv).
1551 4802 1570 4836 ι
1605 4783 1922 4859 Philosophi
1953 4792 2143 4848 dicunt
2186 4797 2422 4866 spatium

813 4880 988 4922 aerea:
1012 4869 1398 4928 crassitudinis
1423 4889 1528 4930 non
1557 4877 1790 4947 amplius
1814 4896 1978 4951 qttam
2011 4885 2201 4941 decem
2232 4891 2424 4944 stadiis

812 4971 839 5012 ι
874 4967 1015 5013 terra
1049 4962 1282 5018 distendi
1309 5006 1324 5030 ,
1373 4981 1494 5036 qua:
1537 4970 1694 5026 nobis
1738 4973 2032 5043 aliquando
2070 4979 2203 5035 solis
2233 4982 2420 5051 splen-

807 5051 995 5134 dorem
1047 5055 1319 5113 subtrahit
1365 5070 1416 5115 et
1475 5061 1688 5132 pluvias
1721 5065 1916 5122 fundit.
1966 5068 2088 5127 Ista
2139 5087 2312 5138 vero,
2351 5075 2420 5131 de

814 5144 1006 5214 quibus
1055 5164 1199 5204 nunc
1241 5150 1518 5223 loquimur
1543 5197 1556 5218 ,
1587 5157 1762 5212 nubes
1791 5159 2054 5216 ctelorum
2085 5165 2232 5221 celsa
2269 5176 2418 5222 tran-

805 5239 1114 5305 scendunt,
1147 5251 1202 5297 et
1248 5243 1428 5300 lumen
1477 5248 1592 5302 veri
1644 5248 1789 5308 Solis
1830 5269 1936 5309 non
1988 5255 2285 5324 auferunt,
2321 5261 2414 5315 sed

803 5331 1120 5387 ostendunt.
1178 5334 1251 5390 Dc
1297 5339 1496 5407 quibus
1524 5343 1688 5397 etiam
1745 5343 1849 5400 sub
1877 5344 2162 5404 ﬂuviorum
2195 5353 2415 5408 nomine

803 5432 912 5488 per
961 5420 1311 5482 Salomonem
1362 5430 1563 5486 dicitur
1593 5448 1608 5487 :
1643 5452 1661 5485 ι
1697 5435 1891 5493 Omnia
1922 5440 2148 5497 ﬂumina
2208 5445 2420 5502 intrant

805 5509 864 5565 in
910 5527 1100 5578 mare,
1147 5527 1197 5570 et
1247 5534 1399 5576 mare
1434 5538 1539 5577 non
1585 5527 1893 5597 redundat;
1945 5534 2012 5586 ad
2058 5533 2236 5590 locum
2279 5541 2422 5595 unde

804 5615 1058 5672 exeunt,
1119 5607 1341 5667 ﬂumina
1400 5627 1796 5684 revertuntur,
1876 5634 1935 5679 ut
1994 5627 2191 5682 iterum
2251 5629 2424 5688 ﬂuant

805 5695 1007 5768 (Hrcle.
1046 5699 1102 5770 l).
1147 5720 1163 5751 ι

880 5784 1024 5844 later
1076 5806 1216 5860 quos
1265 5797 1450 5867 utique
1507 5799 1701 5859 ﬂuvios
1744 5805 1937 5864 beatus
1990 5810 2422 5875 Bartliolomteus

2541 3315 2800 3372 tendebat
2849 3317 3178 3388 imaginem,
3214 3319 3319 3373 hoc
3364 3336 3508 3375 nunc
3550 3321 3792 3376 Ecclesia
3820 3361 3835 3386 ,
3887 3318 3970 3375 vel
4016 3334 4172 3390 quae-

2537 3425 2646 3480 que
2693 3426 2850 3466 mens
2895 3410 3030 3479 justi
3083 3426 3182 3480 per
3210 3409 3653 3468 eﬂicacissimam
3689 3423 3742 3469 et
3775 3422 4018 3482 apertam
4051 3429 4178 3483 pos-

2538 3503 2680 3556 side:
2724 3504 3038 3558 veritatem.
3092 3504 3220 3560 "me
3261 3506 3429 3579 214
3463 3508 3606 3562 beati
3653 3508 3883 3577 apostoli
3925 3508 4174 3580 mystica

2540 3591 2853 3647 refectioan
2876 3593 3133 3649 alimenta
3163 3598 3489 3665 portabant,
3518 3599 3634 3654 haec
3677 3609 3937 3669 tauquam
3968 3614 4168 3670 panem

2537 3687 2779 3756 parvulis
2799 3690 3128 3758 exponendo
3154 3690 3499 3762 frangebant.
3527 3691 3660 3745 Nam
3686 3702 3976 3762 postquam
4003 3709 4171 3746 evan-

2535 3777 2742 3848 gelicus
2794 3777 2885 3834 ille
2945 3793 3127 3835 sermo
3161 3782 3432 3851 prorupit,
3487 3783 3748 3852 quoniam
3800 3784 4016 3853 aperuit
4066 3782 4174 3841 illis

2537 3886 2801 3936 sensum,
2863 3882 2920 3927 ut
2969 3872 3338 3944 intelligerent
3395 3873 3717 3943 Seripturas
3763 3874 3918 3944 (Luc.
3971 3875 4122 3946 utr)
4155 3917 4171 3940 ,

2537 3964 2856 4035 prophetica
2895 3965 3116 4036 querela
3161 3966 3398 4021 cessavit
3426 4007 3440 4029 ,
3468 3981 3574 4036 qua
3607 3967 3808 4021 dicitur
3838 3983 3851 4019 :
3888 3986 3906 4018 ι
3945 3966 4171 4022 Parvuli

2535 4057 2812 4126 petierunt
2861 4069 3057 4125 panem
3094 4097 3109 4120 ,
3167 4066 3222 4110 et
3272 4073 3380 4112 non
3441 4067 3562 4112 erat
3616 4058 3706 4126 qui
3759 4058 4038 4127 frangeret
4089 4057 4170 4112 eis

2537 4148 2757 4219 (Tlmn.
2791 4151 2888 4216 tv).
2932 4167 2950 4199 ι
2985 4147 3085 4203 Hic
3114 4157 3197 4203 est
3224 4150 3380 4217 panis
3411 4150 3500 4202 ille
3544 4149 3899 4218 quotidianus
3922 4189 3936 4212 ,
3968 4149 4169 4202 fratres

2537 4243 2640 4296 mei
2671 4283 2685 4304 ,
2736 4257 2898 4311 quem
2950 4256 3049 4295 nos
3083 4239 3298 4296 Veritas
3327 4243 3514 4297 docuit
3556 4242 3836 4297 iuhianter
3867 4252 4166 4312 expetere;

2535 4335 2637 4389 hoc
2673 4336 2918 4389 cmlcstis
2965 4335 3248 4405 sapientiae
3293 4335 3574 4405 pabulum,
3601 4336 3746 4406 quod
3795 4334 4170 4404 debetnusjtt-

2534 4429 2676 4500 giter
2719 4427 2953 4483 esurire.

2606 4523 2892 4578 Audianus
2922 4523 3106 4592 itaque
3139 4539 3240 4592 per
3270 4539 3333 4578 os
3361 4523 3670 4580 Salomonis
3694 4523 4033 4595 Sapientiam
4065 4538 4170 4582 nos

2535 4617 2603 4671 ad
2651 4631 2896 4671 mensam
2938 4617 3244 4688 spiritualis
3289 4618 3562 4674 alimonim
3603 4620 3770 4674 claris
3820 4621 4048 4674 vocibus
4083 4620 4167 4674 in-

2533 4708 2839 4764 vitantem:
2869 4728 2888 4762 ι
2924 4708 3240 4779 Sapientia,
3292 4710 3496 4780 inquit,
3565 4712 3868 4766 immolavit
3916 4713 4171 4768 vietimas

2530 4817 2694 4864 suas,
2740 4802 2961 4856 miscuit
3000 4801 3187 4856 vinum
3234 4813 3290 4857 et
3320 4804 3607 4872 proposuit
3659 4819 3905 4857 mensam
3963 4817 4163 4866 suam;

2532 4895 2680 4949 misit
2732 4893 2961 4950 ancillas
3009 4909 3176 4960 suas,
3237 4905 3298 4948 ut
3339 4905 3605 4950 vocarent
3651 4897 3717 4948 ad
3762 4909 3982 4957 arcem,
4012 4905 4066 4950 et
4095 4894 4165 4950 ad

2529 4989 2734 5044 mcenia
2767 4989 3036 5044 civitatis:
3063 4988 3108 5043 si
3137 4988 3261 5058 quis
3288 4999 3371 5044 est
3400 4989 3683 5058 parvulus,
3717 4990 3901 5043 veniat
3933 4989 4001 5041 ad
4039 5005 4158 5052 me;

2530 5084 2754 5147 venite.
2796 5085 3070 5140 comedite
3119 5101 3314 5155 panem
3365 5102 3544 5141 meum
3573 5129 3588 5153 ,
3648 5097 3704 5143 et
3763 5087 3933 5142 bibite
3974 5087 4161 5141 vinum

2529 5180 2899 5250 quodgmiscui
2943 5179 3098 5235 vobis
3137 5179 3326 5252 (Prov.
3367 5182 3468 5250 ix).
3503 5201 3521 5234 ι
3559 5181 3811 5236 Christus
3853 5183 3999 5235 enim
4025 5222 4040 5247 ,
4066 5185 4164 5252 qui

2530 5271 2797 5340 sapientia
2842 5271 3026 5326 Patris
3069 5281 3191 5337 est,
3243 5273 3500 5326 victimas
3545 5273 3881 5335 unmolavit.
3934 5289 4056 5328 cum
4092 5272 4158 5326 ad

2529 5372 2734 5419 nostra:
2765 5363 3092 5419 imitationis
3118 5365 3431 5433 exemplum
3467 5365 3656 5420 beatos
3689 5375 3960 5434 martyres
3986 5361 4160 5417 occidi

2530 5457 2802 5527 permisit.
2852 5455 3070 5511 Miscuit
3098 5456 3315 5520 vinum,
3359 5456 3488 5526 quia
3541 5455 3854 5526 propinavit
3889 5453 4162 5534 credenti-

2528 5549 2630 5603 bus
2691 5546 2959 5617 Spiritum
3017 5558 3292 5604 sanctum.
3341 5547 3636 5618 Proposuit
3685 5563 3973 5611 mensam,
4029 5547 4158 5616 quia

2528 5639 2809 5696 caelestem
2856 5641 3419 5711 paravit‘hominibus
3459 5642 3714 5714 gloriam.
3751 5641 3898 5696 Misit
3925 5641 4161 5700 ancillas

2529 5746 2693 5793 suas.
2742 5731 2795 5785 id
2838 5739 2960 5795 est,
2994 5742 3217 5788 sanctos
3251 5731 3415 5787 V'crbi
3461 5733 3778 5796 ministros,
3828 5731 3921 5802 qui
3966 5747 4027 5789 se
4076 5731 4161 5788 ln-

2533 5821 2720 5878 firmos
2765 5833 2817 5877 .;t
2850 5822 3069 5896 fragiles
3100 5835 3443 5882 asseverant.
3488 5825 3627 5895 Quid
3656 5843 3788 5898 ergo
3811 5826 3928 5901 jam
3961 5834 4153 5892 restat.
