5450 6394
487 8 3507 80 ‘-—-—--——-————L

1971 381 2074 443 73!

1963 503 2069 560 nisi
2097 510 2180 567 ut,
2203 499 2384 555 relicta
2411 494 2554 550 fame
2581 494 2760 548 seculi
2781 532 2796 558 ,
2823 501 3175 559 pmperemus
3209 491 3275 538 ad
3304 494 3548 537 mensam
3580 491 3622 547 Α
3653 482 3705 527 et
3757 468 3961 567 Spiritu
3988 474 4140 519 sanet

1964 592 2108 651 Del?
2153 589 2261 646 Sed
2295 587 2363 642 ad
2408 588 2549 640 hanc
2576 582 2909 654 ingrediendi
2935 578 3143 634 aditum
3174 575 3413 642 reperire
3439 586 3547 625 non

1963 697 2282 756 possumus,
2327 678 2429 734 nisi
2473 693 2570 747 per
2612 685 2831 730 sanctos
2860 671 3170 741 apostolos,
3220 665 3547 756 quihusda-

1963 753 2057 828 ves
2099 769 2403 827 commissa:
2431 776 2556 823 sunt
2585 766 2734 833 regni
2763 763 3022 819 caelorum
3066 757 3227 828 (Joan
3254 759 3370 822 xx).
3399 753 3551 808 Unde

1965 863 2228 932 scriptum
2269 867 2393 915 est:
2422 878 2440 911 ε
2481 857 2757 927 Sapientia
2792 854 2923 908 foris
2957 848 3244 918 pradicat,
3276 847 3330 899 in
3360 844 3552 913 plateis

1965 954 2058 1008 dat
2097 967 2284 1008 vocem
2333 965 2525 1013 suam,
2569 950 2622 1002 in
2659 946 2836 1014 capite
2878 941 3160 996 turbarum
3193 938 3464 1000 clamitat,
3498 936 3551 989 in

1965 1041 2174 1098 foribus
2213 1049 2489 1111 portarum
2520 1034 2702 1106 (Prov.
2752 1037 2813 1104 I).
2851 1053 2868 1086 s
2895 1032 2997 1101 Ipsi
3027 1031 3224 1101 quippe
3243 1038 3371 1082 sunt
3392 1033 3551 1096 caput

1966 1131 2247 1185 turbarum
2290 1125 2542 1195 foresque
2583 1134 2895 1194 portarum,
2928 1121 3051 1188 quia
3083 1119 3184 1186 ipsi
3231 1126 3356 1173 sunt
3385 1131 3556 1185 popuo

1967 1221 2141 1275 lorum
2180 1217 2480 1288 principes,
2536 1230 2602 1270 ac
2643 1226 2889 1282 superruo
2923 1207 3224 1264 Jerusalem
3262 1222 3360 1276 per
3388 1203 3553 1258 subli-

1967 1308 2157 1363 Inioris
2198 1305 2533 1363 excellentiae
2570 1301 2909 1373 privilegium
2952 1298 3235 1366 janitores.
3285 1294 3386 1364 Ipsi
3428 1299 3553 1348 sunt

1967 1397 2177 1466 regales
2207 1395 2311 1451 illa:
2338 1393 2514 1455 sedes,
2545 1393 2610 1447 de
2644 1391 2842 1461 quibus
2881 1389 2933 1442 in
2978 1387 3117 1442 libro
3150 1383 3440 1454 Sapientia:
3473 1382 3554 1436 di-

1964 1487 2152 1541 citur:
2187 1501 2206 1533 ι
2257 1482 2391 1536 Dum
2440 1481 2676 1535 medium
2725 1477 3282 1534 silentiumtenercnt
3328 1473 3551 1536 omnia,

1960 1588 2017 1634 et
2074 1592 2181 1632 nox
2223 1577 2277 1630 in
2333 1589 2434 1630 suo
2471 1587 2634 1628 cursu
2675 1570 2912 1625 medium
2945 1568 3049 1622 iter
3096 1566 3349 1628 haberet,
3382 1560 3555 1617 omnl-

1966 1678 2160 1738 ;mtens
2206 1682 2388 1724 sermo
2436 1675 2588 1730 tuus,
2635 1662 2893 1726 Domine,
2926 1662 2993 1716 de
3039 1659 3178 1714 cutio
3223 1673 3253 1712 a
3285 1656 3554 1727 regalibus

2612 373 2669 430 S.
2710 371 2915 430 PETRI
2948 364 3230 426 DAIMNI
3269 362 3424 422 OPP.
3446 359 3628 418 PARS
3663 354 3795 413 εει]
3824 349 4064 411 τοιωδ
4097 347 4161 404 II.
4194 376 4261 389 --
4303 339 4692 402 SERIONES.

4141 477 4174 518 ο
4213 469 4342 514 vmt
4375 473 4429 513 et
4467 467 4658 525 regnat
4689 469 4743 507 tn
4787 450 4988 507 saecula
5015 445 5250 506 saculo-

3654 579 3794 620 rum.
3829 564 4020 616 Amen.

4229 771 4660 834 SEPTEMBER.

3656 907 3703 966 ι.
3748 900 3957 961 Sermo
4017 894 4089 953 de
4141 893 4205 953 S.
4253 884 4921 969 Victoreconfessqre.
4967 957 5046 969 __
5141 953 5156 969 θ

3659 953 3837 1044 iuit!
3863 953 4083 1036 ’έὲνπιο
4148 970 4185 1030 ι
4237 970 4305 1029 in
4372 953 4718 1026 Natioitats
4794 959 4868 1020 Β.
4967 953 5250 1036 Virginis

3732 1054 3973 1115 Morta.

3732 1135 3944 1194 Sermo
4007 1127 4077 1191 II
4135 1127 4207 1187 de
4261 1123 4486 1184 eadem.

3743 1208 4029 1270 Homilt'a
4084 1206 4157 1266 de
4524 1275 4539 1282 ,
4648 1276 4661 1282 _
4860 1273 4896 1282 _
5007 1276 5023 1282 ,
5189 1271 5202 1282 .

3655 1287 3826 1348 XIV.
3884 1286 4093 1347 Sermo
4157 1282 4190 1343 1
4260 1281 4332 1340 de
4396 1275 4778 1338 exultatione
4847 1273 4916 1334 S.
4995 1273 5250 1333 crucis.

3735 1367 3944 1426 Sermo
4008 1363 4077 1424 Il
4137 1361 4210 1420 de
4264 1355 4487 1419 eadem.

3657 1443 3832 1504 XXI.
3877 1444 4086 1503 Sermo
4156 1439 4228 1499 de
4288 1438 4355 1499 S.
4427 1431 4772 1504 Mattiaco,
4837 1427 5138 1510 apostolo
5203 1433 5256 1485 et

3739 1520 4135 1598 evangelista.

3736 1592 3945 1659 Serm-0
3999 1598 4068 1657 11
4125 1595 4197 1655 de
4251 1592 4482 1655 eodem.

3735 1677 4020 1738 [familia
4071 1673 4143 1734 de
4199 1671 4428 1734 eodem.

1967 1759 2188 1814 sedibus
2229 1758 2370 1813 venit
2396 1756 2551 1828 (Sep.
2584 1755 2762 1824 XVIII).
2797 1773 2817 1807 s
2849 1753 2904 1807 In
2946 1751 3174 1806 adventu
3216 1749 3412 1818 quippe
3441 1746 3548 1801 Do-
3586 1826 3614 1828 ;
3657 1757 3904 1818 χχιχ,
3949 1755 4140 1815 ΞΜ(

2612 1755 2762 1824 LVIII)-
2797 1753 2904 1807 ³1η
2946 1751 3174 1806 θάνεηιυ
3216 1749 3412 1818 Quippe
3441 1746 3548 1801 θα·-
3586 1826 3614 1828 g
3657 1757 3904 1818 XXIX.
3949 1755 4163 1815 Sermo
4223 1749 4297 1811 de
4357 1748 4421 1810 S.
4487 1744 4790 1811 Michaels
4850 1739 5259 1822 archangelo.

1969 1850 2101 1904 mini
2153 1826 2705 1904 medium-silentium
2755 1845 2935 1900 omnia
2986 1841 3381 1904 continebant,
3427 1839 3552 1907 quia
3585 1826 3630 1886 Β

1962 1939 2076 2013 jam
2122 1949 2178 1994 et
2221 1940 2493 2010 propheta
2538 1943 2915 2000 cessaverant,
2945 1942 3001 1989 et
3045 1933 3282 1987 nondum
3324 1929 3551 2000 apostoli

1968 2033 2037 2088 ad
2081 2032 2479 2104 prmdicandam
2528 2047 2678 2086 novae
2728 2029 2851 2083 ﬂdei
2885 2028 3113 2098 gratiam
3155 2022 3461 2078 veniebant.
3496 2019 3554 2074 In

1967 2125 2200 2194 quodam
2245 2124 2404 2193 plane
2430 2123 2660 2177 mundus
2700 2119 2999 2176 meditullio
3027 2116 3395 2176 consistebat,
3426 2113 3554 2166 dum

1967 2223 2027 2270 et
2066 2216 2448 2286 prophetarum
2498 2226 2837 2282 nequaquam
2891 2208 3110 2263 oracula
3168 2213 3514 2276 superessent
3539 2243 3552 2264 .

1970 2312 2030 2359 et
2079 2303 2370 2374 apostolica
2418 2303 2654 2358 nondum
2703 2294 3015 2371 praedicatio
3057 2304 3387 2353 coruscaret.
3418 2294 3556 2362 Quid

1975 2406 2156 2448 autem
2202 2393 2291 2448 hic
2319 2381 2440 2448 nox
2483 2392 2799 2461 intelligitur
2822 2431 2837 2454 ,
2869 2391 2971 2445 nisi
3014 2387 3264 2444 diabolus
3287 2427 3300 2450 ,
3333 2386 3424 2454 qui
3457 2401 3555 2440 au-

1972 2490 2091 2535 ctor
2137 2489 2222 2535 est
2275 2480 2659 2536 tenebrarum?
2709 2479 2800 2550 qui
2852 2479 3107 2532 nimirum
3160 2475 3556 2547 quodammodo

1973 2580 2103 2625 tunc
2146 2569 2419 2635 ambulat,
2454 2586 2578 2627 cum
2627 2586 2733 2626 non
2778 2569 2936 2625 facile
2971 2568 3112 2623 valet
3161 2567 3385 2636 implere
3413 2565 3555 2635 quod

1974 2667 2162 2728 optat;
2203 2669 2330 2713 tunc
2376 2673 2506 2712 vero
2557 2659 2764 2721 currit,
2824 2671 2946 2711 cum
2997 2655 3218 2711 malitia:
3269 2670 3381 2710 sine
3432 2664 3556 2709 vota

1977 2749 2182 2819 absque
2235 2747 2344 2802 ullo
2384 2748 2827 2804 contradictionis
2875 2746 3157 2802 obstaculo
3205 2744 3454 2815 perlicit;
3507 2753 3562 2798 et

1976 2854 2083 2895 non
2108 2838 2223 2908 jam
2275 2841 2398 2896 vitae
2442 2840 2737 2910 marginem
2763 2879 2778 2903 ,
2825 2837 2918 2892 sed
2968 2837 3203 2891 medium
3240 2837 3344 2889 iter
3373 2845 3556 2899 tenet,

1971 2929 2099 2984 dum
2129 2930 2259 2984 nihil
2290 2930 2390 2984 sibi
2425 2930 2572 2984 videt
2599 2942 2920 2992 occurrere,
2950 2927 3094 2997 quod
3122 2927 3205 2981 sui
3236 2942 3429 2981 cursus
3460 2926 3560 2979 im-

1972 3027 2155 3090 petum
2190 3017 2367 3073 valeat
2402 3018 2700 3097 retardare.

2041 3109 2176 3165 Cum
2220 3107 2384 3182 igitur
2417 3110 2518 3166 sub
2562 3117 2671 3165 tam
2702 3109 2866 3165 noxio
2909 3108 3143 3164 mundus
3186 3107 3403 3163 silentio
3432 3123 3559 3163 con-

4189 1894 4220 1926 ⁸
4259 1888 4492 1947 SERIIO
4530 1888 4713 1944 XLIII.

3761 2019 3828 2062 ns
3867 2017 4068 2059 ssscro
4107 2016 4338 2057 “cross
4375 2010 4728 2054 cosmsoss.
4771 1995 4810 2064 (ι
4850 1992 5155 2061 sses-ns.)

3728 2116 3826 2171 llic
3872 2116 3962 2170 ille
4005 2127 4230 2184 magnus
4272 2109 4632 2166 Providentiae
4654 2106 4844 2162 oculus
4869 2104 5100 2159 dulciori
5131 2118 5268 2158 ver.

3658 2209 3787 2263 bere
3832 2220 4049 2262 carnem
4082 2202 4374 2260 carnaliter
4407 2198 4776 2255 ambulantem
4824 2193 5015 2250 alliisit
5044 2204 5102 2250 et
5129 2209 5268 2249 eos»

3659 2298 3776 2352 ﬁxit
3808 2299 3999 2351 timore
4041 2310 4158 2349 suo.
4192 2291 4295 2358 Qui
4337 2289 4483 2345 enim
4521 2287 4836 2358 patientiam
4877 2284 5001 2347 Dei.
5038 2296 5267 2352 pinnam

3661 2389 3890 2453 inferni,
3933 2386 4163 2458 gloriam
4219 2382 4371 2452 regni
4411 2382 4592 2436 animo
4632 2377 4950 2434 Irreverenti
4987 2383 5044 2431 et
5089 2374 5270 2429 infru-

3660 2481 3770 2534 ιιίεο
3804 2488 4238 2545 contempseram
4260 2514 4274 2537 ,
4322 2481 4550 2544 paratus
4596 2485 4738 2532 sum,
4764 2477 4820 2523 ει
4848 2483 4952 2522 11011
4992 2482 5115 2522 IIII!)
5146 2475 5272 2520 lii"-

3659 2573 3847 2634 batus,
3877 2577 3937 2623 ut
3975 2566 4277 2622 custodiam
4306 2563 4560 2618 mandata
4589 2559 4800 2615 Domini
4830 2555 5001 2629 (Psal.
5033 2555 5260 2624 cum).

3660 2659 3809 2713 Intus
3846 2667 3966 2713 erat
4016 2671 4178 2710 urens
4219 2654 4551 2710 conscientia
4593 2650 4779 2705 multis
4827 2648 5082 2703 obvoluta
5139 2647 5256 2702 cri-

3663 2750 3930 2814 minibus,
3963 2757 4017 2804 et
4049 2747 4346 2801 artificioso
4376 2744 4644 2800 velamine
4682 2739 5062 2797 detestandum
5096 2737 5268 2796 silen-

3663 2843 3794 2894 tium
3823 2840 4052 2910 diligens
4083 2836 4204 2907 plus
4233 2835 4471 2905 elegerat
4508 2832 4642 2887 mori
4669 2845 4834 2901 quam
4883 2829 5051 2899 loqui,
5083 2832 5268 2899 perin-

3661 2949 3823 3003 qnam
3875 2934 4071 2988 redire.
4111 2930 4201 2986 Sic
4238 2928 4615 2984 obdurationis
4657 2942 4770 2982 suae
4797 2926 5006 2997 legibus
5047 2939 5263 2994 pressa.

3661 3024 3848 3079 oculos
3891 3037 4020 3077 suos
4056 3029 4322 3075 statuerat
4376 3019 4653 3074 declinare
4684 3017 4736 3070 in
4780 3025 5000 3071 terram.
5032 3014 5141 3070 Sed
5174 3015 5268 3068 ille

3661 3114 3752 3182 qui
3801 3127 3908 3165 non
3958 3110 4159 3164 dormit
4205 3122 4382 3178 neque
4431 3106 4728 3170 dormitat,
4775 3104 5028 3176 pauperis
5065 3105 5267 3158 enim

1974 3200 2292 3264 ticesceret,
2339 3208 2395 3254 et
2443 3199 2560 3254 hac
2607 3199 2674 3254 ad
2711 3198 3015 3268 perdendos
3062 3198 3308 3253 homines
3343 3196 3560 3255 occlsio
3587 3183 3631 3247 C
3665 3204 4003 3267 νεωτιιειιιε,
4029 3216 4286 3273 ασκεω.
4326 3209 4411 3256 est
4442 3198 4668 3270 ﬂagellis
4691 3200 4910 3254 vincere
4949 3213 5114 3266 quam
5145 3199 5268 3250 vin-

1973 3290 2244 3346 diabolum
2291 3299 2646 3360 provocaret,
2696 3289 2784 3346 ille
2824 3305 2932 3345 non
2975 3291 3134 3346 modo
3175 3290 3412 3344 medium
3455 3291 3559 3344 lter

1975 3382 2238 3446 habebat,
2287 3380 2380 3437 sed
2418 3390 2473 3436 et
2515 3381 2806 3443 currebat.
2838 3381 2966 3450 quia
3015 3379 3276 3450 quidquid
3308 3380 3562 3448 nequitia

1975 3485 2087 3525 sua
2117 3479 2299 3526 mente
2325 3478 2685 3538 conceperat,
2715 3468 3008 3525 efficaciter
3049 3467 3394 3537 adimplebat.
3425 3467 3559 3523 Nam

1977 3567 2035 3614 et
2068 3568 2260 3615 cuncta
2298 3559 2409 3629 jam
2456 3559 2756 3615 Romanum
2798 3558 3097 3630 occupabat
3146 3557 3430 3629 imperium
3453 3598 3468 3623 ,
3505 3567 3562 3612 et

1975 3661 2197 3703 necesse.
2243 3657 2361 3702 erat
2403 3663 2534 3714 eos,
2592 3649 2685 3718 qui
2729 3648 2903 3719 legem
2949 3646 3043 3702 Dei
3093 3656 3320 3702 eatenus
3367 3647 3556 3703 saltem

1977 3747 2248 3807 utcunque
2297 3747 2619 3805 tenuerant,
2661 3738 2773 3808 jam
2826 3739 3050 3795 subesse
3079 3738 3289 3808 legibus
3329 3752 3560 3810 pagano-

1978 3843 2117 3883 rum.
2149 3827 2262 3884 Sub
2291 3828 2454 3908 igitur
2480 3831 2754 3899 pereuntis
2779 3831 2963 3886 mundi
3000 3829 3214 3886 silentio
3247 3844 3430 3886 sermo
3453 3831 3559 3886 Do-

1977 3918 2108 3973 mini
2133 3933 2161 3973 a
2191 3918 2353 3989 215
2373 3919 2638 3992 regalibus
2670 3920 2889 3976 sedibus
2919 3921 3102 3985 venit,
3126 3921 3251 3992 quia
3272 3919 3341 3974 de
3374 3930 3557 3991 pecto-

1978 4009 2135 4065 ribus.
2154 4009 2485 4080 apostolicis,
2510 4025 2632 4081 qua:
2682 4012 2828 4082 regis
2873 4012 3065 4066 aterni
3101 4011 3372 4066 veraciter
3400 4011 3559 4067 sedes

1977 4107 2137 4164 sunt,
2169 4101 2390 4156 verbum
2425 4100 2748 4172 evangelica:
2780 4102 3184 4171 pradicationis
3213 4103 3418 4171 erupit.
3446 4101 3556 4173 Ipsi

1976 4189 2171 4259 quippe
2217 4189 2422 4260 regales
2468 4201 2592 4246 sunt
2635 4191 2827 4258 sedes,
2874 4208 3011 4263 quas
3060 4194 3201 4250 Deus
3249 4194 3553 4270 inhabitat',

1976 4283 2074 4352 ipsi
2106 4297 2287 4353 neges,
2317 4292 2372 4336 et
2397 4281 2584 4339 Patres
2611 4283 2897 4348 Ecclesiae,
2927 4283 3068 4338 sicut
3088 4284 3288 4339 dicitur
3321 4304 3333 4338 :
3369 4304 3385 4338 ι
3423 4285 3553 4341 0m-

1976 4373 2060 4426 nis
2106 4371 2273 4443 gloria
2321 4370 2438 4439 ejus
2482 4371 2604 4426 tiliae
2635 4387 2819 4441 regum
2868 4372 2938 4426 ab
2964 4370 3305 4442 intustPsal.
3336 4381 3500 4444 XLIV).
3532 4394 3549 4424 ι

1975 4460 2065 4516 Isti
2120 4476 2252 4516 sane
2305 4477 2459 4532 reges
2505 4463 2699 4516 armati
2749 4462 2926 4532 gladio
2978 4463 3228 4530 spiritus,
3280 4466 3422 4532 quod
3476 4475 3556 4520 est

1975 4553 2200 4607 verbum
2218 4552 2307 4606 Dei
2328 4549 2538 4622 (Ephes.
2555 4552 2653 4622 vi),
2668 4551 3002 4606 dehellarunt
3025 4553 3321 4622 principem
3347 4547 3553 4609 mundi.

1978 4643 2052 4698 De
2078 4658 2186 4713 quo
2213 4643 2464 4697 nimirum
2495 4644 2856 4714 apostolorum
2887 4644 3066 4712 gladio
3103 4645 3297 4716 legitur
3331 4661 3344 4699 :
3386 4666 3401 4696 ι
3440 4648 3551 4701 Du~

1977 4747 2068 4787 rus
2105 4731 2402 4786 debellator
2447 4732 2502 4786 in
2547 4733 2778 4787 mediam
2827 4733 3136 4790 exterminii
3190 4745 3394 4790 terram
3428 4751 3551 4806 pro~

1977 4820 2168 4885 silivit,
2200 4818 2406 4890 gladius
2449 4829 2638 4875 acutus
2668 4821 3032 4876 insimulatum
3080 4824 3366 4892 imperium
3396 4819 3548 4881 tuum

1975 4915 2216 4975 portans,
2242 4914 2297 4960 et
2341 4918 2489 4960 stans
2529 4908 2752 4976 replevit
2795 4911 2974 4963 omnia
3028 4921 3202 4966 morte
3228 4953 3242 4978 ,
3290 4923 3344 4968 et
3377 4931 3547 4985 usque

1975 4996 2040 5050 ad
2078 4995 2276 5050 caelum
2325 4997 2620 5066 attingebat
2653 5006 2803 5052 stans
2838 4999 2890 5052 in
2930 5008 3075 5052 terra
3117 5001 3269 5071 (Sap.
3307 5019 3481 5075 svnt).
3521 5026 3540 5058 s

2041 5087 2272 5142 Istorum
2323 5087 2505 5155 itaque
2555 5101 2778 5158 regum,
2836 5088 3202 5155 dilectissimi,
3256 5093 3549 5150 subdamur

1974 5177 2244 5246 imperiis,
2272 5193 2470 5234 eorum
2517 5193 2596 5232 ,ης
2612 5179 2842 5250 δίειετὶὶε
2893 5181 3116 5247 instrui,
3147 5197 3333 5238 eorum
3365 5193 3549 5253 patro-

1971 5265 2128 5318 ciniis
2161 5265 2500 5321 elaboremus
2545 5268 2777 5333 absolvi;
2832 5280 3121 5338 quatenus,
3169 5273 3399 5328 absoluti
3455 5289 3549 5344 per

1972 5367 2282 5408 concessam
2311 5354 2484 5410 beatis
2527 5359 2781 5425 apostolis
2826 5361 3232 5426 auctoritatem,
3273 5364 3339 5416 ad
3373 5363 3546 5433 ipsum

1974 5443 2279 5510 apostolica:
2316 5445 2595 5516 dignitatis
2625 5449 3029 5505 introducamur
3067 5463 3340 5511 auctorem
3374 5456 3549 5511 Domi—

1975 5551 2098 5590 ltttltt
2149 5547 2386 5594 nostrum
2415 5537 2594 5595 Iesum
2623 5541 2895 5598 Christum
2925 5586 2937 5609 ,
2971 5547 3060 5614 qui
3090 5563 3209 5600 eum
3252 5549 3358 5603 Deo
3389 5550 3548 5604 I‘ntrc

3665 3311 3794 3352 cere
3835 3294 4116 3350 beneﬂciis
4153 3308 4260 3347 non
4296 3291 4530 3346 valebat.
4574 3290 4743 3345 Adest
4784 3289 4870 3343 illa
4913 3288 5151 3343 maxima
5185 3287 5269 3342 fe-

3661 3387 3775 3441 bris
3797 3427 3810 3446 ,
3857 3399 4019 3455 quam
4047 3391 4264 3440 acutam
4310 3381 4516 3455 physici
4570 3382 4850 3436 nominant
4869 3421 4883 3442 ,
4913 3389 4969 3434 et
4997 3379 5265 3434 membris

3658 3478 3913 3533 omnibus
3951 3475 4222 3546 protbsius
4272 3472 4556 3543 superfusa
4605 3472 4770 3544 213
4805 3470 5100 3527 miserabili
5135 3485 5264 3525 cor-

3660 3568 3776 3638 pori
3811 3567 4028 3623 insedit.
4083 3565 4456 3636 Essggerstur
4505 3562 4684 3626 calor,
4717 3571 4772 3616 et
4815 3562 4868 3614 in
4918 3561 5089 3630 ipsam
5139 3560 5262 3613 sni-

3661 3674 3763 3714 mae
3816 3661 3999 3713 sedem
4054 3657 4196 3728 ignis
4253 3655 4493 3711 furiosus
4544 3654 4816 3724 irrumpit.
4863 3650 4982 3706 Jam
5029 3650 5264 3706 ﬂammis

3657 3729 3941 3802 ultricibus
3972 3746 4246 3817 peccantis
4265 3744 4570 3801 substantia
4599 3743 4986 3814 conﬂagratur,
5014 3749 5068 3796 et
5095 3750 5262 3795 aster-

3659 3837 3858 3893 nalium
3890 3838 4056 3893 sentit
4083 3836 4339 3907 pneludia
4369 3843 4782 3891 tormentorum.
4813 3831 5127 3902 Intelligens
5157 3831 5261 3901 igi-

3664 3939 3752 3984 tur
3778 3930 3904 3998 quia
3940 3950 3958 3981 ε
3988 3927 4320 3984 horrendum
4351 3936 4435 3983 est
4479 3927 4722 3982 incidere
4754 3926 4809 3980 in
4835 3939 5027 3980 manus
5055 3925 5152 3980 Dei
5185 3925 5262 3979 vi-

3658 4020 3837 4074 ventis
3868 4017 4056 4088 (Hebr.
4088 4017 4175 4089 s),
4215 4036 4233 4069 s
4265 4016 4721 4087 multiplicitatem
4773 4013 5078 4070 facinorum
5107 4029 5262 4070 tneo—

3661 4126 3779 4165 rum
3813 4109 4071 4180 recolligo
4091 4150 4107 4175 ,
4135 4109 4420 4166 confessus
4451 4109 4558 4173 illi,
4590 4123 4751 4180 quem
4778 4107 4976 4164 electio
5009 4117 5256 4177 patrem,

3658 4201 3892 4255 amicitia
3915 4199 4150 4265 ﬁdelem,
4170 4199 4510 4254 familiaritas
4536 4208 4844 4254 consortem
4871 4197 5052 4255 eﬂ'ecit
5084 4198 5257 4268 (H3).

3660 4287 3854 4345 Utrum
3902 4291 4084 4346 taliter
4110 4291 4452 4360 responderit
4482 4289 4718 4359 qualiter
4745 4305 4847 4361 ego
4876 4289 5257 4352 clamaret-itu,

3657 4381 3774 4448 ejus
3820 4381 4133 4436 discretioni
4183 4381 4367 4436 censui
4420 4380 4854 4450 relinquendum.
4879 4379 4936 4434 In
4978 4380 5260 4450 proposito

3659 4485 3781 4524 meo
3825 4479 3909 4525 est
3955 4480 4010 4524 et
4057 4471 4330 4540 praterita
4383 4484 4501 4525 mea
4551 4470 4807 4538 plangere
4847 4478 4903 4524 et
4950 4483 5148 4524 cavere
5175 4467 5258 4523 fu-

3663 4571 3805 4615 tura.
3858 4561 4030 4616 Donet
4076 4561 4164 4617 ille
4211 4553 4827 4631 perseverantiam,‘qui
4871 4559 5257 4630 negligentiam

3659 4651 3934 4706 excitavit.
3967 4651 4023 4705 In
4054 4651 4222 4721 ipsius
4257 4652 4629 4707 misericordia
4651 4693 4666 4718 ,
4695 4665 4801 4706 non
4835 4650 4889 4705 in
4911 4651 5126 4721 iustitia
5153 4667 5254 4707 sua

3657 4742 3881 4797 conlidit
3928 4758 4118 4800 servus
4168 4758 4339 4808 suus,
4393 4753 4450 4798 ut
4498 4758 4707 4799 memor
4759 4743 4836 4797 sit
4879 4741 5254 4799 mandatorum

3657 4835 3825 4904 ipsius
3869 4851 3974 4890 non
4010 4837 4182 4891 solum
4212 4835 4276 4890 ad
4306 4837 4680 4897 scribendum,
4715 4821 4809 4890 sed
4847 4834 4913 4889 ad
4944 4834 5254 4890 faciendum

3653 4940 3734 4979 ea.
3759 4925 3883 4979 llaec
3915 4941 4042 4996 ergo
4066 4941 4227 4981 causa
4254 4925 4354 4980 fuit
4383 4925 4563 4996 operis
4590 4926 4896 4994 interrupti.
4929 4923 5057 4980 Haec
5089 4933 5255 4980 tanta

3653 5017 4038 5072 taciturnitatis
4082 5019 4339 5082 occasio;
4374 5031 4517 5071 nunc
4551 5016 4714 5084 igitur
4747 5014 5052 5074 scribemus
5098 5023 5249 5068 tanto

3652 5104 3845 5172 laetius,
3874 5119 4077 5178 quanto
4107 5110 4373 5175 seem-ius,
4401 5123 4524 5164 eum
4549 5122 4817 5163 summum
4847 5106 5147 5178 periculum
5176 5108 5248 5163 sit

3652 5197 3867 5261 docere,
3893 5214 3988 5253 nec
4017 5198 4215 5264 facere;
4240 5215 4341 5254 nec
4360 5201 4670 5256 attendatur
4687 5201 4775 5255 hic
4795 5200 4917 5269 styli
4950 5199 5254 5255 lenocinan-

3655 5287 3723 5345 tis
3767 5302 4053 5353 excursus,
4084 5303 4206 5342 cum
4249 5305 4386 5344 vera:
4417 5289 4690 5358 religionis
4714 5290 4786 5344 sit
4823 5289 5132 5344 eventilatis
5159 5304 5246 5344 cs-

3659 5379 3825 5431 I‘uisse
3856 5378 4226 5442 sermonibus,
4277 5395 4377 5434 nec
4407 5380 4690 5434 verborum
4718 5379 4948 5451 gloriam
4982 5380 5246 5438 redolere.

3721 5467 3798 5519 Ad
3833 5483 4049 5520 nianum
4100 5478 4182 5520 est
4225 5468 4394 5537 patris
4427 5470 4595 5522 nostri
4625 5469 4856 5523 Victoris
4885 5467 5234 5528 solemnitas.

3653 5556 3716 5606 ad
3767 5556 3918 5622 cujus
3968 5558 4397 5612 sacratissimum
4447 5573 4674 5628 corpus.
4725 5559 4769 5612 si
4820 5573 4952 5612 sera
4979 5568 5064 5612 est
5109 5559 5243 5614 antb

2047 5712 2192 5780 (115)
2235 5713 2308 5765 Eu
2347 5714 2510 5768 babes
2538 5715 2624 5769 hic
2656 5718 3046 5776 confessionem
3073 5727 3512 5782 sacramentalcm
3549 5727 3742 5784 factum
3795 5730 4082 5783 ςθε-ρηιυή.

2669 6354 2852 6363 ...Δ
2933 6354 2986 6361 --
3063 6354 3096 6360 ς-
3211 6351 3295 6360 ..ρ-
