5450 6406
837 357 951 426 733

2273 343 2508 407 SEHHO
2547 340 2724 401 XLIII.

4055 346 4163 404 73$

839 481 1068 559 quitatis
1100 480 1232 536 lldes
1254 520 1268 544 ,
1299 474 1544 548 quotidie
1565 473 1889 532 residemus.
1938 470 2038 528 Hic
2071 479 2158 527 est
2197 470 2311 533 vir,
2346 466 2438 537 qui
2470 471 2520 530 Α
2549 475 2636 559 tus
2656 476 2740 521 est
2763 463 2995 559 salutem
3042 467 3097 520 iu
3143 466 3319 559 medio
3346 476 3506 522 terra:
3532 461 4162 559 (Paul..t.xxttt).'l‘err:e

841 576 901 632 in
946 573 1147 628 virtute
1196 562 1412 624 Domini
1455 567 1721 622 virtutum
1774 562 1947 633 signis
1989 570 2047 618 et
2099 561 2444 617 mirabilibus

841 662 1113 734 gloriosus
1148 654 1382 723 effulsit,
1432 654 1694 726 apostolis
1719 661 1776 709 et
1822 650 2138 720 apostolicis
2173 651 2308 707 viris
2343 651 2444 706 mi-

841 750 1151 809 raculorum
1180 747 1349 821 gloria
1375 746 1796 818 comparandus.
1826 740 1958 808 Quae
1982 751 2038 798 et
2062 752 2267 813 quanta
2296 744 2408 798 sint
2425 785 2440 808 ,

842 853 898 898 et
938 849 1140 912 quanta
1192 839 1527 896 sublimitate
1580 837 1836 907 fulgentia
1873 873 1888 894 .
1947 835 2164 892 libellus
2212 835 2280 890 de
2332 835 2442 888 vita

841 941 897 988 et
941 941 1067 988 ortu
1097 930 1216 999 ejus
1258 929 1422 984 latius
1469 938 1728 984 exat-atus
1770 928 1966 985 sufficit
1997 927 2259 982 indicare.
2309 923 2444 978 Huic

841 1021 1216 1092 signiﬁcanter
1260 1017 1527 1086 assignari
1576 1026 1758 1086 potest
1795 1018 1925 1072 illud
1968 1017 2115 1087 quod
2146 1017 2200 1069 iu
2234 1013 2325 1068 illa
2355 1027 2443 1068 so-

838 1111 1005 1169 lemni
1056 1111 1265 1166 visione
1313 1109 1506 1181 angelo
1552 1108 1752 1181 Ephesi
1802 1109 2063 1166 Ecclesia:
2110 1107 2370 1162 scribitur
2425 1123 2438 1159 :

844 1223 866 1258 ι
905 1201 1156 1258 Vincenti
1200 1201 1342 1256 dabo
1391 1201 1554 1256 edere
1595 1199 1664 1255 de
1712 1200 1861 1271 ligno
1900 1201 2026 1256 vitae
2051 1239 2067 1266 ,
2097 1199 2244 1269 quod
2271 1205 2360 1253 est
2386 1196 2441 1252 in

836 1293 1092 1366 paradiso
1139 1292 1234 1348 Dei
1266 1291 1371 1346 mei
1403 1289 1590 1362 (Apoc.
1623 1291 1706 1362 ιι).
1745 1310 1764 1344 ι
1795 1289 1919 1360 Ipse
1965 1290 2193 1353 etenim,
2241 1303 2446 1343 nomen

834 1399 907 1440 ex
951 1398 1116 1455 opere
1155 1383 1400 1444 sortitus,
1434 1391 1562 1438 ante
1591 1381 1724 1437 vicit
1750 1397 1915 1452 quam
1959 1382 2180 1436 vincere
2216 1387 2440 1444 nosset;

835 1488 942 1531 nec
1005 1473 1303 1545 quemlibet
1353 1473 1608 1538 hostem,
1667 1472 1760 1528 sed
1811 1472 1964 1528 illum
2033 1472 2103 1527 de
2149 1486 2260 1542 quo
2316 1485 2440 1525 rara

835 1577 895 1622 et
939 1581 1212 1637 nunquam
1268 1579 1462 1622 secura
1505 1566 1756 1621 victoria.
1805 1565 2036 1637 Lignum
2074 1565 2201 1618 vita:
2235 1571 2319 1619 est
2355 1577 2444 1617 sa-

835 1661 1078 1733 pientia,
1133 1659 1202 1714 de
1250 1659 1407 1731 cujus
1455 1656 1634 1714 fructu
1683 1671 1740 1714 et
1789 1659 1880 1714 hic
1931 1659 1985 1712 in
2035 1673 2132 1729 spe
2163 1699 2179 1722 ,
2226 1667 2283 1712 et
2331 1655 2444 1712 illic

833 1752 1128 1807 manducat
1152 1750 1205 1804 in
1234 1765 1322 1817 re,
1357 1749 1538 1806 fructu
1572 1751 1760 1822 utique
1790 1751 2040 1822 specioso
2081 1758 2136 1805 et
2165 1749 2438 1820 pretioso;

2545 556 2736 627 utique
2760 554 2926 623 illius,
2957 557 3024 612 de
3049 571 3154 627 qua
3180 558 3444 628 scriptum
3475 566 3562 612 est
3591 574 3608 613 :
3645 574 3664 608 ι
3694 555 3868 612 Nemo
3906 558 4162 627 erat'qui

2543 657 2868 718 operaretur
2892 660 3097 705 terram
3121 646 3273 720 (Gen.
3300 648 3385 720 ιι).
3412 669 3430 700 ι
3451 649 3548 705 Est
3569 649 3735 704 etiam
3769 649 3824 704 in
3854 650 4037 704 medio
4058 649 4163 706 Ec-

2544 737 2745 804 clesize,
2786 738 3003 794 dicente
3041 738 3371 794 Psalmista:
3419 757 3438 790 ι
3478 739 3859 795 Sanctificavit
3908 739 4162 796 taberna-

2545 828 2729 884 culum
2759 844 2920 885 suum
2973 829 3327 886 Altissimus:
3358 829 3504 885 Deus
3561 828 3619 883 in
3675 828 3856 884 medio
3903 827 4022 898 ejus
4051 845 4161 885 non

2545 918 2986 989 commovebitur
3007 917 3185 992 (Psal.
3216 918 3398 989 mu).
3431 938 3450 971 ι

2614 1009 2949 1084 Colligamus
3000 1026 3175 1083 pauca
3207 1013 3276 1068 de
3323 1011 3593 1083 pluribus,
3638 1011 3877 1082 qualiter
3905 1010 4162 1069 Salvator

2546 1104 2758 1158 medius
2797 1103 2890 1169 sit,
2937 1112 2995 1159 et
3048 1118 3268 1174 semper
3307 1103 3363 1158 in
3417 1103 3602 1159 medio
3649 1103 3923 1158 videatur.
3981 1101 4162 1158 «Vul-

2545 1212 2642 1267 pes
2691 1195 2881 1251 foveas
2933 1195 3165 1261 habent,
3213 1203 3270 1252 et
3303 1194 3559 1251 volucres
3619 1195 3745 1250 caeli
3797 1194 3956 1251 nidos
3998 1191 4157 1266 (Luc.

2546 1287 2660 1358 ix);
2699 1307 2718 1341 ι
2753 1287 2869 1358 ipse
2896 1303 3005 1344 non
3030 1287 3197 1343 habet
3227 1288 3440 1353 nidum,
3465 1287 3679 1344 foveam
3711 1287 3952 1364 ignorat,
3983 1301 4161 1359 angu-

2545 1378 2654 1436 lum
2680 1379 2888 1445 nescit;
2915 1378 3097 1435 locum
3126 1379 3281 1435 illum
3304 1378 3471 1451 elegit
3499 1379 3644 1435 unde
3671 1388 3857 1450 pateat
3879 1379 4159 1445 omnibus,

2543 1469 2767 1525 exclusa
2809 1484 3174 1541 personarum
3229 1472 3576 1542 acceptione.
3618 1471 3863 1542 Denique
3895 1480 3952 1527 et
3975 1481 4157 1539 natus,

2544 1561 2757 1632 positus
2805 1569 2893 1618 est
2923 1561 2981 1617 in
3012 1561 3195 1617 medio
3239 1562 3474 1617 duorum
3507 1560 3848 1627 animalium,
3877 1570 3933 1616 et
3960 1561 4163 1632 quasi-

2546 1664 2635 1710 tus
2662 1654 2942 1710 invenitur
2970 1655 3025 1710 in
3057 1654 3240 1710 medio
3291 1653 3581 1710 doctorum
3626 1652 3783 1726 (Luc.
3816 1654 3881 1723 ιι)
3918 1672 3930 1707 :
3967 1662 4024 1709 et
4048 1668 4163 1710 me-

2545 1747 2673 1803 dius
2701 1745 3016 1803 Judreorum
3066 1754 3202 1812 stat,
3238 1760 3402 1817 quem
3443 1745 3546 1816 ipsi
3579 1744 3856 1804 nesciunt.
3891 1744 4163 1816 Loquitur

833 1843 1084 1915 specioso
1125 1852 1348 1914 propter
1377 1818 1925 1914 speciemppreti‘oso
1966 1818 2190 1913 propter
2234 1841 2441 1896 utilita-
2475 1818 2515 1877 Β
2544 1849 2601 1894 ει
2639 1838 2710 1894 ad
2757 1837 3100 1909 discipulos:
3135 1854 3154 1889 ι
3206 1835 3310 1893 Ubi
3362 1837 3494 1904 duo,
3551 1836 3639 1892 vel
3680 1845 3794 1892 tres
3842 1835 4164 1906 congregati

832 1945 968 1992 tem.
1014 1934 1140 1991 Haec
1191 1943 1277 1991 est
1319 1935 1408 1990 illa
1458 1934 1707 1992 sublimis
1761 1934 1923 1990 arbor
1955 1975 1970 2000 ,
2027 1932 2187 2003 cujus
2243 1932 2438 1987 umbra

829 2037 1074 2094 montes,
1126 2037 1182 2084 et
1227 2028 1451 2084 arbusta
1497 2027 1693 2084 cedros
1740 2027 1838 2082 Dei
1881 2035 2220 2098 operuerunt
2258 2023 2436 2096 (Paal.

827 2121 1042 2190 Lxxtx).
1076 2119 1283 2176 Cedrus
1329 2119 1545 2186 Libani,
1573 2135 1696 2190 quas
1746 2135 1966 2175 ramosa
2019 2120 2293 2176 densitate
2340 2134 2440 2174 an-

831 2209 1037 2283 gelicas
1069 2214 1387 2283 perumbrat
1433 2214 1718 2267 stationes.
1769 2212 1884 2267 Sub
1932 2211 2123 2266 umbra
2161 2211 2323 2282 hujus
2351 2226 2442 2264 ar-

829 2302 988 2359 boris
1034 2304 1183 2358 sedet
1234 2317 1463 2372 sponsa,
1512 2316 1567 2359 et
1603 2302 1813 2358 fructus
1857 2302 1976 2371 ejus
2019 2303 2193 2359 dulcis
2235 2300 2439 2373 gutturi

831 2409 937 2450 suo
969 2393 1147 2464 (Cant.
1179 2393 1262 2466 ιι).
1291 2395 1429 2450 Huic
1456 2396 1688 2452 dicimus
1717 2414 1730 2449 :
1760 2395 1818 2450 In
1850 2396 2043 2450 umbra
2075 2405 2167 2451 tua
2191 2396 2442 2450 vivemus

831 2468 980 2538 inter
1021 2493 1236 2554 gentes.
1283 2483 1455 2553 Hujus
1494 2485 1873 2542 nmbraculum
1923 2487 2158 2556 protegit
2205 2486 2276 2541 ab
2301 2494 2440 2541 aestu

828 2574 937 2631 diei
986 2575 1038 2629 in
1067 2577 1421 2632 securitatem
1441 2618 1455 2641 ,
1487 2586 1542 2633 et
1589 2577 2004 2634 abscousionem
2036 2592 2067 2632 a
2107 2578 2354 2644 turbine,
2384 2587 2442 2634 et

825 2681 861 2721 ι
910 2667 1088 2736 pluvia
1132 2666 1279 2739 (1m.
1332 2669 1440 2740 tv).
1486 2669 1601 2725 Hoc
1642 2679 1727 2725 est
1773 2669 1902 2724 illud
1947 2685 2178 2742 granum
2231 2669 2442 2740 sinapis

828 2757 976 2827 quod
1019 2757 1075 2812 in
1119 2768 1272 2813 utero
1319 2757 1562 2830 Virginis
1603 2759 1697 2816 Dei
1745 2759 1926 2814 Patris
1977 2759 2235 2815 manibus
2277 2758 2442 2815 semi-

828 2854 1056 2912 natum,
1106 2848 1287 2903 minus
1335 2845 1438 2902 fuit
1483 2848 1742 2904 omnibus
1794 2847 2038 2904 oleribus
2089 2857 2292 2914 terrae,
2343 2849 2442 2905 sed

824 2935 885 2992 in
916 2943 1138 2992 tantam
1189 2936 1532 2991 altitudinem
1579 2938 1928 3006 exsurrexit,
1982 2948 2042 2994 ut
2077 2941 2302 2994 veniant
2351 2957 2442 2998 vo-

823 3028 1199 3095 lucrescceli,
1231 3038 1286 3084 et
1314 3030 1572 3084 habitent
1598 3030 1654 3111 in
1687 3031 1857 3085 ramis
1882 3031 2000 3099 ejus
2033 3031 2254 3102 (Matth.
2283 3033 2436 3104 xui);

821 3121 1065 3192 lignum,
1091 3121 1233 3192 quod
1274 3121 1579 3192 plantatum
1621 3132 1705 3178 est
1754 3138 1916 3179 secus
1959 3123 2224 3179 decursus
2272 3139 2442 3195 aqua-

2547 1930 2752 1986 fuerint
2804 1932 2860 1986 in
2919 1930 3142 1988 nomine
3193 1946 3339 1997 meo,
3388 1929 3464 1984 ibi
3500 1945 3624 1987 sum
3670 1929 3724 1984 in
3757 1928 3942 1985 medio
3967 1940 4161 1982 eorum

2545 2021 2766 2092 (ΜαιιΙι.
2798 2021 2980 2090 xvut).
3021 2040 3041 2072 ι
3067 2021 3135 2076 Ει
3169 2039 3182 2073 :
3214 2040 3232 2074 ι
3279 2021 3398 2090 Ego
3433 2021 3488 2076 in
3521 2020 3702 2076 medio
3736 2027 3985 2075 vestrum
4013 2032 4160 2084 sum,

2543 2109 2687 2165 sicut
2707 2109 2800 2179 qui
2827 2109 3107 2165 ministrat
3131 2108 3285 2182 (Luc.
3311 2108 3472 2180 xm).
3504 2129 3525 2163 ι
3553 2108 3864 2166 Crucifixus
3883 2117 3968 2164 est
3991 2108 4163 2163 etiarn

2543 2201 2598 2256 in
2649 2201 2834 2258 medio
2865 2202 3112 2258 'duorum
3171 2202 3448 2258 latronum
3493 2222 3506 2258 :
3556 2217 3853 2273 resurgens
3901 2200 4058 2257 stetit
4103 2200 4160 2256 in

2542 2293 2725 2350 medio
2737 2294 3135 2366 discipulorum
3154 2309 3382 2350 suorum
3400 2294 3586 2367 (Joan.
3607 2311 3720 2356 xix,
3738 2293 3833 2366 xx)
3853 2300 3941 2360 ;et
3959 2290 4162 2347 aJoan-

2544 2403 2615 2444 ne
2642 2388 2794 2444 visus
2823 2398 2908 2445 est
2940 2390 2993 2444 in
3027 2389 3208 2444 medio
3234 2397 3446 2460 septem
3477 2387 3939 2444 eandelabrorum
3967 2398 4162 2441 aureo-

2544 2493 2667 2535 rum
2727 2479 2915 2552 (Apoc.
2949 2479 3014 2551 ι).
3067 2479 3280 2536 Medius
3325 2494 3460 2547 ergo
3490 2479 3734 2535 medium
3765 2492 4022 2548 sequere,
4057 2491 4162 2533 nec

2546 2568 2900 2641 angulorum
2933 2571 3211 2635 sordibus,
3260 2585 3363 2626 nec
3405 2569 3692 2624 fovearum
3735 2567 3978 2624 tenebris
4009 2565 4161 2623 dele-

2545 2663 2746 2728 cteris;
2811 2662 2906 2719 sed
2964 2663 3054 2718 die
3115 2679 3241 2720 cum
3278 2664 3463 2735 justo:
3503 2683 3521 2715 ι
3575 2662 3634 2716 1η
3670 2661 3855 2717 ιιιεάἱο
3901 2657 4164 2715 Ecclesiae

2545 2753 2782 2810 laudabo
2809 2765 2862 2809 te
2891 2750 3068 2827 (Psal.
3104 2753 3244 2823 xxi).
3287 2773 3307 2807 ι
3342 2753 3458 2810 Hoc
3496 2762 3582 2809 est
3611 2751 3778 2824 igitur
3799 2751 4006 2822 lignum
4037 2749 4164 2830 vita

2544 2844 2858 2915 plantatum
2906 2846 2960 2900 in
3009 2847 3191 2901 medio
3241 2845 3484 2915 paradisi
3526 2843 3682 2916 (Gen.
3717 2843 3805 2916 ιι),
3833 2842 4000 2897 arbor
4037 2831 4166 2896 aro-

2548 2937 2772 2997 matica,
2808 2936 3127 3006 purissima,
3157 2935 3533 2992 balsamorum
3565 2933 3728 2990 mella
3758 2931 4053 2988 distillans.
4078 2929 4163 2987 Ex

2547 3029 2711 3100 hujus
2749 3029 2967 3084 arboris
3031 3028 3338 3084 substantia
3382 3026 3826 3099 scptemplicium
3881 3036 4164 3080 ramorum

2547 3133 2754 3174 corona
2800 3119 3200 3191 progerminat,
3236 3119 3287 3173 in
3318 3133 3555 3190 quorum
3601 3117 3922 3174 summitate
3951 3114 4167 3172 fructus

821 3227 947 3269 ιἰιω
980 3210 1153 3283 (Ρωι-
1185 3214 1260 3286 1).
1312 3214 1516 3287 lignum
1562 3216 1686 3272 vita:
1716 3216 1771 3271 in
1805 3217 1982 3274 medio
2015 3217 2254 3289 paradisi
2282 3218 2439 3291 (Gen.
2470 3196 2517 3259 Ο
2552 3212 2970 3284 illidependent,
2992 3225 3130 3283 quos
3153 3210 3395 3284 cmlestis
3425 3211 3514 3265 illa
3548 3210 3765 3277 fistula,
3793 3208 4001 3265 Paulus
4031 3219 4166 3279 apo-

826 3305 936 3376 ιιι).

899 3397 967 3452 Ει
1033 3400 1250 3456 attende
1311 3416 1568 3473 magnum
1632 3411 2059 3458 sacramentum.
2117 3401 2289 3459 Filius
2342 3402 2438 3459 Dei

821 3495 974 3543 totus
1008 3497 1065 3544 et
1113 3489 1324 3562 integer
1367 3499 1650 3546 eructatus
1705 3499 1789 3546 est
1825 3492 1894 3548 de
1942 3490 2109 3548 corde
2156 3492 2338 3549 Patris
2385 3494 2440 3548 in

821 3586 1042 3633 uterum
1078 3579 1298 3646 Marias,
1339 3582 1408 3637 de
1455 3589 1649 3638 ventre
1697 3581 1887 3638 Matris
1939 3582 1994 3638 in
2035 3584 2305 3654 gremium
2337 3582 2442 3640 Ec-

824 3667 1026 3726 clesiae.
1059 3669 1309 3738 Quantus
1340 3672 1392 3726 in
1420 3670 1584 3727 Patre
1609 3711 1625 3738 ,
1663 3680 1846 3727 tantus
1877 3671 1931 3727 in
1961 3671 2185 3743 Virgine
2211 3689 2225 3736 ;
2257 3689 2435 3743 quan-

830 3773 922 3820 tus
949 3765 1003 3819 in
1043 3765 1288 3836 Virgine,
1333 3775 1517 3821 tantus
1547 3767 1601 3821 in
1633 3765 1891 3821 Ecclesia;
1913 3766 2143 3822 unitate.
2183 3765 2242 3821 ιιι
2273 3765 2438 3822 Patre

826 3853 1180 3912 ineﬂ'abiliter
1204 3897 1220 3922 ,
1252 3857 1304 3910 in
1358 3857 1532 3912 Matre
1580 3857 1908 3912 mirabiliter
1931 3898 1947 3923 ,
1979 3859 2333 3930 singulariter
2379 3860 2434 3915 in

823 3945 1092 4003 Ecclesia.
1122 3947 1256 4002 Cum
1280 3947 1442 4003 Patre
1461 3946 1703 4016 ejusdem
1736 3957 1791 4004 et
1810 3949 2038 4019 :equalis
2074 3950 2430 4016 substantiae;

821 4052 947 4092 cum
974 4036 1144 4093 Matre
1182 4035 1450 4107 ejusdem,
1475 4046 1532 4093 et
1559 4037 1792 4105 divisae;
1841 4055 1964 4094 cum
2006 4039 2248 4095 Ecclesia
2289 4041 2435 4111 ejus-

820 4124 968 4190 dem,
1001 4127 1164 4198 217
1192 4126 1289 4182 sed
1327 4127 1576 4182 occultaa.
1606 4128 1698 4183 Sic
1739 4127 2145 4185 distillaverunt
2174 4129 2299 4186 caeli
2331 4129 2436 4184 mi-

821 4218 1200 4284 sericordiam,
1251 4221 1333 4275 sic
1363 4220 1604 4275 Verbum
1651 4220 1745 4275 Dei
1787 4221 2099 4276 traufusum
2137 4231 2246 4287 est,
2270 4229 2327 4276 et
2347 4219 2433 4276 cf-

820 4307 1004 4364 fusum
1041 4307 1243 4379 ubique
1287 4317 1483 4374 totum,
1539 4310 1659 4365 sine
1701 4325 1811 4380 quo
1846 4310 1982 4365 nihil
2030 4320 2223 4366 totum.
2275 4312 2432 4368 Felix

819 4399 1040 4466 effusio,
1093 4416 1216 4472 qua:
1265 4391 1552 4458 currentes
1600 4402 2039 4459 adolescentulus
2080 4405 2148 4459 ad
2204 4404 2428 4461 odorem

820 4499 1110 4556 suavitatis
1142 4500 1356 4565 invitat,
1387 4501 1505 4558 visu
1539 4509 1772 4565 recreat,
1809 4502 1980 4557 satiat
2008 4511 2193 4571 gustu,
2223 4501 2428 4573 ubique

819 4601 1002 4649 autem
1035 4593 1088 4648 in
1113 4593 1313 4648 medio.
1340 4593 1476 4648 Nam
1505 4602 1560 4649 et
1589 4593 1642 4647 in
1661 4593 1750 4648 illa
1776 4594 1999 4650 deitatis
2025 4595 2286 4660 essentia,
2310 4610 2426 4651 me-

819 4683 910 4739 dia
933 4692 1017 4740 est
1037 4683 1182 4739 inter
1201 4683 1420 4739 Patrem
1460 4691 1516 4738 et
1547 4682 1815 4753 Spiritum
1869 4698 2101 4754 persona
2133 4684 2424 4742 familiaris

820 4774 1059 4830 humano
1094 4775 1276 4846 generi
1327 4775 1687 4846 benignitate,
1737 4773 2062 4832 familiarior
2110 4776 2422 4847 identitate,

819 4882 944 4922 cum
998 4867 1115 4924 sola
1171 4879 1373 4925 nostra:
1436 4871 1621 4926 carnis
1657 4872 1964 4942 susceperit
2012 4883 2420 4945 paupertatem.

820 4957 975 5016 Unde
1036 4969 1093 5015 et
1129 4959 1320 5028 David,
1359 4963 1414 5018 in
1454 4965 1622 5033 ipsius
1654 4965 1960 5021 divinitatis
2005 4969 2262 5038 abyssum
2317 4967 2422 5022 im-

819 5068 1059 5119 mersus,
1090 5054 1167 5109 ait
1201 5071 1214 5109 :
1253 5073 1272 5106 ι
1308 5055 1604 5112 Benedicat
1663 5073 1763 5113 nos
1815 5059 1979 5125 Deus,
2034 5058 2180 5115 Deus
2205 5067 2414 5126 noster,

817 5135 1107 5201 benedicat
1171 5163 1269 5203 nos
1323 5129 1465 5203 Deus
1517 5146 1693 5219 (Psal.
1760 5149 1945 5223 var);
1989 5170 2006 5202 ι
2064 5158 2121 5207 ει
2173 5151 2328 5205 illum
2360 5151 2416 5206 in

817 5233 1001 5292 medio
1035 5236 1339 5307 majestatis
1378 5253 1500 5294 esse
1527 5248 1869 5310 protestans,
1899 5249 1956 5297 et
1988 5249 2234 5296 nostrum
2268 5257 2417 5297 asse-

819 5341 948 5383 rens
978 5329 1308 5399 specialiter,
1359 5331 1450 5401 qui
1484 5341 1685 5388 nostra:
1729 5333 2085 5389 mortalitatis
2111 5333 2288 5388 induit
2326 5350 2420 5390 ve-

820 5418 1159 5475 stimentum.
1212 5419 1378 5478 Pater
1426 5424 1571 5478 enim
1603 5466 1616 5489 ,
1662 5433 1716 5480 et
1761 5423 2000 5494 Spiritus
2056 5423 2419 5495 impleverunt

821 5510 1039 5583 quidem
1078 5514 1382 5585 Virginem,
1427 5517 1532 5572 sed'
1571 5517 1878 5588 majestate,
1908 5532 2015 5572 non
2044 5518 2415 5587 susceptione.

823 5605 918 5664 Est
946 5615 1002 5663 et
1032 5607 1088 5663 in
1117 5609 1297 5666 medio
1324 5609 1565 5682 Virginis
1599 5611 1769 5683 ipsius
1792 5620 1948 5667 utero
1980 5611 2419 5668 substantialiter

820 5701 1090 5770 illapsus,
1139 5703 1231 5772 qui
1291 5704 1644 5761 medietatem
1717 5714 1937 5762 statera:
2005 5705 2418 5776 comprehendit

819 5791 1097 5849 humanae.
1133 5791 1276 5849 Deus
1326 5794 1470 5850 enim
1501 5804 1687 5852 uoster
1718 5812 1809 5852 rex
1842 5804 1971 5853 ante
1999 5797 2195 5853 sarcula
2221 5813 2418 5869 opera-

2549 3304 2745 3369 stolus,
2776 3303 2963 3358 verbis
3001 3301 3358 3373 elegantibus
3381 3300 3719 3372 explanavit.

2614 3395 2836 3452 Primus
2874 3409 3062 3451 ramus
3084 3401 3172 3450 est
3201 3394 3514 3449 inraruatio
3541 3391 3666 3448 Filii
3707 3391 3826 3449 Dei.
3851 3391 3961 3447 Iste
3990 3389 4164 3463 siqui-

2545 3489 2669 3543 dem
2702 3488 2924 3543 subtilis
2973 3495 3032 3542 et
3081 3486 3464 3552 necessarius;
3498 3501 3623 3541 cum
3657 3493 3713 3540 et
3744 3484 4016 3540 instauret
4045 3497 4161 3540 cte-

2544 3579 2726 3645 lestia,
2779 3579 3066 3636 terrestria
3131 3587 3430 3645 restauret,
3479 3586 3537 3635 et
3572 3587 3871 3648 utramque
3901 3586 4161 3632 naturam

2543 3689 2640 3730 sua
2686 3672 2930 3728 vivificet
2990 3671 3296 3727 viriditate.
3331 3691 3349 3723 ι
3384 3672 3441 3727 Si
3491 3673 3544 3726 in
3600 3671 3786 3737 viridi,
3843 3673 4045 3742 inquit,
4095 3671 4164 3728 li-

2541 3780 2650 3836 gno
2677 3763 2782 3819 hoc
2825 3762 3056 3828 faciunt,
3094 3763 3150 3818 in
3183 3764 3343 3819 arido
3380 3763 3514 3834 quid
3560 3763 3690 3820 lict?
3728 3783 3748 3818 ι
3783 3763 3938 3837 (Luc.
3965 3763 4155 3835 xxtu.)

2541 3856 2615 3912 Se
2659 3870 2868 3911 vocans
2913 3855 3094 3911 viride
3155 3854 3387 3927 lignum,
3430 3855 3501 3910 de
3525 3855 3783 3926 virginali
3828 3854 4157 3926 pullulatum

2538 3948 2754 4014 virore;
2806 3961 2933 4003 cum
2985 3961 3088 4002 nos
3116 3954 3172 4001 et
3211 3945 3523 4002 nativitatis
3563 3945 3916 4017 munditiam,
3943 3954 4001 4002 et
4032 3945 4162 4003 ﬁdei

2537 4040 2872 4096 viriditatem
2905 4040 2982 4095 in.
3014 4038 3195 4111 primo
3238 4048 3469 4110 parente
3508 4053 3700 4094 verum
3750 4038 3824 4094 sit
3877 4037 4156 4094 amisisse.

2538 4132 2802 4190 Viriditas
2827 4134 2944 4190 haec
2975 4141 3084 4188 tam
3109 4133 3391 4203 sapienter
3425 4133 3497 4188 ab
3530 4132 3645 4204 ipsa
3673 4131 3956 4202 Sapientia
3985 4146 4156 4189 exco-

2536 4224 2706 4296 gitata
2738 4232 2845 4290 est,
2875 4232 2934 4278 ut
2981 4230 3037 4278 et
3063 4222 3249 4278 cordis
3281 4231 3337 4279 et
3377 4222 3494 4278 oris
3518 4230 3769 4278 transeat
3812 4221 4153 4278 facultatem.

2535 4315 2842 4388 Oportebat
2861 4316 3010 4371 enim
3033 4316 3101 4370 ad
3136 4315 3573 4385 redemptionem
3601 4315 3861 4380 hominis,
3887 4323 3948 4369 ut
3976 4315 4157 4371 victus

2535 4407 2704 4464 homo
2759 4407 3030 4464 victorem
3077 4405 3358 4462 diabolum
3383 4407 3654 4463 vinceret.
3688 4405 3798 4462 Sed
3828 4405 3973 4461 unde
3996 4405 4158 4461 ﬂeret

2535 4499 2660 4562 hoc,
2698 4514 2810 4553 non
2854 4497 3114 4553 habebat.
3163 4495 3370 4553 Omnes
3415 4497 3566 4552 enim
3613 4497 3667 4552 in
3724 4497 3818 4551 illo
3854 4495 4154 4567 proscripti

2532 4607 2777 4656 eramus,
2805 4599 2858 4646 et
2887 4606 2989 4662 per
3019 4590 3170 4644 illum
3208 4588 3497 4661 originalis
3530 4588 3741 4659 peccati
3773 4588 3944 4658 218
3971 4587 4154 4659 gravi-

2533 4692 2646 4740 tate
2678 4683 2946 4754 depressi.
2998 4683 3143 4740 Deus
3186 4691 3373 4739 autem
3426 4697 3535 4737 non
3566 4682 3779 4747 debuit,
3817 4697 3940 4736 cum
3971 4680 4156 4750 potius

2533 4776 2778 4847 potentia
2836 4775 3140 4840 videretur,
3171 4773 3216 4829 si
3247 4788 3470 4828 servum
3503 4787 3533 4826 a
3563 4784 3622 4826 se
3652 4771 4028 4835 recedentem,
4060 4769 4153 4840 qui

2535 4868 2684 4924 illum
2710 4865 3124 4938 subjugaverat,
3156 4864 3450 4920 enodaret.
3479 4861 3636 4930 Quod
3667 4862 3836 4932 igitur
3865 4861 4034 4915 homo
4057 4875 4156 4931 per

2536 4977 2596 5017 se
2629 4977 2734 5016 non
2764 4959 2967 5030 potuit,
3022 4959 3167 5013 Deus
3210 4971 3312 5027 per
3347 4970 3410 5011 se
3449 4970 3557 5009 non
3591 4952 3802 5018 debuit,
3832 4950 4030 5005 artifex
4056 4949 4157 5005 Sa-

2529 5053 2734 5126 pientia
2782 5052 2951 5107 Deum
3001 5059 3057 5107 et
3098 5049 3379 5104 hominem
3432 5046 3745 5110 collocavit,
3781 5052 3842 5098 ut
3888 5059 3956 5097 ex
3990 5052 4152 5112 parte

2528 5147 2773 5203 hominis
2802 5162 2904 5217 pro
2938 5144 3256 5201 hominibus
3293 5140 3667 5204 satisfaceret,
3700 5146 3754 5193 et
3778 5152 3842 5191 ex
3868 5145 4026 5206 parte
4057 5135 4155 5190 Dei

2527 5243 2822 5314 superbum
2871 5239 3015 5294 sicut
3059 5236 3409 5291 vulneratum
3469 5231 3808 5288 bumiliaret.
3838 5228 4038 5285 Clausa
4071 5236 4157 5284 est

2527 5333 2760 5406 principi
2817 5332 3170 5387 tenebrarum
3217 5330 3471 5383 hazctam
3523 5326 3758 5395 gloriosa
3813 5321 4150 5394 conjunctio.

2528 5439 2629 5480 nec
2657 5431 2872 5479 versuta
2890 5421 3160 5478 calliditas
3177 5419 3468 5474 consilium
3490 5419 3581 5473 Dei
3615 5416 3795 5487 potuit
3811 5414 4148 5483 conjectare.

2528 5516 2842 5571 Assumitur
2892 5528 3089 5584 purum
3149 5526 3336 5566 semen
3400 5511 3467 5565 de
3502 5510 3749 5580 virginea
3797 5507 4063 5579 puritate,
4097 5515 4154 5561 et

2532 5611 2683 5667 illum
2717 5607 3126 5681 propitiationis
3157 5605 3363 5660 fontem
3411 5602 3696 5675 Sapientia
3736 5601 3831 5657 Dei
3865 5598 4149 5656 secretiori

2527 5707 2771 5762 novitate
2827 5712 3108 5776 repurgat.
3149 5701 3370 5757 Primus
3412 5701 3600 5770 itaque
3631 5715 3817 5754 ramus
3851 5706 3929 5754 est
3967 5697 4144 5752 incar-

2529 5797 2681 5852 natio
2707 5795 2824 5867 ejus
2850 5813 2863 5858 ;
2895 5795 3105 5850 fructus
3135 5792 3272 5863 ejus,
3309 5791 3551 5862 Spiritus
3580 5789 3884 5860 sapientiae.
