5450 6390
119 1251 156 1316 η·
215 1289 224 1310 ι

125 1431 148 1486 ..Ι

111 1611 234 1670 *ιιι-,μ

1983 365 2089 421 7'55

2625 365 2680 418 S.
2725 363 2924 418 PETRI
2954 361 3234 418 DAMIANI
3272 358 3419 415 OPP.
3464 357 3642 411 PARS
3670 358 3799 414 εει]
3831 356 4062 416 τοιιυε
4095 359 4153 413 ΙΙ.
4183 385 4251 400 -—
4275 356 4665 414 SERHONES.

5139 356 5250 416 750

2057 478 2339 533 Secundus
2384 487 2683 530 ramusest
2719 479 3023 545 baptismus
3068 477 3289 532 Christi.
3350 477 3561 528 intuere
3596 480 3635 531 Α
3667 474 3804 527 cavit
3862 475 3912 528 in
3966 472 4162 542 gloria!
4210 471 4403 526 Vident
4462 482 4511 527 et
4566 473 4907 525 admiramur
4935 473 5248 530 cole-stium

1983 567 2183 623 Filium
2240 565 2476 634 Virginis
2533 580 2640 617 non
2689 566 2753 617 ad
2814 566 3143 618 ablutionem
3196 567 3558 618 membrorum

1988 671 2230 718 suorum,
2258 670 2381 724 qua:
2410 655 2474 709 de
2519 656 2778 724 virgineis
2827 658 3086 708 membris
3111 657 3372 716 exierant,
3401 655 3562 708 {uiue

1990 745 2346 809 baptizatum,
2372 743 2466 797 sed
2497 753 2554 795 ut
2579 753 2739 796 tantte
2761 745 3133 798 :nttnrlationis
3155 746 3486 813 privilegium
3512 746 3561 798 in

1991 842 2255 899 amtarnm
2318 833 2621 886 substantia
2688 831 3012 884 sanciretur.
3072 834 3215 885 Tene
3271 833 3561 895 intellectu,

1987 924 2134 988 quod
2163 923 2278 976 visu
2336 938 2442 976 non
2492 933 2674 990 potes,
2730 923 3063 976 descendere
3103 925 3152 975 in
3195 939 3410 990 aquam,
3444 939 3564 976 cum

1991 1012 2190 1078 aliquis
2239 1012 2588 1078 baptizatur,
2646 1011 2816 1063 filium
2873 1012 3093 1071 diaboli,
3156 1021 3211 1064 et
3275 1013 3567 1064 ascendere

1993 1100 2159 1152 filium
2193 1100 2308 1163 Dei,
2368 1115 2498 1154 vasa
2549 1101 2643 1154 ira:
2678 1102 2728 1153 in
2766 1101 3154 1154 misericordia:
3189 1117 3310 1154 vasa
3344 1116 3569 1153 conver-

1995 1191 2030 1242 ti
2072 1189 2250 1260 (Rom.
2301 1191 2377 1259 Ix)
2410 1231 2425 1254 ,
2479 1193 2650 1244 everti
2693 1202 2970 1259 peccatum
3022 1192 3262 1258 originis.
3331 1192 3566 1246 subverti

1994 1280 2221 1333 latronis
2243 1281 2550 1342 aedificium,
2577 1283 2875 1334 divinitatis
2900 1282 3227 1334 domicilium
3258 1283 3565 1349 pnrparari.

1992 1371 2162 1424 Adest
2193 1369 2428 1436 Spiritus
2458 1356 2700 1433 sanctus,
2734 1382 2788 1425 et
2819 1372 2885 1423 de
2923 1386 3129 1424 summa
3153 1370 3413 1422 caelorum
3447 1386 3572 1422 arce

1994 1462 2346 1521 descendens,
2370 1461 2696 1515 elementum
2740 1461 3068 1523 sanctificat,
3095 1462 3310 1512 deilicat
3334 1461 3570 1527 baptiza-

1992 1562 2129 1613 ttnn,
2171 1552 2436 1605 clarificat
2477 1553 2764 1606 ministerii
2809 1553 3149 1621 dignitatem.
3191 1551 3574 1617 Constipantur

1994 1641 2248 1708 angi-lia:
2273 1643 2502 1696 virtutes
2532 1643 2835 1695 alludentes
2892 1641 3373 1694 sacramentalibus
3419 1641 3573 1692 insti-

1996 1739 2152 1795 tutis,
2177 1745 2231 1787 et
2251 1735 2564 1788 caelestibus
2587 1735 2851 1789 creaturis
2871 1734 3009 1785 unda
3032 1732 3327 1800 purificans
3351 1747 3574 1784 corona-

3666 565 3876 632 agmina
3935 562 4224 630 legionum,
4275 570 4328 614 et
4374 561 4439 613 ad
4482 571 4643 615 tanta:
4691 562 4877 630 gratite
4932 561 5246 630 largitatem

3669 653 4063 706 incessabiliter
4086 654 4494 720 obstupescunt.
4525 652 4829 720 Exsuperat
4850 653 4994 704 enim
5022 669 5250 708 sensum

3666 758 3878 794 omnem
3922 752 4082 794 tanta:
4111 742 4441 810 dignationis
4472 741 4718 800 intuitus,
4764 742 4864 809 ipsi
4897 743 4998 795 soli
5026 742 5251 810 pervius

3668 836 3939 890 Trinitati.
3992 835 4096 888 Sed
4140 845 4192 887 et
4231 837 4317 890 hic
4349 849 4530 888 ramus
4587 834 4900 903 spectabilis
4934 845 4993 888 et
5043 837 5254 889 miran-

3669 925 3792 982 dus;
3825 922 4032 975 fructus
4073 937 4198 975 vero
4228 921 4343 988 ejus
4365 961 4378 980 .
4415 922 4650 990 Spiritus
4681 922 4918 990 pietatis.

3739 1015 4011 1080 Septimus
4029 1023 4112 1065 est
4145 1013 4259 1065 dies
4297 1009 4508 1078 judicii,
4551 1014 4768 1081 quando
4794 1013 4974 1064 veniet
4999 1027 5125 1066 cum
5160 1028 5259 1082 po-

3671 1112 3861 1157 testate
3883 1119 4076 1170 magna
4106 1113 4158 1157 et
4186 1103 4464 1170 majestate
4492 1102 4641 1172 (Luc.
4681 1104 4795 1168 xxi)
4825 1102 5052 1157 reddere
5081 1103 5138 1156 in
5175 1105 5257 1156 ira

3672 1192 3980 1256 vindictam,
4010 1201 4059 1245 et
4084 1193 4435 1246 vastationem
4465 1192 4516 1244 in
4548 1191 4762 1245 flamma
4792 1192 4948 1257 ignis.
4976 1191 5132 1246 Tunc
5153 1193 5261 1247 erit

3672 1282 3829 1334 timOr
3859 1277 3942 1334 ille
3976 1281 4265 1341 timendus,
4295 1296 4439 1343 cum,
4459 1281 4611 1335 cmlis
4639 1281 4972 1340 ardentibus,
5002 1296 5256 1349 pugnan-

3673 1370 3814 1423 tibus
3859 1369 4162 1431 elementis,
4193 1379 4335 1423 terra
4382 1385 4662 1434 succensa,
4690 1370 5040 1424 conscientiis
5090 1371 5261 1424 obvo-

3673 1459 3822 1522 lutis,
3882 1462 4214 1513 daemonibus
4252 1462 4652 1525 accusantibus,
4707 1462 5068 1515 trementibus
5090 1475 5260 1530 ange-

3674 1549 3759 1610 lis,
3785 1550 3962 1619 judice
3993 1550 4280 1604 furibundo
4302 1560 4353 1605 et
4381 1551 4802 1606 misericordiam
4835 1551 5132 1611 nesciente,
5169 1550 5263 1603 ﬁet

3677 1643 3763 1694 illa
3821 1644 4116 1704 discussio,
4168 1660 4287 1712 quae
4341 1645 4547 1697 utinam
4602 1660 4699 1698 nos
4742 1653 4962 1714 paratos
5019 1643 5264 1697 inveniat

3679 1731 3762 1794 (11
3798 1732 3978 1785 Thess.
4021 1735 4078 1802 r).
4119 1734 4320 1787 Ramus
4378 1736 4478 1788 iste
4530 1750 4757 1805 magnus
4812 1743 4866 1788 et
4897 1731 5264 1796 metuendus;

2000 1833 2108 1874 tur.
2140 1823 2354 1886 Cordis,
2380 1840 2486 1876 non
2519 1825 2701 1876 carnis
2721 1824 2908 1876 oculos
2942 1823 3214 1876 desiderat
3250 1823 3569 1874 sacramenti
3605 1822 3649 1880 Β
3683 1823 3887 1876 fructus
3913 1824 4050 1889 ejus,
4084 1824 4317 1891 Spiritus
4347 1825 4556 1878 timoris
4584 1823 4814 1877 Domini.
4847 1823 5113 1876 Amemus
5133 1835 5272 1892 ergo

2001 1917 2362 1977 transcensio,
2403 1918 2527 1984 quia
2557 1915 2906 1983 intelligibilis
2955 1925 3057 1966 est.
3112 1911 3394 1967 Secundus
3444 1928 3571 1981 ergo

1999 2023 2184 2061 ranms
2211 2019 2292 2060 est
2339 2009 2644 2076 baptismus
2665 2006 2902 2070 Christi;
2935 2006 3142 2060 fructus
3170 2006 3307 2074 ejus,
3342 2003 3576 2072 Spiritus

2003 2097 2328 2152 intellectus.

2074 2187 2287 2242 Tertius
2309 2197 2392 2243 est
2433 2189 2617 2256 passio
2661 2186 3057 2257 Redemptoris.
3099 2188 3231 2240 Vide
3290 2187 3576 2240 consilium

2006 2276 2101 2332 Dei
2132 2279 2271 2346 quod
2297 2263 2352 2330 in
2388 2279 2585 2350 abysso
2632 2280 2963 2348 judiciorum
2997 2278 3113 2346 ejus
3136 2278 3373 2332 clausura
3406 2278 3581 2332 fuerat

2005 2369 2076 2421 ab
2103 2378 2322 2422 :eterno.
2351 2368 2647 2423 Consilium
2697 2382 2846 2423 tuum
2874 2371 3181 2437 antiquum,
3213 2371 3455 2430 Domine,
3493 2385 3581 2423 ve-

2004 2476 2123 2513 rnrn
2155 2461 2272 2522 fiat,
2327 2463 2402 2513 ait
2433 2477 2572 2514 unus
2603 2462 2835 2523 illorum.
2871 2463 2962 2532 qui
3011 2463 3074 2515 ad
3101 2478 3357 2515 arcanum
3387 2462 3579 2514 divinze

2002 2549 2361 2606 Providentiae
2417 2551 2589 2606 fuerat
2632 2553 2995 2607 intromissus.
3020 2553 3268 2622 Nunquid
3309 2565 3412 2608 n0n
3454 2569 3581 2606 eon-

2006 2639 2172 2693 suluit
2202 2641 2316 2702 tibi,
2346 2643 2434 2696 cui
2462 2659 2566 2695 non
2598 2652 2717 2696 erat
2757 2644 2989 2712 adjutor,
3025 2660 3145 2697 cum
3175 2645 3579 2696 sanctissimam

2007 2726 2154 2780 illam
2178 2743 2395 2782 carnem
2417 2731 2621 2783 addidit
2644 2733 2970 2799 opprobriis,
2994 2733 3280 2784 tormentis
3311 2732 3581 2798 exposuit,

2006 2825 2061 2869 et
2090 2836 2106 2866 ι
2136 2817 2395 2872 inclinato
2425 2821 2601 2886 capite
2623 2821 2805 2874 emisit
2850 2820 3137 2888 spiritum?
3176 2839 3192 2871 ι
3229 2818 3410 2888 (Joan.
3445 2819 3583 2888 xtx.)

2007 2903 2055 2959 Ο
2086 2921 2248 2974 quam
2302 2908 2536 2963 indebita
2585 2911 2880 2973 miseratio,
2912 2925 3073 2978 quam
3104 2911 3334 2980 gratuita
3368 2929 3380 2962 :
3427 2920 3477 2963 et
3509 2913 3584 2964 sic

2006 2998 2233 3064 probata
2286 2998 2531 3062 dilectio,
2569 3015 2729 3068 quam
2778 3002 3053 3068 inopinata
3109 3001 3367 3067 dignatio,
3424 3016 3582 3069 quam

2006 3089 2273 3156 stupenda
2317 3089 2583 3154 dulcedo,
2633 3089 2826 3144 Filium
2879 3090 2971 3143 Dei
3027 3091 3105 3143 sic
3151 3089 3308 3160 amigi
3337 3131 3350 3152 ,
3399 3105 3580 3156 regem

3680 1915 3882 1984 lignum
3911 1918 4053 1978 vitm,
4081 1925 4133 1969 et
4166 1917 4229 1969 de
4258 1915 4433 1969 fructu
4459 1916 4573 1983 ejus
4604 1917 4818 1970 assidue
4846 1915 5264 1974 manducemus,

3679 2008 3801 2074 quia
3836 2006 4040 2059 fructus
4067 2008 4168 2060 iste
4202 2007 4368 2061 Filius
4397 2007 4575 2061 Maria:
4597 2007 4804 2076 est,qui
4831 2016 4916 2061 est
4939 2005 5267 2061 benedictus

3682 2099 3732 2151 iu
3758 2100 3949 2151 saecula
3982 2100 4316 2152 saculontm.
4348 2101 4534 2153 Amen.

4211 2190 4241 2222 ⁸
4281 2189 4512 2243 SERMO
4550 2187 4733 2242 XLIV.

3774 2297 3809 2333 ι.
3852 2297 3901 2333 ta
3942 2294 4273 2335 NATIVITATE
4309 2295 4643 2417 (BEATISSIIE
4682 2295 4915 2336 vacuus
4954 2295 5162 2336 Islll.

4336 2365 4424 2402 vnt
4454 2354 4628 2417 sset.)

4336 2365 4424 2402 vnt
4454 2354 4628 2420 sset.)

3755 2440 3829 2493 De
3875 2442 4085 2508 gaudiis
4124 2456 4475 2510 properamus
4524 2441 4591 2494 ad
4640 2440 4856 2509 gaudia,
4884 2449 4939 2496 et
4961 2439 5267 2496 ferventem

3685 2533 3881 2602 stylum
3925 2534 4152 2603 gloriosa
4186 2535 4407 2586 materia
4441 2533 4566 2587 facit
4604 2534 5010 2589 ferventiorem.
5045 2535 5125 2590 De
5153 2536 5270 2588 Vir-

3685 2627 3805 2692 gine
3834 2626 4078 2677 venimus
4116 2625 4181 2676 ad
4221 2625 4518 2695 Virginem,
4548 2636 4603 2680 et
4638 2628 4703 2682 de
4749 2627 4912 2680 Maria
4937 2629 5004 2680 ad
5035 2627 5268 2681 Mariam

3688 2716 4037 2767 recurrimus.
4092 2713 4296 2767 Bonum
4348 2725 4430 2769 est
4451 2731 4547 2769 nos
4571 2716 4656 2770 hic
4678 2731 4818 2780 esse,
4850 2716 5041 2771 melius
5073 2718 5270 2772 immo-

3691 2807 3818 2867 rari,
3848 2807 4108 2874 Optimum
4157 2821 4496 2873 permanere.
4539 2805 4740 2861 Felices
4763 2806 4991 2876 angelici
5015 2809 5265 2876 spiritus,

3688 2900 3778 2967 qui
3810 2900 3979 2950 beata:
4011 2897 4244 2967 Virginis
4272 2899 4473 2951 habent
4496 2900 4857 2966 pra-sentiam!
4904 2898 5013 2954 Nos
5044 2901 5267 2954 interitu

3692 2990 4007 3040 memoriam
4065 2989 4406 3041 abundantiae
4464 2990 4745 3044 suavitatis
4776 2999 4878 3044 tum
4930 3000 5268 3044 entetamus.

3690 3076 3763 3128 Hii
3817 3076 4181 3144 praesentiam,
4241 3092 4338 3130 nos
4385 3079 4723 3132 memoriam.
4762 3078 4852 3134 Sic
4898 3079 4945 3133 si
4977 3079 5159 3134 dulcis
5187 3089 5273 3133 est

2008 3178 2193 3247 gloriae
2263 3178 2316 3231 in
2365 3177 2481 3233 lacu
2536 3181 2768 3244 miseria:
2812 3180 3083 3248 crucifigi!
3153 3178 3394 3248 Denique
3446 3180 3581 3233 nihil
3611 3163 3654 3221 C
3689 3169 3967 3230 meritoria,
3994 3168 4121 3235 quid
4160 3178 4242 3219 est
4275 3169 4586 3235 praesentia?
4616 3169 4679 3222 Et
4712 3169 4786 3223 illi
4822 3170 5071 3237 quidem,
5098 3169 5272 3222 abun-

2009 3267 2203 3320 melius
2277 3268 2342 3320 ad
2410 3277 2458 3322 te
2509 3269 2880 3322 redimendum
2949 3269 3173 3331 habuit,
3224 3284 3383 3337 quam
3444 3270 3585 3337 quod

2011 3357 2363 3424 semetipsum
2400 3358 2718 3419 exinanivit,
2764 3373 2863 3412 nec
2907 3359 3345 3412 excellentiorem
3372 3361 3587 3411 modum

2009 3446 2215 3500 invenit
2267 3447 2532 3516 sapientia
2564 3449 2654 3501 Dei
2686 3449 2739 3501 in
2765 3448 2909 3502 omni
2963 3443 3225 3516 sapientia
3256 3465 3372 3501 sua.
3403 3447 3590 3500 Passio

2014 3536 2118 3590 ista
2149 3538 2431 3591 consilium
2463 3547 2564 3592 tua:
2595 3540 2988 3609 redemptionis
3033 3549 3134 3593 est.
3167 3539 3372 3594 Ramus
3408 3558 3595 3597 neces.

2016 3625 2193 3680 sarius
2214 3637 2262 3679 el
2285 3627 2564 3691 mirabilis,
2583 3630 2735 3697 cujus
2764 3628 2972 3682 fructus
2993 3639 3076 3682 est
3101 3629 3335 3698 Spiritus
3359 3632 3588 3684 consilii.

2085 3715 2320 3780 Quartus
2348 3725 2431 3769 est
2485 3718 2762 3770 descensio
2799 3719 2918 3786 ejus
2945 3719 3010 3771 ad
3034 3717 3259 3771 inferos.
3291 3717 3344 3770 In
3377 3717 3592 3772 fortitu-

2019 3803 2143 3858 dine
2171 3805 2428 3875 singulari
2454 3807 2732 3860 descendit
2772 3809 2836 3859 ad
2861 3807 3088 3872 inferos,
3122 3818 3375 3876 tanquam
3403 3820 3592 3878 potens

2019 3895 2329 3961 crapulatus
2381 3910 2409 3947 a
2448 3896 2594 3958 vino,
2645 3904 2699 3948 et
2734 3897 3078 3950 conturbavit
3125 3898 3318 3960 virum,
3350 3901 3440 3966 qui
3466 3915 3593 3953 con-

2020 3985 2255 4037 turbavit
2310 3993 2526 4048 terram,
2559 3985 2648 4054 qui
2679 3987 2858 4052 posuit
2901 3987 3088 4040 orbem
3135 3987 3433 4050 desertum,
3462 4005 3593 4043 con-

2019 4073 2259 4143 fringens
2315 4075 2567 4128 malleum
2611 4076 2878 4146 universae
2935 4087 3114 4138 teme,
3169 4087 3226 4132 et
3261 4077 3592 4132 horrendum

2021 4163 2148 4216 illud
2197 4163 2454 4234 palatium
2502 4163 2798 4219 fortissima
2856 4167 3210 4222 subversione
3254 4173 3592 4224 concutiens.

2018 4253 2196 4308 Fortis
2219 4257 2434 4322 quidem
2465 4266 2578 4310 erat
2607 4257 2715 4319 ille,
2745 4259 2838 4311 sed
2886 4257 3078 4312 fortior
3110 4263 3448 4330 supervenit,
3501 4262 3593 4331 qui

2020 4359 2146 4399 vasa
2197 4345 2492 4415 diriperet,
2552 4344 2790 4399 auferret
2841 4361 3026 4410 arma,
3060 4347 3252 4416 ligaret
3312 4348 3589 4405 inimicum

2020 4434 2169 4502 (Luc.
2213 4436 2333 4506 xu).
2377 4436 2441 4490 Et
2478 4452 2662 4491 ramus
2691 4438 2910 4505 quidem
2948 4438 3051 4492 iste
3099 4441 3474 4512 rectus'alque
3495 4442 3595 4497 sub

2023 4525 2128 4591 tiJis
2169 4526 2323 4594 cujus
2355 4525 2563 4582 fructus
2591 4539 2676 4583 est
2705 4529 2940 4598 Spiritus
2975 4529 3326 4586 fortitudinis.

2092 4613 2324 4682 Quintus
2350 4629 2430 4672 est
2453 4621 2780 4675 resurrectio
2805 4621 3030 4676 Christi.
3051 4621 3149 4677 [lic
3171 4624 3411 4678 ostendit
3438 4625 3592 4681 nobis

2021 4709 2284 4778 exemplo,
2338 4713 2481 4781 quod
2529 4713 2852 4782 promiserat
2883 4715 2937 4768 in
2966 4716 3210 4783 praemio,
3241 4726 3294 4771 et
3326 4719 3466 4773 scire
3496 4734 3594 4773 nos

2023 4800 2148 4856 fecit
2188 4806 2328 4873 quod
2397 4821 2565 4862 carne
2614 4821 2714 4863 sua
2767 4821 3084 4880 resurgente
3139 4828 3587 4881 resnrgeremus:

2027 4911 2146 4965 quae
2196 4898 2296 4950 etsi
2339 4899 2618 4955 dissimilis
2666 4901 2869 4971 glorias,
2918 4913 3098 4958 tamen
3145 4904 3310 4974 219
3353 4904 3591 4973 ejusdem

2029 4996 2235 5041 naturae
2272 4988 2327 5043 in
2376 4999 2533 5046 utero
2556 4991 2790 5061 Virginis
2838 4993 3014 5047 fuerat
3049 4993 3334 5048 fabricata.
3369 4995 3595 5050 Exclusa

2030 5087 2112 5132 est
2169 5079 2334 5134 totius
2378 5081 2751 5151 ambiguitatis
2777 5081 3024 5138 offensio.
3056 5084 3323 5139 Viderunt
3369 5085 3594 5155 apostoli

2030 5184 2238 5234 manus,
2271 5179 2567 5226 tenuerunt
2596 5175 2782 5243 pedes,
2837 5173 3188 5244 palpaverunt
3220 5173 3363 5229 latus
3411 5173 3592 5244 (Joan.

2031 5258 2145 5326 xx),
2190 5269 2244 5313 et
2290 5261 2471 5315 omnia
2521 5265 2709 5318 mortis
2751 5264 2982 5335 insignia
3022 5265 3194 5320 beatis
3241 5265 3414 5320 oculis
3440 5281 3596 5336 aspe-

2032 5359 2252 5415 xerunt.
2283 5352 2350 5406 Et
2371 5353 2460 5408 hic
2488 5356 2650 5425 igitur
2671 5373 2859 5412 ramus
2881 5373 3125 5426 magnus,
3149 5367 3312 5428 atque
3331 5357 3596 5422 sublimia;

2035 5457 2245 5514 fructus
2269 5462 2452 5506 autem
2481 5449 2618 5518 ejus,
2640 5450 2879 5520 Spiritus
2914 5448 3171 5503 scientiae.

2101 5548 2301 5603 Sextus
2327 5557 2408 5601 est
2436 5546 2684 5600 ascensio
2707 5544 2776 5607 ad
2799 5543 2988 5600 cmlos.
3020 5541 3063 5597 Ο
3087 5528 3374 5612 singularis
3403 5541 3597 5610 pietas,

2031 5641 2276 5695 suavitas
2306 5635 2578 5707 specialis,
2602 5652 2726 5690 cum
2772 5635 2956 5689 lumen
2989 5633 3170 5688 carnis
3220 5642 3416 5687 nostra:
3441 5633 3603 5688 subli-

2025 5728 2206 5788 mibus
2232 5718 2414 5785 intulit
2455 5724 2703 5792 ofﬁcinis,
2731 5736 2786 5782 et
2818 5727 2885 5783 ad
2915 5725 3191 5780 dexteram
3232 5722 3411 5778 Patris
3433 5724 3596 5780 collo-

2665 6340 3097 6359 ’.ι-...ρεια-

3692 3258 3921 3310 dantiori
3953 3273 4072 3309 rore
4121 3258 4423 3311 divinitatis
4456 3257 4638 3320 infusi.
4669 3257 4923 3312 Getiitum
4947 3269 5000 3313 et
5029 3259 5271 3314 Genitri-

3693 3366 3806 3404 cem
3846 3351 4051 3402 visione
4110 3349 4339 3402 mirabili
4400 3345 4743 3412 contuentur,
4802 3351 4945 3420 regis
4985 3359 5041 3402 et
5069 3350 5273 3419 regina

3695 3438 3863 3508 gloria
3904 3439 4183 3492 cumulati.
4217 3439 4323 3491 Nos
4347 3454 4493 3500 vero.
4525 3455 4662 3508 quos
4684 3440 5000 3494 carcerariae
5027 3439 5273 3492 mortali-

3694 3531 3817 3582 tatis
3847 3543 4086 3582 :erumna
4120 3538 4460 3596 contorquet,
4489 3533 4744 3583 memoria
4789 3530 5083 3597 pascitnur,
5123 3529 5274 3585 Scri—

3695 3623 3868 3690 pturis
3907 3621 4208 3674 relevamur
4242 3638 4253 3672 :
4281 3630 4334 3674 et
4363 3621 4504 3690 quod
4551 3621 4622 3674 illi
4657 3621 4858 3686 vident,
4897 3635 4994 3676 nos
5023 3621 5270 3692 legimus.

3697 3716 3912 3771 Utinam
3944 3717 4140 3779 veniat,
4186 3716 4275 3784 qui
4310 3732 4407 3770 nos
4444 3717 4498 3769 in
4551 3716 4722 3771 lucem
4760 3727 5005 3785 reponat.
5035 3720 5152 3772 dies
5183 3716 5274 3772 ubi

3695 3822 3798 3861 non
3836 3807 4009 3875 legere
4035 3805 4208 3862 liceat.
4235 3806 4328 3859 sed
4363 3806 4562 3860 videre.
4589 3805 4769 3859 lteritn
4801 3807 5148 3861 consolemur
5179 3824 5276 3864 nos

3695 3896 3961 3949 suavitate
4007 3897 4318 3956 memoriae,
4396 3897 4566 3948 donec
4617 3895 4898 3948 dulcedine
4968 3898 5274 3965 presentius

3695 3987 3974 4038 satientur.
4035 3983 4201 4037 Hodie
4268 3994 4389 4036 nata
4442 3993 4526 4037 est
4575 3985 4685 4047 illa,
4737 3997 4834 4053 per
4874 4001 5033 4052 quam
5084 4002 5275 4042 omnes

3697 4076 4049 4136 renascimur,
4084 4076 4234 4144 cujus
4263 4074 4498 4142 speciem
4549 4076 4857 4143 concupivit
4890 4074 5272 4144 Omnipotens.

3694 4175 3748 4216 ct
3776 4165 3827 4217 in
3863 4180 3965 4232 qua
4008 4165 4147 4218 Deus
4180 4165 4360 4232 posuit
4413 4166 4664 4229 thronum
4714 4180 4870 4218 suum
4901 4163 5076 4235 (Ρωι.
5108 4168 5274 4237 thv).

3693 4258 3814 4327 Ipsa
3853 4269 3936 4312 est
3964 4258 4188 4312 thronus
4217 4259 4305 4312 ille
4336 4259 4615 4320 mirabilis,
4653 4259 4719 4314 de
4749 4275 4856 4329 quo
4881 4260 4933 4313 in
4965 4259 5276 4332 Regnorum

3695 4349 3923 4403 historia
3977 4350 4172 4416 legitur
4197 4350 4246 4402 in
4275 4351 4387 4404 haec
4411 4349 4572 4403 verba
4602 4367 4616 4401 :
4649 4369 4666 4400 ‹
4709 4349 4859 4420 fecit
4894 4367 4986 4403 rex
5016 4352 5276 4405 Salomon

3701 4439 3952 4491 thronum
3982 4440 4046 4492 de
4095 4440 4258 4494 ebore
4309 4440 4589 4508 grandem,
4636 4450 4688 4495 et
4731 4441 4946 4494 vestivit
4981 4457 5105 4495 eum
5145 4458 5280 4497 auro

3627 4513 3672 4572 θ
3703 4527 3846 4581 fulvo
3887 4528 4067 4581 nimis.
4099 4528 4201 4581 Per
4228 4545 4321 4582 sex
4367 4533 4566 4599 gradus
4595 4531 4988 4586 ascendebatur
5017 4535 5084 4586 ad
5121 4548 5271 4588 eum.

3701 4618 3981 4674 Rotundus
4013 4629 4130 4674 erat
4177 4620 4227 4673 in
4274 4620 4679 4688 posterioribus.
4721 4620 5008 4675 Duodecim
5047 4622 5279 4678 lcuneuli

3700 4714 3914 4767 stabant
3976 4726 4140 4781 super
4177 4714 4408 4781 gradus,
4455 4713 4806 4782 respicientes
4867 4711 4936 4766 ad
4972 4713 5278 4772 thronum.

3700 4803 3870 4858 Porro
3897 4804 4010 4857 dum
4041 4819 4229 4858 manus
4255 4803 4511 4858 tenebant
4543 4805 4667 4859 hinc
4708 4813 4763 4859 et
4799 4803 4922 4859 inde
4944 4805 5135 4859 sedile.
5166 4804 5282 4860 Duo

3703 4897 3885 4952 leones
3939 4895 4154 4950 stabant
4197 4895 4350 4966 juxta
4381 4896 4678 4950 brachiola.
4722 4895 4838 4950 Non
4869 4906 4954 4951 est
4981 4894 5186 4951 factum
5212 4898 5282 4952 sl-

3704 4989 3826 5044 mile
3855 5005 3989 5058 opus
4020 4990 4071 5042 in
4099 4987 4368 5041 universis
4399 4988 4581 5058 regnis
4612 4985 4729 5056 (111
4754 4986 4882 5058 Reg.
4917 4987 4996 5055 ι).
5035 5007 5057 5041 ι

3775 5083 3938 5152 220
3998 5081 4106 5136 Sed
4155 5080 4266 5149 jam
4310 5079 4470 5134 verba
4513 5079 4783 5149 proposita
4833 5079 5200 5150 producamus
5229 5082 5279 5133 in

3703 5175 3879 5230 lucem
3913 5182 3969 5228 et
4012 5187 4208 5240 aquam
4253 5170 4532 5226 eliciamus
4573 5172 4639 5225 de
4667 5180 4842 5240 petra,
4871 5171 4985 5240 ipsa
5031 5171 5282 5241 loquente

3705 5267 3759 5323 in
3801 5266 3978 5327 nobis,
4010 5263 4075 5317 de
4096 5279 4199 5332 qua
4231 5261 4375 5333 loqui
4414 5260 4566 5314 vobis
4596 5260 4968 5331 proponimus.
5003 5280 5022 5311 ι
5058 5260 5230 5320 Fecit,
5261 5280 5277 5310 ι

3707 5360 3882 5429 inquit
3922 5357 4224 5426 Scriptura,
4261 5375 4278 5406 r
4310 5355 4563 5411 Salomon
4603 5371 4697 5408 rex
4745 5356 4995 5409 thronum
5026 5355 5092 5409 de
5121 5355 5284 5408 ebore

3707 5448 3989 5522 grandem.
4023 5465 4040 5497 ι
4071 5445 4267 5499 Tribus
4289 5444 4597 5499 nominibus
4635 5445 4687 5497 in
4715 5443 5010 5514 Scripturis
5040 5442 5284 5498 Salomo-

3709 5556 3831 5596 nem
3858 5549 4103 5594 vocatum
4137 5539 4383 5607 legimus,
4415 5546 4470 5590 et
4497 5537 4694 5607 ubique
4734 5538 4879 5604 regio
4909 5535 5130 5590 nomine
5162 5537 5284 5587 tita-

3708 5631 3899 5695 latum,
3940 5629 4190 5684 videlicet
4243 5628 4608 5692 Salomouem,
4634 5629 5013 5691 Ecclesiasten,
5056 5628 5280 5684 ldidam.

3711 5722 3878 5778 Filius
3905 5722 4063 5791 regis,
4099 5721 4204 5776 imo
4239 5730 4294 5778 et
4335 5735 4454 5789 rex,
4510 5734 4608 5776 nec
4645 5719 4817 5775 solum
4852 5715 5023 5775 Filius
5042 5717 5162 5785 Dei,
5193 5717 5284 5774 sed
