5450 6348
815 321 914 381 τὸἹ

2203 309 2438 370 SERMO
2471 309 2655 368 XLIV.

3976 319 4082 377 733

813 436 978 493 etiam
1006 432 1172 497 Deus,
1207 431 1484 493 Salomon,
1533 428 1585 483 id
1608 436 1690 483 est
1745 427 2018 496 paciﬁcus.
2048 434 2129 480 est
2153 423 2311 478 nobis
2343 423 2396 476 in
2427 431 2470 484 Α
2502 419 2788 488 singularis
2803 430 3053 490 aspectus
3074 422 3155 477 sui
3187 425 3360 494 gratia
3385 440 3547 496 super
3567 431 3841 486 caelestem
3873 436 4081 492 curiam

818 527 922 579 hoc
951 521 1173 577 exsilio:
1198 519 1571 579 Ecclesiastes,
1610 517 1662 570 id
1693 525 1776 570 est
1812 517 2168 576 conrionator,
2209 514 2310 568 erit
2349 513 2402 566 itt

807 613 1045 682 judicio;
1101 611 1276 671 lzlitia,
1320 607 1372 661 id
1412 617 1494 660 est
1527 606 1808 676 gloriosus,
1859 606 1964 658 erit
2001 604 2054 656 in
2099 617 2298 670 regno;
2351 602 2404 656 in

810 706 1012 768 exsilio
1063 701 1326 755 amabilis.
1387 700 1438 752 in
1477 699 1680 764 judicio
1711 695 1992 760 terribilis,
2025 696 2079 749 in
2118 710 2282 764 regno
2313 694 2408 748 ad-

819 792 1106 857 mirabilis;
1137 794 1187 844 iti
1221 791 1414 846 exsilio
1453 791 1592 858 pius,
1635 790 1690 842 in
1710 787 1909 856 iudicio
1931 785 2127 855 justus,
2159 787 2212 839 in
2240 799 2407 853 regno

820 887 1109 956 gloriosus.
1149 880 1280 936 Vide
1315 890 1495 934 autem
1530 880 1572 933 si
1603 896 1707 933 non
1749 878 1945 948 ubique
1978 893 2096 932 rex.
2122 875 2179 929 ln
2209 873 2407 929 exsilio

823 986 1005 1029 rector
1032 989 1266 1037 morum,
1319 972 1371 1025 in
1406 969 1611 1044 judicio
1659 970 1927 1024 discretor
1967 969 2309 1025 meritorum,
2354 965 2406 1018 in

823 1079 990 1135 regno
1038 1065 1382 1133 praemiorum
1435 1060 1786 1124 distributor;
1828 1058 2098 1126 simulque
2124 1055 2407 1109 considera

814 1157 1081 1231 quianon
1122 1153 1498 1216 Ecclesiastes,
1525 1169 1632 1208 non
1673 1152 1838 1214 ldida,
1868 1149 1964 1204 sed
2009 1147 2264 1202 Salomon
2299 1155 2408 1200 tam

811 1248 1290 1318 gloriosumcpus
1343 1245 1523 1299 facere
1572 1253 1923 1314 praenotatur.
1969 1239 2169 1294 Averte
2222 1237 2408 1293 oculos

818 1347 946 1392 tuos
969 1337 1039 1390 ab
1084 1335 1228 1390 illius
1259 1335 1462 1389 terreni
1503 1334 1643 1402 regis
1671 1333 1906 1394 deliciis,
1934 1333 2050 1402 qui,
2084 1330 2213 1384 licet
2243 1325 2407 1382 fuerit

822 1427 1089 1497 sapientia
1118 1426 1431 1496 singularis,
1463 1425 1712 1479 sublimis
1748 1424 1944 1494 gloria,
1975 1422 2135 1477 rebus
2159 1415 2407 1484 alllttens,

817 1537 959 1594 pace
990 1535 1235 1583 securus,
1284 1536 1390 1574 non
1425 1515 1602 1572 tamen
1635 1519 1742 1572 tale
1791 1531 1928 1587 opus
1963 1515 2146 1571 facere
2174 1512 2410 1584 potuerit

825 1613 989 1682 quale
1041 1609 1242 1666 factum
1294 1625 1400 1664 non
1446 1609 1516 1663 sit
1579 1609 1846 1662 universis
1897 1606 2101 1677 regnis.
2154 1602 2410 1674 Nunquid

824 1705 1264 1773 sacra:_scriptor
1308 1703 1548 1756 historiae
1574 1701 1757 1755 omnia
1801 1715 1963 1769 opera
1996 1698 2178 1753 mundi
2211 1709 2263 1754 et
2295 1697 2408 1769 glo-

824 1796 967 1849 riam
1018 1809 1206 1848 eorum
1250 1793 1450 1849 intuitu
1494 1789 1735 1861 diligenti
1785 1798 2157 1860 prospexerat,
2206 1797 2263 1842 ut
2302 1789 2402 1842 hoc
2437 1787 2480 1844 Β

823 1885 1012 1941 statim
1065 1893 1179 1938 tota
1226 1882 1650 1946 deliberatione,
1710 1896 1814 1934 non
1861 1880 1976 1944 uni,
2031 1881 2127 1934 sed
2157 1879 2410 1933 omnibus

823 1975 1160 2031 anteferret?
1189 1976 1373 2029 inania
1425 1985 1554 2031 sunt
1594 1973 1729 2038 hinc,
1758 1974 1801 2028 si
1843 1987 1950 2026 non
1974 1985 2322 2026 recurratnus
2343 1969 2410 2023 ad

825 2066 1047 2122 intimos
1076 2065 1320 2119 ctelcstis
1352 2063 1652 2133 disciplinae
1707 2077 1979 2124 recessus,
2007 2061 2050 2114 si
2101 2076 2206 2114 non
2234 2061 2410 2114 devie.

823 2175 951 2216 Inus
990 2173 1018 2212 tt
1062 2158 1146 2211 via
1183 2157 1521 2211 litteratoria:
1549 2155 1846 2224 qualitatis.
1891 2152 2147 2207 Salomon
2205 2161 2410 2216 noster,

826 2263 935 2303 non
969 2247 1141 2302 solum
1193 2230 1430 2316 sapiens,
1470 2246 1562 2300 sed
1592 2254 1646 2299 et
1672 2243 1935 2313 sapientia
1969 2241 2173 2306 Patris;
2204 2255 2308 2295 non
2333 2255 2414 2294 so-

824 2340 952 2403 lunt“
973 2337 1269 2408 pacificus,
1303 2337 1401 2390 sed
1432 2346 1490 2390 et
1527 2352 1630 2406 pax
1661 2345 1868 2398 nostra,
1902 2333 1993 2402 qui
2022 2331 2153 2387 fecit
2184 2341 2412 2400 utraque

821 2428 1019 2493 unum,
1052 2429 1180 2484 fecit
1211 2430 1488 2492 thronum,
1517 2438 1728 2480 uterum
1769 2425 2022 2479 videlicet
2075 2424 2411 2477 intemerata:

826 2519 1089 2590 Virginis,
1129 2522 1181 2574 in
1215 2535 1322 2590 quo
1349 2520 1489 2573 sedit
1529 2518 1617 2571 illa
1659 2516 1935 2584 majestas,
1963 2530 2084 2584 qua:
2123 2525 2256 2568 nutu
2283 2527 2412 2567 con-

776 2630 779 2632 ·
820 2613 965 2668 cutit
995 2614 1203 2667 orbein.

902 2701 1054 2758 lianc
1112 2701 1410 2757 sessionem
1465 2701 1590 2755 Filii
1640 2709 1694 2754 et
1769 2697 2018 2768 probavit
2063 2703 2118 2750 et
2162 2693 2423 2764 cognovit

818 2795 1017 2864 Pater,
1068 2799 1186 2871 ipso
1238 2798 1455 2868 dicente
1501 2813 1515 2850 :
1555 2815 1572 2846 t
1625 2794 1702 2848 Tu
1753 2791 2054 2863 cognovisti
2109 2791 2411 2845 sessionem

832 2906 1015 2945 meam
1045 2888 1218 2961 (Psal.
1250 2889 1546 2960 cxxxvnt);
1590 2908 1608 2940 ι
1643 2899 1697 2943 et
1728 2903 1742 2940 :
1774 2905 1792 2937 ι
1825 2886 2079 2941 Thronus
2123 2892 2246 2936 tuus
2273 2880 2415 2936 Deus

829 2984 890 3037 in
923 2981 1194 3034 'sirculum
1246 2981 1430 3036 saeculi
1489 2975 1661 3051 (Psal.
1695 2977 1877 3048 xuv);
1928 2995 1946 3028 ι
1974 2983 2029 3029 et
2061 2992 2074 3027 :
2114 2992 2132 3026 ί
2164 2972 2416 3027 Thr-onus

828 3072 936 3127 iste
969 3073 1113 3126 sicut
1159 3072 1240 3127 sol
1269 3074 1320 3125 in
1361 3079 1653 3140 conspectu
1698 3079 1786 3127 tuo
1835 3067 2007 3139 (Psal.
2054 3064 2340 3133 Lxxxvtn).
2388 3082 2406 3115 ι

2510 507 2677 560 allicit
2697 509 2762 562 ad
2791 511 3118 565 videndum?
3152 513 3290 580 Quid
3317 514 3512 571 fortius
3536 519 3621 572 illa
3647 522 3965 580 fortitudine
3989 544 4085 598 per

2512 614 2673 668 quam
2701 601 2915 654 Domini
2952 599 3211 658 fortitudo
3240 621 3365 660 vasa
3395 609 3618 679 diripuit
3640 611 3918 670 fortioris?
3947 617 4085 685 Quid

2509 687 2757 759 frigidius
2805 689 2890 743 illa
2938 691 3240 748 substantia
3295 712 3455 764 quam
3511 703 3856 758 obumbravit
3913 708 4087 764 virtus

2510 781 2793 843 Altissimi,
2827 792 2881 837 et
2901 782 2970 836 ab
2993 793 3124 837 aestu
3155 788 3358 853 peccati
3389 790 3626 845 defendit
3653 800 4087 864 supervenientis

2511 871 2746 940 Spiritus
2797 873 3107 946 plenitudo?
3134 875 3212 930 Ex
3249 878 3351 931 hoc
3380 878 3565 948 ebore,
3609 884 3709 936 nisi
3742 885 3919 952 fallor,
3953 890 4089 944 llunt

2511 963 2613 1016 illze
2666 965 2858 1018 domus
2901 965 3178 1031 eburneae,
3227 968 3293 1021 de
3347 971 3544 1038 quibus
3588 973 3713 1027 dicit
3752 975 4035 1035 Psalmista
4071 1001 4084 1035 :

2515 1071 2533 1104 ι
2564 1053 2802 1124 Myrrha,
2835 1064 2889 1109 et
2939 1068 3112 1128 gutta.
3155 1069 3210 1113 ct
3265 1063 3408 1116 casia
3446 1077 3478 1116 a
3527 1067 3866 1124 vestimentis
3896 1072 4020 1136 tuis,
4055 1091 4086 1128 a

2509 1146 2759 1202 domibus
2785 1149 3040 1203 eburneis
3070 1148 3242 1220 (ρεαι.
3269 1154 3436 1221 xuv).
3475 1175 3494 1207 ι
3810 1201 3826 1215 ς

2538 1308 2557 1329 λ-
2581 1236 2876 1329 Sequitur:
2926 1259 2944 1290 ι
2972 1238 3264 1319 Grandem.
3301 1261 3320 1294 ι
3376 1243 3515 1311 Quid
3566 1253 3824 1319 grandius
3870 1256 4091 1329 Virgine

2509 1324 2700 1391 Maria,
2728 1343 2849 1396 quae
2893 1331 3314 1399 magnitudinem
3361 1350 3585 1393 summa:
3622 1342 3918 1401 divinitatis
3949 1324 4088 1405 intra

2509 1413 2592 1468 sui
2623 1419 2828 1470 ventris
2867 1418 3140 1473 concludit
3178 1425 3471 1478 arcanum?
3507 1429 3734 1485 Attende
3765 1430 4085 1505 Seraphin],

2509 1514 2564 1559 et
2609 1506 2662 1558 in
2696 1506 2838 1562 illius
2861 1512 3159 1579 Superioris
3194 1522 3402 1569 natura:
3438 1520 3718 1586 supervola
3747 1524 4087 1595 dignitatem,

2510 1606 2566 1652 et
2588 1599 2794 1655 videbis
2819 1603 3077 1670 quidquid
3109 1605 3280 1675 majus
3309 1617 3412 1673 est,
3437 1609 3866 1682 minusVirgine,
3895 1617 4094 1686 solum;

2509 1703 2613 1758 que
2640 1687 2896 1759 Opiﬁcetn
2921 1708 3056 1761 opus
3078 1694 3221 1750 istud
3245 1701 3581 1768 supergredi.

2542 1799 2601 1831 νε
2644 1780 2711 1835 Et
2768 1783 2983 1836 vestivit
3039 1799 3162 1838 eum
3209 1801 3343 1866 auro
3383 1787 3529 1844 fulvo
3583 1791 3762 1848 nimis.
3817 1815 3836 1848 ι
3889 1795 4092 1856 Aurum

2513 1872 2762 1930 omnibus
2816 1873 3048 1928 metallis
3084 1877 3417 1950 pretiosius,
3475 1880 3712 1954 intelligo
3760 1886 4094 1946 divinitatem

2512 1963 2629 2026 Dei,
2659 1964 2803 2018 omni
2828 1968 3270 2035 praeminentem
3305 1973 3537 2040 tnundo,
3567 1978 3747 2031 omnia
3784 1980 4092 2049 gubernan-

2515 2065 2640 2107 tem.
2673 2054 2784 2110 ηδε
2811 2058 3005 2112 vestita
3032 2068 3146 2124 est,
3178 2059 3288 2115 into
3315 2068 3672 2131 supervestita
3721 2058 3892 2124 Mater
3929 2073 4091 2130 Altis~

2514 2141 2658 2206 simi,
2687 2151 2962 2214 totamque
2983 2144 3256 2216 Virginem
3286 2158 3394 2204 tota
3424 2151 3510 2206 illa
3536 2155 3876 2215 indivisibilis
3901 2173 4092 2219 natura

2514 2233 2730 2302 largiori
2781 2237 2956 2305 gratia
3003 2239 3324 2306 superfudit.
3400 2220 3538 2308 Quid
3586 2257 3667 2301 est
3699 2260 3898 2304 autem
3949 2257 4092 2323 quod

2513 2325 2642 2379 dicit
2671 2343 2683 2378 :
2713 2325 2860 2381 fulvo
2891 2327 3085 2382 nimis?
3110 2327 3209 2384 llic
3238 2329 3440 2402 aliquid
3469 2337 3848 2412 requirendum
3879 2344 4101 2415 reliquit

2512 2418 2667 2470 nobis
2707 2417 2941 2486 Spiritus
2989 2418 3078 2474 ille
3108 2420 3419 2491 multiplex,
3448 2434 3502 2480 et
3536 2428 3740 2483 utinam
3773 2434 3974 2499 possim
4002 2453 4093 2490 ex-

2510 2506 2712 2576 plicate
2762 2510 2906 2576 quod
2957 2511 3156 2566 sentio.
3214 2511 3460 2579 Quatuor
3514 2519 3688 2572 modis
3749 2521 3889 2576 inest
3951 2523 4093 2581 Deus

2512 2596 2764 2651 omnibus
2815 2600 3101 2653 creaturis:
3157 2599 3343 2680 Primo
3382 2605 3541 2660 modo
3594 2611 3958 2667 essentialiter
3989 2625 4097 2670 tam

2511 2686 2668 2740 bonis
2716 2703 2878 2757 quam
2954 2691 3146 2756 malis,
3199 2692 3442 2763 nihilque
3511 2695 3824 2756 intercludit
3882 2704 4099 2762 deitatis

2512 2779 2822 2842 essentiam,
2852 2795 2951 2851 per
2993 2797 3155 2849 quam
3196 2797 3317 2838 esse
3359 2788 3538 2841 omnia
3575 2804 3918 2861 acceperunt.
3968 2796 4096 2852 lnde

2513 2878 2600 2921 est
2624 2869 2767 2938 quod
2797 2883 3063 2940 nusquam
3091 2882 3146 2928 et
3176 2874 3399 2930 inomni
3426 2877 3544 2933 loco
3573 2895 3690 2936 esse
3725 2883 3943 2955 legitur,
3974 2902 4122 2942 cum

2511 2962 2764 3017 omnibus
2816 2966 3230 3032 praesentialiter
3259 2969 3504 3032 assistat,
3537 2981 3590 3026 et
3615 2989 3643 3026 a
3676 2977 3820 3030 nullo
3856 2994 4098 3049 compre-

2516 3052 2802 3107 hendatur.
2839 3053 3049 3109 Habent
3097 3057 3259 3112 etiam
3309 3068 3362 3112 et
3409 3059 3536 3115 mali
3586 3063 3678 3117 Dei
3720 3070 4094 3136 praesentiam,

835 3178 857 3215 ι
904 3159 1093 3224 Sedes,
1131 3180 1149 3212 ι
1188 3161 1362 3231 inquit
1406 3131 1711 3229 Scriptura,
1759 3176 1776 3209 ι
1822 3131 1986 3227 super
2016 3131 2410 3221 thronum,qui
2442 3131 2484 3190 Ο
2516 3145 2610 3198 sed
2665 3161 2769 3198 non
2827 3147 3097 3214 gaudent,
3148 3164 3271 3202 cum
3325 3149 3617 3206 ittavtintata
3670 3131 3924 3224 quaelibet
3989 3131 4092 3215 hoc

819 3254 1040 3324 judicas
1085 3255 1396 3322 aequitatem
1456 3249 1630 3320 (Psal.
1671 3249 1767 3319 ix).
1799 3268 1817 3301 ι
1858 3247 1995 3315 Quid
2026 3247 2169 3301 enim
2214 3243 2415 3311 jnstius

826 3359 994 3415 quam
1028 3346 1186 3399 vilem
1235 3353 1291 3398 ct
1329 3343 1666 3413 transfugam
1709 3357 1950 3404 servum,
1979 3348 2034 3392 et
2059 3336 2308 3392 conservi
2333 3335 2416 3388 sui

828 3436 1080 3490 sedulum
1133 3436 1497 3503 deceptorcnt,
1545 3433 1824 3504 perpetuis
1872 3431 2088 3502 ignibus
2117 3430 2414 3498 assignate,

827 3533 890 3581 et
932 3525 1101 3584 illum.
1151 3539 1310 3593 quem
1343 3523 1638 3586 fefellerat,
1666 3537 1765 3575 suo
1803 3521 2082 3590 resignare
2115 3517 2419 3588 principio?

829 3617 924 3673 Ait
976 3617 1083 3672 ille"
1111 3616 1249 3670 alter
1282 3615 1423 3669 filius
1474 3613 1713 3684 Virginis
1747 3629 1762 3668 :
1800 3631 1817 3662 ε
1860 3612 1926 3665 Et
1976 3627 2077 3664 vox
2112 3613 2175 3663 de
2225 3610 2418 3662 throno

829 3709 1001 3763 exivit
1051 3709 1277 3762 dicens:
1322 3704 1557 3760 Laudem
1612 3706 1777 3758 dicite
1825 3704 1934 3757 Deo
1984 3688 2194 3764 nestro,
2228 3714 2418 3754 Omnes

831 3798 1007 3852 sancti
1035 3797 1150 3864 eius
1180 3796 1363 3866 (Apoc.
1401 3795 1474 3865 v).
1511 3814 1529 3846 ι
1567 3794 1643 3848 Ex
1686 3794 1786 3847 hoc
1829 3794 2026 3847 throno
2052 3791 2170 3843 laus
2199 3788 2419 3859 angelo-

833 3903 956 3941 rum
993 3893 1316 3955 prorumpit,
1363 3893 1414 3938 et
1449 3884 1757 3947 hominum,
1787 3883 1912 3952 quia
1965 3880 2092 3934 dum
2147 3881 2234 3933 hic
2261 3878 2419 3932 resti-

832 3977 1026 4041 tuitur,
1053 3986 1107 4030 et
1145 3975 1233 4029 ille
1291 3975 1604 4038 resarcitnr,
1639 3976 1854 4043 utrique
1894 3972 2192 4038 gratiarum
2220 3971 2418 4023 debent

831 4070 1196 4126 devotionem.
1251 4068 1404 4124 Nosti
1470 4070 1725 4140 quidnam
1790 4069 1937 4123 dicat
1999 4067 2090 4136 qui
2149 4064 2309 4118 sedet
2362 4064 2416 4116 in

835 4160 1075 4224 throno?
1105 4180 1124 4212 ι
1162 4161 1320 4226 Ecce,
1374 4161 1569 4230 inquit,
1617 4176 1759 4216 nova
1807 4159 1948 4214 facio
1996 4157 2176 4213 omnia
2229 4156 2413 4226 (Apoc.

831 4252 971 4324 xxi).
1007 4271 1025 4304 ι
1061 4251 1210 4306 Felix
1251 4253 1499 4316 thronus,
1551 4252 1602 4305 in
1652 4266 1758 4319 quo
1797 4251 1948 4304 sedet
1979 4249 2285 4304 dominator
2312 4246 2418 4299 Do-

836 4341 1047 4408 minus;
1083 4342 1137 4396 in
1166 4356 1293 4411 quo,
1324 4350 1380 4394 et
1420 4355 1521 4416 per
1543 4355 1703 4409 quem
1742 4355 1849 4395 non
1879 4338 2051 4393 solum
2077 4353 2287 4401 omnes,
2319 4334 2414 4390 sed

833 4435 1019 4520 omqia
1067 4434 1430 4488 renovantur!
1468 4433 1641 4488 Pareo
1693 4433 1912 4498 verbis,
1966 4431 2092 4501 quia
2151 4428 2412 4500 quosdam

2517 3233 2726 3302 possint
2783 3236 3065 3306 privilegio
3132 3236 3372 3308 gloriari.
3435 3241 3685 3299 Secundo
3751 3250 3910 3301 modo
3958 3251 4100 3307 inest

2518 3325 2675 3378 bonis
2704 3328 3051 3394 operatione,
3089 3329 3198 3398 agit
3227 3332 3371 3384 enim
3405 3331 3457 3386 itt
3484 3335 3564 3388 eis
3590 3336 3760 3389 virtus
3799 3343 4094 3408 operativa,

2521 3427 2579 3469 ut
2611 3425 2905 3485 operentur
2932 3434 3093 3490 opera
3129 3422 3220 3475 Dei
3241 3439 3267 3487 ;_
3286 3440 3388 3478 nec.
3413 3427 3584 3481 otiose
3613 3430 3778 3482 creati
3806 3442 3932 3486 sunt
3961 3434 4100 3491 inter

2519 3515 2821 3574 creaturas,
2852 3509 2992 3562 sicut
3021 3517 3074 3561 et
3105 3509 3229 3584 mali
3254 3552 3268 3575 ,
3305 3513 3394 3580 qui
3419 3513 3695 3589 elegerunt
3727 3533 3995 3586 arescere,
4041 3534 4100 3578 ut

2517 3601 2860 3666 sempiternis
2914 3602 3125 3670 ignibus
3174 3603 3425 3658 alimenta
3482 3607 3810 3662 ministrent.
3865 3612 4007 3666 lnest
4044 3626 4099 3669 et

2518 3692 2790 3761 plerisque
2833 3694 2988 3747 bonis
3042 3693 3465 3761 illuminatione,
3498 3713 3633 3766 quos
3676 3700 3744 3756 de
3791 3702 4095 3760 futurorum

2518 3782 2828 3852 cognitione
2865 3783 3110 3836 nobilitat
3140 3794 3196 3838 ct
3224 3786 3514 3854 participes
3548 3803 3767 3843 suorum
3810 3790 3966 3847 eliicit
4015 3811 4100 3850 sc-

2519 3879 2816 3925 cretormn.
2841 3872 3048 3938 Quarto
3079 3875 3237 3927 modo
3265 3874 3404 3931 inest
3425 3878 3513 3931 uni
3549 3889 3829 3944 creatura),
3855 3883 4100 3939 videlicet

2519 3959 2701 4014 Maria:
2725 3961 2950 4037 Yirgini,
2986 3962 3286 4026 idenzitatc,
3311 3964 3434 4032 quia
3472 3965 3610 4018 idem
3637 3976 3719 4020 est
3747 3971 3888 4036 quod
3919 3969 4026 4024 illa.

2591 4054 2689 4108 Hic
2725 4061 2898 4108 taceat
2926 4063 2980 4109 et
3001 4055 3386 4110 contremiscat
3413 4057 3588 4111 omnis
3621 4069 3893 4126 creatura,
3925 4072 3978 4116 et
4009 4064 4098 4118 vix

2519 4144 2715 4199 audeat
2745 4146 2983 4216 aspicere
3028 4154 3188 4199 tanta
3233 4145 3510 4216 dignitatis
3546 4157 3600 4202 et
3643 4150 3967 4220 dignationis
3995 4154 4095 4207 in:-

2519 4237 2880 4291 tttensitatetn.
2935 4254 2953 4286 t
3009 4235 3268 4291 Dominus
3330 4247 3505 4292 tecum
3553 4238 3704 4310 (Luc.
3753 4241 3827 4311 ι),
3863 4260 3883 4294 ι
3921 4243 4096 4314 inquit

2519 4330 2894 4402 archangelus.
2929 4329 3146 4384 Habitat
3174 4332 3225 4385 in
3257 4331 3462 4403 angelis
3495 4332 3654 4401 Deus,
3699 4336 3790 4391 sed
3822 4353 3926 4391 non
3971 4356 4092 4392 cuzn

2520 4421 2744 4491 angelis,
2786 4422 2912 4489 quia
2945 4437 3066 4476 cttm
3108 4422 3211 4476 illis
3258 4422 3498 4492 ejusdem
3542 4440 3648 4480 non
3695 4437 3790 4482 est
3827 4431 4090 4484 essenti:e.

834 4487 1080 4582 ναῖε-νηὶ
1109 4526 1285 4581 sentio
1312 4525 1632 4596 prmvolare,
1667 4534 1719 4579 et
1769 4487 2044 4580 currentis
2065 4487 2187 4593 styli
2211 4536 2414 4592 praeve-
2445 4487 2493 4544 θ
2521 4513 2740 4568 Habitat
2785 4514 2927 4568 Deus
2974 4513 3026 4566 in
3079 4487 3331 4582 Virgine.
3380 4514 3586 4570 habitat
3628 4532 3748 4571 cum
3792 4518 3914 4586 illa,
3970 4536 4088 4574 cu."

832 4614 956 4672 nire
979 4614 1315 4687 pauperiem.
1333 4613 1523 4672 Merito
1545 4630 1675 4686 ergo
1697 4615 1804 4670 tale
1825 4629 1961 4684 opus
1980 4629 2084 4667 non
2111 4612 2411 4682 eloquenti,

833 4717 944 4761 non
996 4703 1254 4776 glorioso,
1311 4706 1408 4760 sed
1453 4706 1684 4775 pacitlco
1737 4705 1994 4760 scribitur
2047 4703 2412 4774 assignatum;

835 4795 966 4866 quia
996 4794 1144 4852 venit
1176 4794 1335 4851 Jesus
1379 4796 1684 4852 instaurare
1710 4804 1765 4851 et
1791 4810 1910 4864 qua
1935 4794 1989 4849 in
2037 4794 2189 4850 ctelis
2214 4802 2269 4847 et
2295 4806 2414 4861 qua:

834 4889 893 4944 lu
925 4889 1110 4955 terris;
1142 4903 1442 4959 pacemque
1470 4899 1526 4944 et
1544 4889 1890 4944 concordiam
1925 4887 2064 4941 inter
2087 4885 2336 4941 homines
2363 4893 2417 4938 et

833 4976 1076 5048 angelos,
1102 4977 1373 5033 mediante
1404 4978 1644 5047 Virgine,
1668 4975 1986 5032 reformare.
2134 5045 2140 5050 '

911 5087 930 5121 ο
973 5069 1047 5126 De
1097 5072 1281 5133 ebore,
1321 5090 1340 5121 ι
1378 5070 1574 5139 inquit.
1612 5069 1752 5136 Quid
1792 5076 1876 5123 est
1913 5067 2054 5137 quod
2103 5063 2316 5130 aurum,
2364 5073 2418 5119 et

835 5170 1140 5231 argentum,
1166 5171 1222 5216 et
1243 5160 1450 5230 lapides
1476 5146 1724 5230 pretiosi,
1750 5167 1805 5216 et
1830 5159 2010 5215 otnnis
2040 5159 2276 5227 denique
2298 5171 2420 5226 pre-

836 5249 1080 5305 tiosioris
1129 5247 1368 5305 materiae
1417 5250 1770 5320 praemittitur
1809 5249 2019 5318 gloria?
2062 5248 2190 5303 Sola
2236 5247 2418 5302 eboris

837 5339 1146 5395 substantia
1175 5357 1343 5411 capax
1373 5349 1458 5396 est
1505 5350 1669 5395 tantm
1705 5341 2137 5410 compositionis,
2175 5348 2230 5394 et
2257 5339 2420 5392 fabri-

837 5439 997 5483 catur
1021 5429 1072 5480 in
1098 5443 1159 5482 ea
1184 5430 1326 5498 quod
1343 5430 1596 5484 omnibus
1617 5431 1870 5500 operibus
1893 5429 2050 5498 221
2079 5427 2418 5499 praeferatur.

837 5516 987 5572 Ebur
1031 5519 1173 5570 enim
1213 5528 1267 5572 et
1318 5519 1550 5573 mirabili
1603 5521 1842 5586 candore
1891 5519 2116 5582 relucet,
2157 5526 2212 5571 et
2253 5516 2416 5568 multa

834 5610 1153 5680 pracetninet
1176 5609 1510 5678 fortitudine,
1527 5611 1929 5682 frigidior-isque
1957 5621 2162 5665 naturae
2189 5610 2420 5664 sortitur

834 5700 1160 5770 auspicium.
1193 5701 1261 5754 Et
1315 5703 1443 5770 quid
1493 5703 1776 5758 candidius
1809 5702 1898 5758 illa
1931 5703 2261 5772 virginitate,
2299 5714 2417 5768 quae

2519 4619 2624 4674 qna
2657 4605 2820 4659 unius
2849 4613 3054 4659 naturai
3081 4605 3244 4660 habet
3295 4605 3652 4662 identitatem.
3688 4607 3798 4662 Hoc
3839 4619 3923 4663 est
3965 4625 4093 4681 ergo

2521 4710 2714 4749 aurum
2778 4693 2982 4748 fulvum
3031 4693 3223 4756 nimis,
3281 4709 3389 4762 quo
3438 4697 3664 4751 thronus
3707 4706 3787 4752 est
3839 4700 4089 4767 vestitus,

2520 4784 2644 4853 quia
2681 4783 2769 4838 tali
2802 4783 2958 4837 modo
2986 4779 3129 4838 Deus
3179 4783 3454 4853 Virginem
3497 4785 3670 4840 indttit
3714 4796 3768 4841 et
3798 4787 3849 4843 in
3876 4787 4096 4860 Virgine

2521 4873 2740 4929 indutus
2769 4882 2870 4938 est,
2903 4882 2962 4926 ut
2991 4872 3200 4927 meliori
3229 4889 3333 4929 non
3367 4883 3566 4943 posset.
3822 4943 3824 4945 b

2595 4965 2850 5032 Sequitur
2899 4979 2915 5020 ;
2973 4983 2991 5014 ι
3030 4962 3135 5017 Per
3189 4980 3281 5018 sex
3339 4967 3538 5032 gradus
3583 4968 3974 5022 ascendebatur
4025 4968 4092 5023 ad

2522 5071 2664 5112 eum.
2708 5075 2728 5107 ι
2763 5054 2912 5124 Elige
2945 5051 3192 5110 meditari
3227 5071 3344 5125 quae
3373 5066 3556 5110 sancta
3585 5068 3739 5120 sunt,
3772 5057 3896 5125 quia
3927 5076 3942 5108 ι
3975 5074 4094 5127 per-

2525 5164 2694 5204 versa:
2724 5151 3083 5218 cogitationes
3108 5157 3360 5216 separant
3383 5164 3412 5200 a
3437 5149 3544 5200 Deo
3563 5144 3709 5216 (Sap.
3742 5149 3811 5216 t);
3850 5167 3869 5202 i
3890 5152 3956 5201 'et
3984 5149 4094 5217 pri-

2524 5254 2670 5294 mum
2715 5240 2940 5308 gradum
2988 5236 3304 5291 ascentlisti.
3353 5235 3603 5290 lnsuescc
3656 5234 3893 5305 linguam
3950 5247 4094 5290 tuam

2524 5332 2662 5385 bene
2692 5331 2868 5399 loqui,
2902 5339 2953 5382 ot
2992 5327 3252 5382 subsilisti
3297 5326 3365 5380 ad
3408 5325 3720 5380 secundum.
3759 5324 3916 5396 ,luste
3955 5329 4094 5393 qnoJ

2520 5424 2724 5492 justum
2759 5432 2842 5475 est
2868 5438 3113 5490 operare,
3143 5433 3196 5475 et
3246 5421 3461 5473 tertium
3511 5419 3801 5475 ascendere
3833 5419 4092 5471 meruisti.

2525 5517 2668 5570 Doce
2695 5516 2907 5582 iniquos
2934 5514 3046 5566 vias
3080 5511 3288 5563 Domini
3318 5519 3370 5562 et
3402 5509 3679 5580 consolare
3707 5523 3890 5559 omnes
3916 5508 4096 5575 lugen-

2527 5619 2624 5671 tes,
2654 5616 2707 5659 ct
2751 5606 2815 5656 ad
2862 5605 3040 5673 quarti
3097 5603 3476 5655 sublimitatem
3529 5597 3688 5666 222
3731 5603 3967 5663 raptatus
4018 5613 4096 5651 cs.

2525 5699 2789 5766 Relinque
2832 5698 3087 5748 mundum
3120 5703 3167 5747 et
3201 5707 3263 5746 ea
3294 5707 3413 5759 qua:
3441 5692 3491 5744 in
3524 5692 3720 5743 mundo
3751 5677 3894 5752 sunt,
3927 5699 3980 5743 ct
4031 5689 4098 5742 ad
