5450 6522
68 1193 250 1584 v.3

68 1411 150 1478 θεέ-Ὺ

79 1485 98 1540 3

68 1547 106 1670 Ξττ

68 1665 142 1730 μ..)
165 1689 216 1726 ,ε
245 1697 256 1712 ..

71 1927 82 1938 ⁶
129 1923 164 1954 ᾩ
213 1951 216 1954 .

68 2053 128 2110 iss

2031 381 2137 438 πθ

2634 375 2692 430 S.
2727 372 2932 429 PETRI
2959 367 3241 425 DAliANl
3265 365 3415 423 OPP.
3455 365 3636 422 PARS
3676 365 3809 424 SEU
3849 366 4084 426 TOIUS
4112 365 4176 423 ll.
4221 395 4290 406 —
4332 364 4723 424 SEBIOHES.

5215 363 5333 418 760

2034 494 2216 566 quinti
2243 500 2503 549 cacumen
2532 487 2774 549 evolasti.
2809 483 3016 539 'l‘eneat
3050 494 3101 538 te
3125 481 3527 551 perseverantia
3559 481 3612 534 in
3644 489 3692 548 Α
3718 482 3861 538 facta
3918 493 4046 538 sunt
4095 484 4149 537 in
4200 485 4469 539 creaturis
4525 482 4744 547 mundi,
4791 481 4928 537 nihil
4977 492 5170 538 tamen
5225 493 5348 536 tam

2037 593 2211 648 motu,
2245 579 2697 653 perseverantiam
2733 591 2837 630 non
2865 574 3130 644 relinque,
3159 583 3212 626 et
3246 585 3457 627 sextum
3499 586 3625 642 gra-

2037 676 2170 733 dum
2206 671 2436 726 viriliter
2464 669 2708 738 attigisti.
2740 667 2818 721 Ex
2869 667 2972 721 hoc
3002 666 3260 720 subsilire
3287 666 3410 719 licet
3437 666 3487 717 in
3510 676 3624 716 cm-

2036 764 2172 830 ιω,
2217 761 2287 817 ad
2317 759 2463 815 illam
2486 758 2712 830 gloriam
2741 757 3020 826 aspirare,
3054 756 3108 809 in
3144 769 3249 823 qua
3276 755 3480 822 Regina
3509 751 3627 822 glo-

2035 851 2235 909 riosior
2253 848 2555 920 angelicam
2594 846 2904 902 reverberat
2938 844 3276 915 dignitatem.

2102 942 2362 1012 Sequitur
2420 957 2434 992 :
2474 956 2493 990 t
2547 936 2833 992 Rotundus
2877 945 2999 991 erat
3053 936 3107 989 in
3156 933 3567 1005 posterioribus.
3603 952 3621 984 ι

2033 1033 2353 1090 Posteriora
2395 1028 2632 1099 Virginis
2698 1027 3123 1095 assuniptiouem
3185 1023 3301 1092 eius
3350 1024 3626 1093 intellige,

2040 1120 2098 1177 in
2125 1135 2234 1190 qua
2265 1119 2428 1175 ﬁnem
2449 1118 2586 1173 .vita
2613 1107 2859 1172 mortalis
2887 1115 3116 1196 accepit,
3154 1130 3276 1184 qua
3303 1115 3471 1168 vitam
3502 1114 3626 1168 red-

2039 1211 2179 1270 didit
2221 1211 2360 1267 orbi.
2389 1209 2456 1265 Et
2482 1218 2611 1264 nota
2640 1223 2765 1264 cum
2802 1217 3009 1278 quanto
3041 1216 3385 1261 sacramento
3444 1215 3628 1260 trans-

2043 1301 2185 1359 itum
2236 1300 2474 1370 Virginis
2512 1298 2794 1370 Scriptura
2846 1306 3128 1367 comparet
3174 1294 3512 1351 rotunditati.
3574 1293 3631 1347 In

2039 1385 2292 1451 rutundo
2311 1406 2412 1446 nec
2439 1391 2784 1463 principium,
2812 1402 2912 1443 nec
2936 1387 3096 1442 linem
3125 1387 3328 1458 poteris
3354 1385 3628 1449 invenire;

2041 1480 2118 1539 ιιι
2143 1478 2202 1536 et
2241 1478 2447 1551 gloria,
2479 1493 2602 1548 qua
2634 1491 2754 1532 eam
2800 1477 2866 1531 de
2897 1476 3001 1530 hoc
3030 1476 3234 1530 mundo
3260 1483 3630 1528 transeuntem

2040 1571 2289 1640 excepit,
2337 1568 2666 1639 principium
2715 1565 2961 1636 ignorat,
2994 1565 3167 1620 nescit
3193 1563 3394 1628 linem;
3425 1565 3492 1617 de
3525 1579 3629 1632 qua

2040 1660 2117 1716 nil
2158 1659 2304 1715 aliud
2349 1661 2640 1729 possumus
2674 1658 2890 1721 dicere,
2933 1656 3032 1710 nisi
3069 1655 3196 1724 quia
3226 1655 3458 1727 gloriosa
3489 1655 3629 1707 dicta

2041 1757 2170 1803 sunt
2195 1748 2262 1802 de
2291 1756 2346 1802 te
2382 1744 2556 1817 (Psal.
2587 1743 2836 1815 uxsvt).
2857 1744 3026 1814 Sloria
3058 1744 3171 1798 Dei.

3728 573 4026 631 excellens.
4054 582 4164 625 tam
4192 572 4537 642 magniﬁcum
4567 571 4813 627 fecerunt
4831 586 5000 641 opera
5030 571 5347 643 digitorum

3730 666 3844 722 Dei.
3877 665 4038 736 Virgo
4065 663 4158 721 Dei
4184 666 4442 736 genitrix,
4473 664 4628 734 cujus
4652 664 5126 734 pulchritudinem
5155 663 5243 718 sol
5279 673 5338 716 et

3729 757 3852 812 luna
3874 757 4160 819 mirantur,
4178 755 4603 825 nﬁsubveni,
4617 755 4859 817 domina,
4873 753 5260 810 clamantibus
5273 757 5346 809 ad

3729 857 3782 902 te
3804 848 4032 918 jugiter:
4076 866 4095 898 ι
4127 846 4452 910 Revertere,
4479 853 4752 900 revertere
4785 843 5115 908 Sonamitis,
5139 858 5346 900 rever-

3730 951 3867 1005 tere,
3903 949 4196 1002 revertere,
4227 948 4287 992 ut
4316 938 4623 992 intueamur
4652 946 4704 991 te
4731 933 4912 1005 (Cant.
4944 935 5043 1007 vi).
5073 954 5096 988 a
5129 932 5214 990 τι
5245 936 5350 990 be-

3730 1030 3941 1086 nedicta
3962 1070 3976 1092 ,
4026 1037 4080 1082 rt
4114 1041 4279 1097 super
4307 1026 4627 1090 benedicta,
4664 1034 4967 1089 revenere.
5017 1025 5206 1096 primo
5239 1039 5346 1095 per

3730 1129 4003 1176 naturam.
4041 1117 4290 1188 Nunquid
4339 1115 4465 1187 quia
4518 1116 4591 1170 ita
4637 1114 4924 1178 deilicata,
4955 1115 5079 1170 ideo
5127 1123 5348 1170 nostri

3731 1210 4088 1265 humanitatis
4129 1209 4296 1265 oblita
4346 1208 4437 1262 es?
4482 1205 4864 1277 Nequaquam,
4911 1205 5164 1260 domina.
5209 1205 5344 1262 Scis

3733 1300 3785 1355 in
3814 1315 3923 1370 quo
3949 1299 4264 1354 discrimine
4294 1312 4391 1353 nos
4424 1296 4711 1366 reliqueris
4729 1335 4742 1361 ,
4766 1294 4856 1350 ubi
4879 1295 5132 1366 iaceant,
5159 1308 5346 1366 qun-

3731 1398 3844 1446 tum
3871 1390 4192 1458 delinquant
4220 1389 4363 1445 servi
4399 1388 4507 1453 tui;
4544 1402 4652 1442 non
4686 1386 4833 1441 enim
4863 1386 5125 1441 convenit
5165 1395 5343 1440 tanta:

3731 1481 4117 1537 misericordia:
4163 1488 4371 1534 tantam
4421 1478 4697 1534 miseriam
4740 1477 5007 1539 oblivisci,
5039 1475 5206 1546 quia,
5231 1475 5342 1530 etsi

3731 1573 4004 1626 subtrahit
4034 1570 4226 1641 gloria,
4267 1576 4488 1624 revocat
4516 1576 4710 1623 natura
4737 1584 4750 1620 :
4791 1581 4896 1621 non
4927 1567 5078 1622 enim
5111 1567 5194 1620 ita
5228 1580 5344 1619 me-

3735 1663 3965 1716 moraris
4003 1661 4227 1729 iustitia:
4276 1659 4370 1714 Dei
4420 1659 4613 1723 solius,
4642 1667 4700 1713 ut
4749 1652 5190 1712 misericordiam
5235 1671 5342 1709 non

3737 1746 3972 1814 habeas;
4002 1765 4177 1820 neque
4206 1750 4278 1802 ita
4307 1762 4368 1803 es
4389 1746 4758 1816 lmpassibilis,
4779 1756 4838 1800 ut
4863 1747 4938 1802 sis
4970 1746 5347 1816 incompassi~

2114 1836 2375 1908 Sequitur
2418 1855 2430 1890 :
2484 1855 2504 1887 ι
2552 1835 2846 1890 Duodecim
2900 1832 3133 1889 leunculi
3187 1832 3405 1887 stabant
3468 1846 3632 1899 super
3664 1837 3706 1895 Β
3736 1841 3875 1896 bim,
3907 1839 4266 1894 Num-amna

3191 1832 3405 1887 ιιιδιιιι
3468 1846 3632 1899 NP"
3664 1837 3706 1895 Β
3736 1841 3875 1896 bilis.
3907 1839 4169 1894 Naturam
4192 1849 4434 1892 nostram
4467 1838 4656 1901 habes,
4688 1851 4798 1891 non
4825 1835 5015 1901 aliam;
5050 1846 5110 1891 et
5125 1836 5343 1906 justum

2042 1927 2266 1996 gradus.
2323 1945 2342 1978 ι
2393 1924 2685 1980 Duodecim
2741 1923 3011 1986 leunculi,
3056 1923 3341 1977 duodecim
3399 1923 3628 1991 apostoli

2040 2024 2189 2080 sunt,
2228 2015 2318 2085 qui
2344 2013 2581 2088 praeﬁxis
2612 2013 2870 2084 gradibus
2906 2011 3132 2068 validius
3162 2012 3499 2074 insistentes,
3530 2012 3632 2065 Re-

2042 2105 2225 2178 ginam
2257 2105 2378 2159 mali
2412 2120 2517 2160 non
2557 2105 2676 2160 sine
2723 2107 2962 2159 maximo
3006 2113 3232 2175 stupore
3271 2104 3630 2163 demiramur,

2041 2206 2101 2254 et
2128 2198 2357 2252 dicunt:
2395 2187 2582 2264 (Quae
2608 2205 2693 2252 est
2743 2197 2874 2260 ista,
2909 2209 3028 2266 qua
3070 2197 3316 2251 ascendit
3351 2197 3492 2250 sicut
3542 2212 3634 2248 au-

2049 2303 2178 2345 rora
2204 2302 2568 2356 consurgens,
2596 2287 2821 2358 pulchra
2846 2295 2905 2341 ut
2932 2287 3078 2352 luna,
3106 2287 3276 2342 electa
3308 2298 3362 2341 ut
3394 2287 3496 2349 sol,
3529 2297 3629 2340 ter-

2043 2379 2221 2434 ribilis
2267 2388 2325 2433 ut.
2372 2387 2675 2434 castrorum
2723 2379 2872 2437 acies
2918 2379 3261 2433 ordinata?»
3308 2378 3482 2446 (Cant.
3536 2378 3634 2442 vi.)

2045 2464 2217 2523 Porro
2243 2469 2360 2524 dua
2387 2482 2602 2532 manus,
2630 2481 2750 2536 qua
2779 2469 3038 2522 tenebant
3068 2468 3193 2522 hinc
3223 2479 3277 2522 et
3301 2468 3423 2521 inde
3447 2469 3632 2529 sedile,

2044 2557 2363 2613 activamel
2406 2556 2882 2628 contemplativam
2930 2557 3098 2611 vitam
3155 2557 3483 2626 signiﬁcant,
3515 2573 3635 2626 qu:e

2043 2657 2278 2704 matrem
2308 2648 2589 2720 Virginem
2625 2647 2967 2718 propensiori
2993 2647 3273 2718 diligentia
3303 2647 3634 2712 ambierurit,

2049 2742 2187 2798 adeo
2216 2751 2278 2796 ut
2323 2757 2428 2797 nec
2470 2742 2612 2796 actio
2647 2741 3165 2810 contemplationem
3219 2741 3533 2804 minueret,
3583 2751 3638 2793 ct

2048 2833 2436 2904 contemplatio
2487 2849 2594 2889 non
2653 2833 2930 2890 desereret
2962 2835 3252 2890 actionem.
3307 2833 3634 2894 Recordare,

2046 2922 2175 2992 quia
2234 2939 2340 2978 non
2395 2934 2517 2980 erat
2572 2924 2621 2978 ei
2693 2924 2844 2980 locus
2892 2926 2942 2978 in
2993 2925 3294 2979 diversorio
3342 2923 3496 2994 (Luc.
3552 2924 3636 2991 it),

2041 3013 2315 3084 quomodo
2344 3013 2514 3070 lilium
2543 3028 2698 3068 suum
2748 3014 2983 3083 propriis
3020 3015 3278 3068 uberibus
3323 3014 3633 3074 iactaverit,

2043 3111 2103 3158 et
2129 3117 2320 3158 omnes
2343 3102 2580 3172 denique
2607 3104 2875 3174 vagientis
2896 3104 3104 3174 parvuli
3128 3105 3446 3159 sustinuerit
3471 3105 3636 3159 artio-

3735 1944 3818 1988 est
3869 1942 3928 1986 ut
3961 1933 4027 1986 de
4069 1942 4190 1984 rore
4238 1938 4402 1984 tanta
4431 1928 4648 1998 pietatis
4674 1926 4922 1981 dilusius
4949 1925 5342 1982 infundamur.

3821 2043 3838 2074 ι
3871 2023 4191 2085 Revertere,
4227 2039 4248 2073 ι
4280 2020 4520 2075 secundo
4548 2033 4646 2090 per
4673 2018 4989 2090 potentiam.
5021 2015 5186 2072 Fecit
5209 2019 5266 2071 in
5297 2028 5349 2070 te

3745 2128 3941 2183 magna
3973 2112 4063 2180 qui
4095 2120 4284 2180 potens
4315 2119 4428 2172 est,
4459 2118 4515 2163 et
4546 2110 4669 2163 data
4700 2117 4784 2163 est
4817 2108 4909 2163 tibi
4940 2109 5126 2162 omnis
5152 2117 5344 2177 potes-

3745 2212 3828 2257 tas
3867 2204 3918 2255 in
3947 2201 4086 2256 caelo
4129 2209 4182 2255 et
4214 2200 4264 2253 iu
4292 2209 4458 2253 terra.
4482 2198 4623 2265 Quid
4661 2199 4756 2252 tibi
4784 2197 5098 2269 negabitur,
5129 2200 5222 2251 cui
5253 2213 5350 2252 nea

3741 2305 3924 2365 gatum
3953 2308 4061 2347 non
4086 2302 4169 2346 est
4197 2290 4550 2359 Theophilum
4575 2290 4640 2345 de
4661 2289 4792 2360 ipsis
4814 2289 5138 2360 perditionis
5167 2287 5346 2352 huci-

3737 2385 3839 2439 bus
3872 2397 4123 2437 revocare
4146 2378 4618 2451 (llJ)?lnl'elicem
4642 2379 4963 2443 anitnulam,
4981 2387 5159 2434 totum
5187 2377 5345 2439 illud.

3741 2475 3882 2544 quod
3913 2475 3965 2527 in
3999 2483 4050 2528 te
4082 2473 4282 2526 factum
4313 2481 4427 2535 est,
4470 2471 4688 2540 proprio
4716 2469 5037 2524 charactere
5065 2456 5346 2539 derigan-

3742 2573 3877 2626 tem,
3908 2563 3972 2615 de
4004 2562 4116 2616 luto
4146 2561 4293 2615 {arcis
4312 2570 4366 2614 et
4390 2561 4623 2615 tuiaeric
4652 2559 4962 2614 sublevasti.
5002 2557 5086 2612 Nil
5113 2558 5210 2612 tibi
5244 2559 5345 2613 im-

3739 2654 4016 2725 possibile,
4044 2653 4419 2721 cuipossibiic
4447 2661 4530 2706 est
4560 2651 4875 2719 desperatos
4898 2649 4951 2704 in
4982 2663 5139 2716 spem
5170 2647 5346 2704 beati-

3743 2745 3947 2798 tudinis
3987 2745 4252 2798 relevare.
4298 2741 4581 2808 Quomodo
4620 2740 4766 2794 enim
4812 2739 4902 2793 illa
4941 2746 5186 2809 potestas
5234 2745 5342 2793 tua

3744 2836 3996 2904 potentiae
4025 2833 4221 2903 peterit
4261 2831 4507 2894 obviare,
4534 2844 4657 2898 qua
4683 2829 4752 2885 de
4799 2843 4965 2883 carne
5017 2836 5109 2880 tua
5154 2826 5341 2880 carnis

3745 2927 3989 2993 suscepit
4021 2922 4325 2992 originem?
4355 2920 4583 2975 Accetlis
4603 2919 4749 2975 enim
4772 2927 4902 2974 ante
4930 2917 5056 2971 illud
5104 2930 5337 2970 aureum

3743 3019 3994 3072 humana:
4033 3012 4496 3069 reconciliationis
4523 3011 4694 3065 altare
4712 3051 4728 3074 ,
4756 3024 4865 3065 non
4894 3008 5067 3064 solum
5098 3021 5301 3077 rogans
5320 3046 5336 3068 ,

3743 3108 3837 3161 sed
3878 3107 4176 3172 imperans,
4222 3103 4473 3164 domina,
4517 3116 4623 3156 non
4665 3099 4884 3154 ancilla.
4913 3096 5125 3152 Ioveat
5160 3105 5212 3151 te
5239 3109 5338 3147 na-

2043 3203 2164 3256 nes,
2192 3200 2249 3247 et
2299 3200 2428 3246 tunc
2478 3191 2746 3263 intelliges
2782 3193 2910 3261 quia
2943 3193 3235 3262 plurimum
3285 3193 3634 3247 ministravit.
3667 3185 3708 3245 C
3746 3211 3886 3262 tura,
3919 3197 4160 3266 potentia
4192 3204 4434 3258 moneat,
4463 3194 4590 3263 quia
4621 3201 4829 3262 quanto
4854 3189 5150 3261 potuitior,
5184 3194 5338 3240 tanto

2043 3278 2341 3340 Considera
2359 3284 2488 3352 quia
2506 3284 2619 3352 ipsa
2642 3291 2727 3339 est
2748 3300 2890 3354 qua,
2915 3286 2967 3339 in
2991 3284 3429 3355 contemplativa:
3456 3286 3634 3356 digni-

2045 3370 2181 3426 tatls
2220 3380 2542 3440 superi-ecta
2581 3370 2946 3438 dulcedinem,
2972 3373 3025 3427 in
3057 3372 3228 3442 ipsius
3255 3372 3348 3427 Dei
3384 3374 3638 3428 substan—

2048 3459 2183 3515 tiam
2214 3458 2509 3515 lucidibres
2540 3458 2717 3514 inlisit
2747 3461 2987 3518 obtutus.
3024 3461 3265 3525 «διέτη,
3294 3461 3500 3531 inquit,
3525 3461 3641 3528 eius

2049 3551 2154 3608 sub
2184 3551 2363 3621 capite
2394 3565 2541 3618 meo,
2585 3560 2644 3607 et
2690 3551 2913 3608 dextera
2957 3549 3102 3609 illius
3130 3551 3530 3623 amplexabitur
3555 3568 3640 3607 lite

2048 3637 2228 3708 (Cant.
2259 3639 2342 3708 ιι).
2383 3658 2402 3692 ι

2127 3752 2146 3784 ι
2188 3731 2305 3788 Duo
2338 3732 2522 3787 leones
2559 3733 2773 3788 s'abant
2804 3722 2960 3804 juxta
2984 3734 3284 3790 brachiola.
3324 3754 3341 3787 ι
3380 3735 3495 3788 Duo
3531 3734 3638 3788 leo-

2056 3831 2156 3880 nes
2175 3827 2304 3874 sunt
2320 3818 2546 3893 Gabriel
2560 3822 2920 3889 archangelus
2945 3833 2999 3878 et
3022 3823 3260 3879 Joannes
3280 3825 3636 3894 evangelista,

2055 3925 2287 3980 quorum
2319 3910 2458 3965 alter
2484 3911 2720 3967 dextera:
2746 3911 3004 3984 Virginis,
3031 3914 3167 3968 alter
3194 3916 3430 3969 sinistrae
3457 3926 3640 3969 custos

2059 4000 2356 4071 deputatus
2395 4009 2500 4055 est.
2547 4000 2763 4057 Gabriel
2794 4003 2940 4056 enim
2969 4012 3230 4066 mentem,
3257 4001 3494 4059 Joannes
3522 4021 3644 4057 rar-

2055 4105 2178 4147 nem
2219 4090 2466 4162 pervigili
2521 4090 2884 4147 sollicitudine
2931 4104 3307 4146 servaverunt.
3351 4092 3450 4159 Qui
3507 4092 3643 4145 bene

2054 4180 2243 4237 leones
2270 4181 2543 4249 dicuntur,
2567 4193 2789 4254 propter
2811 4184 3045 4254 rugitum
3068 4183 3314 4239 altisona:
3336 4186 3509 4248 vocis;
3538 4185 3643 4237 duo

2051 4272 2388 4328 enimverba
2413 4274 2798 4329 nuntiaverunt
2825 4274 2943 4328 orbi
2976 4283 3135 4329 terra!
3158 4275 3339 4344 qualia
3372 4290 3470 4330 nec
3495 4275 3640 4329 tiicla

2055 4373 2182 4420 sunt
2229 4379 2331 4420 nec
2376 4366 2664 4431 dicentur,
2716 4375 2774 4420 et
2835 4365 2889 4419 in
2953 4381 3183 4436 quorum
3239 4369 3643 4436 comparatione

2055 4457 2239 4513 omnia
2262 4464 2411 4510 muta
2441 4456 2673 4513 debeant
2699 4471 2983 4528 apparere.
3020 4476 3037 4508 ι
3073 4457 3208 4520 Ave,
3237 4457 3401 4512 Maria
3421 4499 3435 4522 ,
3470 4460 3641 4528 gratia

3739 3289 4153 3343 misericordior
4180 3301 4301 3341 esse
4329 3285 4573 3341 debebis.
4609 3283 4874 3340 Potestati
4907 3282 5054 3336 enim
5080 3279 5230 3334 cedit
5267 3278 5337 3333 ed

3740 3377 3990 3448 gloriam,
4025 3377 4257 3442 iniurias
4292 3376 4480 3430 ulcisci
4513 3373 4657 3430 nolle
4683 3389 4810 3429 cum
4841 3372 5033 3444 possit.
5267 3438 5326 3453 ἢ

3823 3483 3840 3514 ι
3881 3464 4201 3525 Revertere,
4234 3483 4252 3514 ι
4290 3463 4450 3517 tertio
4480 3475 4577 3531 per
4603 3476 4868 3518 amorem.
4901 3458 5051 3520 Scio,
5077 3457 5296 3511 domina
5317 3496 5332 3520 ,

3743 3556 3867 3624 quia
3900 3554 4287 3625 behignissima
4314 3568 4394 3616 es,
4414 3563 4468 3607 et
4495 3567 4646 3606 amas
4668 3567 4767 3606 nos
4797 3566 4981 3606 amore
5012 3551 5332 3612 invincibili,

3741 3661 3879 3714 quos
3935 3645 3987 3697 in
4049 3653 4101 3696 te
4141 3653 4196 3698 et
4249 3658 4345 3712 per
4407 3652 4457 3695 te
4504 3641 4676 3696 Filius
4726 3650 4850 3695 tuus
4917 3649 4970 3695 et
5021 3639 5165 3694 Deus
5212 3649 5336 3692 tuus

3745 3748 3956 3788 summa
3998 3733 4288 3785 dilectione
4336 3730 4544 3784 dilexit.
4593 3730 4728 3795 Quis
4779 3730 4884 3783 scit
4929 3730 5144 3796 quoties
5181 3726 5337 3780 refri-

3742 3838 3902 3893 geras
3948 3823 4082 3876 iram
4124 3819 4365 3883 Juilicis,
4415 3836 4539 3873 cum
4572 3817 4800 3887 justitia:
4835 3819 5009 3872 virtus
5037 3833 5065 3870 a
5099 3830 5334 3888 prasen-

3747 3916 3816 3967 tia
3847 3914 4061 3967 dritatis
4090 3912 4404 3979 egreditur?

3819 4024 3834 4052 ι
3875 4002 4185 4066 Revertere,
4227 4021 4245 4052 ι
4281 4011 4476 4070 quarto
4508 4016 4604 4071 per
4631 4000 5082 4071 singularitatem.
5111 4000 5167 4054 in
5202 4018 5316 4055 ma-

3746 4092 3908 4144 nibus
3941 4091 4046 4144 tuis
4078 4103 4202 4144 sunt
4234 4091 4473 4144 thesauri
4536 4091 4947 4146 miserationum
5001 4088 5234 4154 Doniini,
5277 4103 5331 4148 et

3746 4183 3859 4236 sola
3893 4182 4062 4235 eiecta
4098 4197 4177 4245 es,
4211 4183 4296 4235 cui
4333 4182 4508 4251 gratia
4541 4191 4689 4236 tanta
4715 4181 5052 4237 conceditur.
5083 4182 5241 4239 Absit
5275 4195 5331 4238 ut

3743 4281 3922 4326 cesset
3962 4286 4154 4325 manus
4197 4281 4284 4325 tua
4314 4313 4330 4334 ,
4390 4287 4514 4325 cuin
4570 4272 4912 4326 occasionem
4969 4286 5184 4340 quaeras
5231 4273 5330 4327 sal-

3745 4361 3903 4414 vaudi
3937 4361 4168 4414 miseros
4208 4371 4262 4415 et
4299 4359 4728 4416 misericordiam
4772 4359 5116 4415 cffundendi!
5159 4377 5326 4431 neque

3748 4453 3893 4505 enim
3935 4460 4026 4504 tua
4070 4451 4238 4520 gloria
4291 4452 4575 4516 minuitur,
4604 4452 4697 4506 sed
4729 4460 4978 4521 augetur,
5010 4467 5134 4506 cum
5163 4454 5330 4523 paui-

2056 4544 2239 4617 piena,
2283 4544 2552 4601 Dominus
2601 4523 2785 4602 tecum
2806 4544 2959 4618 (Luc.
2986 4546 3048 4618 t),
3087 4567 3106 4599 ι
3137 4541 3226 4601 εἰ(
3265 4523 3640 4618 archangelus.
3667 4523 3722 4614 _0
3751 4556 3926 4601 tentes
3950 4547 4017 4600 ad
4050 4547 4286 4610 veniant,
4313 4547 4593 4616 justilicati
4624 4548 4690 4602 ad
4715 4547 4938 4618 gloriam
4964 4560 5323 4604 assumuntur.

2059 4633 2299 4691 Audisne
2351 4637 2404 4690 in
2454 4636 2556 4691 hoc
2601 4635 2770 4709 verbo
2807 4637 3240 4693 incarnationem
3277 4637 3394 4703 Dei,
3424 4639 3636 4693 redem-

2061 4723 2304 4792 ptionem
2351 4724 2671 4792 hominum,
2726 4727 3134 4783 renovationem
3202 4725 3435 4784 mundi?
3503 4747 3520 4780 ι
3586 4727 3643 4782 ln

2063 4804 2331 4883 principio
2370 4825 2488 4870 erat
2510 4816 2746 4871 Verbum
2769 4816 2952 4889 (locis.
2984 4820 3048 4884 t),
3080 4839 3100 4872 ι
3125 4819 3265 4874 dixit
3292 4819 3642 4890 evangelista.

2063 4903 2467 4960 Animadvertis
2501 4905 2592 4960 hic
2622 4905 2780 4962 Verbi
2806 4909 3162 4976 divinitatem,
3187 4911 3439 4988 Ecclesia;
3463 4912 3644 4976 ﬁdem,

2066 4996 2445 5056 hereticorum
2466 4999 2764 5065 silentium,
2792 5001 2968 5058 locum
2995 5005 3218 5073 quietis,
3243 5015 3508 5060 secretum
3559 5021 3646 5060 so-

2069 5086 2334 5153 litudinis,
2364 5087 2585 5145 luminis
2617 5105 2879 5147 arcanum
2902 5133 2919 5157 ,
2958 5093 3324 5150 habitaculum
3357 5097 3542 5166 pacis?
3565 5095 3648 5152 0b

2070 5177 2211 5234 hanc
2243 5177 2490 5237 fortassis
2516 5194 2737 5238 causam
2764 5184 2979 5239 vocavit
3005 5183 3267 5242 Jacobum
3304 5195 3358 5242 et
3382 5186 3646 5245 Joannem

2069 5267 2397 5339 Bonnerges,
2422 5271 2473 5324 id
2507 5282 2619 5337 est,
2651 5273 2792 5329 ﬁlios
2812 5275 3038 5330 tonitrui
3065 5275 3260 5346 (Marc.
3289 5278 3349 5347 t).

2146 5378 2164 5410 i
2191 5358 2305 5415 Non
2336 5371 2421 5416 est
2447 5361 2646 5418 factum
2669 5366 2846 5420 simile
2871 5381 3008 5436 opus
3030 5368 3083 5422 in
3107 5370 3374 5425 universis
3398 5372 3595 5441 regnis.
3626 5390 3644 5424 i

2073 5446 2215 5503 Nihil
2257 5450 2469 5516 verius,
2500 5452 2634 5507 nihil
2664 5454 2985 5520 sublimius,
3013 5457 3147 5512 nihil
3182 5458 3394 5515 dulcius
3443 5463 3655 5516 miserm

2073 5537 2386 5594 mortalitati
2408 5549 2462 5594 et
2483 5543 2690 5598 mortali
2715 5543 2968 5600 miseriae.
2997 5543 3128 5600 Nam
3150 5549 3249 5602 etsi
3275 5548 3438 5603 multa
3461 5565 3656 5621 magna

3753 4636 4046 4692 Revertere
4076 4653 4226 4706 ει·κο,
4255 4637 4578 4701 Sunamitis,
4611 4638 4665 4692 id
4710 4649 4816 4704 est,
4855 4637 5135 4709 despecta,
5181 4641 5326 4709 cujus

3753 4727 3991 4783 animam
4043 4729 4394 4797 pertransivit
4437 4727 4649 4799 gladius
4692 4729 4847 4801 (Luc.
4897 4729 5158 4806 tt)...quc
5195 4729 5323 4785 labri

3752 4836 3888 4874 uxor
3930 4821 4195 4890 appellata
4244 4821 4418 4876 luisti.
4460 4823 4541 4876 Ad
4589 4823 4752 4893 quid?
4793 4821 4864 4879 Ut
4910 4822 5216 4879 intueamur
5257 4834 5323 4878 tr.

3753 4911 3974 4966 Summa
4004 4912 4176 4981 gloria
4225 4920 4309 4966 est
4354 4922 4478 4981 post
4529 4912 4696 4967 Deum
4725 4921 4778 4966 te
4813 4913 5029 4977 videre,
5059 4912 5324 4968 adbarcre

3753 5000 3938 5064 tibi,et
3972 5002 4025 5054 in
4057 5012 4161 5054 tute
4188 5001 4543 5068 protectionls
4572 5002 4874 5058 munimine
4891 5001 5323 5057 demorari.Aut{i

3753 5103 3869 5144 nos.
3903 5088 4036 5143 Nam
4079 5100 4130 5145 et
4161 5087 4333 5149 Filius
4366 5091 4502 5145 nihil
4530 5107 4734 5162 negans
4763 5093 4994 5156 honorat
5027 5103 5099 5156 te,
5128 5093 5219 5163 qui
5247 5105 5323 5150 est

3754 5177 3896 5234 Deus
3923 5179 4243 5234 benedictus
4265 5181 4319 5234 in
4346 5180 4543 5238 saeuis
4574 5182 4916 5238 somniorum.
4944 5184 5138 5238 Anien.

4340 5295 4576 5356 8ΕῆΜο
4611 5295 4770 5354 ΠΝ..

3759 5403 3817 5441 ll.
3885 5404 3934 5441 ΙΝ
4011 5403 4341 5444 κιτιητιη
4387 5404 4748 5526 (ιιιτιεειιᾶι
4828 5403 5060 5443 νιιειεηδ
5128 5402 5316 5443 mm.

4413 5476 4502 5514 \lil
4541 5475 4690 5515 εεντ.

4413 5476 4502 5514 \lll
4541 5475 4690 5515 εεντ.

3836 5553 4103 5608 Nativitas
4158 5555 4488 5610 beatissima:
4541 5564 4594 5608 ct
4652 5554 4983 5609 intemerata
5047 5550 5320 5606 Genitricis

2149 5716 2296 5787 (IN)
2335 5717 2467 5773 Vide
2495 5718 2714 5774 Surium
2739 5761 2751 5784 ,
2807 5732 2937 5776 tom.
2974 5722 3012 5775 I.
3068 5723 3141 5777 De
3184 5726 3412 5790 sanctis,
3469 5728 3533 5781 ad
3581 5728 3723 5782 diem
3759 5727 3788 5780 l
3821 5728 3978 5782 Febr.

2126 6391 2167 6397 ._4
2234 6388 2291 6395 -ί
2368 6387 2385 6391 -—
2460 6385 2497 6391 -τ
2566 6384 2602 6389 -ί
