5450 6358
794 327 901 407 ‘m

2219 327 2461 389 εειιιιο
2490 327 2652 386 XLV.

4017 332 4126 392 τις

795 469 929 535 Dei,
959 470 1156 523 fratres
1185 458 1523 520 charissimi.
1575 456 1774 512 merito
1827 451 2165 524 pracipuum
2195 458 2252 507 et
2289 465 2405 505 sin-
2432 462 2482 513 Α
2512 462 2612 515 pro
2643 443 2820 510 nobis,
2854 445 2908 500 in
2930 459 3041 517 quo
3072 443 3313 502 Verbum
3341 460 3475 502 caro
3498 445 3704 502 factum
3734 455 3850 514 est,
3881 455 3936 502 et
3963 446 4124 507 habt-

796 561 986 636 gulare
1027 558 1234 631 praebet
1278 551 1593 632 hominibus
1628 548 1913 621 gaudium.
1943 562 2065 617 quae
2099 544 2264 601 totius
2307 557 2405 636 es-
2449 590 2454 594 .

798 635 942 710 stitit
979 652 1231 706 humana:
1269 645 1464 700 salutis
1509 641 1817 699 exordium.
1871 637 2026 694 Sicut
2053 637 2198 693 enim
2227 635 2406 690 omni-

799 754 996 815 potens
1037 739 1207 803 Deus,
1260 733 1519 792 ineffabili
1579 729 1946 802 providentia:
2014 743 2128 784 sua:
2170 727 2400 791 intuitu,

798 840 1091 900 antequam
1132 829 1300 885 homo
1349 826 1530 891 ﬁeret,
1559 820 1725 894 225
1767 819 2046 888 hominem
2096 817 2404 888 periturum

803 919 1075 976 diabolica
1105 913 1518 973 machinatione
1545 909 1798 982 praevidit
1816 949 1830 972 ,
1861 908 1957 964 sed
1985 906 2153 964 etiam
2185 906 2401 962 redem-

798 1009 1002 1082 ptionis
1031 1008 1283 1064 humana:
1305 1001 1592 1060 consilium
1616 1009 1748 1056 ante
1778 998 1980 1056 mula
2024 997 2081 1053 in
2121 998 2406 1054 immensae

799 1095 1023 1173 pietatis
1055 1111 1168 1153 suae
1196 1095 1502 1152 visceribus
1529 1092 1756 1150 habuit.
1783 1091 1854 1146 Et
1881 1105 1989 1146 non
2021 1089 2199 1146 solum
2222 1087 2402 1160 quali-

802 1200 890 1247 ter
915 1189 1234 1253 redimeret,
1267 1185 1486 1242 modum
1538 1192 1597 1239 et
1625 1182 1874 1238 ordinem
1897 1182 1951 1237 in
1975 1180 2403 1252 profundissima

802 1277 1086 1350 sapientia:
1141 1291 1254 1332 suae
1329 1273 1543 1330 ratione
1601 1271 1931 1337 constituit,
1986 1283 2178 1326 verum
2233 1269 2402 1325 etiam

800 1369 1019 1440 quando
1048 1368 1371 1432 redimeret,
1395 1375 1608 1422 certum
1639 1364 1906 1436 temporis
1934 1361 2227 1419 articulum
2256 1377 2400 1433 prte-

802 1459 998 1516 flnivit.
1028 1457 1185 1515 Sicut
1227 1470 1362 1527 ergo
1399 1454 1736 1526 impossibile
1775 1462 1900 1510 erat
1955 1464 2015 1510 ut
2057 1454 2280 1510 humani
2310 1468 2404 1525 ge-

801 1549 952 1606 neris
997 1547 1302 1618 redemptio
1340 1546 1516 1613 ﬁeret,
1549 1545 1655 1602 nisi
1707 1543 1802 1601 Dei
1851 1543 2022 1600 Filius
2062 1544 2132 1600 de
2180 1543 2404 1616 Virgine

802 1649 1148 1707 nasceretur;
1181 1639 1258 1695 ita
1287 1640 1454 1695 etiam
1483 1637 1855 1694 necessarium
1882 1635 2064 1692 fuerat
2115 1645 2178 1691 ut
2207 1635 2400 1708 Virgo,

801 1745 868 1786 ex
911 1746 1019 1801 qua
1044 1728 1285 1786 Verbum
1313 1743 1444 1785 caro
1489 1727 1684 1795 ﬁeret,
1717 1735 2059 1784 nasceretur.
2085 1725 2402 1798 Oportebat

800 1822 1000 1894 quippe
1027 1822 1181 1893 prius
1203 1819 1464 1877 editicari
1496 1821 1717 1876 domum
1737 1860 1754 1886 ,
1781 1819 1836 1875 in
1865 1835 2031 1891 quam
2064 1819 2402 1876 descendens

800 1912 1044 1969 caelestis
1096 1911 1216 1968 llex
1256 1912 1462 1968 habere
1505 1910 1827 1982 dignaretur
1878 1910 2204 1980 hospitium.
2249 1909 2404 1966 Illam

799 2003 1075 2069 videlicet,
1125 2003 1194 2060 de
1227 2018 1337 2074 qua
1398 2016 1499 2074 per
1545 2001 1898 2058 Salomonem
1953 2001 2158 2058 dicitur
2195 2019 2209 2056 :
2245 2019 2265 2055 ‹
2303 2000 2409 2057 Sa-

799 2096 1006 2167 pientia
1047 2097 1344 2154 aediﬁcavit
1395 2096 1498 2155 sibi
1547 2097 1808 2163 domum,
1856 2096 2062 2152 excidit
2121 2097 2408 2154 columnas

796 2195 1007 2259 septem
1030 2185 1213 2260 (Prov.
1248 2188 1347 2260 tx).
1379 2206 1399 2241 ι
1433 2187 1657 2259 Septem
1696 2203 1936 2259 namque
1981 2188 2264 2260 virginalis
2289 2190 2408 2246 hmo

798 2280 996 2336 domus
1040 2279 1262 2336 suﬁ‘ulta
1317 2280 1588 2338 columnis
1625 2281 1872 2347 exstitit,
1903 2281 2033 2352 quia
2075 2282 2406 2338 venerabilis

803 2369 978 2425 Mater
1016 2368 1232 2426 Domini
1261 2381 1470 2441 septem
1511 2372 1688 2428 sancti
1730 2371 1969 2442 Spiritus
1999 2372 2179 2438 donis,
2205 2373 2259 2427 id
2297 2381 2402 2438 est,

798 2461 1116 2532 sapientiae,
1159 2471 1216 2516 et
1255 2463 1600 2527 intellectus;
1654 2462 1901 2530 consilii,
1933 2471 1988 2518 et
2031 2461 2400 2530 fortitudinis;

799 2549 1075 2614 scientiae,
1107 2558 1163 2604 et
1215 2551 1450 2620 pietatis.
1496 2561 1663 2622 atque
1697 2552 1910 2607 timoris
1943 2551 2055 2624 _Dei
2109 2552 2258 2625 (Isa.
2312 2555 2402 2626 XI)

798 2639 985 2695 dotata
1038 2637 1159 2695 fuit.
1216 2642 1390 2720 Quam
1449 2643 1640 2713 utique
1688 2653 1892 2698 aeterna
1921 2642 2240 2715 Sapientia,
2283 2660 2404 2715 quae

799 2732 1017 2799 attingit
1055 2746 1084 2786 a
1120 2731 1227 2788 fine
1254 2747 1426 2804 usque
1457 2735 1525 2788 ad
1575 2733 1738 2790 finem
1784 2735 2025 2801 fortiter,
2075 2745 2132 2792 et
2163 2737 2405 2808 disponit

795 2824 980 2879 omnia
1013 2824 1255 2880 suaviter
1308 2823 1461 2896 (Sap.
1495 2825 1651 2896 vui),
1683 2827 1851 2883 talem
1908 2831 2219 2884 construxit
2283 2845 2405 2900 qua:

797 2911 960 2983 digna
999 2911 1155 2969 fieret
1186 2912 1335 2968 illum
1367 2915 1674 2985 suscipere,
1705 2927 1762 2972 ct
1799 2918 1868 2972 de
1906 2919 2246 2975 intemeratae
2277 2936 2404 2974 rar-

797 3006 889 3062 nis
928 3021 1038 3061 suaa
1084 3007 1388 3063 visceribus
1434 3023 1746 3078 procreare.
1799 3001 2038 3068 NeceSse
2083 3024 2204 3069 erat
2251 3017 2405 3084 prius

795 3097 934 3168 erigi
959 3097 1264 3153 thalamum
1291 3137 1305 3161 ,
1337 3099 1431 3170 qui
1479 3100 1790 3156 venientem
1829 3103 1897 3156 ad
1938 3105 2158 3173 nuptias
2201 3117 2406 3161 sanctee

795 3187 1055 3245 Ecclesiae
1082 3189 1386 3259 susciperet
1430 3189 1734 3260 Sponsum,
1763 3193 1853 3248 cui
1901 3192 2097 3260 David,
2119 3194 2301 3251 exsult
2325 3212 2402 3251 .ns

797 3277 856 3333 in
884 3277 1100 3348 spiritu,
1135 3278 1551 3349 epithalamium
1577 3281 1758 3346 canit,
1781 3281 1974 3338 dicens
2007 3301 2020 3337 :
2057 3302 2076 3336 ι
2114 3283 2400 3355 Tanquam

795 3384 1032 3438 sponsus
1077 3369 1340 3426 Dominus
1383 3371 1690 3441 procedens
1717 3373 1784 3429 de
1811 3373 2054 3431 thalamo
2081 3389 2184 3431 suo
2220 3375 2400 3448 (Paul.

795 3458 1003 3529 xvuu).
1037 3478 1059 3512 ι

870 3548 1064 3604 Merito
1089 3564 1223 3622 ergo
1253 3549 1414 3607 hodie
1456 3550 1702 3623 profusis
1740 3553 1953 3626 gaudiis
2001 3562 2150 3613 totus
2193 3556 2402 3628 ubique

797 3649 1072 3695 terrarum
1124 3641 1276 3699 orbis
1319 3643 1588 3711 exsultat,
1644 3647 1845 3704 merito
1899 3649 2152 3706 universa
2209 3661 2401 3708 sancta

797 3730 1069 3799 Ecclesia,
1103 3743 1364 3790 nascente
1391 3734 1588 3805 Sponsi
1630 3738 1713 3791 sui
1751 3737 2068 3806 Genitrice,
2100 3750 2159 3796 ut
2187 3742 2260 3796 ita
2289 3757 2403 3812 prae

797 3823 993 3892 gaudio
1013 3823 1268 3889 dixerim,
1301 3823 1604 3882 fescennini
1637 3831 1898 3885 carminis
1925 3831 2114 3887 laudes
2140 3833 2396 3889 alternat.

796 3913 1146 3969 Exsultemus
1195 3914 1364 3986 igitur
1413 3917 1465 3970 in
1515 3917 1619 3972 hac
1665 3919 1782 3984 die,
1821 3921 2157 3989 charissimi,
2204 3923 2259 3978 in
2291 3939 2400 3995 qua

795 4004 926 4059 dum
958 4006 1287 4062 beatissima:
1313 4023 1644 4095 veneramyr
1675 4011 1916 4084 Virginis
1943 4025 2145 4083 ortum,
2174 4029 2400 4075 cuncta-

795 4110 915 4150 rum
937 4097 1100 4152 etiam
1138 4095 1272 4154 Novi
1297 4099 1634 4159 Testamenti
1669 4104 2025 4165 festivitatum
2054 4110 2400 4171 celebramus

796 4184 1033 4276 initium.
1069 4187 1442 4258 Exsultemus,
1470 4194 1717 4264 inquam,
1755 4196 1810 4253 in
1837 4197 1944 4254 hac
1969 4200 2057 4256 die
2097 4204 2392 4276 praecipua,

793 4282 853 4329 et
883 4273 1011 4331 totis
1039 4277 1345 4335 visceribus
1386 4280 1441 4336 in
1484 4283 1713 4342 Domino
1750 4285 2086 4346 delectemur
2123 4307 2139 4346 :
2183 4294 2239 4348 in
2271 4273 2397 4366 tqua

796 4366 927 4420 dum
960 4365 1346 4439 Redemptoris
1375 4374 1549 4428 nostri
1575 4376 1867 4436 recolimus
1887 4379 2135 4449 Matrem,
2163 4386 2400 4459 reliqua-

797 4470 922 4511 rum
979 4457 1337 4516 festivitatum
1364 4463 1708 4524 celebramus
1747 4469 2036 4542 originem.
2066 4473 2220 4542 Quae
2250 4457 2397 4534 enim

793 4549 1012 4607 cunctis
1041 4550 1479 4611 solemnitatibus
1531 4567 1616 4613 est
1662 4523 1941 4633 antiquior
1995 4523 2259 4636 tempore,
2303 4583 2400 4626 ne-
2426 4523 2476 4587 υ

2510 539 2645 594 tavit
2673 539 2726 594 in
2757 540 2917 595 nobis
2948 539 3137 618 (Joan.
3164 540 3228 611 ι).
3259 539 3334 596 De
3375 539 3469 594 illo
3509 539 3732 610 quippe,
3772 539 4002 612 antiquo
4037 541 4126 622 ’γρ-

2505 629 2707 686 delicet
2761 615 2996 700 templo,
3036 630 3303 700 scriptum
3331 638 3418 686 est
3453 647 3466 684 :
3503 647 3522 682 ‹
3557 629 3787 685 Factum
3829 640 3949 700 est,
3996 615 4123 687 cum

2506 720 2753 776 exissent
2792 720 3111 778 sacerdotes
3158 721 3229 776 de
3253 721 3594 784 sanctuario,
3627 714 3878 792 implevit
3922 722 4122 778 nebula

2507 810 2728 866 domum
2774 810 3018 877 Domini,
3065 819 3124 867 et
3159 825 3268 868 non
3307 819 3565 881 poterant
3609 812 3928 868 sacerdotes
3973 824 4123 870 stare

2505 917 2681 974 prope
2709 910 2937 974 propter
2957 903 3239 960 nebulam.
3267 896 3598 974 lmpleve'rat
3629 905 3776 960 enim
3807 904 3984 978 gloria
4011 906 4123 962 Do-

2506 993 2640 1050 mini
2671 993 2897 1050 domum
2926 994 3144 1052 Domini
3188 994 3310 1066 (III
3338 994 3467 1068 Reg.
3497 996 3578 1067 x).

2578 1081 2712 1150 Quae
2723 1085 2929 1147 omnia,
2944 1084 3349 1157 sicutegregius
3368 1085 3702 1155 praedicator
3710 1085 3866 1154 dicit,
3878 1088 3937 1144 in
3949 1086 4123 1161 figura

2505 1173 2902 1245 contingebant
2943 1175 3053 1231 illis
3093 1174 3146 1248 (I
3175 1173 3302 1230 Cor.
3338 1177 3417 1251 ι).
3458 1175 3644 1234 (.loria
3669 1179 3875 1251 quippe
3901 1179 4121 1237 Domini

2505 1262 2672 1335 325
2727 1264 3054 1337 intelligitur
3095 1265 3376 1334 Christus,
3427 1266 3588 1338 cujus
3615 1267 3725 1324 ﬁde
3753 1267 3998 1340 repletus
4023 1276 4115 1327 est

2505 1347 2763 1413 mundus.
2815 1359 2892 1414 De
2939 1373 3050 1429 qua
3080 1356 3255 1430 gltiria
3285 1374 3410 1416 cum
3462 1375 3566 1432 pro
3594 1375 3663 1417 eo
3694 1362 3925 1420 adorato
3947 1361 4124 1420 vitulo

2505 1448 2898 1520 deprecaretur
2927 1452 3220 1508 Dominum
3251 1452 3487 1525 Moyses,
3517 1464 3583 1510 ut
3628 1465 3883 1526 parceret
3915 1457 4122 1529 populo

2495 1529 2804 1612 'peccatori,
2851 1543 3139 1614 respondit
3186 1543 3497 1602 Dominus:
3537 1562 3557 1597 ε
3593 1543 3874 1617 Propitius
3901 1563 3998 1604 ero
4041 1547 4121 1605 illi

2506 1629 2701 1703 (Nam.
2725 1632 2864 1704 xiv).
2902 1652 2922 1685 ι
2965 1633 3357 1691 Verumtamen
3384 1635 3513 1691 vivo
3536 1649 3661 1708 ego,
3685 1646 3743 1693 et
3763 1638 3898 1695 vivit
3917 1653 4121 1696 nomen

2505 1723 2858 1796 meum,quia
2879 1723 3401 1798 «implebiturgloria
3415 1741 3540 1782 mea
3551 1728 3733 1797 omnis
3753 1738 3900 1785 terra
3915 1727 4075 1803 (ιι).
4097 1751 4117 1785 ο

2431 1800 2480 1860 Β
2511 1813 2576 1869 Ει
2603 1813 2891 1871 Psalmista
2917 1833 2934 1872 :
2968 1835 2988 1869 ι
3006 1815 3357 1888 lmplebitur,
3376 1818 3575 1890 inquit,
3597 1820 3773 1893 gloria
3796 1800 4125 1894 ejus-ominis

2513 1917 2660 1964 terra
2713 1907 2894 1981 (Paul.
2950 1913 3125 1983 uxr).
3158 1929 3178 1964 ι
3217 1910 3376 1980 Quod
3406 1922 3592 1970 autem
3626 1914 3825 1972 nebula
3875 1915 4126 1989 implevit

2513 1999 2737 2055 domum
2801 2000 2948 2068 Dei,
2993 2009 3060 2057 et
3104 2017 3214 2058 non
3261 2011 3521 2073 poterant
3568 2006 3894 2066 sacerdotes
3958 2006 4124 2064 mini-

2521 2099 2705 2146 strare
2761 2099 2986 2164 prapter
3045 2093 3338 2160 nebulam;
3393 2110 3460 2150 ea
3519 2097 3794 2176 sententia
3857 2098 4126 2169 superbos

2507 2181 2824 2238 Iudaeorum
2848 2182 3140 2254 pontiﬁces
3161 2201 3228 2242 ac
3261 2187 3520 2244 doctores
3547 2189 3811 2256 insinuat,
3842 2190 3963 2262 qui,
3991 2190 4124 2249 dum

2508 2273 2919 2331 lncaruationis:
2943 2275 3153 2332 Christi
3184 2289 3533 2335 sacramenta
3570 2281 3910 2352 investigare
3933 2281 4123 2357 despi-

2510 2365 2685 2432 ciunt,
2715 2367 2959 2423 debitum
2985 2367 3113 2424 ﬁdei
3135 2385 3251 2426 suae
3272 2371 3642 2429 ministerium
3665 2387 3766 2446 per
3792 2373 4002 2439 erroris
4021 2388 4122 2432 ne-

2508 2452 2691 2512 bulam
2719 2459 2975 2530 perdunt.
3007 2459 3086 2514 lta
3124 2461 3272 2517 enim
3295 2477 3488 2518 eorum
3529 2474 3746 2521 mentes
3780 2463 4125 2524 infidelitatis

2507 2549 2688 2621 caligo
2720 2551 2971 2622 replevit,
3001 2561 3081 2618 ut,
3114 2555 3356 2625 propriis
3381 2555 3731 2626 exigentibus
3753 2557 3986 2623 meritis,
4012 2572 4124 2616 non

2509 2650 2775 2712 agnoscat
2799 2641 3005 2697 cultum
3030 2643 3394 2700 credulitatis.
3417 2647 3500 2701 Ad
3533 2647 3667 2704 illud
3694 2663 3827 2720 ergo
3857 2649 4122 2721 templum

2509 2731 2776 2789 Dominus
2808 2734 2861 2814 in
2891 2734 3088 2790 nebula
3116 2727 3422 2805 descendit,
3456 2747 3516 2793 ut
3539 2753 3744 2798 eaeam
3770 2739 4018 2798 Iudaica:
4037 2743 4124 2797 ln-

2490 2809 2789 2881 ﬁdelitatis
2829 2809 3130 2896 caliginem
3157 2827 3501 2901 designaret,
3545 2832 3599 2886 in
3631 2832 3757 2898 hoc,
3785 2834 3934 2889 sicut
3966 2832 4119 2890 scri-

2505 2926 2682 2986 ptum,
2703 2919 2756 2972 in
2777 2919 2893 2975 sole
2916 2921 3099 2990 posuit
3117 2922 3531 2978 tabernaculum
3555 2940 3713 2980 suum
3731 2923 3908 2997 (Prol.
3933 2927 4118 3000 xvm).

2507 3015 2568 3061 ut
2621 3007 2881 3065 sedentes
2922 3011 2976 3064 in
3017 3012 3360 3070 tenebris‘ct
3391 3015 3587 3069 umbra
3617 3017 3815 3072 mortis
3846 3015 4122 3073 illumina-

2509 3106 2616 3154 ret.
2670 3098 2752 3155 llli
2781 3100 3023 3172 denique
3071 3104 3276 3175 templo
3327 3105 3475 3162 Deus
3507 3109 3859 3180 omnipotens
3887 3110 4120 3182 gloriam

2507 3189 2726 3258 quidem
2765 3191 2851 3246 sui
2880 3195 3155 3250 adventus
3180 3196 3433 3262 contulit,
3467 3199 3562 3254 sed
3578 3201 3725 3256 nihil
3749 3215 3815 3256 ex
3847 3217 3914 3258 eo
3943 3202 3996 3257 in
4019 3218 4118 3260 sua

2505 3288 2704 3334 natura
2726 3283 2997 3352 suscepit;
3032 3285 3087 3340 in
3134 3285 3471 3344 beatissima;
3505 3299 3690 3348 autem
3722 3292 3965 3365 Virginis
4005 3303 4121 3352 utc-

2505 3386 2628 3425 rum
2690 3387 2800 3428 non
2846 3373 3028 3431 solum
3075 3376 3338 3450 dignatus
3373 3390 3458 3437 est
3502 3383 3860 3462 descendere,
3889 3387 3988 3444 sed
4051 3403 4123 3448 ex

2505 3477 2570 3519 eo
2609 3465 2775 3520 etiam
2830 3466 3135 3537 perfectam
3186 3471 3292 3528 sibi
3323 3474 3691 3533 substantiam
3736 3489 3942 3536 nostra;
3971 3496 4122 3540 mor-

2505 3552 2736 3609 talitatis
2783 3555 2961 3611 unire.
3019 3555 3237 3625 Quanto
3288 3561 3458 3632 igitur
3502 3565 3674 3620 nostri
3715 3569 3904 3640 templi
3942 3572 4121 3643 major

2503 3641 2753 3714 estdigui
2763 3652 2864 3712 tas,
2893 3655 3045 3701 tanto
3063 3648 3352 3719 gloriosior
3375 3653 3495 3723 ejus
3521 3654 3682 3712 debet
3705 3672 3830 3714 esse
3855 3641 4119 3719 solemni-

2505 3742 2608 3790 tas.

2578 3825 2686 3882 Sed
2715 3844 2823 3899 quo
2849 3839 3015 3902 pacto
3045 3832 3188 3903 ejus
3213 3834 3569 3896 festivitatem
3621 3842 3786 3916 digne
3831 3831 4116 3909 celebrare

2505 3916 2651 3974 valet
2701 3918 2993 3978 inﬁrmitas
3056 3924 3372 3994 hominum,
3428 3945 3552 4001 quae
3609 3935 3868 4004 gaudium
3917 3953 4118 4009 parere

2503 4012 2707 4066 meruit
2756 4015 3116 4096 angelorum?
3161 4017 3412 4085 Qualiter
3464 4037 3586 4079 eam
3633 4025 3862 4085 laudare
3910 4034 4119 4100 poterit

2504 4105 2753 4161 mortalis
2783 4107 3023 4165 hominis
3052 4114 3431 4171 transitorium
3458 4119 3712 4186 verbum,
3737 4137 3860 4192 quae
3890 4110 4022 4182 illud
4047 4125 4120 4186 de

2502 4211 2562 4251 se
2605 4198 2832 4268 protulit
2869 4201 3132 4268 Verbum,
3166 4194 3317 4275 quod
3349 4217 3536 4264 manet
3567 4209 3622 4265 in
3650 4216 3957 4271 tetenium?
3982 4217 4116 4286 Qua

2502 4284 2688 4356 lingua
2738 4289 2794 4343 in
2842 4289 2961 4359 ejus
3008 4292 3171 4350 laude
3217 4295 3497 4355 invenitur
3545 4300 3764 4369 idonea,
3798 4320 3922 4374 quae
3957 4284 4111 4365 illum

2503 4379 2693 4446 genuit
2735 4381 2823 4435 cui
2862 4383 3045 4438 omnia
3078 4383 3434 4456 benedicunt,
3467 4399 3522 4446 et
3552 4407 3678 4448 cum
3709 4403 3951 4453 tremore
3982 4399 4116 4456 obe-

2505 4470 2662 4560 diunt
2688 4471 2998 4531 elementa?
3022 4475 3160 4532 Nam
3192 4479 3320 4535 dum
3347 4481 3640 4552 cujuslibet
3656 4489 3917 4560 martyris
3943 4488 4112 4550 fortia

2503 4559 2648 4658 facta
2673 4565 2938 4623 extollere
2968 4569 3243 4640 cupimus,
3277 4572 3410 4630 dum
3433 4575 3702 4634 virtutum
3725 4559 3846 4653 ejus
3872 4581 4109 4658 insignia

793 4655 1066 4743 quaquam
1091 4658 1216 4700 esse
1250 4645 1414 4702 debet
1459 4647 1689 4708 inferior
1715 4653 1999 4726 dignitate.
2049 4657 2185 4714 Nam
2223 4661 2268 4717 si
2299 4660 2423 4718 Sa--
2503 4655 2571 4710 ad
2603 4651 2945 4729 Redemptoﬁ

1957 4671 1999 4712 ε,
2049 4657 2185 4714 Nam
2223 4661 2268 4717 εἰ
2299 4660 2423 4718 δεμ-
2503 4655 2571 4710 ad
2603 4651 2989 4729 Redemptoris
3004 4666 3178 4719 nostri
3210 4661 3440 4737 gloriam
3463 4645 3858 4743 praedicamus;
3890 4645 4109 4734 etiamsi

779 4731 1132 4835 ionio"-
1185 4736 1481 4835 jsraelitico
1511 4743 1730 4835 populo,
1765 4745 1820 4800 in
1847 4747 2190 4806 dedicatione
2212 4754 2396 4825 templi
2503 4748 2570 4802 ad
2621 4749 2972 4821 cogitandum
3021 4731 3238 4814 tardior:
3275 4731 3480 4817 sensus
3502 4762 3785 4835 impediat,
3817 4731 4112 4830 v'elr

793 4823 1158 4928 exul‘apidihus
1180 4825 1341 4928 facti,
1377 4834 1800 4928 tam-copiosum
1839 4847 1896 4894 et
1929 4843 2280 4911 magniﬁcum
2309 4823 2399 4904 sa-
2502 4840 2778 4909 (Ιυθηάυιη
2803 4842 2945 4900 bal!"

1955 4843 2280 4911 ηεεηίηωιη
2309 4823 2399 4904 έη-
2502 4840 2778 4909 quendam
2803 4842 3112 4904 balbutiens
3137 4848 3323 4924 lingua
3357 4868 3467 4910 non
3492 4823 3784 4928 suppetat;
3815 4823 4107 4922 verbo—rum

791 4912 1058 4970 critleium
1080 4916 1398 5014 solemniter
1417 4920 1718 5014 celebravit
1739 4924 1860 4994 (111
1896 4928 2025 5001 Reg.
2051 4932 2202 5000 vni);
2231 4936 2397 5007 quale
2505 4939 2687 4989 ῑτιπιθιι
2714 4935 2925 5005 copiam
2955 4938 3126 5009 ίρδίυε
3159 4912 3250 4998 ι’θῖ
3271 4947 3503 5002 malem

1191 5009 1450 5106 gaudium
1480 5011 1655 5106 beat;
1686 5013 1873 5074 Maria:
1914 5022 2172 5080 nativitas
2193 5028 2394 5098 populo
2499 5038 2630 5080 vero
2658 5025 2987 5085 beatissima:
3011 5028 3310 5092 Genitricis
3339 5037 3435 5093 Dei
3465 5038 3658 5098 laudes
3681 5009 3930 5103 scribere
3954 5009 4112 5106 volo:

789 5094 1102 5155 Christiano
1142 5098 1307 5201 debet
1346 5099 1572 5168 afferre,
1631 5104 1684 5210 in
1740 5106 1898 5210 cujth
1941 5118 2156 5167 uterum
2181 5094 2212 5180 ,⁷
2248 5094 2394 5172 velut
2497 5133 2644 5182 mus.
2687 5122 2816 5191 quia
2858 5139 2998 5180 nova
3053 5139 3111 5184 et
3160 5129 3405 5189 inaudita
3451 5094 4110 5210 summitas—tractanda

791 5199 979 5304 Arevera
1013 5189 1447 5304 sacratissimum
1483 5192 1767 5265 templum,
1795 5197 1955 5267 Deus
2003 5201 2122 5272 ipse
2168 5204 2387 5261 descen-
2497 5189 2860 5282 suscipimus,
2897 5217 3044 5273 nulla
3097 5221 3407 5282 invenimus
3448 5189 3617 5287 verba
3644 5189 3846 5304 quibus

787 5276 955 5396 deus,
976 5285 1033 5396 e‘t
1050 5277 1344 5336 humanam
1370 5291 1627 5339 naturam
1660 5300 1739 5343 ex
1754 5303 1819 5344 ea
1851 5292 2155 5363 suscipere,
2180 5306 2237 5351 et
2266 5313 2388 5353 cum
2496 5301 2659 5372 digne
2707 5307 3064 5377 exprimenda
3117 5313 3368 5374 sufﬁcere
3409 5276 3710 5381 valeamus.
3752 5276 4106 5396 Tolli-tacita;

830 5369 996 5396 And—1
1042 5386 1102 5396 η..
1136 5372 1384 5396 λι---.---
1436 5385 1510 5396 Δ..
1566 5377 1811 5396 “egena,
1903 5383 1918 5396 ι
1978 5384 2050 5396 ι..
2166 5387 2188 5396 -
2236 5388 2295 5396 -.
2504 5391 2523 5396 -
2629 5393 2640 5396 4

788 5368 1402 5487 hominibus
1430 5385 1518 5432 est
1565 5377 1854 5487 visibiliter
1901 5383 2193 5487 habitare?-
2235 5388 2390 5447 Licet
2496 5368 2816 5452 facultatem
2848 5403 3124 5458 sermonis
3166 5368 3398 5463 materia

784 5457 935 5573 ipim
963 5469 1019 5515 et
1049 5461 1102 5573 ip
1143 5461 1273 5573 illud
1312 5461 1624 5573 Salomonis
1669 5471 1931 5541 templum
1982 5475 2127 5573 Deus
2154 5477 2388 5573 descen—
2495 5483 2680 5557 lingua
2706 5489 2983 5560 explicare
3003 5457 4101 5573 sufficiat“,velqnaionaﬁohu‘m‘auuaynoii

784 5549 934 5606 disse
949 5553 1261 5669 .cre‘deudus
1289 5555 1479 5669 sitlin
1519 5557 1637 5663 hoc
1667 5568 1853 5669 tamen
1895 5565 2209 5625 rationabili
2254 5584 2384 5626 san-
2494 5549 2875 5648 Obstupescat,
2918 5598 3043 5638 cum
3097 5549 3382 5659 cogitare-

785 5643 1020 5707 ctuario,
1043 5643 1146 5698 hoc
1173 5656 1279 5709 est,
1310 5647 1362 5700 in
1385 5647 1719 5707 beatissima:
1750 5653 1991 5726 Virginis
2021 5661 2384 5728 utero,multo
2492 5643 2673 5723 oritur
2717 5684 2788 5730 ex
2825 5643 3107 5743 creatura,
3151 5643 3337 5734 factor
3374 5643 3840 5746 “therxwfactﬁ‘r'a-r
3865 5643 4105 5759 and];

785 5735 1088 5759 -εηηηη,
1150 5737 1418 5759 ,μω-η,
1463 5741 1600 5759 ..,...
1751 5745 1782 5759 ..
1905 5758 1908 5759 ν
2511 5757 2518 5759 Α

785 5735 1091 5792 mirabilius
1149 5737 1426 5809 multoque
1460 5741 1672 5800 felicius
1731 5745 1989 5820 dignatus
2029 5759 2114 5808 est
2160 5767 2383 5814 manere
2492 5757 2742 5832 v‘irginea
2791 5764 2987 5837 puellae
3037 5735 3198 5828 vulva
3252 5735 4103 5852 conemini—nmqui-“malisin;
