5450 6346
815 344 923 402 ἠδ

2209 318 2447 378 SERMO
2486 319 2652 377 XLV.

4042 301 4149 362 758

819 458 1081 526 sacerdos
1117 455 1170 510 in
1206 460 1500 516 eternum,
1550 445 1854 504 secundum
1905 441 2158 499 ordinem
2197 435 2425 493 Melchi-
2450 441 2501 500 Α
2537 453 2555 487 ι
2594 432 2852 490 Christus
2893 444 3089 503 passus
3132 436 3352 526 est-pro
3378 425 3570 526 nobis,
3604 423 3780 526 .vob’i-s
3813 420 4149 526 relinquens

821 549 1020 608 setlecb
1059 545 1236 620 (Paul.
1268 546 1402 613 crs).
1441 561 1459 594 ι
1497 539 1606 596 Sed
1633 540 1775 595 sicut
1797 551 1894 608 per
1919 534 2146 590 Paulum
2172 531 2376 620 dicitur
2407 544 2422 582 :

827 663 847 696 ι
881 642 1116 698 Necesse
1148 647 1234 694 est
1262 634 1603 690 sacerdotem
1655 629 1862 698 aliquid
1890 627 2094 682 habere
2123 623 2268 696 quod
2294 619 2431 676 olfe-

822 744 912 790 rat
966 731 1153 804 (Hebr.
1212 726 1370 797 vm).
1408 745 1428 778 ι
1484 724 1911 781 Verumtamen,
1970 719 2116 772 sicut
2174 712 2429 804 superius

822 802 1028 881 dictum
1053 828 1158 884 est,
1186 814 1525 888 impossibile
1550 821 1668 868 erat
1691 820 1752 866 ut
1776 811 2062 865 brutorum
2081 820 2280 862 carnes
2303 802 2427 858 ani-

823 915 1048 971 rnalium
1076 909 1487 966 sanctiﬁcarent
1515 905 1730 959 animas
1758 901 2066 963 hominum,
2104 905 2162 952 et
2203 893 2427 951 irratio-

821 1009 964 1065 nalis
1020 1005 1199 1062 hostia
1250 1002 1468 1058 ratione
1526 998 1798 1054 utentium
1861 993 2145 1050 sufﬁceret
2204 988 2430 1044 abolere

819 1107 1070 1170 peccata.
1103 1094 1259 1152 Unde
1281 1107 1347 1146 ex
1375 1105 1606 1162 persona
1637 1086 1760 1143 Filii
1789 1085 1855 1140 ad
1898 1084 2118 1139 Patrem
2151 1096 2249 1152 per
2276 1079 2430 1135 Psal-

823 1192 1044 1246 inistam
1067 1187 1308 1244 dicitur:
1340 1203 1359 1236 σ
1385 1180 1734 1240 Sacriﬁcium
1753 1173 1813 1234 et
1834 1177 2166 1232 oblationem
2183 1171 2427 1235 noluisti,

818 1262 1146 1338 holocausta
1178 1278 1346 1333 etiam
1393 1289 1494 1345 pro
1539 1271 1741 1328 delicto
1771 1284 1878 1324 non
1921 1265 2243 1338 postulasti;
2298 1274 2431 1317 tunc

823 1376 935 1430 dixi
963 1389 978 1428 :
1008 1373 1152 1428 Ecce
1177 1371 1336 1427 venio
1365 1365 1538 1438 (Paal.
1575 1364 1794 1433 xxxix).
1835 1382 1852 1414 ι
1889 1360 2191 1432 Oportebat
2219 1372 2350 1430 ergo
2370 1364 2432 1412 ut

821 1464 1113 1521 rationalis
1142 1463 1323 1518 hostia
1352 1461 1530 1522 ﬁeret,
1553 1472 1676 1526 qua:
1700 1451 2009 1510 creaturam
2044 1449 2428 1506 rationabilem

824 1559 1093 1628 expiaret.
1125 1555 1234 1610 Sed
1271 1561 1530 1623 peccator
1556 1549 1757 1619 aliquis
1780 1549 1964 1609 homo,
2000 1546 2143 1600 sicut
2173 1544 2430 1610 indignus

823 1658 948 1706 erat
977 1657 1036 1704 ut
1059 1646 1392 1704 sacriﬁcium
1417 1641 1662 1704 offerret,
1688 1641 1770 1696 sic
1791 1641 1959 1695 etiam
1991 1636 2345 1718 nihilominus
2373 1641 2433 1686 ut

2532 523 2865 595 exemplum,
2901 532 2961 576 ut
2983 519 3292 590 sequamini
3315 517 3546 589 vestigia
3568 514 3688 587 eius
3717 513 3770 585 (I
3802 513 3952 568 Petr.
3986 510 4089 584 ιι);
4126 532 4145 567 ι

2531 629 2586 674 et
2609 617 2811 673 Paulus
2841 635 2853 670 :
2893 635 2912 668 σ
2945 616 3278 679 lmitatores,
3308 612 3506 682 inquit,
3531 610 3628 666 Dei
3652 618 3850 673 estote,
3875 616 3931 664 et
3951 607 4154 662 ambu-

2532 711 2641 765 late
2690 709 2744 763 in
2788 707 3119 771 dilectione,
3149 706 3297 760 sicut
3324 712 3381 758 et
3419 703 3677 759 Christus
3706 701 3900 756 dilexit
3943 715 4066 768 nos,
4104 715 4163 755 et

2533 801 2756 856 tradidit
2779 800 3134 869 semetipsum
3156 811 3255 868 pro
3273 795 3433 851 nobis
3447 795 3809 860 oblationem,
3833 802 3889 850 et
3909 792 4089 848 hostia
4105 804 4158 844 m

2533 891 2646 948 Deo
2674 892 2728 946 in
2752 892 2977 953 odorem
3013 887 3300 944 suavitatis
3320 885 3542 959 (Ephes.
3567 885 3643 957 v).
3682 904 3701 938 ι

2606 985 2971 1055 Degustemus
2999 994 3133 1052 ergo
3152 994 3326 1046 nunc,
3361 977 3733 1044 dilectissimi,
3763 991 3889 1032 cum
3927 973 4150 1032 Christo

2535 1074 2888 1145 temporalem
2937 1081 3338 1129 momentaneaa
3382 1070 3578 1126 mortis
3609 1067 4151 1133 amaritudinem,‘ut

2535 1151 2600 1224 ad
2645 1176 2910 1221 aeternam
2942 1163 3291 1236 postmodum
3318 1161 3742 1218 resurrectionis
3779 1161 3899 1231 ejus
3928 1171 4148 1215 merea-

2535 1275 2661 1314 mur
2694 1259 2986 1330 pervenire
3033 1257 3401 1312 dulcedinem.
3453 1254 3609 1322 Quod
3670 1254 3817 1310 enim
3873 1252 4004 1308 fecit
4041 1267 4148 1322 pro

2537 1352 2714 1415 nobis.
2748 1350 2854 1406 hoc
2879 1350 3052 1405 etiam
3079 1347 3198 1404 ﬁeri
3227 1347 3428 1418 quaerit
3457 1363 3488 1402 a
3521 1345 3703 1411 nobis,
3738 1353 3980 1400 testante
4007 1343 4150 1400 Pro-

2533 1443 2719 1514 pheta,
2753 1441 2846 1512 qui
2893 1441 3019 1496 ait:
3059 1459 3082 1500 i
3108 1439 3272 1508 Quid,
3324 1440 3522 1509 inquit,
3559 1438 3861 1495 retribuam
3915 1437 4152 1493 Domino

2535 1551 2636 1607 pro
2664 1534 2920 1590 omnibus
2947 1548 3069 1603 quae
3097 1532 3357 1587 retribuit
3407 1531 3578 1587 mihi?
3607 1529 3848 1586 Calicem
3880 1528 4153 1594 salutaris

2537 1626 2828 1697 accipiam.
2861 1634 2915 1679 et
2947 1637 3146 1678 nomen
3179 1622 3395 1677 Domini
3435 1622 3705 1677 invocabo
3733 1619 3908 1692 (-l’sal.
3937 1619 4088 1690 ειν).
4129 1640 4148 1671 ι

825 1743 946 1814 ipse
981 1738 1316 1797 sacriﬁcium
1354 1736 1534 1790 ﬁeret.
1561 1733 1704 1801 Quid
1744 1732 1914 1802 igitur
1943 1711 2217 1784 sacerdos
2244 1734 2436 1781 noster
2537 1720 2644 1776 Pro
2676 1733 2864 1774 nosua
2915 1718 3121 1773 etenim
3171 1714 3554 1786 redemptione
3597 1729 3707 1814 non
3751 1727 3949 1768 aurum
3979 1711 4152 1814 ded-it,

824 1804 1063 1888 faceret?
1090 1829 1210 1898 Quo
1230 1843 1292 1884 se
1315 1827 1586 1882 verteret?
1615 1825 1768 1892 Quod
1808 1819 2204 1891 redemptionis
2229 1826 2432 1872 nostra:
2462 1828 2508 1888 ιι
2539 1829 2646 1868 non
2680 1820 2970 1881 argentum
3007 1808 3292 1880 appendit,
3323 1823 3434 1863 non
3475 1804 4155 1898 pecuniamnumeravit;

826 1922 1114 1979 consilium
1134 1918 1440 1975 inveniret?
1469 1915 1623 1972 Unde
1648 1914 1919 1969 mediator
1941 1911 2036 1967 Dei
2066 1919 2123 1966 et
2147 1909 2430 1965 hominum

824 2012 1148 2085 placationis
1175 2009 1410 2066 hostiam
1442 2014 1833 2074 sumeret,qua
1857 2017 2047 2072 pacem
2079 2002 2222 2056 inter
2237 1999 2428 2065 Deum,

820 2111 883 2161 et
899 2104 1177 2159 hominem
1200 2097 1566 2156 reformaret?
1587 2096 1780 2153 Omnis
1803 2094 2003 2164 quippe
2030 2101 2248 2148 terrena
2275 2103 2434 2146 crea-

818 2206 969 2260 tura,
1004 2195 1051 2252 si
1096 2192 1378 2249 rationalis
1408 2200 1559 2268 erat,
1597 2190 1805 2260 peccati
1840 2187 1993 2242 virus
2021 2188 2089 2242 de
2125 2187 2286 2256 primi
2332 2201 2432 2255 pa-

824 2289 999 2344 rentis
1019 2285 1208 2344 radice
1229 2293 1617 2348 contraxerat;
1643 2282 1687 2337 si
1720 2280 2075 2347 irrationalis,
2106 2277 2431 2334 rationalem

824 2368 1138 2450 justiﬁeare
1168 2393 1276 2433 non
1305 2385 1545 2448 poterat.

897 2471 1066 2542 238
1094 2470 1236 2538 Quid
1265 2484 1397 2541 ergo
1444 2467 1651 2524 faceret
1683 2467 1957 2523 mediator
2000 2465 2174 2536 pacis,
2207 2472 2265 2521 et
2312 2465 2432 2535 ipse

825 2565 968 2637 pax?
1014 2564 1135 2635 Ipse
1177 2573 1264 2620 est
1316 2563 1463 2618 enim
1513 2577 1621 2631 pax
1666 2568 1873 2625 nostra,
1905 2561 1998 2631 qui
2035 2559 2164 2614 fecit
2193 2568 2430 2630 utraque

823 2670 1013 2717 unum,
1051 2664 1107 2709 et
1133 2653 1373 2709 medium
1403 2653 1670 2723 parietem
1702 2651 1958 2735 maceriae
1977 2651 2218 2716 solvens,
2248 2649 2430 2705 inimi-

824 2745 989 2802 citias
1019 2747 1072 2800 in
1123 2759 1294 2801 carne
1343 2758 1442 2800 sua
1491 2757 1506 2796 :
1548 2742 1721 2813 legem
1751 2742 2134 2798 mandatorum
2189 2739 2429 2796 decretis

815 2851 1122 2900 evacuans,
1152 2843 1213 2890 ut
1255 2833 1393 2890 duos
1421 2834 1688 2889 conderet
1721 2834 1777 2887 in
1831 2833 2128 2903 semetipso
2172 2833 2230 2887 in
2258 2847 2428 2886 unum

822 2942 1029 2984 novum
1066 2926 1385 2991 hominem,
1411 2923 1624 2980 faciens
1678 2937 1902 2994 pacem;
1944 2932 2005 2977 ut
2050 2922 2434 2978 reconciliaret

821 3019 1021 3074 ambos
1048 3017 1101 3072 in
1128 3030 1237 3072 uno
1261 3029 1497 3084 corpore
1530 3014 1643 3070 Deo
1682 3028 1783 3084 per
1807 3027 2054 3076 crucem,
2093 3013 2434 3069 interﬁciens

827 3109 1150 3165 inimicitias
1206 3108 1259 3162 in
1311 3107 1607 3178 semetipso
1637 3125 1652 3160 :
1690 3115 1748 3162 et
1779 3108 2003 3161 veniens
2033 3106 2433 3178 cvangelizavit

2539 1909 2633 1962 sed
2683 1904 3040 1973 semetipsum
3094 1901 3355 1966 tradidit,
3412 1899 3718 1970 pretiosum
3772 1897 3856 1952 sui
3903 1897 4157 1967 corporis

2537 1999 2861 2071 sanguinem
2883 1996 3045 2061 fudit,
3073 1994 3353 2066 propriam
3379 2007 3480 2064 pro
3499 1992 3661 2048 nobis
3683 1991 3925 2046 animam
3949 1989 4155 2060 posuit.

2539 2093 2698 2149 Unde
2743 2099 2799 2146 et
2851 2085 3048 2145 Petrus
3100 2089 3223 2143 ait:
3269 2105 3288 2139 ι
3322 2085 3444 2142 Νοη
3493 2083 3950 2155 corruptibilibus
3993 2097 4154 2150 auro,

2535 2182 2622 2238 vel
2653 2190 2883 2253 argento
2916 2179 3181 2249 redempti
3210 2178 3343 2233 estis
3370 2177 3438 2233 de
3464 2192 3608 2232 vana
3634 2186 3822 2231 vestra
3854 2189 4154 2231 conversa-

2540 2265 2690 2330 tione
2745 2283 2992 2345 paterna:
3026 2270 3377 2332 traditionis;
3410 2270 3508 2326 sed
3561 2268 3809 2340 pretioso
3861 2268 4155 2340 sanguine,

2534 2366 2693 2438 quasi
2748 2366 2887 2438 Agni
2933 2363 3297 2430 immacuiati,
3356 2372 3415 2420 et
3471 2361 3896 2419 incontaminati
3942 2360 4152 2418 Christi

2534 2456 2592 2529 (Ι
2628 2454 2778 2511 Patr.
2804 2457 2865 2526 ι).
2887 2475 2904 2508 ι

2610 2549 2850 2619 Expedit
2888 2563 3058 2620 ergo,
3112 2556 3173 2603 ut
3224 2540 3587 2620 Redemptori
3650 2564 3754 2605 suo
3793 2547 4155 2620 semetipsum

2532 2637 2755 2705 oll‘erat,
2783 2639 3098 2710 quicunque
3128 2640 3198 2694 ad
3223 2639 3344 2709 ejus
3373 2640 3713 2696 consortium
3749 2639 4040 2711 pervenire
4074 2638 4165 2696 fe»

2533 2733 2725 2790 stinat.
2752 2732 2900 2787 Illius
2918 2733 3148 2803 vestigia
3174 2733 3424 2789 imitetur
3448 2734 3501 2788 in
3527 2733 3634 2800 via,
3665 2735 3756 2804 qui
3782 2749 3909 2790 cum
3935 2748 4002 2790 eo
4024 2749 4162 2806 gau-

2535 2827 2668 2881 dere
2696 2825 2919 2880 anhelat
2945 2824 3000 2879 in
3029 2825 3230 2895 patria.
3261 2823 3416 2880 illum
3440 2826 3544 2882 sibi
3570 2826 3765 2882 ducem
3791 2825 3961 2897 229
3986 2825 4160 2883 faciat

2535 2918 2590 2974 in
2625 2919 2854 2985 itinere,
2895 2919 2990 2988 qui
3030 2919 3081 2973 ci
3126 2919 3407 2989 particeps
3451 2931 3572 2976 esse
3619 2920 3899 2976 desiderat
3935 2921 3992 2976 in
4030 2935 4160 2992 per-

2539 3007 2812 3064 ventione.
2850 3027 2869 3060 ‹
2903 3008 2962 3064 Si
2992 3009 3139 3064 enim
3164 3011 3554 3080 compatimur,
3573 3019 3632 3066 et
3660 3012 4159 3082 conregnabimus;

2536 3101 2581 3156 si
2612 3101 3029 3165 commorimur,
3060 3110 3118 3156 et
3139 3102 3497 3156 convivemus
3519 3100 3704 3172 (Rem.
3735 3104 3880 3173 vin).
3920 3123 3938 3156 ι
3967 3103 4036 3158 Ει
4058 3105 4162 3160 ite-

817 3214 1016 3272 pacem
1045 3199 1241 3270 bisqui
1268 3198 1530 3269 longe,et
1553 3213 1746 3268 pacem
1774 3197 1856 3251 his
1882 3199 2182 3268 quiprope.
2207 3193 2426 3268 (Ephes.
2459 3210 2506 3273 ρ
2535 3208 2658 3247 rum
2708 3193 2853 3248 idem
2904 3192 3041 3249 dicit
3087 3191 3384 3262 Apostolus
3415 3210 3429 3246 :
3471 3211 3490 3245 ι
3527 3192 3584 3248 Si
3631 3193 3985 3265 complantati
4032 3193 4162 3252 facti

817 3291 931 3360 ll),
969 3289 1138 3356 Quid,
1177 3291 1431 3358 inquam,
1484 3287 1730 3344 faceret?
1778 3287 2174 3356 Considerate,
2230 3288 2431 3344 fratres

820 3379 969 3444 mei,
1003 3379 1293 3450 diligenter
1331 3380 1680 3435 considerate
1729 3375 2020 3435 ineffabilis
2048 3381 2263 3436 viscera
2311 3381 2430 3451 pie-

823 3469 977 3534 tatis,
1011 3469 1335 3540 perpendite
1365 3469 1695 3526 irnmensum
1717 3481 1775 3526 et
1804 3471 2190 3526 inaestimabile
2218 3474 2434 3541 pondus

821 3559 1023 3614 divina
1050 3560 1362 3616 charitatis.
1397 3559 1537 3627 Quia
1563 3561 1714 3618 enim
1763 3562 1815 3616 in
1853 3563 2019 3616 rebus
2052 3563 2290 3616 inveniri
2322 3577 2432 3617 non

815 3657 1044 3721 poterat
1089 3649 1330 3720 pretium
1380 3660 1586 3707 nostrae
1633 3651 2052 3722 redemptionis,
2097 3651 2434 3723 Redemptor

823 3751 1016 3798 noster
1048 3743 1408 3814 semetipsum
1440 3744 1642 3800 obtulit
1689 3743 1839 3800 Patri
1868 3760 1969 3814 pro
1999 3746 2159 3801 nobis
2191 3747 2430 3802 hostiam

819 3833 882 3888 in
908 3834 1131 3890 odorem
1161 3835 1471 3891 suavitatis.
1509 3836 1603 3891 Sic
1649 3836 1768 3906 ipse
1815 3836 2000 3892 factus
2035 3848 2121 3894 est
2166 3839 2432 3894 sacerdos

811 3935 883 3982 et
930 3926 1294 3994 sacriﬁcium;
1345 3927 1462 3998 ipse
1512 3929 1828 3998 redemptor
1865 3937 1922 3986 ct
1969 3931 2230 3999 pretium.
2278 3930 2434 3987 Unde

822 4026 978 4072 recte
1009 4032 1107 4087 per
1135 4017 1366 4072 Paulum
1395 4017 1600 4075 dicitur
1632 4036 1644 4071 :
1685 4037 1705 4070 ι
1736 4019 1885 4076 Talis
1915 4022 2060 4076 enim
2091 4022 2323 4079 decebat
2373 4032 2435 4078 ut

815 4109 984 4165 nobis
1010 4119 1158 4165 esset
1180 4110 1452 4181 pontifex,
1489 4121 1736 4182 sanctus,
1768 4115 2053 4181 innocens,
2089 4116 2430 4189 impollutus,

818 4211 1144 4274 segregatus
1173 4218 1205 4258 a
1236 4205 1627 4274 peccatoribus
1656 4213 1712 4261 et
1737 4207 2012 4265 excelsior
2034 4209 2194 4265 costis
2227 4209 2427 4272 factus:

817 4293 920 4364 qui
941 4310 1048 4350 non
1073 4295 1237 4352 habet
1263 4296 1510 4366 quotidie
1542 4299 1949 4366 necessitatem,
1968 4303 2428 4372 quemadmodum

815 4387 1159 4451 sacerdotes,
1192 4388 1346 4459 prius
1387 4405 1489 4460 pro
1528 4391 1644 4447 suis
1692 4392 1910 4449 delictis
1940 4395 2151 4450 hostias
2199 4395 2427 4464 offerre,

819 4477 1020 4532 deinde
1042 4485 1144 4550 p'ro
1157 4480 1357 4551 populo
1382 4498 1396 4537 :
1420 4482 1523 4538 hoc
1540 4484 1687 4538 enim
1717 4483 1846 4540 fecit
1861 4486 2050 4551 semel,
2071 4502 2131 4541 se
2152 4479 2432 4546 offerendo

818 4564 1016 4638 (Hebr.
1049 4569 1168 4631 vti).
1199 4590 1218 4623 ι
1253 4570 1517 4628 Dominus
1540 4586 1728 4630 noster
1751 4573 1910 4632 Jesus
1931 4577 2204 4635 Christus.

895 4656 1142 4716 Audistis
1178 4660 1368 4732 itaque
1391 4680 1560 4730 nunc,
1585 4665 1956 4736 dilectissimi,
1991 4670 2238 4726 breviter
2267 4687 2428 4744 repa-

820 4747 1056 4806 rationis
1084 4760 1287 4808 nostra:
1314 4754 1565 4812 mirabile
1595 4769 2027 4834 sacramentum,
2055 4764 2244 4819 audite
2261 4765 2427 4821 etiam

816 4839 1020 4898 salutis
1066 4854 1270 4901 nostra:
1297 4861 1668 4919 opportunum
1709 4853 1867 4909 valde
1886 4857 2204 4913 consilium.
2234 4858 2431 4917 Tradi-

819 4927 901 4986 dit
935 4935 1287 5006 semetipsum
1318 4955 1418 5009 pro
1444 4933 1602 4997 nobis
1623 4943 1877 5003 Christus
1899 4949 1968 5003 ad
1992 4961 2250 5019 mortem,
2286 4968 2432 5010 mor-

823 5020 1095 5080 Illicenius
1141 5036 1198 5083 et
1238 5045 1339 5086 nos
1380 5047 1480 5101 pro
1509 5033 1627 5101 ejus
1665 5051 1856 5093 amore
1897 5055 2120 5097 omnem
2171 5042 2224 5098 in
2269 5046 2430 5101 nobis

825 5123 1059 5174 terrena:
1128 5124 1593 5194 concupiscentia:
1649 5130 2006 5201 voluptatem.
2069 5135 2224 5205 Quod
2281 5138 2427 5194 enim

822 5209 1008 5266 subire
1058 5214 1239 5271 crucis
1294 5219 1600 5286 patibulum
1659 5224 1847 5291 voluit,
1902 5228 2046 5283 viam
2095 5230 2270 5294 nobis,
2319 5248 2428 5304 qua

824 5301 1006 5395 redire
1037 5305 1320 5366 valeamus
1350 5311 1416 5366 ad
1442 5315 1940 5386 patriaiu,stravit;
1969 5331 2028 5375 ut
2055 5323 2147 5384 qui
2179 5301 2431 5395 volup-ta-

825 5389 970 5448 tibus
1020 5396 1273 5455 delectati
1327 5403 1706 5476 disceSsimus,
1753 5408 1973 5467 ﬂetibus
2019 5389 2429 5473 amaricati-re-

823 5482 1083 5545 deamus:
1127 5500 1186 5544 et
1244 5494 1337 5563 qui
1390 5509 1489 5565 per
1525 5487 1726 5572 illicita.
1773 5502 2059 5562 delluendo
2097 5507 2422 5567 cecidimus.

822 5573 989 5628 etiam
1007 5591 1034 5670 a
1057 5577 1220 5670 licitis
1243 5587 1608 5658 nosmetipsos
1625 5594 2004 5666 rcstringendo
2019 5613 2342 5670 surgamus;
2370 5617 2426 5659 ct

820 5677 962 5764 quos
990 5665 1263 5764 dcjeccrat
1287 5675 1453 5733 elatio
1499 5682 1789 5752 superbiat,
1835 5665 2010 5757 erigat
2056 5665 2292 5759 deicetio
2325 5665 2424 5749 lm-

823 5749 970 5810 tnilis
1004 5755 1328 5819 vitec.Undc
1362 5777 1418 5822 et
1449 5749 1636 5840 pastor
1658 5749 2162 5851 Ecclesizc-clamai,
2193 5749 2419 5842 dicens:

1151 5850 1427 5921 Ριτιιοι..
1492 5864 1766 5928 CXLIV.

2536 3300 2727 3341 sumus
2769 3284 3119 3340 similitudini
3171 3286 3368 3340 mortis
3414 3286 3555 3356 ejus,
3597 3286 3762 3342 simul
3811 3297 3867 3342 et
3913 3303 4165 3345 resurre-

2535 3380 2734 3435 ctionis
2778 3380 2986 3434 erimus
3036 3375 3212 3450 (Rom.
3246 3379 3348 3450 vi).
3388 3398 3406 3430 ›
3455 3378 3627 3436 Nemo
3665 3395 3747 3445 se,
3787 3379 3990 3436 fratres
4027 3381 4161 3451 mel,

2536 3473 2778 3528 inaniter
2807 3474 3058 3536 seducat,
3091 3487 3253 3528 neruo
3283 3487 3344 3528 se
3373 3487 3528 3528 vana:
3575 3473 3691 3544 spei
3739 3474 4042 3530 securitate
4066 3476 4162 3532 de-

2538 3565 2727 3635 cipiat.
2761 3563 2880 3619 Non
2919 3565 3067 3620 enim
3114 3559 3408 3636 possumus
3433 3565 3524 3622 hic
3551 3565 3792 3637 gaudere
3835 3567 3902 3623 de
3934 3568 4159 3635 saeculo,

2537 3673 2591 3717 et
2630 3661 2740 3717 illic
2788 3677 3020 3733 regnare
3065 3676 3192 3717 cum
3232 3661 3475 3717 Christo.
3518 3661 3663 3716 Ecce
3704 3662 4038 3716 intemerata
4102 3671 4162 3718 et

2535 3755 2773 3826 gloriosa
2800 3755 2957 3826 virgo
2983 3751 3178 3819 Maria,
3199 3753 3359 3825 cujus
3382 3753 3545 3809 hodie
3574 3753 4020 3825 splendidissima
4051 3768 4156 3808 na-

2539 3846 2752 3900 tivitate
2791 3845 3046 3900 universa
3090 3859 3191 3915 per
3233 3843 3426 3900 orbem
3465 3854 3656 3900 sancta
3691 3844 4004 3900 illustratur
4046 3843 4156 3901 Ec-

2537 3938 2735 4004 clesia,
2782 3939 2833 3992 in
2886 3937 3008 4008 lege
3058 3935 3444 4009 praeﬁgurata,
3494 3937 3548 3991 in
3607 3936 4049 4006 patriarcharum
4103 3947 4161 3994 et

2536 4031 2929 4102 prophetarum
2978 4029 3217 4086 oraculis
3263 4030 3658 4100 prmnuntiala,
3689 4029 3760 4084 ab
3806 4029 4004 4101 angelo
4045 4030 4162 4085 sin-

2538 4124 2710 4196 gulari
2766 4123 3203 4179 honoriﬁcentia:
3255 4123 3544 4195 privilegio
3595 4124 3867 4190 salutata,
3925 4125 4160 4182 thronus

2541 4215 2657 4282 Dei,
2689 4215 2888 4272 solium
2919 4215 3246 4282 divinitatis,
3280 4216 3544 4287 palatium
3577 4216 3723 4288 regis
3751 4215 3964 4281 mtemi,
3997 4232 4160 4287 gaza.

2537 4309 2846 4381 phylacium
2899 4309 3165 4374 thesauri,
3202 4325 3312 4382 quo
3351 4326 3543 4366 sumus
3584 4311 3654 4366 de
3696 4313 3912 4368 cruenti
3951 4313 4163 4383 praedm

2539 4403 2626 4457 uis
2657 4402 2881 4458 servitio
2924 4404 3257 4474 comparati,
3288 4404 3450 4460 nobis
3490 4404 3819 4475 proponitur
3867 4403 3922 4458 in
3971 4417 4161 4460 exem-

2538 4494 2710 4566 plum.
2773 4492 2902 4550 Haec
2967 4503 3079 4550 tam
3135 4495 3475 4568 singularis,
3538 4507 3648 4552 tam
3711 4497 4162 4568 incomparaliilis

2459 4568 2510 4629 Ῑ)
2541 4588 2723 4660 Virgo,
2755 4588 2800 4643 si
2834 4603 2941 4643 non
2988 4599 3319 4658 sequeretur
3349 4590 3718 4648 humilitatem
3749 4590 3985 4658 Christi,
4018 4608 4160 4648 nun-

2537 4698 2700 4752 quam
2748 4683 3091 4754 pertingeret
3144 4685 3211 4740 ad
3256 4685 3643 4742 celsitudinem
3681 4686 3940 4744 Christi:
3973 4687 4018 4744 si
4075 4690 4159 4744 in-

2529 4772 2723 4843 juncta
2771 4775 3030 4830 mandata
3070 4785 3472 4844 contemneret,
3497 4779 3568 4833 ad
3615 4779 3885 4850 promissa
3930 4779 4156 4851 praemia.

2540 4867 2852 4924 nullatenus
2902 4870 3240 4939 perveniret.
3271 4868 3426 4926 'Nam
3476 4873 3629 4938 dum,
3679 4873 4017 4942 praedicante
4065 4891 4155 4940 eo,

2539 4963 2791 5034 quredam
2825 4963 3024 5018 mulier
3058 4964 3347 5020 extolleret
3383 4980 3576 5021 vocem
3609 4966 3677 5022 de
3706 4966 3887 5032 turba,
3915 4967 4106 5024 dicens
4140 5009 4152 5022 .

2548 5074 2566 5107 ι
2607 5055 2809 5111 Beatus
2836 5064 3032 5110 venter
3057 5056 3150 5126 qui
3184 5065 3237 5111 te
3265 5057 3528 5127 portavit,
3560 5066 3618 5112 et
3647 5058 3816 5114 ubera
3847 5073 3969 5129 quae
4000 5060 4154 5114 suxi-

2535 5150 2628 5206 sti.
2692 5169 2712 5203 ›
2775 5147 3127 5220 Respondit:
3178 5168 3198 5203 ι
3234 5150 3492 5218 Quinimo
3543 5153 3723 5218 beati,
3781 5153 3874 5224 qui
3926 5153 4158 5209 audiunt

2535 5239 2764 5295 verbum
2817 5240 2910 5296 Dei
2959 5249 3016 5297 et
3068 5243 3389 5298 custodiunt
3437 5243 3568 5299 illud
3603 5245 3758 5317 (Luc.
3809 5245 3907 5318 xr).
3945 5265 3965 5300 ι
4010 5245 4156 5304 Alibi

2532 5331 2725 5397 etiam,
2777 5347 2900 5388 cum
2936 5334 3158 5404 quidam
3193 5337 3298 5392 sibi
3333 5337 3386 5392 in
3439 5338 3644 5409 templo
3681 5341 4021 5413 propinquos
4063 5356 4155 5398 se-

2533 5425 2773 5480 cundum
2822 5441 3045 5482 carnem
3091 5428 3288 5486 adesse
3334 5432 3635 5499 nuntiaret,
3679 5434 3913 5490 dicens.
3954 5455 3972 5489 ε
4009 5436 4155 5492 Ecce

2535 5522 2711 5569 mater
2745 5523 2834 5570 tua
2868 5525 2924 5572 ct
2951 5516 3152 5575 fratres
3184 5520 3260 5574 tui
3301 5521 3438 5578 foris
3463 5533 3631 5592 stant,
3670 5535 3981 5598 quaerentes
4011 5537 4086 5583 te.
4126 5547 4148 5580 ›

2536 5603 2885 5675 Respondit:
2925 5625 2943 5659 ι
2982 5608 3116 5676 Quae
3144 5621 3230 5666 est
3260 5623 3438 5670 mater
3473 5630 3593 5671 mea
3635 5627 3690 5672 et
3729 5619 3821 5688 qui
3868 5629 3997 5675 sunt
4031 5618 4151 5674 fra-

2536 5706 2646 5753 tres
2688 5699 2833 5756 mei?
2865 5720 2884 5751 ›
2931 5699 3000 5757 Ει
3043 5705 3348 5765 extendens
3378 5724 3575 5768 manus
3605 5711 3660 5767 in
3690 5713 3988 5785 discipulos
4020 5730 4153 5772 suos

2533 5788 2715 5845 dixit:
2755 5810 2772 5844 ι
2811 5791 2952 5849 Ecce
3004 5806 3181 5854 mater
3230 5814 3352 5856 mea
3396 5811 3452 5858 et
3498 5802 3701 5862 fratres
3739 5807 3870 5863 mei.
3902 5807 4151 5877 Quicun-

3703 5899 3783 5960 ΞΔ
