5450 6390
120 1959 180 1982 L3...

1953 387 2062 452 7-57

2547 395 2603 452 S.
2642 394 2844 450 PETN
2883 393 3166 450 DAMlANI
3205 392 3356 449 OPP.
3400 391 3579 450 PARS
3613 390 3744 449 Βῑυ
3783 389 4020 448 τοιιυδ
4051 387 4110 446 Il.
4154 419 4219 429 -—
4262 387 4648 446 SERMONES.

5117 387 5225 443 768

1955 520 2065 576 quo
2116 504 2259 562 enim
2307 507 2492 559 iecerit
2545 505 2875 576 voluntatem
2921 504 3098 560 Patris
3147 505 3282 569 mei,
3338 504 3427 572 qui
3489 505 3540 558 in
3570 502 3830 572 Aspiciis
3889 517 4142 572 prospera
4207 500 4472 554 matribus
4530 499 4799 554 nuntiare.
4872 498 5031 555 Beata
5089 513 5229 556 ven

1958 597 2111 652 caelis
2149 605 2261 659 est,
2318 598 2432 666 ipse
2481 612 2633 650 meus
2690 596 2876 660 frater,
2928 611 3084 649 soror
3133 603 3187 647 et
3239 603 3411 646 mater
3455 603 3540 647 est

1956 690 2168 759 (lauti.
2205 690 2323 758 xu).
2357 709 2374 740 ι

2024 778 2249 848 Notate,
2305 781 2534 847 fratres,
2581 791 2764 838 notate
2815 783 3128 852 dignitatem
3174 790 3446 843 vestram,
3492 782 3536 834 si

1953 872 2310 941 adimplentes
2366 871 2704 927 voluntatem
2758 872 2851 927 Dei
2912 872 3158 940 frangitis
3207 870 3537 925 voluntatem

1949 971 2208 1017 vestram.
2261 962 2439 1026 Ecce,
2492 963 2650 1017 beata
2702 972 2757 1018 et
2802 962 3125 1017 venerabilis
3173 963 3322 1032 virgo
3371 961 3536 1015 Maria

1952 1054 2248 1109 secundum
2278 1071 2498 1110 carnem
2532 1055 2752 1126 quidem
2784 1064 2955 1109 mater
2983 1053 3186 1109 Christi
3217 1053 3336 1117 fuit,
3372 1054 3538 1108 frater

1950 1160 2058 1199 non
2091 1143 2214 1210 fuit,
2246 1161 2401 1199 soror
2447 1162 2552 1200 non
2598 1143 2718 1201 fuit.
2756 1145 2818 1198 Et
2853 1144 3165 1213 quicunque
3196 1142 3397 1211 aliquid
3436 1145 3533 1198 ho-

1951 1251 2073 1289 rum
2120 1235 2278 1290 alicui
2328 1236 2624 1290 secundum
2677 1235 2910 1289 carnalis
2951 1234 3071 1300 jura
3122 1233 3537 1302 propinquitatis

1949 1326 2240 1388 exstiterit,
2274 1326 2418 1379 aliud
2469 1327 2569 1380 sihi
2612 1339 2732 1379 esse
2777 1326 3000 1380 omnino
3052 1340 3156 1377 non
3203 1324 3429 1388 valebit,
3479 1335 3539 1378 ut

1948 1418 2205 1473 nimirum
2232 1418 2276 1470 si
2309 1425 2483 1471 mater
2522 1416 2706 1480 fuerit,
2745 1416 2936 1478 frater,
2967 1416 3051 1469 vel
3083 1431 3241 1470 soror
3269 1431 3387 1469 esse
3429 1433 3533 1468 non

1925 1509 2149 1580 possit;
2192 1507 2237 1563 si
2274 1523 2402 1563 vero
2445 1507 2634 1572 frater,
2676 1509 2758 1564 vel
2805 1523 2959 1563 soror
3009 1509 3319 1570 exstiterit,
3365 1518 3536 1562 mater

1945 1615 2052 1655 non
2094 1599 2182 1653 sit.
2225 1598 2336 1655 Nos
2382 1610 2562 1653 autem
2611 1599 2726 1654 haec
2769 1600 2931 1653 simul
2981 1600 3159 1651 omnia
3198 1597 3413 1652 Christo
3441 1613 3535 1666 per

1945 1691 2211 1760 Spiritum
2262 1706 2485 1753 sumus,
2535 1691 2580 1744 si
2630 1691 2962 1746 voluntatem
3011 1691 3244 1752 Christi,
3293 1705 3409 1758 qua:
3461 1690 3532 1743 illi

1944 1796 2164 1852 semper
2204 1797 2328 1837 cum
2369 1780 2531 1835 Patre
2573 1783 2878 1836 communis
2924 1790 3026 1844 est,
3056 1781 3350 1850 adimplere
3395 1791 3534 1834 sata-

3645 593 3842 656 Ilaria,
3892 609 4013 647 cum
4064 593 4228 646 tilium
4274 592 4339 645 ad
4392 589 4646 660 templum
4699 589 4936 645 deferret
4978 599 5031 645 et
5078 593 5225 649 hunc

3643 683 3862 738 Simeon
3898 685 3948 736 in
3975 684 4113 737 ulnis
4141 683 4433 752 acciperet,
4457 683 4662 736 audivit
4694 699 4707 736 :
4743 702 4761 734 ι
4789 682 4856 737 Et
4881 692 5026 736 tuam
5053 685 5228 754 ipsius

3643 775 3878 829 animam
3921 775 4270 842 pertransibit
4313 775 4522 842 gladius
4551 773 4696 842 (Ibid
4722 775 4757 842 ).
4799 793 4817 826 ι
4861 775 4936 829 Ac
4962 775 5007 830 si
5034 787 5227 845 aperte

3643 868 3844 920 diceret
3875 883 3885 917 :
3921 867 4053 920 Dum
4099 865 4240 919 Illius
4271 875 4394 918 tuus
4428 867 4660 919 senserit
4699 866 5004 933 passionem
5041 868 5226 923 crucia

3643 955 3694 1007 in
3727 969 3970 1020 corpore,
4008 963 4056 1007 te
4088 955 4249 1008 etiam
4283 953 4562 1023 transfiget
4591 953 4801 1023 gladius
4830 954 5227 1024 compassiouis

3642 1041 3693 1095 in
3725 1053 3924 1096 mente.

3713 1132 4042 1187 Studeamus
4071 1141 4124 1185 ct
4151 1146 4272 1194 nos,
4298 1131 4655 1195 dilectissimi,
4681 1130 4860 1186 saculi
4890 1130 5045 1199 hujus
5071 1131 5225 1187 bbu-

3641 1225 3876 1278 dimenta
3925 1225 4234 1293 despicere,
4279 1238 4458 1278 rerum
4507 1235 4846 1277 terrenarum
4892 1223 5223 1278 atlluentiam

3643 1314 3903 1376 devitarc,
3934 1314 4116 1367 carnis
4156 1313 4425 1366 incentiva
4458 1313 4776 1382 reprimere,
4811 1327 5027 1366 crucem
5057 1312 5226 1368 Chri-

3641 1403 3706 1455 sti
3739 1403 3952 1455 assidue
3993 1402 4045 1455 iu
4082 1411 4262 1455 mente
4293 1411 4544 1470 portare;
4593 1410 4863 1469 quatenus
4906 1402 5032 1455 dum
5081 1417 5227 1456 nne

3638 1494 3814 1546 anima
3864 1502 4048 1546 nostra
4097 1492 4274 1561 gladio
4324 1493 4506 1546 Maria:
4552 1493 4911 1562 transﬁgitur,
4942 1509 5061 1547 cum
5107 1493 5227 1561 ipsa

3636 1587 3976 1655 postmodum
4003 1586 4069 1638 de
4100 1596 4314 1639 aeternae
4344 1584 4618 1639 felicitatis
4650 1585 4933 1639 dulcedine
4966 1585 5220 1638 satietur.

3637 1680 3788 1743 Quod
3846 1680 3957 1747 ipse
4009 1689 4265 1746 praestare
4318 1677 4590 1745 dignetur,
4626 1678 4715 1745 qui
4766 1692 4832 1729 ex
4882 1675 5042 1729 Putre
5089 1685 5222 1729 ante

3638 1768 3832 1820 saecula
3881 1771 4094 1836 genitus
4140 1784 4203 1820 ex
4255 1768 4367 1836 ipsa
4421 1767 4570 1820 nasci
4618 1768 4870 1836 dignatus
4915 1766 5080 1820 estin
5113 1763 5228 1819 ﬁne

1945 1873 2145 1943 gimus.
2176 1869 2281 1927 Sed
2315 1872 2460 1940 quod
2491 1880 2675 1925 natum
2707 1882 2788 1926 est
2829 1885 2891 1925 ex
2926 1887 3114 1932 carne,
3148 1887 3277 1926 caro
3323 1883 3436 1934 est;
3485 1881 3538 1925 et
3565 1857 3611 1914 Β
3641 1861 3981 1913 uitulorum-
4027 1861 4219 1914 Amen-

1944 1962 2089 2032 quod
2123 1973 2305 2016 natum
2353 1971 2433 2016 est
2473 1977 2537 2015 ex
2584 1962 2803 2032 spiritu,
2831 1962 3056 2030 spiritus
3100 1972 3182 2015 est
3218 1962 3399 2030 (Joan.
3429 1963 3534 2031 tit),

1944 2055 2072 2122 quia
2122 2055 2263 2107 Deus
2315 2051 2550 2122 Spiritus
2599 2062 2699 2106 est.
2751 2052 2825 2106 Ex
2881 2053 2971 2107 illa
3021 2066 3153 2120 ergo
3201 2063 3388 2123 parte,
3433 2067 3536 2120 qua

1943 2141 2277 2211 Redemptor
2330 2153 2516 2196 noster
2575 2143 2717 2196 Deus
2771 2154 2882 2206 est,
2936 2143 3225 2212 propinqui
3275 2143 3375 2196 sibi
3426 2152 3535 2196 tam

1943 2232 2319 2302 multipliciter
2366 2248 2578 2298 sumus,
2609 2241 2868 2302 quantum
2921 2232 2994 2286 illi
3046 2233 3202 2288 beata
3243 2233 3428 2301 Virgo,
3468 2246 3531 2286 ex

1947 2339 2053 2393 qua
2082 2325 2232 2378 nasci
2262 2325 2520 2396 dignatus
2545 2333 2648 2387 est,
2682 2325 2977 2379 secundum
3019 2336 3239 2379 carnem
3274 2339 3396 2378 esse
3424 2340 3532 2379 non

1940 2417 2141 2490 potuit.
2191 2416 2474 2485 Proprium
2523 2425 2578 2472 et
2625 2415 2902 2486 singulare
2939 2415 3042 2469 fuit
3083 2416 3160 2470 illi
3204 2416 3534 2471 beatissima;

1943 2501 2148 2576 Virgini
2199 2503 2475 2559 Christum
2537 2504 2588 2558 in
2642 2505 2800 2558 vulva
2857 2505 3183 2572 concipere;
3243 2519 3534 2559 commune

1937 2608 2089 2655 vero,
2121 2601 2176 2648 et
2222 2591 2533 2648 universale
2582 2602 2668 2648 est
2721 2593 2975 2648 omnibus
3015 2593 3204 2648 electis
3253 2594 3308 2648 in
3353 2596 3533 2649 cordis

1941 2703 2063 2742 eum
2107 2684 2393 2742 devotione
2419 2694 2662 2755 portare.
2699 2684 2851 2741 Felix
2884 2685 2994 2748 illa,
3028 2694 3083 2740 et
3118 2684 3344 2741 nimium
3373 2687 3531 2740 beata

1939 2777 2186 2841 femina,
2235 2790 2355 2846 qua:
2401 2775 2554 2830 illum
2606 2791 2800 2830 novem
2856 2774 3135 2830 mensibus
3189 2775 3420 2844 gestavit
3477 2776 3530 2829 in

1941 2878 2168 2931 ventre;
2218 2865 2403 2922 felices
2431 2866 2597 2921 etiam
2645 2880 2767 2928 nos,
2799 2866 2840 2919 si
2879 2864 3030 2920 illum
3062 2866 3279 2920 assidue
3315 2875 3532 2934 portare

1938 2959 2256 3016 studeamus
2303 2957 2356 3011 in
2400 2966 2600 3012 mente.
2645 2955 2946 3011 Mirabilius
2976 2955 3192 3024 quidem
3239 2957 3339 3010 fuit
3374 2958 3535 3011 Chri-

1935 3059 2080 3105 stum
2121 3047 2333 3118 concipi
2363 3047 2416 3101 in
2447 3045 2603 3100 vulva
2648 3047 2868 3111 carnis;
2903 3048 2996 3101 sed
3043 3063 3148 3100 non
3187 3057 3267 3101 est
3304 3046 3531 3102 inferius

1937 3138 1984 3192 si
2040 3136 2317 3192 deferatur
2372 3135 2428 3190 in
2479 3134 2756 3204 ergastulo
2809 3135 3066 3202 pectoris.
3124 3135 3276 3189 Unde
3323 3146 3378 3190 et
3432 3151 3528 3204 per

4336 1971 4517 2026 XLVI.

3672 2077 3891 2115 llOIILlA
3929 2077 3976 2116 IN
4009 2077 4340 2198 ΗΑΤΙΥΙτΑἶῑ
4370 2076 4699 2200 ιελτιδῗιιιι
4725 2077 4955 2117 τικοικιε
4985 2077 5193 2117 IAII‘.

4292 2148 4563 2185 VHISEPT.

4292 2148 4382 2184 VIII
4413 2148 4563 2185 δΕΡτ.

4145 2222 4421 2276 Evangelii
4485 2221 4780 2275 secundum
4847 2221 5163 2276 Matthmum
5207 2239 5225 2276 s

4342 2309 4431 2344 esu
4482 2290 4676 2362 Christi
4722 2293 5074 2362 ﬁliiiﬂaeid,
5123 2291 5228 2358 lilii

3707 2360 3991 2414 Abraham.
4051 2362 4316 2412 Abraham
4367 2362 4538 2429 genuit
4592 2360 4781 2422 Isaac,
4836 2361 4991 2415 Isaac
5045 2360 5227 2414 autem

3705 2434 3878 2500 genuit
3904 2431 4085 2488 Jacob,
4115 2429 4288 2500 Jacobi
4309 2443 4485 2500 autem
4516 2434 4690 2498 genuit
4719 2429 4918 2484 ludant
4950 2443 4997 2484 et
5028 2431 5228 2498 fratres

3703 2498 3834 2569 ejus.
3878 2501 3942 2554 Et
3980 2503 4207 2568 reliqua.
4242 2498 4457 2568 (Matth.
4495 2503 4555 2570 ι.)

3708 2595 3973 2654 Audistis,
4025 2594 4224 2646 fratres
4255 2593 4592 2656 cbarissimi,
4625 2591 4920 2648 Dominica
4969 2594 5230 2648 incarna—

3636 2222 3850 2277 luitium
3912 2224 4080 2277 sancti

3704 2292 3858 2344 Liber
3902 2294 4254 2361 generationis

3635 2685 3796 2738 tionis
3836 2681 4104 2737 ἰιιρπηὺίιε
4140 2693 4541 2736 sacramentum
4573 2701 4586 2735 :
4619 2683 4848 2736 audistis
4885 2683 4936 2735 in
4969 2681 5232 2752 genealo-

3633 2775 3718 2844 gia
3764 2773 4088 2826 beatissima:
4132 2773 4413 2842 genitricis
4455 2772 4580 2835 Dei,
4625 2772 4984 2840 reparatiouis
5020 2780 5231 2842 myste-

3635 2865 3803 2927 rium;
3858 2862 4120 2926 audistis,
4158 2863 4284 2930 quia
4324 2863 4555 2918 Creator
4600 2863 4915 2932 angelorum
4964 2862 5230 2932 dignatus

3633 2966 3718 3012 est
3756 2958 4042 3029 propagari
4091 2957 4159 3011 de
4209 2956 4376 3027 stirpe
4426 2956 4770 3020 mortalium;
4810 2955 5053 3016 audistis,
5093 2953 5228 3023 quia

3632 3063 3863 3116 proavos
3912 3047 4112 3100 habere
4156 3056 4240 3100 est
4280 3047 4535 3116 dignatus
4579 3047 4632 3099 in
4673 3047 4834 3099 terris
4868 3045 4960 3114 qui
5001 3043 5122 3098 fons
5169 3053 5230 3097 et

3632 3143 3787 3208 origo
3827 3139 4070 3192 omnium
4123 3153 4304 3191 rerum
4349 3138 4472 3207 jura
4519 3138 4785 3208 gubernat
4821 3137 4875 3191 in
4915 3137 5087 3191 cmlis.
5129 3135 5230 3189 Ait

1936 3225 2202 3282 Joannem
2233 3231 2482 3285 testatur,
2524 3193 2711 3278 dicens
2742 3240 2756 3276 :
2796 3193 2824 3274 «-
2855 3223 2967 3292 Ego
2994 3233 3079 3278 sto
3115 3226 3179 3278 ad
3223 3193 3445 3287 ostium:
3471 3235 3522 3280 et
3555 3193 3598 3255 C
3631 3193 3777 3281 eniin
3807 3229 3999 3281 beatus
4022 3227 4178 3296 εει
4204 3193 4578 3297 evangelista":
4615 3246 4630 3277 ι
4667 3225 4828 3293 Liber
4853 3225 5228 3295 generationis

1939 3315 2134 3385 pulso;
2166 3313 2212 3368 si
2243 3313 2364 3382 quis
2400 3311 2674 3382 aperuerit
2717 3314 2874 3377 mihi,
2905 3315 3118 3368 intrabo
3165 3316 3230 3368 ad
3277 3316 3444 3378 illum,
3475 3325 3529 3371 et
3630 3317 3754 3373 Iesu
3781 3316 3983 3372 Christi
4008 3318 4102 3371 lilii
4133 3317 4321 3380 David,
4356 3317 4448 3370 filii
4478 3317 4750 3390 Abraham
4781 3313 4999 3384 (Matth.
5031 3314 5097 3385 l).
5123 3332 5146 3365 ι

1939 3407 2176 3460 εωιιςιιιο
2205 3420 2327 3458 cum
2358 3403 2474 3467 illo,
2506 3413 2561 3457 et
2588 3405 2699 3474 ipse
2725 3419 2937 3459 mecum
2971 3405 3157 3474 (Apoc.
3186 3407 3302 3481 ιιι).
3335 3425 3354 3456 i

2013 3493 2178 3565 230
2213 3492 2519 3547 Notandum
2563 3507 2689 3548 vero
2735 3495 2863 3562 quia
2906 3495 3061 3563 prius
3090 3510 3152 3549 se
3187 3506 3527 3550 cenaturum

1937 3594 2145 3648 narrat,
2189 3583 2381 3638 deinde
2413 3597 2626 3637 ecetram
2658 3584 2910 3638 daturum
2942 3595 3094 3654 grata
3127 3586 3246 3641 vice
3285 3601 3526 3656 pronun-

1939 3676 2058 3730 tiat.
2089 3672 2224 3738 Quia
2269 3673 2336 3726 de
2386 3671 2540 3740 cujus
2577 3687 2720 3726 nune
2770 3673 2927 3726 bonis
2971 3675 3224 3742 operibus
3268 3677 3527 3744 pascitur,

1935 3772 2071 3820 cum
2111 3775 2178 3816 eo
2215 3761 2374 3815 simul
2404 3760 2751 3831 postmodum
2797 3761 2850 3815 in
2892 3764 3078 3818 aeterni
3110 3765 3341 3819 convivii
3374 3767 3526 3834 dapi-

1945 3853 2049 3909 bus
2089 3852 2355 3922 epulatur.
2398 3850 2533 3905 ilinc
2563 3853 2752 3921 etiam,
2783 3852 3145 3922 dilectissimi,
3181 3857 3529 3913 consideran-

1945 3947 2074 4002 dum
2101 3954 2184 4001 est
2211 3953 2415 4015 quanta
2458 3943 2531 3997 sit
2571 3943 2808 4012 dignitas
2848 3955 3054 4011 nostra,
3093 3957 3405 4016 quantaque
3436 3963 3529 4002 no-

1942 4035 2032 4092 bis
2071 4037 2140 4091 sit
2169 4035 2450 4105 proportio
2478 4049 2600 4088 cum
2646 4034 2837 4089 Maria.
2877 4035 3139 4107 Concepit
3168 4037 3333 4091 Maria
3364 4038 3529 4092 Chri-

1945 4135 2089 4185 stum
2118 4129 2169 4181 in
2199 4126 2355 4180 vulva
2384 4127 2586 4186 carnis,
2615 4124 2914 4182 deferimus
2938 4136 2994 4182 et
3017 4143 3121 4183 nos
3150 4129 3202 4182 in
3235 4129 3531 4184 visceribus

1941 4217 2162 4274 mentis.
2211 4215 2512 4271 Reliciebat
2566 4216 2735 4271 Maria
2781 4216 3099 4280 Christum,
3147 4234 3270 4272 cum
3327 4222 3529 4276 teneris

1937 4308 2111 4364 labris
2161 4309 2244 4361 lac
2303 4307 2632 4377 exprimeret
2685 4309 2948 4374 uberum;
3001 4310 3277 4367 reﬁcimus
3322 4321 3378 4368 et
3430 4328 3530 4369 nos

1939 4400 2110 4455 variis
2145 4400 2409 4454 bonorum
2442 4397 2650 4454 deliciis
2678 4413 2924 4468 operum.

2011 4489 2168 4546 Libet
2213 4499 2395 4544 autem
2442 4505 2607 4551 nunc,
2652 4489 3012 4551 dilectissimi,
3046 4504 3143 4559 pro
3171 4490 3530 4548 mdillcatiane

1938 4589 2126 4638 nostra
2173 4580 2228 4634 in
2275 4578 2461 4649 regula
2507 4579 2704 4634 divina:
2739 4579 2967 4650 justitim
3009 4595 3303 4650 parumper
3349 4583 3530 4637 radios

1943 4665 2141 4728 mentis
2171 4670 2414 4741 inﬁgere,
2447 4679 2498 4724 et
2519 4670 2764 4740 qualiter
2793 4671 3137 4740 omnipotens
3166 4672 3308 4726 Deus
3332 4670 3532 4726 electos

1940 4779 2073 4819 suos
2103 4761 2328 4832 deprimi
2376 4761 2746 4830 temporaliter
2787 4761 2950 4827 sinat,
2992 4777 3129 4829 quos
3171 4761 3434 4817 extollere
3475 4762 3528 4816 in

1943 4863 2208 4908 internum
2259 4850 2600 4915 decreverit,
2657 4851 2934 4922 indagare.
2985 4849 3056 4906 Ut
3095 4850 3240 4906 enim
3285 4866 3427 4905 nunc
3464 4851 3532 4905 de

1944 4943 2159 4999 ceteris
2187 4942 2394 5003 sileam,
2429 4942 2544 4997 ha-c
2574 4942 2764 4996 eadem
2811 4942 3126 4998 beatissima
3159 4941 3344 5013 Virgo,
3375 4943 3530 5012 cujus

1944 5033 2264 5090 hodiernam
2295 5031 2634 5084 nativitatem
2661 5031 2858 5085 debitis
2882 5046 3209 5087 veneramur
3232 5034 3527 5103 obsequiis,

1943 5133 2072 5180 ante
2115 5121 2562 5176 constitutionem
2604 5119 2792 5174 mundi
2835 5120 2886 5173 in
2927 5119 3152 5174 oonsilio
3188 5129 3404 5174 acterna:
3445 5138 3534 5175 sa-

1943 5215 2163 5289 pientiai
2205 5213 2377 5269 electa
2420 5223 2475 5266 et
2528 5212 2835 5283 praelecta,
2877 5212 3004 5267 licet
3052 5213 3120 5267 de
3160 5212 3325 5284 regali
3371 5213 3534 5268 fuerit

1942 5310 2119 5379 stirpe
2166 5307 2467 5379 progenita,
2510 5306 2660 5361 nulla
2709 5314 2890 5360 tamen
2955 5305 3203 5361 humana:
3252 5306 3534 5376 dignitatis

1951 5399 2238 5455 altitudine
2271 5398 2473 5460 ﬂoruit,
2507 5396 2667 5451 nullis
2709 5411 2892 5451 rerum
2927 5396 3303 5466 temporalium
3333 5395 3537 5451 divitiis

1947 5489 2267 5545 abundavit.
2297 5487 2629 5558 Pmsepium
2672 5488 2870 5558 quippe
2910 5488 3266 5556 parturientis
3313 5488 3532 5549 indicat,

1945 5581 2076 5652 quia
2128 5581 2519 5646 diversorium,
2575 5580 2627 5634 in
2678 5595 2787 5650 quo
2839 5588 3086 5648 pareret,
3141 5595 3246 5634 non
3293 5579 3538 5634 ‘babebat

1951 5671 2108 5738 (Lac.
2132 5677 2216 5742 ιι).
2248 5673 2435 5728 Solent
2459 5683 2639 5726 autem
2663 5672 2934 5734 homines,
2959 5672 3306 5747 nascentibus
3331 5672 3533 5741 pueris,

1950 5761 2124 5822 futuri
2169 5781 2454 5822 successus
2493 5765 2612 5820 lata
2657 5765 2999 5835 promittere,
3029 5771 3085 5819 at
3110 5777 3178 5820 ax
3213 5777 3400 5821 eorum
3438 5779 3533 5817 au-

3559 4565 3608 4625 Β

3703 3408 3810 3461 Sed
3850 3408 4201 3476 quaerendum
4236 3408 4325 3461 hic
4361 3407 4574 3462 videtur
4610 3422 4711 3461 cur
4749 3415 4828 3461 tot
4867 3415 5082 3475 patrum
5120 3419 5230 3460 nta-

3634 3512 3846 3551 merosa
3895 3499 4065 3551 series
4113 3497 4511 3562 intermittitur,
4543 3506 4601 3549 ut
4647 3497 4839 3551 horum
4879 3497 5229 3550 solummodo

3633 3587 3894 3650 duorum,
3960 3587 4130 3640 David
4184 3586 4396 3642 scilicet
4451 3597 4505 3640 et
4561 3588 4834 3641 Abraham
4891 3587 5228 3656 Redemptor

3634 3687 3819 3731 noster
3847 3677 3994 3731 illius
4020 3691 4142 3732 esse
4169 3677 4418 3732 dicatur?
4460 3676 4570 3733 Cur
4602 3679 4746 3733 enim
4779 3678 4919 3732 illius
4943 3677 5134 3744 David,
5169 3689 5231 3734 et

3634 3782 3758 3820 mox
3808 3766 3951 3822 Illius
3990 3767 4290 3830 Abraham,
4316 3777 4372 3820 et
4401 3782 4509 3822 non
4554 3768 4736 3835 potius
4769 3765 4912 3822 illius
4939 3766 5108 3828 Iesse,
5137 3767 5232 3822 vel

3634 3856 3778 3911 [ilius
3805 3856 4005 3921 Obeth,
4037 3856 4122 3910 vel
4149 3865 4470 3911 ceterorum
4499 3857 4758 3927 deinceps
4781 3858 4835 3911 in
4862 3858 5040 3913 medio
5076 3859 5228 3925 poni.

3633 3947 3852 4001 mmm?

3707 4040 3812 4094 Sed
3848 4040 3961 4093 hac
3991 4040 4218 4109 questio
4244 4037 4400 4093 facile
4429 4039 4676 4104 solvitur,
4712 4039 4757 4093 si
4787 4037 4932 4092 facta
4962 4037 5228 4093 divinitus

3635 4131 3879 4199 utrisque
3917 4131 4204 4199 promissio
4246 4139 4579 4184 recensetur.
4623 4129 4860 4183 Abrahae
4898 4129 5097 4198 quippe
5137 4127 5226 4182 di-

3635 4223 3760 4276 vina
3797 4238 3928 4277 voce
3958 4223 4160 4274 dictum
4193 4231 4318 4275 est:
4350 4240 4368 4265 ·
4404 4220 4460 4274 1η
4496 4222 4706 4275 semine
4749 4229 4842 4274 tuo
4889 4219 5226 4274 benedicen-

3636 4323 3724 4378 tur
3746 4327 3935 4366 omnes
3961 4312 4132 4365 tribus
4160 4321 4318 4366 terra:
4340 4308 4492 4380 (Gen.
4523 4313 4681 4380 xxn).
4718 4329 4735 4362 ι
4763 4311 4918 4376 Quod
4947 4325 5230 4378 exponens

3635 4401 3947 4469 Apostolus,
3981 4402 4098 4452 ait:
4131 4417 4148 4450 ι
4181 4397 4295 4452 Non
4342 4400 4480 4454 dixit
4530 4399 4583 4452 in
4627 4397 4947 4462 seminibus,
4973 4401 5133 4467 quasi
5171 4400 5228 4453 in

3639 4492 3857 4556 multis;
3907 4490 4000 4545 sed
4054 4492 4105 4544 in
4156 4491 4363 4544 semine
4395 4500 4487 4542 tuo
4517 4505 4648 4551 uno,
4679 4491 4823 4558 quod
4862 4499 4945 4543 est
4975 4487 5230 4544 Christus

3635 4581 3780 4653 (Gal.
3813 4583 3921 4653 ιιι).
3957 4601 3976 4634 i
4015 4582 4150 4648 Quia
4177 4583 4320 4636 enim
4351 4582 4624 4635 Abraham
4657 4581 4833 4653 adhuc
4874 4584 4925 4634 in
4961 4585 5231 4651 prrputio

3635 4675 3843 4744 positus
3878 4673 4130 4734 credidit,
4161 4681 4317 4742 pater
4345 4672 4621 4742 gentium;
4659 4672 4784 4740 quia
4817 4686 4946 4724 vero
4989 4684 5231 4741 postmo-

3636 4765 3763 4820 dum
3794 4766 4007 4834 signum
4054 4762 4489 4818 circumcisionis
4517 4763 4744 4832 accepit,
4783 4774 4940 4830 pater
4966 4777 5090 4815 esse
5122 4776 5232 4815 nte»

3636 4855 3742 4908 ruit
3787 4851 4128 4917 Judmorum;
4162 4861 4216 4906 et
4241 4853 4366 4920 quia
4399 4852 4464 4907 de
4493 4849 4610 4919 ejus
4655 4851 4826 4920 stirpe
4872 4851 4962 4904 ille
5003 4852 5226 4920 prodiit,

3633 4960 3730 5016 per
3758 4960 3916 5013 quem
3945 4943 4250 4998 benedictio
4279 4942 4522 4996 redditur
4547 4942 4676 4995 olim
4707 4941 5008 4996 maledirtae
5037 4952 5226 5004 terrm;

3636 5035 3840 5088 idcirco
3887 5034 3941 5088 in
3991 5033 4198 5087 semine
4241 5032 4360 5099 ejus
4400 5032 4797 5088 benedicuntur
4824 5048 5017 5089 omnes
5057 5036 5230 5090 tribas

3638 5137 3816 5181 terrae.
3850 5125 4015 5180 David
4064 5137 4193 5178 vero
4226 5123 4428 5178 dictum
4462 5134 4545 5178 est
4575 5143 4589 5177 :
4634 5143 4651 5175 ι
4691 5123 4767 5179 De
4798 5122 4976 5178 fructu
5021 5129 5231 5181 ventris

3638 5219 3712 5270 tui
3746 5230 3942 5284 ponam
3972 5228 4134 5282 super
4159 5214 4340 5267 sed‘m
4370 5227 4544 5266 meam
4575 5210 4747 5281 (Paul.
4778 5217 4988 5278 eam).
5033 5233 5052 5264 δ
5090 5213 5228 5280 Quia

3636 5306 3802 5375 igitur
3855 5303 3938 5356 his
3983 5300 4189 5357 duobus
4244 5301 4555 5371 specialiter
4599 5310 4683 5356 est
4731 5302 5063 5370 promissus,
5125 5320 5228 5356 non

3643 5397 3916 5451 immerito
3969 5396 4255 5464 utriusque
4321 5394 4591 5464 prtecipue
4654 5393 4796 5448 filius
4846 5408 4967 5448 esse
5030 5394 5230 5448 dicitur

3641 5488 3911 5542 Christus.

3714 5578 3817 5632 Sed
3858 5589 3912 5633 et
3944 5578 4070 5633 illud
4118 5577 4498 5646 inquirendum
4534 5588 4617 5632 est
4663 5593 4760 5632 cur
4790 5575 4959 5630 David
4995 5576 5226 5642 Abt-aha

3640 5671 3695 5726 in
3736 5670 3937 5726 Christi
3989 5670 4339 5740 generatione
4384 5669 4735 5739 pra-ponitur,
4776 5682 4899 5723 cuin
4951 5668 5224 5724 Abraham

3643 5763 3811 5818 multo
3842 5774 3966 5818 ante
3998 5777 4120 5818 sum
4155 5771 4398 5834 tempore
4428 5759 4596 5816 fuisse
4632 5775 4739 5816 non
4774 5758 5090 5818 dubitatur?
