  <div class='ocr_page' id='page_1' title='image "/cluster/home/n/w/nwhite01/storage/ocr_20150623/144-145/uc1.31175001639262/382.png"; bbox 0 0 5450 6340; ppageno 0'>
   <div class='ocr_carea' id='block_1_1' title="bbox 803 381 905 438">
    <p class='ocr_par' dir='ltr' id='par_1_1' title="bbox 803 381 905 438">
     <span class='ocr_line' id='line_1_1' title="bbox 803 381 905 438; baseline 0 -1"><span class='ocrx_word' id='word_1_1' title='bbox 803 381 905 438; x_wconf 66' lang='grc' dir='ltr'><strong>’ἴιὸ</strong></span> 
     </span>
    </p>
   </div>
   <div class='ocr_carea' id='block_1_2' title="bbox 2232 349 2695 413">
    <p class='ocr_par' dir='ltr' id='par_1_2' title="bbox 2232 349 2695 413">
     <span class='ocr_line' id='line_1_2' title="bbox 2232 349 2695 413; baseline -0.022 -1"><span class='ocrx_word' id='word_1_2' title='bbox 2232 351 2468 413; x_wconf 70' lang='lat' dir='ltr'><strong>SERHO</strong></span> <span class='ocrx_word' id='word_1_3' title='bbox 2507 349 2695 406; x_wconf 76' lang='lat' dir='ltr'><strong>XLVI.</strong></span> 
     </span>
    </p>
   </div>
   <div class='ocr_carea' id='block_1_3' title="bbox 4012 341 4118 399">
    <p class='ocr_par' dir='ltr' id='par_1_3' title="bbox 4012 341 4118 399">
     <span class='ocr_line' id='line_1_3' title="bbox 4012 341 4118 399; baseline 0 -1"><span class='ocrx_word' id='word_1_4' title='bbox 4012 341 4118 399; x_wconf 68' lang='lat'><strong>750</strong></span> 
     </span>
    </p>
   </div>
   <div class='ocr_carea' id='block_1_4' title="bbox 873 435 4119 553">
    <p class='ocr_par' dir='ltr' id='par_1_4' title="bbox 873 435 4119 553">
     <span class='ocr_line' id='line_1_4' title="bbox 873 435 4119 553; baseline 0.003 -51"><span class='ocrx_word' id='word_1_5' title='bbox 873 435 1004 553; x_wconf 47' lang='lat' dir='ltr'><strong>sed.</strong></span> <span class='ocrx_word' id='word_1_6' title='bbox 1035 487 1082 543; x_wconf 56' lang='lat' dir='ltr'><strong>si</strong></span> <span class='ocrx_word' id='word_1_7' title='bbox 1131 485 1350 541; x_wconf 68' lang='lat' dir='ltr'><strong>modum</strong></span> <span class='ocrx_word' id='word_1_8' title='bbox 1382 435 1542 537; x_wconf 42' lang='grc' dir='ltr'><strong>ἤδη</strong></span> <span class='ocrx_word' id='word_1_9' title='bbox 1581 491 1651 534; x_wconf 65' lang='grc' dir='ltr'><strong>,α</strong></span> <span class='ocrx_word' id='word_1_10' title='bbox 1689 485 1984 545; x_wconf 49' lang='lat' dir='ltr'><strong>ut&quot;,qu</strong></span> <span class='ocrx_word' id='word_1_11' title='bbox 2021 468 2402 544; x_wconf 60' lang='lat' dir='ltr'><strong>promissionis</strong></span> <span class='ocrx_word' id='word_1_12' title='bbox 2428 472 2475 527; x_wconf 73' lang='grc' dir='ltr'><strong>Α</strong></span> <span class='ocrx_word' id='word_1_13' title='bbox 2508 462 2772 532; x_wconf 80' lang='lat' dir='ltr'><strong>poraliter</strong></span> <span class='ocrx_word' id='word_1_14' title='bbox 2813 459 3084 553; x_wconf 79' lang='lat' dir='ltr'><strong>ducimus.</strong></span> <span class='ocrx_word' id='word_1_15' title='bbox 3127 472 3225 553; x_wconf 83' lang='lat' dir='ltr'><strong>per</strong></span> <span class='ocrx_word' id='word_1_16' title='bbox 3271 466 3507 528; x_wconf 84' lang='lat' dir='ltr'><strong>quatuor</strong></span> <span class='ocrx_word' id='word_1_17' title='bbox 3559 464 3808 553; x_wconf 74' lang='lat' dir='ltr'><strong>tempore</strong></span> <span class='ocrx_word' id='word_1_18' title='bbox 3837 457 4119 553; x_wconf 34' lang='lat' dir='ltr'><strong>‘Volvitur,</strong></span> 
     </span>
    </p>
   </div>
   <div class='ocr_carea' id='block_1_5' title="bbox 803 561 2403 650">
    <p class='ocr_par' dir='ltr' id='par_1_5' title="bbox 803 561 2403 650">
     <span class='ocr_line' id='line_1_5' title="bbox 803 561 2403 650; baseline -0.016 -11"><span class='ocrx_word' id='word_1_19' title='bbox 803 582 1043 639; x_wconf 79' lang='lat' dir='ltr'><strong>studiose</strong></span> <span class='ocrx_word' id='word_1_20' title='bbox 1074 574 1482 650; x_wconf 79' lang='lat' dir='ltr'><strong>perpendimus,</strong></span> <span class='ocrx_word' id='word_1_21' title='bbox 1518 586 1623 626; x_wconf 91' lang='lat' dir='ltr'><strong>non</strong></span> <span class='ocrx_word' id='word_1_22' title='bbox 1660 569 1781 624; x_wconf 87' lang='lat' dir='ltr'><strong>sine</strong></span> <span class='ocrx_word' id='word_1_23' title='bbox 1824 581 1987 622; x_wconf 85' lang='lat' dir='ltr'><strong>causa</strong></span> <span class='ocrx_word' id='word_1_24' title='bbox 2021 563 2188 618; x_wconf 83' lang='lat' dir='ltr'><strong>David</strong></span> <span class='ocrx_word' id='word_1_25' title='bbox 2232 561 2403 616; x_wconf 82' lang='lat' dir='ltr'><strong>fuisse</strong></span> 
     </span>
    </p>
   </div>
   <div class='ocr_carea' id='block_1_6' title="bbox 800 651 2402 746">
    <p class='ocr_par' dir='ltr' id='par_1_6' title="bbox 800 651 2402 746">
     <span class='ocr_line' id='line_1_6' title="bbox 800 651 2402 746; baseline -0.015 -16"><span class='ocrx_word' id='word_1_26' title='bbox 800 673 1154 746; x_wconf 64' lang='lat' dir='ltr'><strong>praepositum</strong></span> <span class='ocrx_word' id='word_1_27' title='bbox 1205 665 1531 721; x_wconf 79' lang='lat' dir='ltr'><strong>invenimus.</strong></span> <span class='ocrx_word' id='word_1_28' title='bbox 1570 661 1724 730; x_wconf 86' lang='lat' dir='ltr'><strong>Quod</strong></span> <span class='ocrx_word' id='word_1_29' title='bbox 1765 659 1913 713; x_wconf 90' lang='lat' dir='ltr'><strong>enim</strong></span> <span class='ocrx_word' id='word_1_30' title='bbox 1955 657 2189 711; x_wconf 71' lang='lat' dir='ltr'><strong>Abrahrc</strong></span> <span class='ocrx_word' id='word_1_31' title='bbox 2234 651 2402 708; x_wconf 86' lang='lat' dir='ltr'><strong>semel</strong></span> 
     </span>
    </p>
   </div>
   <div class='ocr_carea' id='block_1_7' title="bbox 803 746 2405 836">
    <p class='ocr_par' dir='ltr' id='par_1_7' title="bbox 803 746 2405 836">
     <span class='ocr_line' id='line_1_7' title="bbox 803 746 2405 836; baseline -0.012 -18"><span class='ocrx_word' id='word_1_32' title='bbox 803 764 1002 836; x_wconf 89' lang='lat' dir='ltr'><strong>legitur</strong></span> <span class='ocrx_word' id='word_1_33' title='bbox 1045 760 1213 815; x_wconf 82' lang='lat' dir='ltr'><strong>fuisse</strong></span> <span class='ocrx_word' id='word_1_34' title='bbox 1253 756 1604 827; x_wconf 89' lang='lat' dir='ltr'><strong>promissum,</strong></span> <span class='ocrx_word' id='word_1_35' title='bbox 1641 754 1744 806; x_wconf 91' lang='lat' dir='ltr'><strong>hoc</strong></span> <span class='ocrx_word' id='word_1_36' title='bbox 1781 749 1950 804; x_wconf 82' lang='lat' dir='ltr'><strong>David</strong></span> <span class='ocrx_word' id='word_1_37' title='bbox 1995 746 2271 816; x_wconf 77' lang='lat' dir='ltr'><strong>frequenti</strong></span> <span class='ocrx_word' id='word_1_38' title='bbox 2320 751 2405 836; x_wconf 80' lang='lat' dir='ltr'><strong>est</strong></span> 
     </span>
    </p>
   </div>
   <div class='ocr_carea' id='block_1_8' title="bbox 801 835 2404 924">
    <p class='ocr_par' dir='ltr' id='par_1_8' title="bbox 801 835 2404 924">
     <span class='ocr_line' id='line_1_8' title="bbox 801 835 2404 924; baseline -0.011 -16"><span class='ocrx_word' id='word_1_39' title='bbox 801 835 1194 924; x_wconf 83' lang='lat' dir='ltr'><strong>pollicitatione</strong></span> <span class='ocrx_word' id='word_1_40' title='bbox 1240 848 1540 902; x_wconf 83' lang='lat' dir='ltr'><strong>ﬁrmatum.</strong></span> <span class='ocrx_word' id='word_1_41' title='bbox 1593 843 1828 898; x_wconf 67' lang='lat' dir='ltr'><strong>Abrahae</strong></span> <span class='ocrx_word' id='word_1_42' title='bbox 1871 841 2014 894; x_wconf 92' lang='lat' dir='ltr'><strong>enim</strong></span> <span class='ocrx_word' id='word_1_43' title='bbox 2061 835 2404 894; x_wconf 85' lang='lat' dir='ltr'><strong>solummodo</strong></span> 
     </span>
    </p>
   </div>
   <div class='ocr_carea' id='block_1_9' title="bbox 803 932 2404 1000">
    <p class='ocr_par' dir='ltr' id='par_1_9' title="bbox 803 932 2404 1000">
     <span class='ocr_line' id='line_1_9' title="bbox 803 932 2404 1000; baseline -0.012 -1"><span class='ocrx_word' id='word_1_44' title='bbox 803 945 1007 1000; x_wconf 90' lang='lat' dir='ltr'><strong>dictum</strong></span> <span class='ocrx_word' id='word_1_45' title='bbox 1053 949 1135 996; x_wconf 87' lang='lat' dir='ltr'><strong>est</strong></span> <span class='ocrx_word' id='word_1_46' title='bbox 1166 959 1179 994; x_wconf 89' lang='lat'><strong>:</strong></span> <span class='ocrx_word' id='word_1_47' title='bbox 1215 957 1233 990; x_wconf 84' lang='grc' dir='ltr'><strong>ι</strong></span> <span class='ocrx_word' id='word_1_48' title='bbox 1271 938 1328 993; x_wconf 89' lang='lat' dir='ltr'><strong>ln</strong></span> <span class='ocrx_word' id='word_1_49' title='bbox 1369 937 1579 993; x_wconf 88' lang='lat' dir='ltr'><strong>semine</strong></span> <span class='ocrx_word' id='word_1_50' title='bbox 1631 943 1724 987; x_wconf 92' lang='lat' dir='ltr'><strong>tuo</strong></span> <span class='ocrx_word' id='word_1_51' title='bbox 1771 932 2166 988; x_wconf 85' lang='lat' dir='ltr'><strong>benedicentur</strong></span> <span class='ocrx_word' id='word_1_52' title='bbox 2211 943 2404 984; x_wconf 90' lang='lat' dir='ltr'><strong>omnes</strong></span> 
     </span>
    </p>
   </div>
   <div class='ocr_carea' id='block_1_10' title="bbox 802 1017 2402 1107">
    <p class='ocr_par' dir='ltr' id='par_1_10' title="bbox 802 1017 2402 1107">
     <span class='ocr_line' id='line_1_10' title="bbox 802 1017 2402 1107; baseline -0.012 -17"><span class='ocrx_word' id='word_1_53' title='bbox 802 1043 1011 1107; x_wconf 90' lang='lat' dir='ltr'><strong>gentes.</strong></span> <span class='ocrx_word' id='word_1_54' title='bbox 1050 1052 1066 1084; x_wconf 85' lang='grc' dir='ltr'><strong>ι</strong></span> <span class='ocrx_word' id='word_1_55' title='bbox 1134 1031 1302 1086; x_wconf 84' lang='lat' dir='ltr'><strong>David</strong></span> <span class='ocrx_word' id='word_1_56' title='bbox 1351 1042 1484 1083; x_wconf 91' lang='lat' dir='ltr'><strong>vero</strong></span> <span class='ocrx_word' id='word_1_57' title='bbox 1535 1024 1741 1080; x_wconf 84' lang='lat' dir='ltr'><strong>Christi</strong></span> <span class='ocrx_word' id='word_1_58' title='bbox 1797 1031 1956 1093; x_wconf 88' lang='lat' dir='ltr'><strong>pater</strong></span> <span class='ocrx_word' id='word_1_59' title='bbox 2009 1020 2116 1076; x_wconf 89' lang='lat' dir='ltr'><strong>dici</strong></span> <span class='ocrx_word' id='word_1_60' title='bbox 2178 1017 2402 1090; x_wconf 74' lang='lat' dir='ltr'><strong>speciali</strong></span> 
     </span>
    </p>
   </div>
   <div class='ocr_carea' id='block_1_11' title="bbox 802 1111 2405 1194">
    <p class='ocr_par' dir='ltr' id='par_1_11' title="bbox 802 1111 2405 1194">
     <span class='ocr_line' id='line_1_11' title="bbox 802 1111 2405 1194; baseline -0.009 -17"><span class='ocrx_word' id='word_1_61' title='bbox 802 1121 1204 1194; x_wconf 89' lang='lat' dir='ltr'><strong>quodammodo</strong></span> <span class='ocrx_word' id='word_1_62' title='bbox 1244 1117 1530 1191; x_wconf 84' lang='lat' dir='ltr'><strong>privilegio</strong></span> <span class='ocrx_word' id='word_1_63' title='bbox 1581 1114 1812 1175; x_wconf 90' lang='lat' dir='ltr'><strong>meruit,</strong></span> <span class='ocrx_word' id='word_1_64' title='bbox 1857 1113 1950 1182; x_wconf 88' lang='lat' dir='ltr'><strong>qui</strong></span> <span class='ocrx_word' id='word_1_65' title='bbox 2000 1111 2186 1182; x_wconf 82' lang='lat' dir='ltr'><strong>plures</strong></span> <span class='ocrx_word' id='word_1_66' title='bbox 2226 1111 2294 1164; x_wconf 91' lang='lat' dir='ltr'><strong>de</strong></span> <span class='ocrx_word' id='word_1_67' title='bbox 2340 1123 2405 1164; x_wconf 89' lang='lat' dir='ltr'><strong>co</strong></span> 
     </span>
    </p>
   </div>
   <div class='ocr_carea' id='block_1_12' title="bbox 799 1200 2401 1286">
    <p class='ocr_par' dir='ltr' id='par_1_12' title="bbox 799 1200 2401 1286">
     <span class='ocr_line' id='line_1_12' title="bbox 799 1200 2401 1286; baseline -0.009 -18"><span class='ocrx_word' id='word_1_68' title='bbox 799 1214 1194 1286; x_wconf 89' lang='lat' dir='ltr'><strong>promissiones</strong></span> <span class='ocrx_word' id='word_1_69' title='bbox 1241 1209 1487 1278; x_wconf 88' lang='lat' dir='ltr'><strong>accepit;</strong></span> <span class='ocrx_word' id='word_1_70' title='bbox 1524 1207 1667 1260; x_wconf 81' lang='lat' dir='ltr'><strong>sicut</strong></span> <span class='ocrx_word' id='word_1_71' title='bbox 1712 1215 1796 1259; x_wconf 88' lang='lat' dir='ltr'><strong>est</strong></span> <span class='ocrx_word' id='word_1_72' title='bbox 1858 1203 1988 1258; x_wconf 89' lang='lat' dir='ltr'><strong>illud</strong></span> <span class='ocrx_word' id='word_1_73' title='bbox 2041 1203 2094 1256; x_wconf 93' lang='lat' dir='ltr'><strong>in</strong></span> <span class='ocrx_word' id='word_1_74' title='bbox 2145 1200 2401 1271; x_wconf 82' lang='lat' dir='ltr'><strong>psalmo:</strong></span> 
     </span>
    </p>
   </div>
   <div class='ocr_carea' id='block_1_13' title="bbox 806 1295 2397 1369">
    <p class='ocr_par' dir='ltr' id='par_1_13' title="bbox 806 1295 2397 1369">
     <span class='ocr_line' id='line_1_13' title="bbox 806 1295 2397 1369; baseline -0.009 -11"><span class='ocrx_word' id='word_1_75' title='bbox 806 1324 826 1358; x_wconf 77' lang='grc' dir='ltr'><strong>ι</strong></span> <span class='ocrx_word' id='word_1_76' title='bbox 858 1308 931 1362; x_wconf 92' lang='lat' dir='ltr'><strong>De</strong></span> <span class='ocrx_word' id='word_1_77' title='bbox 963 1304 1142 1361; x_wconf 84' lang='lat' dir='ltr'><strong>fructu</strong></span> <span class='ocrx_word' id='word_1_78' title='bbox 1170 1303 1377 1360; x_wconf 79' lang='lat' dir='ltr'><strong>ventris</strong></span> <span class='ocrx_word' id='word_1_79' title='bbox 1409 1300 1482 1355; x_wconf 90' lang='lat' dir='ltr'><strong>tui</strong></span> <span class='ocrx_word' id='word_1_80' title='bbox 1514 1314 1712 1369; x_wconf 88' lang='lat' dir='ltr'><strong>ponam</strong></span> <span class='ocrx_word' id='word_1_81' title='bbox 1744 1311 1908 1366; x_wconf 81' lang='lat' dir='ltr'><strong>super</strong></span> <span class='ocrx_word' id='word_1_82' title='bbox 1934 1295 2119 1350; x_wconf 87' lang='lat' dir='ltr'><strong>sedem</strong></span> <span class='ocrx_word' id='word_1_83' title='bbox 2155 1308 2354 1348; x_wconf 88' lang='lat' dir='ltr'><strong>meam.</strong></span> <span class='ocrx_word' id='word_1_84' title='bbox 2380 1311 2397 1344; x_wconf 76' lang='grc' dir='ltr'><strong>ι</strong></span> 
     </span>
    </p>
   </div>
   <div class='ocr_carea' id='block_1_14' title="bbox 801 1383 2404 1459">
    <p class='ocr_par' dir='ltr' id='par_1_14' title="bbox 801 1383 2404 1459">
     <span class='ocr_line' id='line_1_14' title="bbox 801 1383 2404 1459; baseline -0.009 -6"><span class='ocrx_word' id='word_1_85' title='bbox 801 1399 866 1454; x_wconf 82' lang='lat' dir='ltr'><strong>Et</strong></span> <span class='ocrx_word' id='word_1_86' title='bbox 934 1398 1131 1452; x_wconf 90' lang='lat' dir='ltr'><strong>iterum</strong></span> <span class='ocrx_word' id='word_1_87' title='bbox 1183 1415 1196 1449; x_wconf 92' lang='lat'><strong>:</strong></span> <span class='ocrx_word' id='word_1_88' title='bbox 1254 1413 1271 1446; x_wconf 87' lang='grc' dir='ltr'><strong>ι</strong></span> <span class='ocrx_word' id='word_1_89' title='bbox 1313 1392 1492 1447; x_wconf 83' lang='lat' dir='ltr'><strong>Semel</strong></span> <span class='ocrx_word' id='word_1_90' title='bbox 1548 1390 1788 1459; x_wconf 88' lang='lat' dir='ltr'><strong>juraviin</strong></span> <span class='ocrx_word' id='word_1_91' title='bbox 1858 1396 2054 1443; x_wconf 87' lang='lat' dir='ltr'><strong>sancto</strong></span> <span class='ocrx_word' id='word_1_92' title='bbox 2126 1401 2294 1450; x_wconf 89' lang='lat' dir='ltr'><strong>meo,</strong></span> <span class='ocrx_word' id='word_1_93' title='bbox 2358 1383 2404 1438; x_wconf 84' lang='lat' dir='ltr'><strong>si</strong></span> 
     </span>
    </p>
   </div>
   <div class='ocr_carea' id='block_1_15' title="bbox 797 1473 2406 1548">
    <p class='ocr_par' dir='ltr' id='par_1_15' title="bbox 797 1473 2406 1548">
     <span class='ocr_line' id='line_1_15' title="bbox 797 1473 2406 1548; baseline -0.009 -6"><span class='ocrx_word' id='word_1_94' title='bbox 797 1486 970 1542; x_wconf 80' lang='lat' dir='ltr'><strong>David</strong></span> <span class='ocrx_word' id='word_1_95' title='bbox 1020 1486 1286 1547; x_wconf 88' lang='lat' dir='ltr'><strong>mentiar,</strong></span> <span class='ocrx_word' id='word_1_96' title='bbox 1334 1497 1518 1537; x_wconf 88' lang='lat' dir='ltr'><strong>semen</strong></span> <span class='ocrx_word' id='word_1_97' title='bbox 1570 1480 1687 1548; x_wconf 86' lang='lat' dir='ltr'><strong>ejus</strong></span> <span class='ocrx_word' id='word_1_98' title='bbox 1735 1481 1786 1532; x_wconf 92' lang='lat' dir='ltr'><strong>in</strong></span> <span class='ocrx_word' id='word_1_99' title='bbox 1846 1488 2111 1532; x_wconf 67' lang='lat' dir='ltr'><strong>aeternum</strong></span> <span class='ocrx_word' id='word_1_100' title='bbox 2163 1473 2406 1530; x_wconf 83' lang='lat' dir='ltr'><strong>manebit</strong></span> 
     </span>
    </p>
   </div>
   <div class='ocr_carea' id='block_1_16' title="bbox 799 1568 2402 1654">
    <p class='ocr_par' dir='ltr' id='par_1_16' title="bbox 799 1568 2402 1654">
     <span class='ocr_line' id='line_1_16' title="bbox 799 1568 2402 1654; baseline -0.009 -17"><span class='ocrx_word' id='word_1_101' title='bbox 799 1580 991 1654; x_wconf 78' lang='lat' dir='ltr'><strong>(Psal.</strong></span> <span class='ocrx_word' id='word_1_102' title='bbox 1046 1579 1345 1650; x_wconf 76' lang='lat' dir='ltr'><strong>Lxxxvtu).</strong></span> <span class='ocrx_word' id='word_1_103' title='bbox 1398 1596 1417 1630; x_wconf 72' lang='grc' dir='ltr'><strong>ι</strong></span> <span class='ocrx_word' id='word_1_104' title='bbox 1467 1577 1536 1631; x_wconf 88' lang='grc' dir='ltr'>Ει</span> <span class='ocrx_word' id='word_1_105' title='bbox 1584 1577 1637 1630; x_wconf 89' lang='lat' dir='ltr'><strong>in</strong></span> <span class='ocrx_word' id='word_1_106' title='bbox 1693 1575 1837 1628; x_wconf 91' lang='lat' dir='ltr'><strong>libro</strong></span> <span class='ocrx_word' id='word_1_107' title='bbox 1880 1571 2128 1641; x_wconf 75' lang='lat' dir='ltr'><strong>Regum,</strong></span> <span class='ocrx_word' id='word_1_108' title='bbox 2186 1568 2402 1623; x_wconf 86' lang='lat' dir='ltr'><strong>Nathan</strong></span> 
     </span>
    </p>
   </div>
   <div class='ocr_carea' id='block_1_17' title="bbox 797 1660 2403 1745">
    <p class='ocr_par' dir='ltr' id='par_1_17' title="bbox 797 1660 2403 1745">
     <span class='ocr_line' id='line_1_17' title="bbox 797 1660 2403 1745; baseline -0.011 -16"><span class='ocrx_word' id='word_1_109' title='bbox 797 1674 1063 1745; x_wconf 82' lang='lat' dir='ltr'><strong>propheta</strong></span> <span class='ocrx_word' id='word_1_110' title='bbox 1145 1672 1196 1724; x_wconf 92' lang='lat' dir='ltr'><strong>in</strong></span> <span class='ocrx_word' id='word_1_111' title='bbox 1266 1670 1473 1740; x_wconf 80' lang='lat' dir='ltr'><strong>Spiritu</strong></span> <span class='ocrx_word' id='word_1_112' title='bbox 1552 1676 1744 1722; x_wconf 88' lang='lat' dir='ltr'><strong>sancto</strong></span> <span class='ocrx_word' id='word_1_113' title='bbox 1817 1665 1883 1718; x_wconf 90' lang='lat' dir='ltr'><strong>ad</strong></span> <span class='ocrx_word' id='word_1_114' title='bbox 1963 1663 2132 1716; x_wconf 90' lang='lat' dir='ltr'><strong>David</strong></span> <span class='ocrx_word' id='word_1_115' title='bbox 2226 1660 2403 1729; x_wconf 88' lang='lat' dir='ltr'><strong>loqui-</strong></span> 
     </span>
    </p>
   </div>
   <div class='ocr_carea' id='block_1_18' title="bbox 797 1754 2404 1830">
    <p class='ocr_par' dir='ltr' id='par_1_18' title="bbox 797 1754 2404 1830">
     <span class='ocr_line' id='line_1_18' title="bbox 797 1754 2404 1830; baseline -0.009 -10"><span class='ocrx_word' id='word_1_116' title='bbox 797 1771 931 1830; x_wconf 92' lang='lat' dir='ltr'><strong>tur,</strong></span> <span class='ocrx_word' id='word_1_117' title='bbox 1012 1763 1256 1817; x_wconf 88' lang='lat' dir='ltr'><strong>dicens:</strong></span> <span class='ocrx_word' id='word_1_118' title='bbox 1312 1760 1501 1815; x_wconf 71' lang='lat' dir='ltr'><strong>(Cum</strong></span> <span class='ocrx_word' id='word_1_119' title='bbox 1585 1757 1877 1814; x_wconf 88' lang='lat' dir='ltr'><strong>dormieris</strong></span> <span class='ocrx_word' id='word_1_120' title='bbox 1949 1771 2074 1810; x_wconf 90' lang='lat' dir='ltr'><strong>cum</strong></span> <span class='ocrx_word' id='word_1_121' title='bbox 2155 1754 2404 1821; x_wconf 86' lang='lat' dir='ltr'><strong>patribus</strong></span> 
     </span>
    </p>
   </div>
   <div class='ocr_carea' id='block_1_19' title="bbox 2507 549 4100 623">
    <p class='ocr_par' dir='ltr' id='par_1_19' title="bbox 2507 549 4100 623">
     <span class='ocr_line' id='line_1_19' title="bbox 2507 549 4100 623; baseline -0.003 -14"><span class='ocrx_word' id='word_1_122' title='bbox 2507 564 2562 609; x_wconf 85' lang='lat' dir='ltr'><strong>et</strong></span> <span class='ocrx_word' id='word_1_123' title='bbox 2593 554 2850 618; x_wconf 91' lang='lat' dir='ltr'><strong>mundus,</strong></span> <span class='ocrx_word' id='word_1_124' title='bbox 2882 552 2934 607; x_wconf 93' lang='lat' dir='ltr'><strong>in</strong></span> <span class='ocrx_word' id='word_1_125' title='bbox 2966 567 3075 623; x_wconf 91' lang='lat' dir='ltr'><strong>quo</strong></span> <span class='ocrx_word' id='word_1_126' title='bbox 3107 551 3361 616; x_wconf 87' lang='lat' dir='ltr'><strong>vivimus,</strong></span> <span class='ocrx_word' id='word_1_127' title='bbox 3407 549 3962 620; x_wconf 68' lang='lat' dir='ltr'><strong>quatuorhincinde</strong></span> <span class='ocrx_word' id='word_1_128' title='bbox 4000 565 4100 620; x_wconf 84' lang='lat' dir='ltr'><strong>par</strong></span> 
     </span>
    </p>
   </div>
   <div class='ocr_carea' id='block_1_20' title="bbox 2510 639 4121 718">
    <p class='ocr_par' dir='ltr' id='par_1_20' title="bbox 2510 639 4121 718">
     <span class='ocr_line' id='line_1_20' title="bbox 2510 639 4121 718; baseline -0.005 -18"><span class='ocrx_word' id='word_1_129' title='bbox 2510 646 2652 701; x_wconf 88' lang='lat' dir='ltr'><strong>tibus</strong></span> <span class='ocrx_word' id='word_1_130' title='bbox 2703 645 3053 701; x_wconf 87' lang='lat' dir='ltr'><strong>terminatur.</strong></span> <span class='ocrx_word' id='word_1_131' title='bbox 3104 643 3220 697; x_wconf 86' lang='lat' dir='ltr'><strong>Hoc</strong></span> <span class='ocrx_word' id='word_1_132' title='bbox 3282 642 3518 710; x_wconf 89' lang='lat' dir='ltr'><strong>denique</strong></span> <span class='ocrx_word' id='word_1_133' title='bbox 3572 639 3788 711; x_wconf 79' lang='lat' dir='ltr'><strong>Moyses</strong></span> <span class='ocrx_word' id='word_1_134' title='bbox 3837 640 4121 718; x_wconf 68' lang='lat' dir='ltr'><strong>pimvidit,</strong></span> 
     </span>
    </p>
   </div>
   <div class='ocr_carea' id='block_1_21' title="bbox 2507 735 4125 807">
    <p class='ocr_par' dir='ltr' id='par_1_21' title="bbox 2507 735 4125 807">
     <span class='ocr_line' id='line_1_21' title="bbox 2507 735 4125 807; baseline -0.005 -11"><span class='ocrx_word' id='word_1_135' title='bbox 2507 743 2611 798; x_wconf 92' lang='lat' dir='ltr'><strong>hoc</strong></span> <span class='ocrx_word' id='word_1_136' title='bbox 2633 741 3091 796; x_wconf 77' lang='lat' dir='ltr'><strong>Eliasintellexit:</strong></span> <span class='ocrx_word' id='word_1_137' title='bbox 3122 737 3510 807; x_wconf 89' lang='lat' dir='ltr'><strong>uterqueenim</strong></span> <span class='ocrx_word' id='word_1_138' title='bbox 3536 735 3900 805; x_wconf 80' lang='lat' dir='ltr'><strong>quadraginta</strong></span> <span class='ocrx_word' id='word_1_139' title='bbox 3927 735 4125 790; x_wconf 86' lang='lat' dir='ltr'><strong>diebus</strong></span> 
     </span>
    </p>
   </div>
   <div class='ocr_carea' id='block_1_22' title="bbox 2506 827 4124 901">
    <p class='ocr_par' dir='ltr' id='par_1_22' title="bbox 2506 827 4124 901">
     <span class='ocr_line' id='line_1_22' title="bbox 2506 827 4124 901; baseline -0.002 -14"><span class='ocrx_word' id='word_1_140' title='bbox 2506 835 2780 889; x_wconf 90' lang='lat' dir='ltr'><strong>continuis</strong></span> <span class='ocrx_word' id='word_1_141' title='bbox 2805 832 3090 901; x_wconf 86' lang='lat' dir='ltr'><strong>jejunavit.</strong></span> <span class='ocrx_word' id='word_1_142' title='bbox 3122 831 3322 901; x_wconf 67' lang='lat' dir='ltr'><strong>(Ea-od.</strong></span> <span class='ocrx_word' id='word_1_143' title='bbox 3351 845 3546 894; x_wconf 74' lang='lat' dir='ltr'><strong>xxxiv;</strong></span> <span class='ocrx_word' id='word_1_144' title='bbox 3574 827 3674 882; x_wconf 86' lang='lat' dir='ltr'><strong>I-II</strong></span> <span class='ocrx_word' id='word_1_145' title='bbox 3694 827 3823 898; x_wconf 81' lang='lat' dir='ltr'><strong>Reg.</strong></span> <span class='ocrx_word' id='word_1_146' title='bbox 3852 828 3990 890; x_wconf 77' lang='lat' dir='ltr'><strong>xix).</strong></span> <span class='ocrx_word' id='word_1_147' title='bbox 4017 827 4124 883; x_wconf 80' lang='lat' dir='ltr'><strong>Ile—</strong></span> 
     </span>
    </p>
   </div>
   <div class='ocr_carea' id='block_1_23' title="bbox 2507 923 4127 1003">
    <p class='ocr_par' dir='ltr' id='par_1_23' title="bbox 2507 923 4127 1003">
     <span class='ocr_line' id='line_1_23' title="bbox 2507 923 4127 1003; baseline -0.006 -14"><span class='ocrx_word' id='word_1_148' title='bbox 2507 934 2760 1003; x_wconf 89' lang='lat' dir='ltr'><strong>demptor</strong></span> <span class='ocrx_word' id='word_1_149' title='bbox 2805 933 2970 986; x_wconf 83' lang='lat' dir='ltr'><strong>etiam</strong></span> <span class='ocrx_word' id='word_1_150' title='bbox 3028 939 3219 984; x_wconf 85' lang='lat' dir='ltr'><strong>noster</strong></span> <span class='ocrx_word' id='word_1_151' title='bbox 3274 929 3379 983; x_wconf 89' lang='lat' dir='ltr'><strong>hoc</strong></span> <span class='ocrx_word' id='word_1_152' title='bbox 3429 928 3571 983; x_wconf 89' lang='lat' dir='ltr'><strong>idem</strong></span> <span class='ocrx_word' id='word_1_153' title='bbox 3613 925 3879 996; x_wconf 86' lang='lat' dir='ltr'><strong>jejunium</strong></span> <span class='ocrx_word' id='word_1_154' title='bbox 3929 923 4127 980; x_wconf 83' lang='lat' dir='ltr'><strong>diebus</strong></span> 
     </span>
    </p>
   </div>
   <div class='ocr_carea' id='block_1_24' title="bbox 2507 1017 4125 1090">
    <p class='ocr_par' dir='ltr' id='par_1_24' title="bbox 2507 1017 4125 1090">
     <span class='ocr_line' id='line_1_24' title="bbox 2507 1017 4125 1090; baseline -0.002 -13"><span class='ocrx_word' id='word_1_155' title='bbox 2507 1023 2734 1078; x_wconf 88' lang='lat' dir='ltr'><strong>totidem</strong></span> <span class='ocrx_word' id='word_1_156' title='bbox 2766 1021 3108 1077; x_wconf 86' lang='lat' dir='ltr'><strong>consecravit</strong></span> <span class='ocrx_word' id='word_1_157' title='bbox 3141 1021 3356 1090; x_wconf 73' lang='lat' dir='ltr'><strong>(Matth.</strong></span> <span class='ocrx_word' id='word_1_158' title='bbox 3391 1019 3486 1088; x_wconf 82' lang='lat' dir='ltr'><strong>Iv).</strong></span> <span class='ocrx_word' id='word_1_159' title='bbox 3547 1017 3686 1073; x_wconf 86' lang='lat' dir='ltr'><strong>Hinc</strong></span> <span class='ocrx_word' id='word_1_160' title='bbox 3719 1027 3801 1073; x_wconf 88' lang='lat' dir='ltr'><strong>est</strong></span> <span class='ocrx_word' id='word_1_161' title='bbox 3832 1019 3977 1088; x_wconf 89' lang='lat' dir='ltr'><strong>quod</strong></span> <span class='ocrx_word' id='word_1_162' title='bbox 4029 1018 4125 1073; x_wconf 82' lang='lat' dir='ltr'><strong>lilii</strong></span> 
     </span>
    </p>
   </div>
   <div class='ocr_carea' id='block_1_25' title="bbox 2506 1113 4128 1187">
    <p class='ocr_par' dir='ltr' id='par_1_25' title="bbox 2506 1113 4128 1187">
     <span class='ocr_line' id='line_1_25' title="bbox 2506 1113 4128 1187; baseline -0.004 -15"><span class='ocrx_word' id='word_1_163' title='bbox 2506 1116 2699 1180; x_wconf 81' lang='lat' dir='ltr'><strong>Israel,</strong></span> <span class='ocrx_word' id='word_1_164' title='bbox 2725 1117 2817 1187; x_wconf 86' lang='lat' dir='ltr'><strong>qui</strong></span> <span class='ocrx_word' id='word_1_165' title='bbox 2848 1132 2946 1186; x_wconf 89' lang='lat' dir='ltr'><strong>per</strong></span> <span class='ocrx_word' id='word_1_166' title='bbox 2973 1117 3248 1170; x_wconf 90' lang='lat' dir='ltr'><strong>desertum</strong></span> <span class='ocrx_word' id='word_1_167' title='bbox 3299 1114 3541 1168; x_wconf 87' lang='lat' dir='ltr'><strong>laborem</strong></span> <span class='ocrx_word' id='word_1_168' title='bbox 3575 1114 3709 1166; x_wconf 90' lang='lat' dir='ltr'><strong>tanti</strong></span> <span class='ocrx_word' id='word_1_169' title='bbox 3747 1113 3960 1167; x_wconf 86' lang='lat' dir='ltr'><strong>itineris</strong></span> <span class='ocrx_word' id='word_1_170' title='bbox 3998 1130 4128 1181; x_wconf 82' lang='lat' dir='ltr'><strong>per-</strong></span> 
     </span>
    </p>
   </div>
   <div class='ocr_carea' id='block_1_26' title="bbox 2508 1204 4128 1276">
    <p class='ocr_par' dir='ltr' id='par_1_26' title="bbox 2508 1204 4128 1276">
     <span class='ocr_line' id='line_1_26' title="bbox 2508 1204 4128 1276; baseline -0.001 -17"><span class='ocrx_word' id='word_1_171' title='bbox 2508 1207 2775 1270; x_wconf 90' lang='lat' dir='ltr'><strong>tulerunt,</strong></span> <span class='ocrx_word' id='word_1_172' title='bbox 2803 1215 2926 1275; x_wconf 91' lang='lat' dir='ltr'><strong>post</strong></span> <span class='ocrx_word' id='word_1_173' title='bbox 2948 1205 3306 1276; x_wconf 89' lang='lat' dir='ltr'><strong>quadraginta</strong></span> <span class='ocrx_word' id='word_1_174' title='bbox 3324 1219 3498 1259; x_wconf 85' lang='lat' dir='ltr'><strong>annos</strong></span> <span class='ocrx_word' id='word_1_175' title='bbox 3520 1213 3720 1257; x_wconf 88' lang='lat' dir='ltr'><strong>terram</strong></span> <span class='ocrx_word' id='word_1_176' title='bbox 3745 1204 4128 1272; x_wconf 81' lang='lat' dir='ltr'><strong>repromissio-</strong></span> 
     </span>
    </p>
   </div>
   <div class='ocr_carea' id='block_1_27' title="bbox 2508 1295 4126 1369">
    <p class='ocr_par' dir='ltr' id='par_1_27' title="bbox 2508 1295 4126 1369">
     <span class='ocr_line' id='line_1_27' title="bbox 2508 1295 4126 1369; baseline -0.001 -16"><span class='ocrx_word' id='word_1_177' title='bbox 2508 1300 2594 1354; x_wconf 89' lang='lat' dir='ltr'><strong>nis</strong></span> <span class='ocrx_word' id='word_1_178' title='bbox 2622 1299 2896 1352; x_wconf 89' lang='lat' dir='ltr'><strong>intrarunt</strong></span> <span class='ocrx_word' id='word_1_179' title='bbox 2920 1297 3104 1369; x_wconf 71' lang='lat' dir='ltr'><strong>(Deut.</strong></span> <span class='ocrx_word' id='word_1_180' title='bbox 3135 1298 3451 1368; x_wconf 76' lang='grc' dir='ltr'><strong>ι;.1οε.ιιι).</strong></span> <span class='ocrx_word' id='word_1_181' title='bbox 3485 1296 3594 1350; x_wconf 85' lang='lat' dir='ltr'><strong>Nos</strong></span> <span class='ocrx_word' id='word_1_182' title='bbox 3625 1297 3863 1366; x_wconf 83' lang='lat' dir='ltr'><strong>denique</strong></span> <span class='ocrx_word' id='word_1_183' title='bbox 3898 1295 4126 1362; x_wconf 81' lang='lat' dir='ltr'><strong>fratres,</strong></span> 
     </span>
    </p>
   </div>
   <div class='ocr_carea' id='block_1_28' title="bbox 2509 1385 4130 1458">
    <p class='ocr_par' dir='ltr' id='par_1_28' title="bbox 2509 1385 4130 1458">
     <span class='ocr_line' id='line_1_28' title="bbox 2509 1385 4130 1458; baseline -0.002 -16"><span class='ocrx_word' id='word_1_184' title='bbox 2509 1406 2609 1443; x_wconf 92' lang='lat' dir='ltr'><strong>nos</strong></span> <span class='ocrx_word' id='word_1_185' title='bbox 2662 1389 2755 1442; x_wconf 79' lang='lat' dir='ltr'><strong>lilii</strong></span> <span class='ocrx_word' id='word_1_186' title='bbox 2808 1389 2974 1443; x_wconf 87' lang='lat' dir='ltr'><strong>Israel</strong></span> <span class='ocrx_word' id='word_1_187' title='bbox 3032 1404 3255 1454; x_wconf 86' lang='lat' dir='ltr'><strong>sumus,</strong></span> <span class='ocrx_word' id='word_1_188' title='bbox 3311 1389 3402 1457; x_wconf 90' lang='lat' dir='ltr'><strong>qui</strong></span> <span class='ocrx_word' id='word_1_189' title='bbox 3458 1389 3613 1458; x_wconf 85' lang='lat' dir='ltr'><strong>prius</strong></span> <span class='ocrx_word' id='word_1_190' title='bbox 3666 1387 3910 1442; x_wconf 89' lang='lat' dir='ltr'><strong>laborem</strong></span> <span class='ocrx_word' id='word_1_191' title='bbox 3964 1385 4130 1455; x_wconf 80' lang='lat' dir='ltr'><strong>hujus</strong></span> 
     </span>
    </p>
   </div>
   <div class='ocr_carea' id='block_1_29' title="bbox 2507 1478 4127 1549">
    <p class='ocr_par' dir='ltr' id='par_1_29' title="bbox 2507 1478 4127 1549">
     <span class='ocr_line' id='line_1_29' title="bbox 2507 1478 4127 1549; baseline 0.002 -18"><span class='ocrx_word' id='word_1_192' title='bbox 2507 1494 2833 1534; x_wconf 66' lang='lat' dir='ltr'><strong>aerumnosre</strong></span> <span class='ocrx_word' id='word_1_193' title='bbox 2874 1480 2997 1534; x_wconf 81' lang='lat' dir='ltr'><strong>vitae</strong></span> <span class='ocrx_word' id='word_1_194' title='bbox 3043 1478 3395 1549; x_wconf 82' lang='lat' dir='ltr'><strong>perferimus,</strong></span> <span class='ocrx_word' id='word_1_195' title='bbox 3430 1489 3485 1533; x_wconf 90' lang='lat' dir='ltr'><strong>et</strong></span> <span class='ocrx_word' id='word_1_196' title='bbox 3525 1480 3604 1534; x_wconf 88' lang='lat' dir='ltr'><strong>sic</strong></span> <span class='ocrx_word' id='word_1_197' title='bbox 3646 1479 3865 1534; x_wconf 90' lang='lat' dir='ltr'><strong>demum</strong></span> <span class='ocrx_word' id='word_1_198' title='bbox 3921 1489 4127 1534; x_wconf 85' lang='lat' dir='ltr'><strong>terram</strong></span> 
     </span>
    </p>
   </div>
   <div class='ocr_carea' id='block_1_30' title="bbox 2509 1571 4130 1644">
    <p class='ocr_par' dir='ltr' id='par_1_30' title="bbox 2509 1571 4130 1644">
     <span class='ocr_line' id='line_1_30' title="bbox 2509 1571 4130 1644; baseline 0.002 -19"><span class='ocrx_word' id='word_1_199' title='bbox 2509 1572 2976 1641; x_wconf 82' lang='lat' dir='ltr'><strong>repromissionis,</strong></span> <span class='ocrx_word' id='word_1_200' title='bbox 3027 1573 3078 1627; x_wconf 87' lang='lat' dir='ltr'><strong>id</strong></span> <span class='ocrx_word' id='word_1_201' title='bbox 3126 1582 3229 1637; x_wconf 90' lang='lat' dir='ltr'><strong>est,</strong></span> <span class='ocrx_word' id='word_1_202' title='bbox 3272 1571 3627 1628; x_wconf 84' lang='lat' dir='ltr'><strong>stabilitatem</strong></span> <span class='ocrx_word' id='word_1_203' title='bbox 3677 1575 3830 1644; x_wconf 90' lang='lat' dir='ltr'><strong>regni</strong></span> <span class='ocrx_word' id='word_1_204' title='bbox 3884 1575 4130 1630; x_wconf 72' lang='lat' dir='ltr'><strong>cmlestis</strong></span> 
     </span>
    </p>
   </div>
   <div class='ocr_carea' id='block_1_31' title="bbox 2509 1663 4128 1751">
    <p class='ocr_par' dir='ltr' id='par_1_31' title="bbox 2509 1663 4128 1751">
     <span class='ocr_line' id='line_1_31' title="bbox 2509 1663 4128 1751; baseline 0.002 -33"><span class='ocrx_word' id='word_1_205' title='bbox 2509 1663 2802 1718; x_wconf 90' lang='lat' dir='ltr'><strong>intramus.</strong></span> <span class='ocrx_word' id='word_1_206' title='bbox 2834 1663 2974 1718; x_wconf 83' lang='lat' dir='ltr'><strong>Hinc</strong></span> <span class='ocrx_word' id='word_1_207' title='bbox 3004 1674 3088 1719; x_wconf 90' lang='lat' dir='ltr'><strong>est</strong></span> <span class='ocrx_word' id='word_1_208' title='bbox 3117 1666 3287 1719; x_wconf 89' lang='lat' dir='ltr'><strong>etiam</strong></span> <span class='ocrx_word' id='word_1_209' title='bbox 3319 1665 3465 1734; x_wconf 88' lang='lat' dir='ltr'><strong>quod</strong></span> <span class='ocrx_word' id='word_1_210' title='bbox 3494 1664 3679 1725; x_wconf 82' lang='lat' dir='ltr'><strong>Jonas.</strong></span> <span class='ocrx_word' id='word_1_211' title='bbox 3708 1666 3800 1751; x_wconf 74' lang='lat' dir='ltr'><strong>qui</strong></span> <span class='ocrx_word' id='word_1_212' title='bbox 3839 1681 3904 1720; x_wconf 82' lang='lat' dir='ltr'><strong>ex</strong></span> <span class='ocrx_word' id='word_1_213' title='bbox 3940 1667 4128 1721; x_wconf 83' lang='lat' dir='ltr'><strong>divina</strong></span> 
     </span>
    </p>
   </div>
   <div class='ocr_carea' id='block_1_32' title="bbox 2502 1753 4134 1827">
    <p class='ocr_par' dir='ltr' id='par_1_32' title="bbox 2502 1753 4134 1827">
     <span class='ocr_line' id='line_1_32' title="bbox 2502 1753 4134 1827; baseline 0.004 -21"><span class='ocrx_word' id='word_1_214' title='bbox 2502 1754 2749 1824; x_wconf 88' lang='lat' dir='ltr'><strong>jussione</strong></span> <span class='ocrx_word' id='word_1_215' title='bbox 2796 1756 2865 1809; x_wconf 90' lang='lat' dir='ltr'><strong>ad</strong></span> <span class='ocrx_word' id='word_1_216' title='bbox 2912 1753 3142 1810; x_wconf 82' lang='lat' dir='ltr'><strong>Niniven</strong></span> <span class='ocrx_word' id='word_1_217' title='bbox 3197 1757 3452 1821; x_wconf 81' lang='lat' dir='ltr'><strong>mittitur,</strong></span> <span class='ocrx_word' id='word_1_218' title='bbox 3504 1757 3792 1813; x_wconf 76' lang='lat' dir='ltr'><strong>iuuniuere</strong></span> <span class='ocrx_word' id='word_1_219' title='bbox 3848 1759 3951 1812; x_wconf 88' lang='lat' dir='ltr'><strong>sibi</strong></span> <span class='ocrx_word' id='word_1_220' title='bbox 4007 1769 4134 1827; x_wconf 90' lang='lat' dir='ltr'><strong>post</strong></span> 
     </span>
    </p>
   </div>
   <div class='ocr_carea' id='block_1_33' title="bbox 797 1835 4128 1922">
    <p class='ocr_par' dir='ltr' id='par_1_33' title="bbox 797 1835 4128 1922">
     <span class='ocr_line' id='line_1_33' title="bbox 797 1835 4128 1922; baseline -0.002 -9"><span class='ocrx_word' id='word_1_221' title='bbox 797 1860 941 1922; x_wconf 88' lang='lat' dir='ltr'><strong>tuis,</strong></span> <span class='ocrx_word' id='word_1_222' title='bbox 983 1857 1263 1912; x_wconf 85' lang='lat' dir='ltr'><strong>suscitabo</strong></span> <span class='ocrx_word' id='word_1_223' title='bbox 1309 1870 1495 1910; x_wconf 89' lang='lat' dir='ltr'><strong>semen</strong></span> <span class='ocrx_word' id='word_1_224' title='bbox 1547 1861 1734 1917; x_wconf 89' lang='lat' dir='ltr'><strong>tuum,</strong></span> <span class='ocrx_word' id='word_1_225' title='bbox 1787 1851 1930 1920; x_wconf 92' lang='lat' dir='ltr'><strong>quod</strong></span> <span class='ocrx_word' id='word_1_226' title='bbox 1981 1848 2293 1918; x_wconf 76' lang='lat' dir='ltr'><strong>egredietur</strong></span> <span class='ocrx_word' id='word_1_227' title='bbox 2339 1845 2405 1898; x_wconf 86' lang='lat' dir='ltr'><strong>de</strong></span> <span class='ocrx_word' id='word_1_228' title='bbox 2439 1835 2482 1894; x_wconf 82' lang='grc' dir='ltr'><strong><em>Β</em></strong></span> <span class='ocrx_word' id='word_1_229' title='bbox 2512 1846 2875 1916; x_wconf 82' lang='lat' dir='ltr'><strong>quadraginta</strong></span> <span class='ocrx_word' id='word_1_230' title='bbox 2931 1847 3048 1900; x_wconf 80' lang='lat' dir='ltr'><strong>dies</strong></span> <span class='ocrx_word' id='word_1_231' title='bbox 3096 1847 3369 1902; x_wconf 81' lang='lat' dir='ltr'><strong>excidium</strong></span> <span class='ocrx_word' id='word_1_232' title='bbox 3409 1850 3803 1902; x_wconf 84' lang='lat' dir='ltr'><strong>comminatur.</strong></span> <span class='ocrx_word' id='word_1_233' title='bbox 3860 1868 3877 1900; x_wconf 85' lang='grc' dir='ltr'><strong>ι</strong></span> <span class='ocrx_word' id='word_1_234' title='bbox 3911 1850 4128 1915; x_wconf 78' lang='lat' dir='ltr'><strong>Adhuc,</strong></span> 
     </span>
    </p>
   </div>
   <div class='ocr_carea' id='block_1_34' title="bbox 795 1941 2405 2015">
    <p class='ocr_par' dir='ltr' id='par_1_34' title="bbox 795 1941 2405 2015">
     <span class='ocr_line' id='line_1_34' title="bbox 795 1941 2405 2015; baseline -0.007 -13"><span class='ocrx_word' id='word_1_235' title='bbox 795 1945 996 2003; x_wconf 86' lang='lat' dir='ltr'><strong>lumbis</strong></span> <span class='ocrx_word' id='word_1_236' title='bbox 1029 1946 1156 2010; x_wconf 90' lang='lat' dir='ltr'><strong>tuis,</strong></span> <span class='ocrx_word' id='word_1_237' title='bbox 1185 1955 1241 2001; x_wconf 92' lang='lat' dir='ltr'><strong>et</strong></span> <span class='ocrx_word' id='word_1_238' title='bbox 1283 1946 1398 2015; x_wconf 91' lang='lat' dir='ltr'><strong>ipse</strong></span> <span class='ocrx_word' id='word_1_239' title='bbox 1443 1945 1548 1999; x_wconf 90' lang='lat' dir='ltr'><strong>erit</strong></span> <span class='ocrx_word' id='word_1_240' title='bbox 1588 1943 1720 1997; x_wconf 92' lang='lat' dir='ltr'><strong>mihi</strong></span> <span class='ocrx_word' id='word_1_241' title='bbox 1765 1943 1818 1996; x_wconf 92' lang='lat' dir='ltr'><strong>in</strong></span> <span class='ocrx_word' id='word_1_242' title='bbox 1856 1941 2053 2003; x_wconf 84' lang='lat' dir='ltr'><strong>ﬁlium,</strong></span> <span class='ocrx_word' id='word_1_243' title='bbox 2085 1949 2140 1993; x_wconf 90' lang='lat' dir='ltr'><strong>et</strong></span> <span class='ocrx_word' id='word_1_244' title='bbox 2169 1953 2271 2006; x_wconf 74' lang='lat' dir='ltr'><strong>ego</strong></span> <span class='ocrx_word' id='word_1_245' title='bbox 2309 1952 2405 1991; x_wconf 90' lang='lat' dir='ltr'><strong>ero</strong></span> 
     </span>
    </p>
   </div>
   <div class='ocr_carea' id='block_1_35' title="bbox 794 2031 2402 2107">
    <p class='ocr_par' dir='ltr' id='par_1_35' title="bbox 794 2031 2402 2107">
     <span class='ocr_line' id='line_1_35' title="bbox 794 2031 2402 2107; baseline -0.007 -14"><span class='ocrx_word' id='word_1_246' title='bbox 794 2038 847 2093; x_wconf 88' lang='lat' dir='ltr'><strong>ei</strong></span> <span class='ocrx_word' id='word_1_247' title='bbox 881 2038 932 2092; x_wconf 92' lang='lat' dir='ltr'><strong>in</strong></span> <span class='ocrx_word' id='word_1_248' title='bbox 961 2047 1170 2107; x_wconf 87' lang='lat' dir='ltr'><strong>patrem</strong></span> <span class='ocrx_word' id='word_1_249' title='bbox 1203 2035 1286 2106; x_wconf 87' lang='lat' dir='ltr'><strong>(II</strong></span> <span class='ocrx_word' id='word_1_250' title='bbox 1318 2036 1441 2106; x_wconf 82' lang='lat' dir='ltr'><strong>Reg.</strong></span> <span class='ocrx_word' id='word_1_251' title='bbox 1477 2035 1601 2103; x_wconf 85' lang='lat' dir='ltr'><strong>vn).</strong></span> <span class='ocrx_word' id='word_1_252' title='bbox 1641 2053 1659 2086; x_wconf 72' lang='grc' dir='ltr'><strong>ι</strong></span> <span class='ocrx_word' id='word_1_253' title='bbox 1703 2034 1834 2088; x_wconf 62' lang='lat' dir='ltr'><strong>iure</strong></span> <span class='ocrx_word' id='word_1_254' title='bbox 1865 2048 1995 2102; x_wconf 90' lang='lat' dir='ltr'><strong>ergo</strong></span> <span class='ocrx_word' id='word_1_255' title='bbox 2026 2031 2196 2084; x_wconf 88' lang='lat' dir='ltr'><strong>David</strong></span> <span class='ocrx_word' id='word_1_256' title='bbox 2225 2031 2402 2083; x_wconf 81' lang='lat' dir='ltr'><strong>Abra-</strong></span> 
     </span>
    </p>
   </div>
   <div class='ocr_carea' id='block_1_36' title="bbox 795 2122 2406 2197">
    <p class='ocr_par' dir='ltr' id='par_1_36' title="bbox 795 2122 2406 2197">
     <span class='ocr_line' id='line_1_36' title="bbox 795 2122 2406 2197; baseline -0.005 -14"><span class='ocrx_word' id='word_1_257' title='bbox 795 2128 882 2183; x_wconf 67' lang='lat' dir='ltr'><strong>hae</strong></span> <span class='ocrx_word' id='word_1_258' title='bbox 915 2129 968 2182; x_wconf 94' lang='lat' dir='ltr'><strong>in</strong></span> <span class='ocrx_word' id='word_1_259' title='bbox 1010 2127 1213 2182; x_wconf 85' lang='lat' dir='ltr'><strong>Christi</strong></span> <span class='ocrx_word' id='word_1_260' title='bbox 1262 2127 1616 2197; x_wconf 85' lang='lat' dir='ltr'><strong>generatione</strong></span> <span class='ocrx_word' id='word_1_261' title='bbox 1663 2124 1978 2196; x_wconf 79' lang='lat' dir='ltr'><strong>praefertur,</strong></span> <span class='ocrx_word' id='word_1_262' title='bbox 2018 2123 2105 2178; x_wconf 90' lang='lat' dir='ltr'><strong>cui</strong></span> <span class='ocrx_word' id='word_1_263' title='bbox 2145 2122 2406 2190; x_wconf 86' lang='lat' dir='ltr'><strong>multipli-</strong></span> 
     </span>
    </p>
   </div>
   <div class='ocr_carea' id='block_1_37' title="bbox 791 2215 2400 2290">
    <p class='ocr_par' dir='ltr' id='par_1_37' title="bbox 791 2215 2400 2290">
     <span class='ocr_line' id='line_1_37' title="bbox 791 2215 2400 2290; baseline -0.004 -16"><span class='ocrx_word' id='word_1_264' title='bbox 791 2220 916 2274; x_wconf 86' lang='lat' dir='ltr'><strong>cior</strong></span> <span class='ocrx_word' id='word_1_265' title='bbox 944 2235 1008 2274; x_wconf 90' lang='lat' dir='ltr'><strong>ac</strong></span> <span class='ocrx_word' id='word_1_266' title='bbox 1041 2234 1137 2290; x_wconf 89' lang='lat' dir='ltr'><strong>per</strong></span> <span class='ocrx_word' id='word_1_267' title='bbox 1168 2218 1272 2274; x_wconf 91' lang='lat' dir='ltr'><strong>hoc</strong></span> <span class='ocrx_word' id='word_1_268' title='bbox 1314 2219 1540 2274; x_wconf 90' lang='lat' dir='ltr'><strong>omnino</strong></span> <span class='ocrx_word' id='word_1_269' title='bbox 1581 2217 1876 2273; x_wconf 83' lang='lat' dir='ltr'><strong>immobilis</strong></span> <span class='ocrx_word' id='word_1_270' title='bbox 1923 2215 2217 2287; x_wconf 88' lang='lat' dir='ltr'><strong>promissio</strong></span> <span class='ocrx_word' id='word_1_271' title='bbox 2260 2228 2400 2284; x_wconf 80' lang='lat' dir='ltr'><strong>pra:-</strong></span> 
     </span>
    </p>
   </div>
   <div class='ocr_carea' id='block_1_38' title="bbox 795 2320 1041 2380">
    <p class='ocr_par' dir='ltr' id='par_1_38' title="bbox 795 2320 1041 2380">
     <span class='ocr_line' id='line_1_38' title="bbox 795 2320 1041 2380; baseline -0.008 -15"><span class='ocrx_word' id='word_1_272' title='bbox 795 2320 1041 2380; x_wconf 79' lang='lat' dir='ltr'><strong>rogatur.</strong></span> 
     </span>
    </p>
   </div>
   <div class='ocr_carea' id='block_1_39' title="bbox 868 2395 2404 2469">
    <p class='ocr_par' dir='ltr' id='par_1_39' title="bbox 868 2395 2404 2469">
     <span class='ocr_line' id='line_1_39' title="bbox 868 2395 2404 2469; baseline -0.002 -16"><span class='ocrx_word' id='word_1_273' title='bbox 868 2400 1004 2454; x_wconf 81' lang='lat' dir='ltr'><strong>ltlud</strong></span> <span class='ocrx_word' id='word_1_274' title='bbox 1050 2414 1182 2456; x_wconf 90' lang='lat' dir='ltr'><strong>vero</strong></span> <span class='ocrx_word' id='word_1_275' title='bbox 1221 2401 1487 2469; x_wconf 90' lang='lat' dir='ltr'><strong>quosdam</strong></span> <span class='ocrx_word' id='word_1_276' title='bbox 1539 2415 1762 2455; x_wconf 88' lang='lat' dir='ltr'><strong>movere</strong></span> <span class='ocrx_word' id='word_1_277' title='bbox 1797 2413 1907 2453; x_wconf 87' lang='lat' dir='ltr'><strong>non</strong></span> <span class='ocrx_word' id='word_1_278' title='bbox 1949 2395 2404 2452; x_wconf 86' lang='lat' dir='ltr'><strong>irrationabiliter</strong></span> 
     </span>
    </p>
   </div>
   <div class='ocr_carea' id='block_1_40' title="bbox 791 2487 2404 2560">
    <p class='ocr_par' dir='ltr' id='par_1_40' title="bbox 791 2487 2404 2560">
     <span class='ocr_line' id='line_1_40' title="bbox 791 2487 2404 2560; baseline 0 -18"><span class='ocrx_word' id='word_1_279' title='bbox 791 2498 997 2560; x_wconf 87' lang='lat' dir='ltr'><strong>potest,</strong></span> <span class='ocrx_word' id='word_1_280' title='bbox 1029 2505 1127 2545; x_wconf 92' lang='lat' dir='ltr'><strong>cur</strong></span> <span class='ocrx_word' id='word_1_281' title='bbox 1165 2500 1389 2546; x_wconf 89' lang='lat' dir='ltr'><strong>sanctus</strong></span> <span class='ocrx_word' id='word_1_282' title='bbox 1430 2490 1769 2560; x_wconf 86' lang='lat' dir='ltr'><strong>evangelista</strong></span> <span class='ocrx_word' id='word_1_283' title='bbox 1815 2487 2279 2560; x_wconf 89' lang='lat' dir='ltr'><strong>reprehensibiles</strong></span> <span class='ocrx_word' id='word_1_284' title='bbox 2316 2502 2404 2542; x_wconf 87' lang='lat' dir='ltr'><strong>so-</strong></span> 
     </span>
    </p>
   </div>
   <div class='ocr_carea' id='block_1_41' title="bbox 795 2578 2400 2650">
    <p class='ocr_par' dir='ltr' id='par_1_41' title="bbox 795 2578 2400 2650">
     <span class='ocr_line' id='line_1_41' title="bbox 795 2578 2400 2650; baseline -0.001 -16"><span class='ocrx_word' id='word_1_285' title='bbox 795 2579 1078 2635; x_wconf 85' lang='lat' dir='ltr'><strong>lummodo</strong></span> <span class='ocrx_word' id='word_1_286' title='bbox 1127 2581 1384 2636; x_wconf 89' lang='lat' dir='ltr'><strong>mulieres</strong></span> <span class='ocrx_word' id='word_1_287' title='bbox 1433 2581 1487 2635; x_wconf 94' lang='lat' dir='ltr'><strong>in</strong></span> <span class='ocrx_word' id='word_1_288' title='bbox 1535 2580 1738 2636; x_wconf 87' lang='lat' dir='ltr'><strong>Christi</strong></span> <span class='ocrx_word' id='word_1_289' title='bbox 1791 2579 2104 2650; x_wconf 73' lang='lat' dir='ltr'><strong>genealOgia</strong></span> <span class='ocrx_word' id='word_1_290' title='bbox 2156 2578 2400 2647; x_wconf 87' lang='lat' dir='ltr'><strong>interpo-</strong></span> 
     </span>
    </p>
   </div>
   <div class='ocr_carea' id='block_1_42' title="bbox 795 2669 2403 2741">
    <p class='ocr_par' dir='ltr' id='par_1_42' title="bbox 795 2669 2403 2741">
     <span class='ocr_line' id='line_1_42' title="bbox 795 2669 2403 2741; baseline -0.001 -16"><span class='ocrx_word' id='word_1_291' title='bbox 795 2685 930 2726; x_wconf 88' lang='lat' dir='ltr'><strong>nere</strong></span> <span class='ocrx_word' id='word_1_292' title='bbox 981 2671 1216 2734; x_wconf 87' lang='lat' dir='ltr'><strong>studuit;</strong></span> <span class='ocrx_word' id='word_1_293' title='bbox 1259 2683 1477 2727; x_wconf 88' lang='lat' dir='ltr'><strong>sanctas</strong></span> <span class='ocrx_word' id='word_1_294' title='bbox 1517 2687 1646 2728; x_wconf 86' lang='lat' dir='ltr'><strong>vero</strong></span> <span class='ocrx_word' id='word_1_295' title='bbox 1694 2681 1747 2727; x_wconf 83' lang='lat' dir='ltr'><strong>et</strong></span> <span class='ocrx_word' id='word_1_296' title='bbox 1790 2673 2000 2741; x_wconf 89' lang='lat' dir='ltr'><strong>absque</strong></span> <span class='ocrx_word' id='word_1_297' title='bbox 2040 2669 2144 2724; x_wconf 84' lang='lat' dir='ltr'><strong>ulla</strong></span> <span class='ocrx_word' id='word_1_298' title='bbox 2186 2680 2403 2724; x_wconf 85' lang='lat' dir='ltr'><strong>contra-</strong></span> 
     </span>
    </p>
   </div>
   <div class='ocr_carea' id='block_1_43' title="bbox 793 2763 1969 2832">
    <p class='ocr_par' dir='ltr' id='par_1_43' title="bbox 793 2763 1969 2832">
     <span class='ocr_line' id='line_1_43' title="bbox 793 2763 1969 2832; baseline 0.001 -16"><span class='ocrx_word' id='word_1_299' title='bbox 793 2763 1036 2817; x_wconf 81' lang='lat' dir='ltr'><strong>dictione</strong></span> <span class='ocrx_word' id='word_1_300' title='bbox 1064 2763 1362 2818; x_wconf 88' lang='lat' dir='ltr'><strong>laudabiles</strong></span> <span class='ocrx_word' id='word_1_301' title='bbox 1391 2763 1608 2818; x_wconf 89' lang='lat' dir='ltr'><strong>silentio</strong></span> <span class='ocrx_word' id='word_1_302' title='bbox 1637 2763 1969 2832; x_wconf 62' lang='lat' dir='ltr'><strong>praeterivit‘!</strong></span> 
     </span>
    </p>
   </div>
   <div class='ocr_carea' id='block_1_44' title="bbox 868 2852 2403 2924">
    <p class='ocr_par' dir='ltr' id='par_1_44' title="bbox 868 2852 2403 2924">
     <span class='ocr_line' id='line_1_44' title="bbox 868 2852 2403 2924; baseline -0.001 -16"><span class='ocrx_word' id='word_1_303' title='bbox 868 2852 976 2909; x_wconf 89' lang='lat' dir='ltr'><strong>Sed</strong></span> <span class='ocrx_word' id='word_1_304' title='bbox 1017 2855 1118 2909; x_wconf 89' lang='lat' dir='ltr'><strong>hoc</strong></span> <span class='ocrx_word' id='word_1_305' title='bbox 1168 2853 1373 2910; x_wconf 88' lang='lat' dir='ltr'><strong>idcirco</strong></span> <span class='ocrx_word' id='word_1_306' title='bbox 1405 2853 1608 2910; x_wconf 83' lang='lat' dir='ltr'><strong>factum</strong></span> <span class='ocrx_word' id='word_1_307' title='bbox 1651 2863 1737 2909; x_wconf 90' lang='lat' dir='ltr'><strong>est</strong></span> <span class='ocrx_word' id='word_1_308' title='bbox 1778 2863 1859 2921; x_wconf 88' lang='lat' dir='ltr'><strong>ut,</strong></span> <span class='ocrx_word' id='word_1_309' title='bbox 1892 2855 2019 2909; x_wconf 90' lang='lat' dir='ltr'><strong>dum</strong></span> <span class='ocrx_word' id='word_1_310' title='bbox 2063 2852 2403 2924; x_wconf 70' lang='lat' dir='ltr'><strong>Redemptor</strong></span> 
     </span>
    </p>
   </div>
   <div class='ocr_carea' id='block_1_45' title="bbox 790 2947 2401 3016">
    <p class='ocr_par' dir='ltr' id='par_1_45' title="bbox 790 2947 2401 3016">
     <span class='ocr_line' id='line_1_45' title="bbox 790 2947 2401 3016; baseline -0.001 -15"><span class='ocrx_word' id='word_1_311' title='bbox 790 2957 984 3002; x_wconf 77' lang='lat' dir='ltr'><strong>noster</strong></span> <span class='ocrx_word' id='word_1_312' title='bbox 1014 2947 1082 3002; x_wconf 92' lang='lat' dir='ltr'><strong>de</strong></span> <span class='ocrx_word' id='word_1_313' title='bbox 1118 2947 1502 3016; x_wconf 86' lang='lat' dir='ltr'><strong>peccatoribus</strong></span> <span class='ocrx_word' id='word_1_314' title='bbox 1539 2958 1700 3002; x_wconf 90' lang='lat' dir='ltr'><strong>natus</strong></span> <span class='ocrx_word' id='word_1_315' title='bbox 1747 2961 1870 3002; x_wconf 89' lang='lat' dir='ltr'><strong>csse</strong></span> <span class='ocrx_word' id='word_1_316' title='bbox 1915 2947 2266 3008; x_wconf 88' lang='lat' dir='ltr'><strong>describitur,</strong></span> <span class='ocrx_word' id='word_1_317' title='bbox 2301 2960 2401 3016; x_wconf 84' lang='lat' dir='ltr'><strong>pro</strong></span> 
     </span>
    </p>
   </div>
   <div class='ocr_carea' id='block_1_46' title="bbox 788 3037 2433 3112">
    <p class='ocr_par' dir='ltr' id='par_1_46' title="bbox 788 3037 2433 3112">
     <span class='ocr_line' id='line_1_46' title="bbox 788 3037 2433 3112; baseline -0.004 -15"><span class='ocrx_word' id='word_1_318' title='bbox 788 3041 1176 3112; x_wconf 87' lang='lat' dir='ltr'><strong>peccatoribus</strong></span> <span class='ocrx_word' id='word_1_319' title='bbox 1203 3040 1273 3095; x_wconf 90' lang='lat' dir='ltr'><strong>de</strong></span> <span class='ocrx_word' id='word_1_320' title='bbox 1299 3040 1441 3096; x_wconf 63' lang='lat' dir='ltr'><strong>caelo</strong></span> <span class='ocrx_word' id='word_1_321' title='bbox 1470 3040 1538 3095; x_wconf 89' lang='lat' dir='ltr'><strong>ad</strong></span> <span class='ocrx_word' id='word_1_322' title='bbox 1569 3049 1772 3095; x_wconf 91' lang='lat' dir='ltr'><strong>terram</strong></span> <span class='ocrx_word' id='word_1_323' title='bbox 1816 3039 2168 3093; x_wconf 83' lang='lat' dir='ltr'><strong>descendisse</strong></span> <span class='ocrx_word' id='word_1_324' title='bbox 2205 3037 2395 3093; x_wconf 83' lang='lat' dir='ltr'><strong>creda-</strong></span> <span class='ocrx_word' id='word_1_325' title='bbox 2432 3085 2433 3091; x_wconf 47' lang='grc' dir='ltr'><strong>η</strong></span> 
     </span>
    </p>
   </div>
   <div class='ocr_carea' id='block_1_47' title="bbox 792 3132 2401 3203">
    <p class='ocr_par' dir='ltr' id='par_1_47' title="bbox 792 3132 2401 3203">
     <span class='ocr_line' id='line_1_47' title="bbox 792 3132 2401 3203; baseline -0.001 -16"><span class='ocrx_word' id='word_1_326' title='bbox 792 3139 904 3188; x_wconf 87' lang='lat' dir='ltr'><strong>tur.</strong></span> <span class='ocrx_word' id='word_1_327' title='bbox 946 3133 1236 3188; x_wconf 87' lang='lat' dir='ltr'><strong>Descendit</strong></span> <span class='ocrx_word' id='word_1_328' title='bbox 1283 3132 1484 3203; x_wconf 89' lang='lat' dir='ltr'><strong>quippe</strong></span> <span class='ocrx_word' id='word_1_329' title='bbox 1531 3141 1591 3186; x_wconf 92' lang='lat' dir='ltr'><strong>ut</strong></span> <span class='ocrx_word' id='word_1_330' title='bbox 1632 3141 1858 3202; x_wconf 86' lang='lat' dir='ltr'><strong>peccata</strong></span> <span class='ocrx_word' id='word_1_331' title='bbox 1900 3139 2086 3186; x_wconf 87' lang='lat' dir='ltr'><strong>nostra</strong></span> <span class='ocrx_word' id='word_1_332' title='bbox 2126 3132 2240 3201; x_wconf 89' lang='lat' dir='ltr'><strong>ipse</strong></span> <span class='ocrx_word' id='word_1_333' title='bbox 2271 3145 2401 3202; x_wconf 86' lang='lat' dir='ltr'><strong>por-</strong></span> 
     </span>
    </p>
   </div>
   <div class='ocr_carea' id='block_1_48' title="bbox 2513 1935 4133 2008">
    <p class='ocr_par' dir='ltr' id='par_1_48' title="bbox 2513 1935 4133 2008">
     <span class='ocr_line' id='line_1_48' title="bbox 2513 1935 4133 2008; baseline 0.006 -21"><span class='ocrx_word' id='word_1_334' title='bbox 2513 1935 2722 2004; x_wconf 76' lang='lat' dir='ltr'><strong>inquit,</strong></span> <span class='ocrx_word' id='word_1_335' title='bbox 2783 1939 3148 2008; x_wconf 65' lang='lat' dir='ltr'><strong>quadraginta</strong></span> <span class='ocrx_word' id='word_1_336' title='bbox 3206 1938 3359 2003; x_wconf 76' lang='lat' dir='ltr'><strong>dies,</strong></span> <span class='ocrx_word' id='word_1_337' title='bbox 3413 1949 3470 1994; x_wconf 86' lang='lat' dir='ltr'><strong>et</strong></span> <span class='ocrx_word' id='word_1_338' title='bbox 3527 1938 3722 1994; x_wconf 80' lang='lat' dir='ltr'><strong>Ninive</strong></span> <span class='ocrx_word' id='word_1_339' title='bbox 3777 1941 4133 1996; x_wconf 82' lang='lat' dir='ltr'><strong>subvertetur</strong></span> 
     </span>
    </p>
   </div>
   <div class='ocr_carea' id='block_1_49' title="bbox 2511 2025 4133 2102">
    <p class='ocr_par' dir='ltr' id='par_1_49' title="bbox 2511 2025 4133 2102">
     <span class='ocr_line' id='line_1_49' title="bbox 2511 2025 4133 2102; baseline 0.006 -24"><span class='ocrx_word' id='word_1_340' title='bbox 2511 2025 2658 2092; x_wconf 83' lang='lat' dir='ltr'><strong>(Jan.</strong></span> <span class='ocrx_word' id='word_1_341' title='bbox 2695 2029 2800 2094; x_wconf 87' lang='grc' dir='ltr'>ιιι).</span> <span class='ocrx_word' id='word_1_342' title='bbox 2844 2047 2860 2077; x_wconf 80' lang='grc' dir='ltr'><strong>ι</strong></span> <span class='ocrx_word' id='word_1_343' title='bbox 2893 2029 3069 2096; x_wconf 86' lang='lat' dir='ltr'><strong>Quod,</strong></span> <span class='ocrx_word' id='word_1_344' title='bbox 3103 2029 3229 2099; x_wconf 87' lang='lat' dir='ltr'><strong>quia</strong></span> <span class='ocrx_word' id='word_1_345' title='bbox 3274 2038 3404 2085; x_wconf 64' lang='lat' dir='ltr'><strong>tunc</strong></span> <span class='ocrx_word' id='word_1_346' title='bbox 3454 2046 3564 2086; x_wconf 88' lang='lat' dir='ltr'><strong>non</strong></span> <span class='ocrx_word' id='word_1_347' title='bbox 3620 2032 3822 2102; x_wconf 83' lang='lat' dir='ltr'><strong>legitur</strong></span> <span class='ocrx_word' id='word_1_348' title='bbox 3873 2033 4133 2088; x_wconf 80' lang='lat' dir='ltr'><strong>historia-</strong></span> 
     </span>
    </p>
   </div>
   <div class='ocr_carea' id='block_1_50' title="bbox 2508 2116 4132 2192">
    <p class='ocr_par' dir='ltr' id='par_1_50' title="bbox 2508 2116 4132 2192">
     <span class='ocr_line' id='line_1_50' title="bbox 2508 2116 4132 2192; baseline 0.008 -24"><span class='ocrx_word' id='word_1_349' title='bbox 2508 2116 2632 2170; x_wconf 83' lang='lat' dir='ltr'><strong>liter</strong></span> <span class='ocrx_word' id='word_1_350' title='bbox 2664 2118 2893 2184; x_wconf 79' lang='lat' dir='ltr'><strong>factum,</strong></span> <span class='ocrx_word' id='word_1_351' title='bbox 2927 2131 3283 2191; x_wconf 76' lang='lat' dir='ltr'><strong>exspectatur</strong></span> <span class='ocrx_word' id='word_1_352' title='bbox 3327 2122 3508 2177; x_wconf 87' lang='lat' dir='ltr'><strong>adhuc</strong></span> <span class='ocrx_word' id='word_1_353' title='bbox 3551 2123 3914 2192; x_wconf 88' lang='lat' dir='ltr'><strong>spiritualiter</strong></span> <span class='ocrx_word' id='word_1_354' title='bbox 3953 2128 4132 2181; x_wconf 76' lang='lat' dir='ltr'><strong>adim-</strong></span> 
     </span>
    </p>
   </div>
   <div class='ocr_carea' id='block_1_51' title="bbox 2510 2200 4131 2290">
    <p class='ocr_par' dir='ltr' id='par_1_51' title="bbox 2510 2200 4131 2290">
     <span class='ocr_line' id='line_1_51' title="bbox 2510 2200 4131 2290; baseline 0.009 -31"><span class='ocrx_word' id='word_1_355' title='bbox 2510 2210 2790 2277; x_wconf 77' lang='lat' dir='ltr'><strong>ple-udum.</strong></span> <span class='ocrx_word' id='word_1_356' title='bbox 2822 2211 2928 2266; x_wconf 89' lang='lat' dir='ltr'><strong>Per</strong></span> <span class='ocrx_word' id='word_1_357' title='bbox 2959 2200 3188 2270; x_wconf 76' lang='lat' dir='ltr'><strong>Ninivcn</strong></span> <span class='ocrx_word' id='word_1_358' title='bbox 3223 2215 3427 2286; x_wconf 86' lang='lat' dir='ltr'><strong>quippe</strong></span> <span class='ocrx_word' id='word_1_359' title='bbox 3459 2218 3697 2272; x_wconf 89' lang='lat' dir='ltr'><strong>mundus</strong></span> <span class='ocrx_word' id='word_1_360' title='bbox 3737 2219 3840 2272; x_wconf 92' lang='lat' dir='ltr'><strong>istc</strong></span> <span class='ocrx_word' id='word_1_361' title='bbox 3873 2219 4131 2290; x_wconf 78' lang='lat' dir='ltr'><strong>designa-</strong></span> 
     </span>
    </p>
   </div>
   <div class='ocr_carea' id='block_1_52' title="bbox 2511 2306 4134 2378">
    <p class='ocr_par' dir='ltr' id='par_1_52' title="bbox 2511 2306 4134 2378">
     <span class='ocr_line' id='line_1_52' title="bbox 2511 2306 4134 2378; baseline 0.007 -22"><span class='ocrx_word' id='word_1_362' title='bbox 2511 2310 2616 2369; x_wconf 71' lang='lat' dir='ltr'><strong>tur,</strong></span> <span class='ocrx_word' id='word_1_363' title='bbox 2648 2319 2747 2373; x_wconf 90' lang='lat' dir='ltr'><strong>per</strong></span> <span class='ocrx_word' id='word_1_364' title='bbox 2794 2306 3156 2377; x_wconf 84' lang='lat' dir='ltr'><strong>quadraginta</strong></span> <span class='ocrx_word' id='word_1_365' title='bbox 3196 2323 3328 2378; x_wconf 78' lang='lat' dir='ltr'><strong>ergo</strong></span> <span class='ocrx_word' id='word_1_366' title='bbox 3374 2309 3518 2374; x_wconf 89' lang='lat' dir='ltr'><strong>dies,</strong></span> <span class='ocrx_word' id='word_1_367' title='bbox 3551 2310 3730 2365; x_wconf 90' lang='lat' dir='ltr'><strong>omnis</strong></span> <span class='ocrx_word' id='word_1_368' title='bbox 3779 2321 3956 2366; x_wconf 86' lang='lat' dir='ltr'><strong>status</strong></span> <span class='ocrx_word' id='word_1_369' title='bbox 4004 2315 4134 2368; x_wconf 73' lang='lat' dir='ltr'><strong>vita:</strong></span> 
     </span>
    </p>
   </div>
   <div class='ocr_carea' id='block_1_53' title="bbox 2506 2396 4133 2473">
    <p class='ocr_par' dir='ltr' id='par_1_53' title="bbox 2506 2396 4133 2473">
     <span class='ocr_line' id='line_1_53' title="bbox 2506 2396 4133 2473; baseline 0.008 -26"><span class='ocrx_word' id='word_1_370' title='bbox 2506 2396 2796 2463; x_wconf 66' lang='lat' dir='ltr'><strong>praesentis</strong></span> <span class='ocrx_word' id='word_1_371' title='bbox 2861 2397 3129 2454; x_wconf 91' lang='lat' dir='ltr'><strong>iunuitur.</strong></span> <span class='ocrx_word' id='word_1_372' title='bbox 3187 2399 3318 2453; x_wconf 84' lang='lat' dir='ltr'><strong>Post</strong></span> <span class='ocrx_word' id='word_1_373' title='bbox 3389 2400 3756 2472; x_wconf 76' lang='lat' dir='ltr'><strong>quadraginta</strong></span> <span class='ocrx_word' id='word_1_374' title='bbox 3815 2419 3950 2473; x_wconf 54' lang='lat' dir='ltr'><strong>ergo</strong></span> <span class='ocrx_word' id='word_1_375' title='bbox 4015 2406 4133 2460; x_wconf 82' lang='lat' dir='ltr'><strong>dies</strong></span> 
     </span>
    </p>
   </div>
   <div class='ocr_carea' id='block_1_54' title="bbox 2507 2484 4130 2565">
    <p class='ocr_par' dir='ltr' id='par_1_54' title="bbox 2507 2484 4130 2565">
     <span class='ocr_line' id='line_1_54' title="bbox 2507 2484 4130 2565; baseline 0.01 -28"><span class='ocrx_word' id='word_1_376' title='bbox 2507 2484 2702 2541; x_wconf 85' lang='lat' dir='ltr'><strong>Ninive</strong></span> <span class='ocrx_word' id='word_1_377' title='bbox 2747 2489 3119 2556; x_wconf 88' lang='lat' dir='ltr'><strong>subvertetur,</strong></span> <span class='ocrx_word' id='word_1_378' title='bbox 3158 2495 3284 2561; x_wconf 89' lang='lat' dir='ltr'><strong>quia</strong></span> <span class='ocrx_word' id='word_1_379' title='bbox 3329 2501 3452 2562; x_wconf 91' lang='lat' dir='ltr'><strong>post</strong></span> <span class='ocrx_word' id='word_1_380' title='bbox 3496 2495 3660 2565; x_wconf 83' lang='lat' dir='ltr'><strong>hujus</strong></span> <span class='ocrx_word' id='word_1_381' title='bbox 3710 2499 3960 2550; x_wconf 78' lang='lat' dir='ltr'><strong>mortalis</strong></span> <span class='ocrx_word' id='word_1_382' title='bbox 4006 2500 4130 2553; x_wconf 76' lang='lat' dir='ltr'><strong>vitm</strong></span> 
     </span>
    </p>
   </div>
   <div class='ocr_carea' id='block_1_55' title="bbox 2508 2576 4130 2653">
    <p class='ocr_par' dir='ltr' id='par_1_55' title="bbox 2508 2576 4130 2653">
     <span class='ocr_line' id='line_1_55' title="bbox 2508 2576 4130 2653; baseline 0.01 -23"><span class='ocrx_word' id='word_1_383' title='bbox 2508 2576 2834 2646; x_wconf 87' lang='lat' dir='ltr'><strong>decursum,</strong></span> <span class='ocrx_word' id='word_1_384' title='bbox 2891 2582 3165 2652; x_wconf 90' lang='lat' dir='ltr'><strong>completo</strong></span> <span class='ocrx_word' id='word_1_385' title='bbox 3215 2584 3472 2640; x_wconf 79' lang='lat' dir='ltr'><strong>videlicet</strong></span> <span class='ocrx_word' id='word_1_386' title='bbox 3522 2586 3821 2643; x_wconf 90' lang='lat' dir='ltr'><strong>electorum</strong></span> <span class='ocrx_word' id='word_1_387' title='bbox 3875 2607 4130 2653; x_wconf 85' lang='lat' dir='ltr'><strong>numero.</strong></span> 
     </span>
    </p>
   </div>
   <div class='ocr_carea' id='block_1_56' title="bbox 2508 2669 4132 2750">
    <p class='ocr_par' dir='ltr' id='par_1_56' title="bbox 2508 2669 4132 2750">
     <span class='ocr_line' id='line_1_56' title="bbox 2508 2669 4132 2750; baseline 0.01 -30"><span class='ocrx_word' id='word_1_388' title='bbox 2508 2669 2745 2724; x_wconf 91' lang='lat' dir='ltr'><strong>mundus</strong></span> <span class='ocrx_word' id='word_1_389' title='bbox 2795 2670 2900 2726; x_wconf 89' lang='lat' dir='ltr'><strong>iste</strong></span> <span class='ocrx_word' id='word_1_390' title='bbox 2950 2673 3286 2729; x_wconf 84' lang='lat' dir='ltr'><strong>destruetur.</strong></span> <span class='ocrx_word' id='word_1_391' title='bbox 3316 2674 3424 2730; x_wconf 86' lang='lat' dir='ltr'><strong>Per</strong></span> <span class='ocrx_word' id='word_1_392' title='bbox 3465 2682 3951 2750; x_wconf 86' lang='lat' dir='ltr'><strong>septuagenarium</strong></span> <span class='ocrx_word' id='word_1_393' title='bbox 3998 2698 4132 2736; x_wconf 84' lang='lat' dir='ltr'><strong>vero</strong></span> 
     </span>
    </p>
   </div>
   <div class='ocr_carea' id='block_1_57' title="bbox 2507 2765 4130 2843">
    <p class='ocr_par' dir='ltr' id='par_1_57' title="bbox 2507 2765 4130 2843">
     <span class='ocr_line' id='line_1_57' title="bbox 2507 2765 4130 2843; baseline 0.01 -30"><span class='ocrx_word' id='word_1_394' title='bbox 2507 2774 2824 2825; x_wconf 86' lang='lat' dir='ltr'><strong>numerum,</strong></span> <span class='ocrx_word' id='word_1_395' title='bbox 2856 2779 3018 2835; x_wconf 85' lang='lat' dir='ltr'><strong>quem</strong></span> <span class='ocrx_word' id='word_1_396' title='bbox 3049 2765 3228 2823; x_wconf 87' lang='lat' dir='ltr'><strong>Lucas</strong></span> <span class='ocrx_word' id='word_1_397' title='bbox 3253 2769 3461 2838; x_wconf 89' lang='lat' dir='ltr'><strong>posuit,</strong></span> <span class='ocrx_word' id='word_1_398' title='bbox 3495 2773 3746 2827; x_wconf 86' lang='lat' dir='ltr'><strong>remissio</strong></span> <span class='ocrx_word' id='word_1_399' title='bbox 3774 2785 4130 2843; x_wconf 85' lang='lat' dir='ltr'><strong>peccatorum</strong></span> 
     </span>
    </p>
   </div>
   <div class='ocr_carea' id='block_1_58' title="bbox 2502 2856 4117 2939">
    <p class='ocr_par' dir='ltr' id='par_1_58' title="bbox 2502 2856 4117 2939">
     <span class='ocr_line' id='line_1_58' title="bbox 2502 2856 4117 2939; baseline 0.01 -31"><span class='ocrx_word' id='word_1_400' title='bbox 2502 2856 2850 2925; x_wconf 83' lang='lat' dir='ltr'><strong>exprimitur.</strong></span> <span class='ocrx_word' id='word_1_401' title='bbox 2885 2858 3039 2915; x_wconf 86' lang='lat' dir='ltr'><strong>Sicut</strong></span> <span class='ocrx_word' id='word_1_402' title='bbox 3073 2861 3188 2932; x_wconf 84' lang='lat' dir='ltr'><strong>ipse</strong></span> <span class='ocrx_word' id='word_1_403' title='bbox 3219 2862 3484 2920; x_wconf 88' lang='lat' dir='ltr'><strong>Dominus</strong></span> <span class='ocrx_word' id='word_1_404' title='bbox 3516 2867 3568 2920; x_wconf 90' lang='lat' dir='ltr'><strong>in</strong></span> <span class='ocrx_word' id='word_1_405' title='bbox 3605 2856 3904 2939; x_wconf 70' lang='lat' dir='ltr'><strong>Ev&#39;augelio</strong></span> <span class='ocrx_word' id='word_1_406' title='bbox 3945 2881 4117 2926; x_wconf 82' lang='lat' dir='ltr'><strong>testa-</strong></span> 
     </span>
    </p>
   </div>
   <div class='ocr_carea' id='block_1_59' title="bbox 2505 2948 4130 3029">
    <p class='ocr_par' dir='ltr' id='par_1_59' title="bbox 2505 2948 4130 3029">
     <span class='ocr_line' id='line_1_59' title="bbox 2505 2948 4130 3029; baseline 0.012 -27"><span class='ocrx_word' id='word_1_407' title='bbox 2505 2957 2612 3002; x_wconf 89' lang='lat' dir='ltr'><strong>tur.</strong></span> <span class='ocrx_word' id='word_1_408' title='bbox 2649 2948 2785 3004; x_wconf 91' lang='lat' dir='ltr'><strong>Cum</strong></span> <span class='ocrx_word' id='word_1_409' title='bbox 2817 2953 2963 3006; x_wconf 89' lang='lat' dir='ltr'><strong>enim</strong></span> <span class='ocrx_word' id='word_1_410' title='bbox 2995 2952 3194 3010; x_wconf 83' lang='lat' dir='ltr'><strong>Petrus</strong></span> <span class='ocrx_word' id='word_1_411' title='bbox 3241 2955 3642 3029; x_wconf 86' lang='lat' dir='ltr'><strong>interrogaret,</strong></span> <span class='ocrx_word' id='word_1_412' title='bbox 3689 2961 3879 3016; x_wconf 70' lang='lat' dir='ltr'><strong>dieens</strong></span> <span class='ocrx_word' id='word_1_413' title='bbox 3914 2981 3925 3016; x_wconf 91' lang='lat'><strong>:</strong></span> <span class='ocrx_word' id='word_1_414' title='bbox 3967 2981 3986 3014; x_wconf 81' lang='grc' dir='ltr'><strong>ι</strong></span> <span class='ocrx_word' id='word_1_415' title='bbox 4021 2964 4130 3020; x_wconf 85' lang='lat' dir='ltr'><strong>Do-</strong></span> 
     </span>
    </p>
   </div>
   <div class='ocr_carea' id='block_1_60' title="bbox 2504 3038 4129 3117">
    <p class='ocr_par' dir='ltr' id='par_1_60' title="bbox 2504 3038 4129 3117">
     <span class='ocr_line' id='line_1_60' title="bbox 2504 3038 4129 3117; baseline 0.012 -26"><span class='ocrx_word' id='word_1_416' title='bbox 2504 3038 2675 3102; x_wconf 80' lang='lat' dir='ltr'><strong>mine,</strong></span> <span class='ocrx_word' id='word_1_417' title='bbox 2694 3041 2913 3108; x_wconf 90' lang='lat' dir='ltr'><strong>quoties</strong></span> <span class='ocrx_word' id='word_1_418' title='bbox 2941 3045 3254 3112; x_wconf 83' lang='lat' dir='ltr'><strong>peccaverit</strong></span> <span class='ocrx_word' id='word_1_419' title='bbox 3274 3046 3331 3100; x_wconf 88' lang='lat' dir='ltr'><strong>in</strong></span> <span class='ocrx_word' id='word_1_420' title='bbox 3358 3062 3445 3102; x_wconf 90' lang='lat' dir='ltr'><strong>me</strong></span> <span class='ocrx_word' id='word_1_421' title='bbox 3473 3047 3645 3105; x_wconf 80' lang='lat' dir='ltr'><strong>frater</strong></span> <span class='ocrx_word' id='word_1_422' title='bbox 3667 3061 3918 3117; x_wconf 69' lang='lat' dir='ltr'><strong>meus,et</strong></span> <span class='ocrx_word' id='word_1_423' title='bbox 3940 3054 4129 3110; x_wconf 83' lang='lat' dir='ltr'><strong>dimit-</strong></span> 
     </span>
    </p>
   </div>
   <div class='ocr_carea' id='block_1_61' title="bbox 2504 3127 4130 3210">
    <p class='ocr_par' dir='ltr' id='par_1_61' title="bbox 2504 3127 4130 3210">
     <span class='ocr_line' id='line_1_61' title="bbox 2504 3127 4130 3210; baseline 0.012 -26"><span class='ocrx_word' id='word_1_424' title='bbox 2504 3139 2617 3184; x_wconf 86' lang='lat' dir='ltr'><strong>tam</strong></span> <span class='ocrx_word' id='word_1_425' title='bbox 2668 3127 2755 3186; x_wconf 77' lang='lat' dir='ltr'><strong>ei?</strong></span> <span class='ocrx_word' id='word_1_426' title='bbox 2803 3148 2977 3204; x_wconf 84' lang='lat' dir='ltr'><strong>usque</strong></span> <span class='ocrx_word' id='word_1_427' title='bbox 3030 3136 3271 3206; x_wconf 77' lang='lat' dir='ltr'><strong>septies?</strong></span> <span class='ocrx_word' id='word_1_428' title='bbox 3316 3158 3336 3192; x_wconf 75' lang='grc' dir='ltr'><strong>ι</strong></span> <span class='ocrx_word' id='word_1_429' title='bbox 3394 3137 3740 3210; x_wconf 83' lang='lat' dir='ltr'><strong>Respondit:</strong></span> <span class='ocrx_word' id='word_1_430' title='bbox 3776 3163 3794 3194; x_wconf 79' lang='grc' dir='ltr'><strong>ι</strong></span> <span class='ocrx_word' id='word_1_431' title='bbox 3833 3142 3951 3199; x_wconf 86' lang='grc' dir='ltr'>Νοιι</span> <span class='ocrx_word' id='word_1_432' title='bbox 4004 3148 4130 3202; x_wconf 75' lang='grc' dir='ltr'><strong>ὀίω</strong></span> 
     </span>
    </p>
   </div>
   <div class='ocr_carea' id='block_1_62' title="bbox 792 3218 4129 3309">
    <p class='ocr_par' dir='ltr' id='par_1_62' title="bbox 792 3218 4129 3309">
     <span class='ocr_line' id='line_1_62' title="bbox 792 3218 4129 3309; baseline 0.004 -30"><span class='ocrx_word' id='word_1_433' title='bbox 792 3233 970 3288; x_wconf 82' lang='lat' dir='ltr'><strong>taret;</strong></span> <span class='ocrx_word' id='word_1_434' title='bbox 1020 3224 1266 3280; x_wconf 88' lang='lat' dir='ltr'><strong>ascendit</strong></span> <span class='ocrx_word' id='word_1_435' title='bbox 1309 3240 1458 3290; x_wconf 88' lang='lat' dir='ltr'><strong>vero,</strong></span> <span class='ocrx_word' id='word_1_436' title='bbox 1494 3233 1554 3279; x_wconf 92' lang='lat' dir='ltr'><strong>ut</strong></span> <span class='ocrx_word' id='word_1_437' title='bbox 1582 3224 1889 3279; x_wconf 87' lang='lat' dir='ltr'><strong>divinitatis</strong></span> <span class='ocrx_word' id='word_1_438' title='bbox 1936 3239 2048 3279; x_wconf 67' lang='lat' dir='ltr'><strong>sua:</strong></span> <span class='ocrx_word' id='word_1_439' title='bbox 2089 3239 2188 3279; x_wconf 88' lang='lat' dir='ltr'><strong>nos</strong></span> <span class='ocrx_word' id='word_1_440' title='bbox 2225 3222 2398 3294; x_wconf 83' lang='lat' dir='ltr'><strong>parti-</strong></span> <span class='ocrx_word' id='word_1_441' title='bbox 2427 3218 2472 3279; x_wconf 91' lang='lat' dir='ltr'><strong>C</strong></span> <span class='ocrx_word' id='word_1_442' title='bbox 2507 3220 2603 3275; x_wconf 79' lang='lat' dir='ltr'><strong>tibi</strong></span> <span class='ocrx_word' id='word_1_443' title='bbox 2657 3237 2832 3293; x_wconf 85' lang='lat' dir='ltr'><strong>usque</strong></span> <span class='ocrx_word' id='word_1_444' title='bbox 2881 3227 3119 3296; x_wconf 85' lang='lat' dir='ltr'><strong>septies,</strong></span> <span class='ocrx_word' id='word_1_445' title='bbox 3181 3229 3280 3284; x_wconf 88' lang='lat' dir='ltr'><strong>sed</strong></span> <span class='ocrx_word' id='word_1_446' title='bbox 3329 3246 3507 3302; x_wconf 89' lang='lat' dir='ltr'><strong>usque</strong></span> <span class='ocrx_word' id='word_1_447' title='bbox 3552 3237 3864 3306; x_wconf 82' lang='lat' dir='ltr'><strong>septuagies</strong></span> <span class='ocrx_word' id='word_1_448' title='bbox 3923 3243 4129 3309; x_wconf 75' lang='lat' dir='ltr'><strong>septies</strong></span> 
     </span>
    </p>
   </div>
   <div class='ocr_carea' id='block_1_63' title="bbox 790 3311 2397 3387">
    <p class='ocr_par' dir='ltr' id='par_1_63' title="bbox 790 3311 2397 3387">
     <span class='ocr_line' id='line_1_63' title="bbox 790 3311 2397 3387; baseline -0.002 -16"><span class='ocrx_word' id='word_1_449' title='bbox 790 3317 944 3385; x_wconf 88' lang='lat' dir='ltr'><strong>eipes</strong></span> <span class='ocrx_word' id='word_1_450' title='bbox 979 3314 1220 3382; x_wconf 71' lang='lat' dir='ltr'><strong>facerct&#39;,‘</strong></span> <span class='ocrx_word' id='word_1_451' title='bbox 1265 3316 1407 3371; x_wconf 89' lang='lat' dir='ltr'><strong>sicut</strong></span> <span class='ocrx_word' id='word_1_452' title='bbox 1454 3331 1553 3386; x_wconf 89' lang='lat' dir='ltr'><strong>per</strong></span> <span class='ocrx_word' id='word_1_453' title='bbox 1578 3315 1901 3387; x_wconf 78' lang='lat' dir='ltr'><strong>Apostolum</strong></span> <span class='ocrx_word' id='word_1_454' title='bbox 1953 3315 2158 3369; x_wconf 91' lang='lat' dir='ltr'><strong>dicitur</strong></span> <span class='ocrx_word' id='word_1_455' title='bbox 2187 3333 2200 3368; x_wconf 90' lang='lat'><strong>:</strong></span> <span class='ocrx_word' id='word_1_456' title='bbox 2237 3333 2256 3366; x_wconf 81' lang='grc' dir='ltr'><strong>ι</strong></span> <span class='ocrx_word' id='word_1_457' title='bbox 2291 3311 2397 3381; x_wconf 85' lang='lat' dir='ltr'><strong>Qui</strong></span> 
     </span>
    </p>
   </div>
   <div class='ocr_carea' id='block_1_64' title="bbox 791 3405 2398 3485">
    <p class='ocr_par' dir='ltr' id='par_1_64' title="bbox 791 3405 2398 3485">
     <span class='ocr_line' id='line_1_64' title="bbox 791 3405 2398 3485; baseline -0.001 -26"><span class='ocrx_word' id='word_1_458' title='bbox 791 3416 1044 3461; x_wconf 78' lang='lat' dir='ltr'><strong>mortuus</strong></span> <span class='ocrx_word' id='word_1_459' title='bbox 1080 3417 1162 3462; x_wconf 89' lang='lat' dir='ltr'><strong>est</strong></span> <span class='ocrx_word' id='word_1_460' title='bbox 1209 3417 1438 3476; x_wconf 89' lang='lat' dir='ltr'><strong>propter</strong></span> <span class='ocrx_word' id='word_1_461' title='bbox 1477 3414 1704 3475; x_wconf 85' lang='lat' dir='ltr'><strong>peccata</strong></span> <span class='ocrx_word' id='word_1_462' title='bbox 1758 3414 1966 3470; x_wconf 87' lang='lat' dir='ltr'><strong>nostra,</strong></span> <span class='ocrx_word' id='word_1_463' title='bbox 1998 3413 2056 3459; x_wconf 75' lang='grc' dir='ltr'>ει</span> <span class='ocrx_word' id='word_1_464' title='bbox 2093 3405 2398 3485; x_wconf 62' lang='grc' dir='ltr'>τεειιινῐβιίι</span> 
     </span>
    </p>
   </div>
   <div class='ocr_carea' id='block_1_65' title="bbox 789 3495 2399 3568">
    <p class='ocr_par' dir='ltr' id='par_1_65' title="bbox 789 3495 2399 3568">
     <span class='ocr_line' id='line_1_65' title="bbox 789 3495 2399 3568; baseline -0.001 -18"><span class='ocrx_word' id='word_1_465' title='bbox 789 3507 1016 3566; x_wconf 85' lang='lat' dir='ltr'><strong>propter</strong></span> <span class='ocrx_word' id='word_1_466' title='bbox 1053 3496 1502 3565; x_wconf 82' lang='lat' dir='ltr'><strong>justiﬁeationem</strong></span> <span class='ocrx_word' id='word_1_467' title='bbox 1550 3507 1799 3552; x_wconf 90' lang='lat' dir='ltr'><strong>nostram</strong></span> <span class='ocrx_word' id='word_1_468' title='bbox 1841 3495 2024 3568; x_wconf 84' lang='lat' dir='ltr'><strong>(Rom.</strong></span> <span class='ocrx_word' id='word_1_469' title='bbox 2052 3495 2152 3568; x_wconf 81' lang='lat' dir='ltr'><strong>tv).</strong></span> <span class='ocrx_word' id='word_1_470' title='bbox 2194 3515 2213 3549; x_wconf 80' lang='grc' dir='ltr'><strong>ι</strong></span> <span class='ocrx_word' id='word_1_471' title='bbox 2260 3495 2399 3550; x_wconf 79' lang='lat' dir='ltr'><strong>Hinc</strong></span> 
     </span>
    </p>
   </div>
   <div class='ocr_carea' id='block_1_66' title="bbox 789 3585 2397 3657">
    <p class='ocr_par' dir='ltr' id='par_1_66' title="bbox 789 3585 2397 3657">
     <span class='ocr_line' id='line_1_66' title="bbox 789 3585 2397 3657; baseline -0.001 -16"><span class='ocrx_word' id='word_1_472' title='bbox 789 3594 878 3641; x_wconf 89' lang='lat' dir='ltr'><strong>est</strong></span> <span class='ocrx_word' id='word_1_473' title='bbox 915 3587 1059 3640; x_wconf 90' lang='lat' dir='ltr'><strong>enim</strong></span> <span class='ocrx_word' id='word_1_474' title='bbox 1091 3587 1233 3657; x_wconf 91' lang='lat' dir='ltr'><strong>quod</strong></span> <span class='ocrx_word' id='word_1_475' title='bbox 1266 3586 1549 3642; x_wconf 58' lang='lat' dir='ltr'><strong>Mattheus</strong></span> <span class='ocrx_word' id='word_1_476' title='bbox 1592 3587 1976 3642; x_wconf 89' lang='lat' dir='ltr'><strong>descendendo</strong></span> <span class='ocrx_word' id='word_1_477' title='bbox 2019 3602 2118 3657; x_wconf 90' lang='lat' dir='ltr'><strong>per</strong></span> <span class='ocrx_word' id='word_1_478' title='bbox 2147 3585 2397 3641; x_wconf 89' lang='lat' dir='ltr'><strong>Salomo-</strong></span> 
     </span>
    </p>
   </div>
   <div class='ocr_carea' id='block_1_67' title="bbox 790 3677 2393 3749">
    <p class='ocr_par' dir='ltr' id='par_1_67' title="bbox 790 3677 2393 3749">
     <span class='ocr_line' id='line_1_67' title="bbox 790 3677 2393 3749; baseline -0.003 -15"><span class='ocrx_word' id='word_1_479' title='bbox 790 3693 939 3744; x_wconf 79' lang='lat' dir='ltr'><strong>nem,</strong></span> <span class='ocrx_word' id='word_1_480' title='bbox 968 3677 1122 3748; x_wconf 90' lang='lat' dir='ltr'><strong>cujus</strong></span> <span class='ocrx_word' id='word_1_481' title='bbox 1163 3689 1395 3734; x_wconf 86' lang='lat' dir='ltr'><strong>matrem</strong></span> <span class='ocrx_word' id='word_1_482' title='bbox 1446 3679 1888 3749; x_wconf 90' lang='lat' dir='ltr'><strong>concupiscendo</strong></span> <span class='ocrx_word' id='word_1_483' title='bbox 1915 3677 2087 3732; x_wconf 86' lang='lat' dir='ltr'><strong>David</strong></span> <span class='ocrx_word' id='word_1_484' title='bbox 2126 3677 2393 3746; x_wconf 86' lang='lat' dir='ltr'><strong>peccavit,</strong></span> 
     </span>
    </p>
   </div>
   <div class='ocr_carea' id='block_1_68' title="bbox 790 3756 2395 3839">
    <p class='ocr_par' dir='ltr' id='par_1_68' title="bbox 790 3756 2395 3839">
     <span class='ocr_line' id='line_1_68' title="bbox 790 3756 2395 3839; baseline -0.002 -16"><span class='ocrx_word' id='word_1_485' title='bbox 790 3769 1153 3839; x_wconf 88' lang='lat' dir='ltr'><strong>quadraginta</strong></span> <span class='ocrx_word' id='word_1_486' title='bbox 1216 3769 1603 3839; x_wconf 88' lang='lat' dir='ltr'><strong>generationes</strong></span> <span class='ocrx_word' id='word_1_487' title='bbox 1673 3756 2000 3831; x_wconf 83' lang='lat' dir='ltr'><strong>enumerat,</strong></span> <span class='ocrx_word' id='word_1_488' title='bbox 2051 3767 2215 3839; x_wconf 90' lang='lat'><strong>232</strong></span> <span class='ocrx_word' id='word_1_489' title='bbox 2271 3782 2395 3821; x_wconf 91' lang='lat' dir='ltr'><strong>cum</strong></span> 
     </span>
    </p>
   </div>
   <div class='ocr_carea' id='block_1_69' title="bbox 789 3859 2395 3931">
    <p class='ocr_par' dir='ltr' id='par_1_69' title="bbox 789 3859 2395 3931">
     <span class='ocr_line' id='line_1_69' title="bbox 789 3859 2395 3931; baseline 0.001 -16"><span class='ocrx_word' id='word_1_490' title='bbox 789 3859 968 3916; x_wconf 87' lang='lat' dir='ltr'><strong>Lucas</strong></span> <span class='ocrx_word' id='word_1_491' title='bbox 1000 3861 1344 3916; x_wconf 86' lang='lat' dir='ltr'><strong>ascendendo</strong></span> <span class='ocrx_word' id='word_1_492' title='bbox 1388 3875 1486 3931; x_wconf 88' lang='lat' dir='ltr'><strong>per</strong></span> <span class='ocrx_word' id='word_1_493' title='bbox 1519 3859 1756 3927; x_wconf 80' lang='lat' dir='ltr'><strong>Nathan,</strong></span> <span class='ocrx_word' id='word_1_494' title='bbox 1805 3876 1902 3930; x_wconf 92' lang='lat' dir='ltr'><strong>per</strong></span> <span class='ocrx_word' id='word_1_495' title='bbox 1949 3860 2107 3928; x_wconf 83' lang='lat' dir='ltr'><strong>cujus</strong></span> <span class='ocrx_word' id='word_1_496' title='bbox 2156 3860 2395 3916; x_wconf 88' lang='lat' dir='ltr'><strong>nominis</strong></span> 
     </span>
    </p>
   </div>
   <div class='ocr_carea' id='block_1_70' title="bbox 789 3953 2396 4023">
    <p class='ocr_par' dir='ltr' id='par_1_70' title="bbox 789 3953 2396 4023">
     <span class='ocr_line' id='line_1_70' title="bbox 789 3953 2396 4023; baseline 0.003 -20"><span class='ocrx_word' id='word_1_497' title='bbox 789 3953 1112 4021; x_wconf 87' lang='lat' dir='ltr'><strong>prophetam</strong></span> <span class='ocrx_word' id='word_1_498' title='bbox 1153 3962 1439 4023; x_wconf 88' lang='lat' dir='ltr'><strong>peccatum</strong></span> <span class='ocrx_word' id='word_1_499' title='bbox 1481 3953 1651 4007; x_wconf 85' lang='lat' dir='ltr'><strong>David</strong></span> <span class='ocrx_word' id='word_1_500' title='bbox 1694 3953 1956 4008; x_wconf 88' lang='lat' dir='ltr'><strong>Dominus</strong></span> <span class='ocrx_word' id='word_1_501' title='bbox 2007 3953 2271 4022; x_wconf 80' lang='lat' dir='ltr'><strong>expiavit,</strong></span> <span class='ocrx_word' id='word_1_502' title='bbox 2309 3969 2396 4008; x_wconf 77' lang='lat' dir='ltr'><strong>sc-</strong></span> 
     </span>
    </p>
   </div>
   <div class='ocr_carea' id='block_1_71' title="bbox 789 4044 2395 4116">
    <p class='ocr_par' dir='ltr' id='par_1_71' title="bbox 789 4044 2395 4116">
     <span class='ocr_line' id='line_1_71' title="bbox 789 4044 2395 4116; baseline 0.004 -21"><span class='ocrx_word' id='word_1_503' title='bbox 789 4044 1067 4114; x_wconf 84' lang='lat' dir='ltr'><strong>ptuaginta</strong></span> <span class='ocrx_word' id='word_1_504' title='bbox 1120 4051 1174 4099; x_wconf 86' lang='lat' dir='ltr'><strong>et</strong></span> <span class='ocrx_word' id='word_1_505' title='bbox 1229 4055 1436 4115; x_wconf 90' lang='lat' dir='ltr'><strong>septem</strong></span> <span class='ocrx_word' id='word_1_506' title='bbox 1493 4046 1878 4116; x_wconf 86' lang='lat' dir='ltr'><strong>generationes</strong></span> <span class='ocrx_word' id='word_1_507' title='bbox 1939 4047 2234 4101; x_wconf 87' lang='lat' dir='ltr'><strong>describat.</strong></span> <span class='ocrx_word' id='word_1_508' title='bbox 2286 4044 2395 4102; x_wconf 87' lang='lat' dir='ltr'><strong>Per</strong></span> 
     </span>
    </p>
   </div>
   <div class='ocr_carea' id='block_1_72' title="bbox 789 4134 2392 4210">
    <p class='ocr_par' dir='ltr' id='par_1_72' title="bbox 789 4134 2392 4210">
     <span class='ocr_line' id='line_1_72' title="bbox 789 4134 2392 4210; baseline 0.006 -22"><span class='ocrx_word' id='word_1_509' title='bbox 789 4134 1102 4192; x_wconf 76' lang='lat' dir='ltr'><strong>Matthzeum</strong></span> <span class='ocrx_word' id='word_1_510' title='bbox 1137 4139 1336 4210; x_wconf 92' lang='lat' dir='ltr'><strong>quippe</strong></span> <span class='ocrx_word' id='word_1_511' title='bbox 1374 4141 1624 4209; x_wconf 87' lang='lat' dir='ltr'><strong>signatur</strong></span> <span class='ocrx_word' id='word_1_512' title='bbox 1666 4141 1792 4210; x_wconf 88' lang='lat' dir='ltr'><strong>quia</strong></span> <span class='ocrx_word' id='word_1_513' title='bbox 1843 4141 2047 4197; x_wconf 90' lang='lat' dir='ltr'><strong>idcirco</strong></span> <span class='ocrx_word' id='word_1_514' title='bbox 2090 4142 2182 4198; x_wconf 90' lang='lat' dir='ltr'><strong>Dei</strong></span> <span class='ocrx_word' id='word_1_515' title='bbox 2220 4141 2392 4197; x_wconf 84' lang='lat' dir='ltr'><strong>Filius</strong></span> 
     </span>
    </p>
   </div>
   <div class='ocr_carea' id='block_1_73' title="bbox 788 4228 2392 4295">
    <p class='ocr_par' dir='ltr' id='par_1_73' title="bbox 788 4228 2392 4295">
     <span class='ocr_line' id='line_1_73' title="bbox 788 4228 2392 4295; baseline 0.005 -14"><span class='ocrx_word' id='word_1_516' title='bbox 788 4228 858 4281; x_wconf 90' lang='lat' dir='ltr'><strong>ad</strong></span> <span class='ocrx_word' id='word_1_517' title='bbox 890 4243 988 4282; x_wconf 86' lang='lat' dir='ltr'><strong>nos</strong></span> <span class='ocrx_word' id='word_1_518' title='bbox 1021 4239 1333 4295; x_wconf 87' lang='lat' dir='ltr'><strong>peccatores</strong></span> <span class='ocrx_word' id='word_1_519' title='bbox 1361 4229 1665 4294; x_wconf 89' lang='lat' dir='ltr'><strong>descendit,</strong></span> <span class='ocrx_word' id='word_1_520' title='bbox 1697 4239 1756 4285; x_wconf 90' lang='lat' dir='ltr'><strong>ut</strong></span> <span class='ocrx_word' id='word_1_521' title='bbox 1803 4232 2154 4288; x_wconf 80' lang='lat' dir='ltr'><strong>mortalitatis</strong></span> <span class='ocrx_word' id='word_1_522' title='bbox 2184 4243 2392 4289; x_wconf 76' lang='lat' dir='ltr'><strong>nostra:</strong></span> 
     </span>
    </p>
   </div>
   <div class='ocr_carea' id='block_1_74' title="bbox 787 4319 2388 4395">
    <p class='ocr_par' dir='ltr' id='par_1_74' title="bbox 787 4319 2388 4395">
     <span class='ocr_line' id='line_1_74' title="bbox 787 4319 2388 4395; baseline 0.004 -24"><span class='ocrx_word' id='word_1_523' title='bbox 787 4320 1062 4388; x_wconf 88' lang='lat' dir='ltr'><strong>particeps</strong></span> <span class='ocrx_word' id='word_1_524' title='bbox 1111 4319 1296 4387; x_wconf 78' lang='lat' dir='ltr'><strong>ﬁeret;</strong></span> <span class='ocrx_word' id='word_1_525' title='bbox 1365 4336 1464 4391; x_wconf 90' lang='lat' dir='ltr'><strong>per</strong></span> <span class='ocrx_word' id='word_1_526' title='bbox 1517 4319 1720 4375; x_wconf 85' lang='lat' dir='ltr'><strong>Lucam</strong></span> <span class='ocrx_word' id='word_1_527' title='bbox 1778 4338 1903 4377; x_wconf 79' lang='lat' dir='ltr'><strong>vero</strong></span> <span class='ocrx_word' id='word_1_528' title='bbox 1963 4323 2211 4378; x_wconf 86' lang='lat' dir='ltr'><strong>innuitur</strong></span> <span class='ocrx_word' id='word_1_529' title='bbox 2261 4327 2388 4395; x_wconf 88' lang='lat' dir='ltr'><strong>quia</strong></span> 
     </span>
    </p>
   </div>
   <div class='ocr_carea' id='block_1_75' title="bbox 787 4409 2392 4482">
    <p class='ocr_par' dir='ltr' id='par_1_75' title="bbox 787 4409 2392 4482">
     <span class='ocr_line' id='line_1_75' title="bbox 787 4409 2392 4482; baseline 0.004 -18"><span class='ocrx_word' id='word_1_530' title='bbox 787 4409 994 4464; x_wconf 87' lang='lat' dir='ltr'><strong>idcirco</strong></span> <span class='ocrx_word' id='word_1_531' title='bbox 1029 4422 1150 4480; x_wconf 86' lang='lat' dir='ltr'><strong>post</strong></span> <span class='ocrx_word' id='word_1_532' title='bbox 1197 4413 1662 4468; x_wconf 86' lang='lat' dir='ltr'><strong>resurrectionem</strong></span> <span class='ocrx_word' id='word_1_533' title='bbox 1693 4414 1758 4468; x_wconf 91' lang='lat' dir='ltr'><strong>ad</strong></span> <span class='ocrx_word' id='word_1_534' title='bbox 1783 4413 2002 4471; x_wconf 89' lang='lat' dir='ltr'><strong>Patrem</strong></span> <span class='ocrx_word' id='word_1_535' title='bbox 2032 4417 2299 4482; x_wconf 89' lang='lat' dir='ltr'><strong>ascendit,</strong></span> <span class='ocrx_word' id='word_1_536' title='bbox 2332 4427 2392 4482; x_wconf 86' lang='lat' dir='ltr'><strong>ut</strong></span> 
     </span>
    </p>
   </div>
   <div class='ocr_carea' id='block_1_76' title="bbox 786 4503 2390 4580">
    <p class='ocr_par' dir='ltr' id='par_1_76' title="bbox 786 4503 2390 4580">
     <span class='ocr_line' id='line_1_76' title="bbox 786 4503 2390 4580; baseline 0.006 -25"><span class='ocrx_word' id='word_1_537' title='bbox 786 4515 889 4556; x_wconf 89' lang='lat' dir='ltr'><strong>nos</strong></span> <span class='ocrx_word' id='word_1_538' title='bbox 931 4503 1233 4558; x_wconf 89' lang='lat' dir='ltr'><strong>divinitatis</strong></span> <span class='ocrx_word' id='word_1_539' title='bbox 1283 4519 1394 4558; x_wconf 75' lang='lat' dir='ltr'><strong>sua:</strong></span> <span class='ocrx_word' id='word_1_540' title='bbox 1441 4514 1729 4561; x_wconf 90' lang='lat' dir='ltr'><strong>consortes</strong></span> <span class='ocrx_word' id='word_1_541' title='bbox 1775 4506 2031 4562; x_wconf 74' lang='lat' dir='ltr'><strong>efficeret.</strong></span> <span class='ocrx_word' id='word_1_542' title='bbox 2087 4507 2245 4564; x_wconf 90' lang='lat' dir='ltr'><strong>Sicut</strong></span> <span class='ocrx_word' id='word_1_543' title='bbox 2292 4525 2390 4580; x_wconf 87' lang='lat' dir='ltr'><strong>per</strong></span> 
     </span>
    </p>
   </div>
   <div class='ocr_carea' id='block_1_77' title="bbox 785 4594 1860 4664">
    <p class='ocr_par' dir='ltr' id='par_1_77' title="bbox 785 4594 1860 4664">
     <span class='ocr_line' id='line_1_77' title="bbox 785 4594 1860 4664; baseline 0.008 -20"><span class='ocrx_word' id='word_1_544' title='bbox 785 4594 1062 4662; x_wconf 86' lang='lat' dir='ltr'><strong>egregium</strong></span> <span class='ocrx_word' id='word_1_545' title='bbox 1120 4595 1536 4664; x_wconf 65' lang='lat' dir='ltr'><strong>praadicatorem</strong></span> <span class='ocrx_word' id='word_1_546' title='bbox 1594 4597 1797 4652; x_wconf 91' lang='lat' dir='ltr'><strong>dicitur</strong></span> <span class='ocrx_word' id='word_1_547' title='bbox 1847 4616 1860 4653; x_wconf 92' lang='lat'>:</span> 
     </span>
    </p>
   </div>
   <div class='ocr_carea' id='block_1_78' title="bbox 785 4691 2384 4773">
    <p class='ocr_par' dir='ltr' id='par_1_78' title="bbox 785 4691 2384 4773">
     <span class='ocr_line' id='line_1_78' title="bbox 785 4691 2384 4773; baseline 0.012 -32"><span class='ocrx_word' id='word_1_548' title='bbox 785 4691 1052 4754; x_wconf 78' lang='lat' dir='ltr'><strong>ascendit,</strong></span> <span class='ocrx_word' id='word_1_549' title='bbox 1084 4693 1213 4762; x_wconf 89' lang='lat' dir='ltr'><strong>quid</strong></span> <span class='ocrx_word' id='word_1_550' title='bbox 1243 4704 1349 4762; x_wconf 88' lang='lat' dir='ltr'><strong>est,</strong></span> <span class='ocrx_word' id='word_1_551' title='bbox 1388 4695 1491 4749; x_wconf 87' lang='lat' dir='ltr'><strong>nisi</strong></span> <span class='ocrx_word' id='word_1_552' title='bbox 1540 4697 1668 4766; x_wconf 89' lang='lat' dir='ltr'><strong>quia</strong></span> <span class='ocrx_word' id='word_1_553' title='bbox 1719 4699 2001 4755; x_wconf 86' lang='lat' dir='ltr'><strong>descendit</strong></span> <span class='ocrx_word' id='word_1_554' title='bbox 2045 4703 2280 4773; x_wconf 90' lang='lat' dir='ltr'><strong>primum</strong></span> <span class='ocrx_word' id='word_1_555' title='bbox 2330 4705 2384 4760; x_wconf 91' lang='lat' dir='ltr'><strong>in</strong></span> 
     </span>
    </p>
   </div>
   <div class='ocr_carea' id='block_1_79' title="bbox 785 4775 2388 4864">
    <p class='ocr_par' dir='ltr' id='par_1_79' title="bbox 785 4775 2388 4864">
     <span class='ocr_line' id='line_1_79' title="bbox 785 4775 2388 4864; baseline 0.012 -32"><span class='ocrx_word' id='word_1_556' title='bbox 785 4775 1074 4836; x_wconf 83' lang='lat' dir='ltr'><strong>inferiores</strong></span> <span class='ocrx_word' id='word_1_557' title='bbox 1115 4794 1300 4853; x_wconf 86' lang='lat' dir='ltr'><strong>partes</strong></span> <span class='ocrx_word' id='word_1_558' title='bbox 1349 4787 1547 4839; x_wconf 75' lang='lat' dir='ltr'><strong>terrm?</strong></span> <span class='ocrx_word' id='word_1_559' title='bbox 1577 4787 1680 4855; x_wconf 92' lang='lat' dir='ltr'><strong>Qui</strong></span> <span class='ocrx_word' id='word_1_560' title='bbox 1726 4787 2006 4848; x_wconf 82' lang='lat' dir='ltr'><strong>descendit</strong></span> <span class='ocrx_word' id='word_1_561' title='bbox 2045 4795 2160 4864; x_wconf 87' lang='lat' dir='ltr'><strong>ipse</strong></span> <span class='ocrx_word' id='word_1_562' title='bbox 2194 4805 2300 4860; x_wconf 87' lang='lat' dir='ltr'><strong>est,</strong></span> <span class='ocrx_word' id='word_1_563' title='bbox 2331 4806 2388 4853; x_wconf 91' lang='lat' dir='ltr'><strong>et</strong></span> 
     </span>
    </p>
   </div>
   <div class='ocr_carea' id='block_1_80' title="bbox 783 4870 2387 4956">
    <p class='ocr_par' dir='ltr' id='par_1_80' title="bbox 783 4870 2387 4956">
     <span class='ocr_line' id='line_1_80' title="bbox 783 4870 2387 4956; baseline 0.011 -32"><span class='ocrx_word' id='word_1_564' title='bbox 783 4870 878 4940; x_wconf 89' lang='lat' dir='ltr'><strong>qui</strong></span> <span class='ocrx_word' id='word_1_565' title='bbox 906 4874 1150 4928; x_wconf 84' lang='lat' dir='ltr'><strong>ascendit</strong></span> <span class='ocrx_word' id='word_1_566' title='bbox 1190 4890 1356 4945; x_wconf 90' lang='lat' dir='ltr'><strong>super</strong></span> <span class='ocrx_word' id='word_1_567' title='bbox 1382 4892 1571 4934; x_wconf 90' lang='lat' dir='ltr'><strong>omnes</strong></span> <span class='ocrx_word' id='word_1_568' title='bbox 1602 4880 1791 4948; x_wconf 67' lang='lat' dir='ltr'><strong>caelos,</strong></span> <span class='ocrx_word' id='word_1_569' title='bbox 1824 4892 1883 4936; x_wconf 91' lang='lat' dir='ltr'><strong>ut</strong></span> <span class='ocrx_word' id='word_1_570' title='bbox 1915 4884 2240 4956; x_wconf 87' lang='lat' dir='ltr'><strong>adimpleret</strong></span> <span class='ocrx_word' id='word_1_571' title='bbox 2269 4903 2387 4942; x_wconf 91' lang='lat' dir='ltr'><strong>om-</strong></span> 
     </span>
    </p>
   </div>
   <div class='ocr_carea' id='block_1_81' title="bbox 781 4963 2385 5052">
    <p class='ocr_par' dir='ltr' id='par_1_81' title="bbox 781 4963 2385 5052">
     <span class='ocr_line' id='line_1_81' title="bbox 781 4963 2385 5052; baseline 0.012 -35"><span class='ocrx_word' id='word_1_572' title='bbox 781 4963 875 5052; x_wconf 79' lang='lat' dir='ltr'><strong>nia</strong></span> <span class='ocrx_word' id='word_1_573' title='bbox 927 4963 1154 5036; x_wconf 75' lang='lat' dir='ltr'><strong>(Ep/tes.</strong></span> <span class='ocrx_word' id='word_1_574' title='bbox 1193 4969 1301 5039; x_wconf 80' lang='lat' dir='ltr'><strong>tv).</strong></span> <span class='ocrx_word' id='word_1_575' title='bbox 1341 4989 1360 5021; x_wconf 82' lang='grc' dir='ltr'><strong>ι</strong></span> <span class='ocrx_word' id='word_1_576' title='bbox 1398 4970 1502 5026; x_wconf 85' lang='lat' dir='ltr'><strong>Per</strong></span> <span class='ocrx_word' id='word_1_577' title='bbox 1549 4988 1836 5030; x_wconf 90' lang='lat' dir='ltr'><strong>numerum</strong></span> <span class='ocrx_word' id='word_1_578' title='bbox 1891 4993 2164 5049; x_wconf 88' lang='lat' dir='ltr'><strong>namque.</strong></span> <span class='ocrx_word' id='word_1_579' title='bbox 2221 4997 2385 5052; x_wconf 84' lang='lat' dir='ltr'><strong>quem</strong></span> 
     </span>
    </p>
   </div>
   <div class='ocr_carea' id='block_1_82' title="bbox 782 5051 2382 5134">
    <p class='ocr_par' dir='ltr' id='par_1_82' title="bbox 782 5051 2382 5134">
     <span class='ocr_line' id='line_1_82' title="bbox 782 5051 2382 5134; baseline 0.011 -25"><span class='ocrx_word' id='word_1_580' title='bbox 782 5051 1070 5112; x_wconf 75' lang='lat' dir='ltr'><strong>Matthaeus</strong></span> <span class='ocrx_word' id='word_1_581' title='bbox 1117 5059 1366 5126; x_wconf 88' lang='lat' dir='ltr'><strong>ordinat,</strong></span> <span class='ocrx_word' id='word_1_582' title='bbox 1417 5065 1695 5133; x_wconf 87' lang='lat' dir='ltr'><strong>susceptio</strong></span> <span class='ocrx_word' id='word_1_583' title='bbox 1745 5076 1945 5123; x_wconf 61' lang='lat' dir='ltr'><strong>nostra</strong></span> <span class='ocrx_word' id='word_1_584' title='bbox 1997 5051 2382 5134; x_wconf 87' lang='lat' dir='ltr'><strong>mortalitatis;</strong></span> 
     </span>
    </p>
   </div>
   <div class='ocr_carea' id='block_1_83' title="bbox 779 5146 2386 5229">
    <p class='ocr_par' dir='ltr' id='par_1_83' title="bbox 779 5146 2386 5229">
     <span class='ocr_line' id='line_1_83' title="bbox 779 5146 2386 5229; baseline 0.014 -31"><span class='ocrx_word' id='word_1_585' title='bbox 779 5158 882 5215; x_wconf 87' lang='lat' dir='ltr'><strong>per</strong></span> <span class='ocrx_word' id='word_1_586' title='bbox 927 5146 1076 5229; x_wconf 70' lang='lat' dir='ltr'><strong>illum</strong></span> <span class='ocrx_word' id='word_1_587' title='bbox 1129 5164 1282 5215; x_wconf 79' lang='lat' dir='ltr'><strong>vero,</strong></span> <span class='ocrx_word' id='word_1_588' title='bbox 1323 5167 1482 5222; x_wconf 91' lang='lat' dir='ltr'><strong>quem</strong></span> <span class='ocrx_word' id='word_1_589' title='bbox 1533 5154 1712 5211; x_wconf 81' lang='lat' dir='ltr'><strong>Lucas</strong></span> <span class='ocrx_word' id='word_1_590' title='bbox 1758 5160 1964 5227; x_wconf 88' lang='lat' dir='ltr'><strong>posuit.</strong></span> <span class='ocrx_word' id='word_1_591' title='bbox 1995 5161 2251 5219; x_wconf 66' lang='lat' dir='ltr'><strong>humana?</strong></span> <span class='ocrx_word' id='word_1_592' title='bbox 2293 5181 2386 5220; x_wconf 80' lang='lat' dir='ltr'><strong>ex-</strong></span> 
     </span>
    </p>
   </div>
   <div class='ocr_carea' id='block_1_84' title="bbox 777 5237 2383 5324">
    <p class='ocr_par' dir='ltr' id='par_1_84' title="bbox 777 5237 2383 5324">
     <span class='ocr_line' id='line_1_84' title="bbox 777 5237 2383 5324; baseline 0.014 -33"><span class='ocrx_word' id='word_1_593' title='bbox 777 5237 1038 5308; x_wconf 85' lang='lat' dir='ltr'><strong>primitur</strong></span> <span class='ocrx_word' id='word_1_594' title='bbox 1066 5241 1290 5299; x_wconf 87' lang='lat' dir='ltr'><strong>abolitio</strong></span> <span class='ocrx_word' id='word_1_595' title='bbox 1319 5248 1623 5316; x_wconf 87' lang='lat' dir='ltr'><strong>pravitatis.</strong></span> <span class='ocrx_word' id='word_1_596' title='bbox 1660 5249 2141 5324; x_wconf 86' lang='lat' dir='ltr'><strong>Quadragenarius</strong></span> <span class='ocrx_word' id='word_1_597' title='bbox 2169 5258 2314 5312; x_wconf 88' lang='lat' dir='ltr'><strong>enim</strong></span> <span class='ocrx_word' id='word_1_598' title='bbox 2353 5276 2383 5314; x_wconf 72' lang='grc' dir='ltr'><strong>ιι</strong></span> 
     </span>
    </p>
   </div>
   <div class='ocr_carea' id='block_1_85' title="bbox 778 5333 2383 5417">
    <p class='ocr_par' dir='ltr' id='par_1_85' title="bbox 778 5333 2383 5417">
     <span class='ocr_line' id='line_1_85' title="bbox 778 5333 2383 5417; baseline 0.014 -35"><span class='ocrx_word' id='word_1_599' title='bbox 778 5333 1153 5399; x_wconf 83' lang='lat' dir='ltr'><strong>quaternario,</strong></span> <span class='ocrx_word' id='word_1_600' title='bbox 1183 5343 1238 5389; x_wconf 88' lang='lat' dir='ltr'><strong>et</strong></span> <span class='ocrx_word' id='word_1_601' title='bbox 1263 5335 1489 5392; x_wconf 90' lang='lat' dir='ltr'><strong>denario</strong></span> <span class='ocrx_word' id='word_1_602' title='bbox 1515 5341 1794 5407; x_wconf 85' lang='lat' dir='ltr'><strong>nascitur;</strong></span> <span class='ocrx_word' id='word_1_603' title='bbox 1825 5342 1941 5413; x_wconf 89' lang='lat' dir='ltr'><strong>ipse</strong></span> <span class='ocrx_word' id='word_1_604' title='bbox 1971 5361 2190 5417; x_wconf 91' lang='lat' dir='ltr'><strong>quoque</strong></span> <span class='ocrx_word' id='word_1_605' title='bbox 2217 5349 2383 5404; x_wconf 83' lang='lat' dir='ltr'><strong>dena-</strong></span> 
     </span>
    </p>
   </div>
   <div class='ocr_carea' id='block_1_86' title="bbox 782 5418 2378 5506">
    <p class='ocr_par' dir='ltr' id='par_1_86' title="bbox 782 5418 2378 5506">
     <span class='ocr_line' id='line_1_86' title="bbox 782 5418 2378 5506; baseline 0.013 -32"><span class='ocrx_word' id='word_1_606' title='bbox 782 5418 898 5474; x_wconf 83' lang='lat' dir='ltr'><strong>rius</strong></span> <span class='ocrx_word' id='word_1_607' title='bbox 923 5435 952 5472; x_wconf 88' lang='lat' dir='ltr'><strong>a</strong></span> <span class='ocrx_word' id='word_1_608' title='bbox 978 5427 1333 5490; x_wconf 83' lang='lat' dir='ltr'><strong>quaternario</strong></span> <span class='ocrx_word' id='word_1_609' title='bbox 1363 5428 1662 5484; x_wconf 89' lang='lat' dir='ltr'><strong>derivatur.</strong></span> <span class='ocrx_word' id='word_1_610' title='bbox 1698 5431 1849 5488; x_wconf 90' lang='lat' dir='ltr'><strong>Unus</strong></span> <span class='ocrx_word' id='word_1_611' title='bbox 1881 5449 2139 5506; x_wconf 86' lang='lat' dir='ltr'><strong>namque,</strong></span> <span class='ocrx_word' id='word_1_612' title='bbox 2165 5448 2222 5492; x_wconf 92' lang='lat' dir='ltr'><strong>et</strong></span> <span class='ocrx_word' id='word_1_613' title='bbox 2248 5441 2378 5506; x_wconf 90' lang='lat' dir='ltr'><strong>duo,</strong></span> 
     </span>
    </p>
   </div>
   <div class='ocr_carea' id='block_1_87' title="bbox 777 5520 2378 5597">
    <p class='ocr_par' dir='ltr' id='par_1_87' title="bbox 777 5520 2378 5597">
     <span class='ocr_line' id='line_1_87' title="bbox 777 5520 2378 5597; baseline 0.014 -31"><span class='ocrx_word' id='word_1_614' title='bbox 777 5520 839 5566; x_wconf 90' lang='lat' dir='ltr'><strong>et</strong></span> <span class='ocrx_word' id='word_1_615' title='bbox 867 5522 998 5574; x_wconf 86' lang='lat' dir='ltr'><strong>tres,</strong></span> <span class='ocrx_word' id='word_1_616' title='bbox 1030 5526 1084 5568; x_wconf 89' lang='lat' dir='ltr'><strong>et</strong></span> <span class='ocrx_word' id='word_1_617' title='bbox 1114 5526 1372 5584; x_wconf 88' lang='lat' dir='ltr'><strong>quatuor,</strong></span> <span class='ocrx_word' id='word_1_618' title='bbox 1391 5521 1566 5577; x_wconf 87' lang='lat' dir='ltr'><strong>auctis</strong></span> <span class='ocrx_word' id='word_1_619' title='bbox 1591 5537 1810 5595; x_wconf 86' lang='lat' dir='ltr'><strong>semper</strong></span> <span class='ocrx_word' id='word_1_620' title='bbox 1840 5528 2185 5597; x_wconf 89' lang='lat' dir='ltr'><strong>monadibus,</strong></span> <span class='ocrx_word' id='word_1_621' title='bbox 2204 5531 2258 5586; x_wconf 93' lang='lat' dir='ltr'><strong>in</strong></span> <span class='ocrx_word' id='word_1_622' title='bbox 2282 5531 2378 5587; x_wconf 89' lang='lat' dir='ltr'><strong>de-</strong></span> 
     </span>
    </p>
   </div>
   <div class='ocr_carea' id='block_1_88' title="bbox 778 5617 1302 5662">
    <p class='ocr_par' dir='ltr' id='par_1_88' title="bbox 778 5617 1302 5662">
     <span class='ocr_line' id='line_1_88' title="bbox 778 5617 1302 5662; baseline 0.008 -4"><span class='ocrx_word' id='word_1_623' title='bbox 778 5617 996 5658; x_wconf 73' lang='lat' dir='ltr'><strong>narium</strong></span> <span class='ocrx_word' id='word_1_624' title='bbox 1029 5617 1302 5662; x_wconf 86' lang='lat' dir='ltr'><strong>crescunt.</strong></span> 
     </span>
    </p>
   </div>
   <div class='ocr_carea' id='block_1_89' title="bbox 851 5693 2380 5783">
    <p class='ocr_par' dir='ltr' id='par_1_89' title="bbox 851 5693 2380 5783">
     <span class='ocr_line' id='line_1_89' title="bbox 851 5693 2380 5783; baseline 0.014 -35"><span class='ocrx_word' id='word_1_625' title='bbox 851 5693 958 5750; x_wconf 81' lang='lat' dir='ltr'><strong>Per</strong></span> <span class='ocrx_word' id='word_1_626' title='bbox 985 5697 1477 5768; x_wconf 80' lang='lat' dir='ltr'><strong>quadragenarium</strong></span> <span class='ocrx_word' id='word_1_627' title='bbox 1514 5718 1648 5775; x_wconf 88' lang='lat' dir='ltr'><strong>ergo</strong></span> <span class='ocrx_word' id='word_1_628' title='bbox 1682 5721 1971 5764; x_wconf 89' lang='lat' dir='ltr'><strong>numerum</strong></span> <span class='ocrx_word' id='word_1_629' title='bbox 2003 5709 2108 5768; x_wconf 89' lang='lat' dir='ltr'><strong>hoc</strong></span> <span class='ocrx_word' id='word_1_630' title='bbox 2135 5726 2380 5783; x_wconf 66' lang='lat' dir='ltr'><strong>prsesens</strong></span> 
     </span>
    </p>
   </div>
   <div class='ocr_carea' id='block_1_90' title="bbox 778 5788 2375 5875">
    <p class='ocr_par' dir='ltr' id='par_1_90' title="bbox 778 5788 2375 5875">
     <span class='ocr_line' id='line_1_90' title="bbox 778 5788 2375 5875; baseline 0.013 -32"><span class='ocrx_word' id='word_1_631' title='bbox 778 5788 1034 5844; x_wconf 71' lang='lat' dir='ltr'><strong>mulum</strong></span> <span class='ocrx_word' id='word_1_632' title='bbox 1069 5790 1406 5861; x_wconf 80' lang='lat' dir='ltr'><strong>designatur,</strong></span> <span class='ocrx_word' id='word_1_633' title='bbox 1437 5796 1563 5865; x_wconf 84' lang='lat' dir='ltr'><strong>quia</strong></span> <span class='ocrx_word' id='word_1_634' title='bbox 1591 5807 1647 5852; x_wconf 85' lang='lat' dir='ltr'><strong>et</strong></span> <span class='ocrx_word' id='word_1_635' title='bbox 1677 5814 1849 5855; x_wconf 83' lang='lat' dir='ltr'><strong>annus</strong></span> <span class='ocrx_word' id='word_1_636' title='bbox 1883 5801 2009 5868; x_wconf 87' lang='lat' dir='ltr'><strong>istc,</strong></span> <span class='ocrx_word' id='word_1_637' title='bbox 2040 5819 2203 5875; x_wconf 86' lang='lat' dir='ltr'><strong>quem</strong></span> <span class='ocrx_word' id='word_1_638' title='bbox 2235 5815 2375 5862; x_wconf 89' lang='lat' dir='ltr'><strong>tem-</strong></span> 
     </span>
    </p>
   </div>
   <div class='ocr_carea' id='block_1_91' title="bbox 1915 4577 2466 4667">
    <p class='ocr_par' dir='ltr' id='par_1_91' title="bbox 1915 4577 2466 4667">
     <span class='ocr_line' id='line_1_91' title="bbox 1915 4577 2466 4667; baseline 0.011 -15"><span class='ocrx_word' id='word_1_639' title='bbox 1915 4619 1934 4652; x_wconf 77' lang='grc'><strong>(</strong></span> <span class='ocrx_word' id='word_1_640' title='bbox 1986 4600 2141 4667; x_wconf 83' lang='lat' dir='ltr'><strong>Quod</strong></span> <span class='ocrx_word' id='word_1_641' title='bbox 2201 4577 2384 4657; x_wconf 76' lang='lat' dir='ltr'><strong>autem</strong></span> <span class='ocrx_word' id='word_1_642' title='bbox 2416 4577 2466 4638; x_wconf 75' lang='grc' dir='ltr'><strong>υ</strong></span> 
     </span>
    </p>
   </div>
   <div class='ocr_carea' id='block_1_92' title="bbox 2506 3311 4124 3399">
    <p class='ocr_par' dir='ltr' id='par_1_92' title="bbox 2506 3311 4124 3399">
     <span class='ocr_line' id='line_1_92' title="bbox 2506 3311 4124 3399; baseline 0.014 -35"><span class='ocrx_word' id='word_1_643' title='bbox 2506 3311 2726 3382; x_wconf 79' lang='lat' dir='ltr'><strong>(Matth.</strong></span> <span class='ocrx_word' id='word_1_644' title='bbox 2754 3315 2936 3387; x_wconf 80' lang='lat' dir='ltr'><strong>xvm).</strong></span> <span class='ocrx_word' id='word_1_645' title='bbox 2977 3337 2997 3369; x_wconf 76' lang='grc' dir='ltr'><strong>ι</strong></span> <span class='ocrx_word' id='word_1_646' title='bbox 3025 3318 3279 3390; x_wconf 90' lang='lat' dir='ltr'><strong>Congrue</strong></span> <span class='ocrx_word' id='word_1_647' title='bbox 3299 3333 3480 3378; x_wconf 86' lang='lat' dir='ltr'><strong>autem</strong></span> <span class='ocrx_word' id='word_1_648' title='bbox 3506 3339 3608 3395; x_wconf 88' lang='lat' dir='ltr'><strong>per</strong></span> <span class='ocrx_word' id='word_1_649' title='bbox 3634 3331 4124 3399; x_wconf 86' lang='lat' dir='ltr'><strong>septuagenarium</strong></span> 
     </span>
    </p>
   </div>
   <div class='ocr_carea' id='block_1_93' title="bbox 2504 3418 4128 3495">
    <p class='ocr_par' dir='ltr' id='par_1_93' title="bbox 2504 3418 4128 3495">
     <span class='ocr_line' id='line_1_93' title="bbox 2504 3418 4128 3495; baseline 0.015 -37"><span class='ocrx_word' id='word_1_650' title='bbox 2504 3421 2795 3462; x_wconf 89' lang='lat' dir='ltr'><strong>numerum</strong></span> <span class='ocrx_word' id='word_1_651' title='bbox 2850 3421 3204 3479; x_wconf 88' lang='lat' dir='ltr'><strong>peccatorum</strong></span> <span class='ocrx_word' id='word_1_652' title='bbox 3250 3418 3505 3472; x_wconf 87' lang='lat' dir='ltr'><strong>remissio</strong></span> <span class='ocrx_word' id='word_1_653' title='bbox 3554 3420 3896 3492; x_wconf 86' lang='lat' dir='ltr'><strong>designatur,</strong></span> <span class='ocrx_word' id='word_1_654' title='bbox 3928 3424 4021 3495; x_wconf 92' lang='lat' dir='ltr'><strong>qui</strong></span> <span class='ocrx_word' id='word_1_655' title='bbox 4057 3428 4128 3482; x_wconf 87' lang='lat' dir='ltr'><strong>ab</strong></span> 
     </span>
    </p>
   </div>
   <div class='ocr_carea' id='block_1_94' title="bbox 2504 3499 4129 3587">
    <p class='ocr_par' dir='ltr' id='par_1_94' title="bbox 2504 3499 4129 3587">
     <span class='ocr_line' id='line_1_94' title="bbox 2504 3499 4129 3587; baseline 0.013 -37"><span class='ocrx_word' id='word_1_656' title='bbox 2504 3499 2811 3555; x_wconf 85' lang='lat' dir='ltr'><strong>undenario</strong></span> <span class='ocrx_word' id='word_1_657' title='bbox 2842 3511 2897 3557; x_wconf 89' lang='lat' dir='ltr'><strong>et</strong></span> <span class='ocrx_word' id='word_1_658' title='bbox 2942 3506 3256 3573; x_wconf 87' lang='lat' dir='ltr'><strong>septenario</strong></span> <span class='ocrx_word' id='word_1_659' title='bbox 3285 3509 3552 3563; x_wconf 86' lang='lat' dir='ltr'><strong>nascitur.</strong></span> <span class='ocrx_word' id='word_1_660' title='bbox 3592 3509 3855 3567; x_wconf 87' lang='lat' dir='ltr'><strong>Undecim</strong></span> <span class='ocrx_word' id='word_1_661' title='bbox 3887 3531 4129 3587; x_wconf 84' lang='lat' dir='ltr'><strong>namque</strong></span> 
     </span>
    </p>
   </div>
   <div class='ocr_carea' id='block_1_95' title="bbox 2503 3588 4124 3677">
    <p class='ocr_par' dir='ltr' id='par_1_95' title="bbox 2503 3588 4124 3677">
     <span class='ocr_line' id='line_1_95' title="bbox 2503 3588 4124 3677; baseline 0.014 -36"><span class='ocrx_word' id='word_1_662' title='bbox 2503 3588 2549 3642; x_wconf 89' lang='lat' dir='ltr'><strong>sl</strong></span> <span class='ocrx_word' id='word_1_663' title='bbox 2623 3592 2825 3663; x_wconf 85' lang='lat' dir='ltr'><strong>septies</strong></span> <span class='ocrx_word' id='word_1_664' title='bbox 2886 3594 3342 3665; x_wconf 78' lang='lat' dir='ltr'><strong>multiplicemur,</strong></span> <span class='ocrx_word' id='word_1_665' title='bbox 3399 3605 3745 3672; x_wconf 87' lang='lat' dir='ltr'><strong>septuaginta</strong></span> <span class='ocrx_word' id='word_1_666' title='bbox 3808 3615 3862 3660; x_wconf 93' lang='lat' dir='ltr'><strong>et</strong></span> <span class='ocrx_word' id='word_1_667' title='bbox 3912 3620 4124 3677; x_wconf 86' lang='lat' dir='ltr'><strong>septem</strong></span> 
     </span>
    </p>
   </div>
   <div class='ocr_carea' id='block_1_96' title="bbox 2503 3686 4126 3774">
    <p class='ocr_par' dir='ltr' id='par_1_96' title="bbox 2503 3686 4126 3774">
     <span class='ocr_line' id='line_1_96' title="bbox 2503 3686 4126 3774; baseline 0.015 -39"><span class='ocrx_word' id='word_1_668' title='bbox 2503 3700 2793 3740; x_wconf 89' lang='lat' dir='ltr'><strong>numerum</strong></span> <span class='ocrx_word' id='word_1_669' title='bbox 2847 3686 3074 3745; x_wconf 79' lang='lat' dir='ltr'><strong>faciunt.</strong></span> <span class='ocrx_word' id='word_1_670' title='bbox 3127 3690 3397 3748; x_wconf 85' lang='lat' dir='ltr'><strong>Denarius</strong></span> <span class='ocrx_word' id='word_1_671' title='bbox 3447 3705 3630 3751; x_wconf 89' lang='lat' dir='ltr'><strong>autem</strong></span> <span class='ocrx_word' id='word_1_672' title='bbox 3681 3714 3943 3756; x_wconf 85' lang='lat' dir='ltr'><strong>numerus</strong></span> <span class='ocrx_word' id='word_1_673' title='bbox 3996 3719 4126 3774; x_wconf 89' lang='lat' dir='ltr'><strong>per-</strong></span> 
     </span>
    </p>
   </div>
   <div class='ocr_carea' id='block_1_97' title="bbox 2503 3771 4124 3863">
    <p class='ocr_par' dir='ltr' id='par_1_97' title="bbox 2503 3771 4124 3863">
     <span class='ocr_line' id='line_1_97' title="bbox 2503 3771 4124 3863; baseline 0.014 -37"><span class='ocrx_word' id='word_1_674' title='bbox 2503 3771 2682 3830; x_wconf 73' lang='lat' dir='ltr'><strong>fectus</strong></span> <span class='ocrx_word' id='word_1_675' title='bbox 2711 3791 2835 3832; x_wconf 87' lang='lat' dir='ltr'><strong>esse</strong></span> <span class='ocrx_word' id='word_1_676' title='bbox 2864 3779 3230 3851; x_wconf 85' lang='lat' dir='ltr'><strong>dignoscitur,</strong></span> <span class='ocrx_word' id='word_1_677' title='bbox 3264 3799 3363 3853; x_wconf 90' lang='lat' dir='ltr'><strong>per</strong></span> <span class='ocrx_word' id='word_1_678' title='bbox 3388 3801 3550 3856; x_wconf 86' lang='lat' dir='ltr'><strong>quem</strong></span> <span class='ocrx_word' id='word_1_679' title='bbox 3588 3796 3647 3842; x_wconf 89' lang='lat' dir='ltr'><strong>et</strong></span> <span class='ocrx_word' id='word_1_680' title='bbox 3679 3771 4124 3863; x_wconf 21' lang='lat' dir='ltr'><strong>Decalogusvdeo</strong></span> 
     </span>
    </p>
   </div>
   <div class='ocr_carea' id='block_1_98' title="bbox 2499 3867 4125 3948">
    <p class='ocr_par' dir='ltr' id='par_1_98' title="bbox 2499 3867 4125 3948">
     <span class='ocr_line' id='line_1_98' title="bbox 2499 3867 4125 3948; baseline 0.015 -28"><span class='ocrx_word' id='word_1_681' title='bbox 2499 3867 2767 3936; x_wconf 86' lang='lat' dir='ltr'><strong>signatur.</strong></span> <span class='ocrx_word' id='word_1_682' title='bbox 2785 3869 2892 3925; x_wconf 90' lang='lat' dir='ltr'><strong>Sed</strong></span> <span class='ocrx_word' id='word_1_683' title='bbox 2922 3873 2966 3927; x_wconf 86' lang='lat' dir='ltr'><strong>si</strong></span> <span class='ocrx_word' id='word_1_684' title='bbox 2997 3874 3257 3930; x_wconf 90' lang='lat' dir='ltr'><strong>denarius</strong></span> <span class='ocrx_word' id='word_1_685' title='bbox 3278 3885 3365 3932; x_wconf 89' lang='lat' dir='ltr'><strong>est</strong></span> <span class='ocrx_word' id='word_1_686' title='bbox 3392 3877 3695 3948; x_wconf 80' lang='lat' dir='ltr'><strong>perfectus,</strong></span> <span class='ocrx_word' id='word_1_687' title='bbox 3728 3893 3901 3938; x_wconf 85' lang='lat' dir='ltr'><strong>restat</strong></span> <span class='ocrx_word' id='word_1_688' title='bbox 3932 3900 4125 3943; x_wconf 85' lang='lat' dir='ltr'><strong>neces-</strong></span> 
     </span>
    </p>
   </div>
   <div class='ocr_carea' id='block_1_99' title="bbox 2500 3962 3624 4040">
    <p class='ocr_par' dir='ltr' id='par_1_99' title="bbox 2500 3962 3624 4040">
     <span class='ocr_line' id='line_1_99' title="bbox 2500 3962 3624 4040; baseline 0.013 -29"><span class='ocrx_word' id='word_1_689' title='bbox 2500 3962 2648 4013; x_wconf 87' lang='lat' dir='ltr'><strong>sario</strong></span> <span class='ocrx_word' id='word_1_690' title='bbox 2679 3972 2738 4016; x_wconf 93' lang='grc' dir='ltr'><strong>ιιι</strong></span> <span class='ocrx_word' id='word_1_691' title='bbox 2771 3965 3107 4022; x_wconf 88' lang='lat' dir='ltr'><strong>undenarius</strong></span> <span class='ocrx_word' id='word_1_692' title='bbox 3137 3969 3210 4023; x_wconf 91' lang='lat' dir='ltr'><strong>sit</strong></span> <span class='ocrx_word' id='word_1_693' title='bbox 3246 3969 3624 4040; x_wconf 78' lang='lat' dir='ltr'><strong>imperfectus.</strong></span> 
     </span>
    </p>
   </div>
   <div class='ocr_carea' id='block_1_100' title="bbox 2572 4051 4122 4143">
    <p class='ocr_par' dir='ltr' id='par_1_100' title="bbox 2572 4051 4122 4143">
     <span class='ocr_line' id='line_1_100' title="bbox 2572 4051 4122 4143; baseline 0.014 -38"><span class='ocrx_word' id='word_1_694' title='bbox 2572 4051 2713 4120; x_wconf 91' lang='lat' dir='ltr'><strong>Quid</strong></span> <span class='ocrx_word' id='word_1_695' title='bbox 2744 4065 2827 4109; x_wconf 89' lang='lat' dir='ltr'><strong>est</strong></span> <span class='ocrx_word' id='word_1_696' title='bbox 2852 4067 3037 4112; x_wconf 86' lang='lat' dir='ltr'><strong>autem</strong></span> <span class='ocrx_word' id='word_1_697' title='bbox 3068 4070 3378 4128; x_wconf 89' lang='lat' dir='ltr'><strong>peccatum,</strong></span> <span class='ocrx_word' id='word_1_698' title='bbox 3413 4064 3516 4118; x_wconf 89' lang='lat' dir='ltr'><strong>nisi</strong></span> <span class='ocrx_word' id='word_1_699' title='bbox 3548 4069 3916 4136; x_wconf 89' lang='lat' dir='ltr'><strong>transgressio</strong></span> <span class='ocrx_word' id='word_1_700' title='bbox 3947 4069 4122 4143; x_wconf 80' lang='lat' dir='ltr'><strong>legis?</strong></span> 
     </span>
    </p>
   </div>
   <div class='ocr_carea' id='block_1_101' title="bbox 2500 4143 4124 4234">
    <p class='ocr_par' dir='ltr' id='par_1_101' title="bbox 2500 4143 4124 4234">
     <span class='ocr_line' id='line_1_101' title="bbox 2500 4143 4124 4234; baseline 0.015 -35"><span class='ocrx_word' id='word_1_701' title='bbox 2500 4143 2556 4199; x_wconf 94' lang='lat' dir='ltr'><strong>Si</strong></span> <span class='ocrx_word' id='word_1_702' title='bbox 2584 4161 2714 4218; x_wconf 86' lang='lat' dir='ltr'><strong>ergo</strong></span> <span class='ocrx_word' id='word_1_703' title='bbox 2743 4163 2843 4218; x_wconf 88' lang='lat' dir='ltr'><strong>per</strong></span> <span class='ocrx_word' id='word_1_704' title='bbox 2881 4151 3169 4208; x_wconf 90' lang='lat' dir='ltr'><strong>denarium</strong></span> <span class='ocrx_word' id='word_1_705' title='bbox 3199 4155 3287 4209; x_wconf 79' lang='lat' dir='ltr'><strong>lex</strong></span> <span class='ocrx_word' id='word_1_706' title='bbox 3319 4156 3662 4228; x_wconf 84' lang='lat' dir='ltr'><strong>intelligitur,</strong></span> <span class='ocrx_word' id='word_1_707' title='bbox 3697 4173 3848 4217; x_wconf 86' lang='lat' dir='ltr'><strong>recte</strong></span> <span class='ocrx_word' id='word_1_708' title='bbox 3886 4179 3986 4234; x_wconf 89' lang='lat' dir='ltr'><strong>per</strong></span> <span class='ocrx_word' id='word_1_709' title='bbox 4019 4185 4124 4224; x_wconf 85' lang='lat' dir='ltr'><strong>un-</strong></span> 
     </span>
    </p>
   </div>
   <div class='ocr_carea' id='block_1_102' title="bbox 2499 4235 4117 4328">
    <p class='ocr_par' dir='ltr' id='par_1_102' title="bbox 2499 4235 4117 4328">
     <span class='ocr_line' id='line_1_102' title="bbox 2499 4235 4117 4328; baseline 0.016 -40"><span class='ocrx_word' id='word_1_710' title='bbox 2499 4235 2782 4290; x_wconf 89' lang='lat' dir='ltr'><strong>denarium</strong></span> <span class='ocrx_word' id='word_1_711' title='bbox 2825 4239 2956 4311; x_wconf 87' lang='lat' dir='ltr'><strong>legis</strong></span> <span class='ocrx_word' id='word_1_712' title='bbox 2996 4247 3364 4317; x_wconf 67' lang='lat' dir='ltr'><strong>transgressio</strong></span> <span class='ocrx_word' id='word_1_713' title='bbox 3397 4247 3686 4318; x_wconf 80' lang='lat' dir='ltr'><strong>ﬁguratur.</strong></span> <span class='ocrx_word' id='word_1_714' title='bbox 3722 4254 3886 4327; x_wconf 90' lang='lat'><strong>233</strong></span> <span class='ocrx_word' id='word_1_715' title='bbox 3920 4255 4117 4328; x_wconf 82' lang='lat' dir='ltr'><strong>Septe-</strong></span> 
     </span>
    </p>
   </div>
   <div class='ocr_carea' id='block_1_103' title="bbox 2496 4330 4120 4417">
    <p class='ocr_par' dir='ltr' id='par_1_103' title="bbox 2496 4330 4120 4417">
     <span class='ocr_line' id='line_1_103' title="bbox 2496 4330 4120 4417; baseline 0.018 -37"><span class='ocrx_word' id='word_1_716' title='bbox 2496 4330 2652 4383; x_wconf 89' lang='lat' dir='ltr'><strong>nario</strong></span> <span class='ocrx_word' id='word_1_717' title='bbox 2700 4345 2831 4386; x_wconf 93' lang='lat' dir='ltr'><strong>vero</strong></span> <span class='ocrx_word' id='word_1_718' title='bbox 2878 4350 3110 4391; x_wconf 91' lang='lat' dir='ltr'><strong>numero</strong></span> <span class='ocrx_word' id='word_1_719' title='bbox 3162 4347 3275 4393; x_wconf 90' lang='lat' dir='ltr'><strong>tota</strong></span> <span class='ocrx_word' id='word_1_720' title='bbox 3324 4343 3512 4417; x_wconf 60' lang='lat' dir='ltr'><strong>surculi</strong></span> <span class='ocrx_word' id='word_1_721' title='bbox 3564 4344 3724 4416; x_wconf 87' lang='lat' dir='ltr'><strong>hujus</strong></span> <span class='ocrx_word' id='word_1_722' title='bbox 3781 4350 4120 4409; x_wconf 84' lang='lat' dir='ltr'><strong>universitas</strong></span> 
     </span>
    </p>
   </div>
   <div class='ocr_carea' id='block_1_104' title="bbox 2496 4421 4117 4502">
    <p class='ocr_par' dir='ltr' id='par_1_104' title="bbox 2496 4421 4117 4502">
     <span class='ocr_line' id='line_1_104' title="bbox 2496 4421 4117 4502; baseline 0.019 -30"><span class='ocrx_word' id='word_1_723' title='bbox 2496 4421 2834 4489; x_wconf 86' lang='lat' dir='ltr'><strong>continetur,</strong></span> <span class='ocrx_word' id='word_1_724' title='bbox 2874 4426 3002 4494; x_wconf 83' lang='lat' dir='ltr'><strong>quia</strong></span> <span class='ocrx_word' id='word_1_725' title='bbox 3031 4438 3240 4498; x_wconf 87' lang='lat' dir='ltr'><strong>septem</strong></span> <span class='ocrx_word' id='word_1_726' title='bbox 3271 4432 3465 4490; x_wconf 88' lang='lat' dir='ltr'><strong>diebus</strong></span> <span class='ocrx_word' id='word_1_727' title='bbox 3489 4439 3671 4493; x_wconf 87' lang='lat' dir='ltr'><strong>omnis</strong></span> <span class='ocrx_word' id='word_1_728' title='bbox 3700 4440 3965 4499; x_wconf 81' lang='lat' dir='ltr'><strong>decursus</strong></span> <span class='ocrx_word' id='word_1_729' title='bbox 3990 4447 4117 4502; x_wconf 62' lang='lat' dir='ltr'><strong>vita;</strong></span> 
     </span>
    </p>
   </div>
   <div class='ocr_carea' id='block_1_105' title="bbox 2496 4515 4117 4608">
    <p class='ocr_par' dir='ltr' id='par_1_105' title="bbox 2496 4515 4117 4608">
     <span class='ocr_line' id='line_1_105' title="bbox 2496 4515 4117 4608; baseline 0.019 -44"><span class='ocrx_word' id='word_1_730' title='bbox 2496 4515 2782 4578; x_wconf 66' lang='lat' dir='ltr'><strong>praesentis</strong></span> <span class='ocrx_word' id='word_1_731' title='bbox 2832 4517 3126 4574; x_wconf 89' lang='lat' dir='ltr'><strong>evolvitur.</strong></span> <span class='ocrx_word' id='word_1_732' title='bbox 3188 4522 3295 4578; x_wconf 89' lang='lat' dir='ltr'><strong>Per</strong></span> <span class='ocrx_word' id='word_1_733' title='bbox 3345 4527 3710 4585; x_wconf 89' lang='lat' dir='ltr'><strong>undenarium</strong></span> <span class='ocrx_word' id='word_1_734' title='bbox 3747 4549 3879 4604; x_wconf 86' lang='lat' dir='ltr'><strong>ergo</strong></span> <span class='ocrx_word' id='word_1_735' title='bbox 3905 4539 4117 4608; x_wconf 86' lang='lat' dir='ltr'><strong>septies</strong></span> 
     </span>
    </p>
   </div>
   <div class='ocr_carea' id='block_1_106' title="bbox 2499 4604 4117 4699">
    <p class='ocr_par' dir='ltr' id='par_1_106' title="bbox 2499 4604 4117 4699">
     <span class='ocr_line' id='line_1_106' title="bbox 2499 4604 4117 4699; baseline 0.02 -43"><span class='ocrx_word' id='word_1_736' title='bbox 2499 4604 2918 4675; x_wconf 89' lang='lat' dir='ltr'><strong>multiplicatum</strong></span> <span class='ocrx_word' id='word_1_737' title='bbox 2948 4625 3144 4669; x_wconf 89' lang='lat' dir='ltr'><strong>cuncta</strong></span> <span class='ocrx_word' id='word_1_738' title='bbox 3179 4627 3364 4673; x_wconf 87' lang='lat' dir='ltr'><strong>nostra</strong></span> <span class='ocrx_word' id='word_1_739' title='bbox 3396 4633 3624 4690; x_wconf 88' lang='lat' dir='ltr'><strong>peccata</strong></span> <span class='ocrx_word' id='word_1_740' title='bbox 3667 4627 3734 4681; x_wconf 87' lang='lat' dir='ltr'><strong>ad</strong></span> <span class='ocrx_word' id='word_1_741' title='bbox 3767 4604 4117 4699; x_wconf 76' lang='lat' dir='ltr'><strong>septuagesi-</strong></span> 
     </span>
    </p>
   </div>
   <div class='ocr_carea' id='block_1_107' title="bbox 2498 4701 4117 4792">
    <p class='ocr_par' dir='ltr' id='par_1_107' title="bbox 2498 4701 4117 4792">
     <span class='ocr_line' id='line_1_107' title="bbox 2498 4701 4117 4792; baseline 0.02 -44"><span class='ocrx_word' id='word_1_742' title='bbox 2498 4711 2645 4750; x_wconf 90' lang='lat' dir='ltr'><strong>mum</strong></span> <span class='ocrx_word' id='word_1_743' title='bbox 2678 4701 2970 4769; x_wconf 88' lang='lat' dir='ltr'><strong>septimum</strong></span> <span class='ocrx_word' id='word_1_744' title='bbox 2996 4705 3343 4764; x_wconf 88' lang='lat' dir='ltr'><strong>deducuntur</strong></span> <span class='ocrx_word' id='word_1_745' title='bbox 3390 4729 3680 4770; x_wconf 86' lang='lat' dir='ltr'><strong>numerum</strong></span> <span class='ocrx_word' id='word_1_746' title='bbox 3708 4759 3722 4781; x_wconf 92' lang='lat'><strong>,</strong></span> <span class='ocrx_word' id='word_1_747' title='bbox 3752 4719 3805 4774; x_wconf 91' lang='lat' dir='ltr'><strong>in</strong></span> <span class='ocrx_word' id='word_1_748' title='bbox 3839 4737 3950 4792; x_wconf 92' lang='lat' dir='ltr'><strong>quo</strong></span> <span class='ocrx_word' id='word_1_749' title='bbox 3979 4739 4117 4780; x_wconf 88' lang='lat' dir='ltr'><strong>vero</strong></span> 
     </span>
    </p>
   </div>
   <div class='ocr_carea' id='block_1_108' title="bbox 2497 4795 4114 4888">
    <p class='ocr_par' dir='ltr' id='par_1_108' title="bbox 2497 4795 4114 4888">
     <span class='ocr_line' id='line_1_108' title="bbox 2497 4795 4114 4888; baseline 0.02 -45"><span class='ocrx_word' id='word_1_750' title='bbox 2497 4795 2742 4849; x_wconf 89' lang='lat' dir='ltr'><strong>omnium</strong></span> <span class='ocrx_word' id='word_1_751' title='bbox 2781 4796 2841 4850; x_wconf 78' lang='lat' dir='ltr'><strong>tit</strong></span> <span class='ocrx_word' id='word_1_752' title='bbox 2883 4803 3137 4858; x_wconf 88' lang='lat' dir='ltr'><strong>remissio</strong></span> <span class='ocrx_word' id='word_1_753' title='bbox 3167 4818 3533 4875; x_wconf 86' lang='lat' dir='ltr'><strong>peccatorum.</strong></span> <span class='ocrx_word' id='word_1_754' title='bbox 3573 4809 3728 4868; x_wconf 90' lang='lat' dir='ltr'><strong>Unde</strong></span> <span class='ocrx_word' id='word_1_755' title='bbox 3759 4815 4045 4888; x_wconf 86' lang='lat' dir='ltr'><strong>eleganter</strong></span> <span class='ocrx_word' id='word_1_756' title='bbox 4082 4839 4114 4876; x_wconf 75' lang='grc' dir='ltr'><strong>ιι</strong></span> 
     </span>
    </p>
   </div>
   <div class='ocr_carea' id='block_1_109' title="bbox 2497 4884 4117 4967">
    <p class='ocr_par' dir='ltr' id='par_1_109' title="bbox 2497 4884 4117 4967">
     <span class='ocr_line' id='line_1_109' title="bbox 2497 4884 4117 4967; baseline 0.017 -27"><span class='ocrx_word' id='word_1_757' title='bbox 2497 4884 2700 4942; x_wconf 86' lang='lat' dir='ltr'><strong>Christi</strong></span> <span class='ocrx_word' id='word_1_758' title='bbox 2739 4890 3014 4960; x_wconf 83' lang='lat' dir='ltr'><strong>baptismo</strong></span> <span class='ocrx_word' id='word_1_759' title='bbox 3047 4897 3165 4952; x_wconf 72' lang='lat' dir='ltr'><strong>haec</strong></span> <span class='ocrx_word' id='word_1_760' title='bbox 3214 4902 3516 4958; x_wconf 89' lang='lat' dir='ltr'><strong>secundum</strong></span> <span class='ocrx_word' id='word_1_761' title='bbox 3548 4903 3756 4961; x_wconf 87' lang='lat' dir='ltr'><strong>Lucam</strong></span> <span class='ocrx_word' id='word_1_762' title='bbox 3808 4884 3983 4966; x_wconf 62' lang='lat' dir='ltr'><strong>series</strong></span> <span class='ocrx_word' id='word_1_763' title='bbox 4032 4911 4117 4967; x_wconf 82' lang='lat' dir='ltr'><strong>in-</strong></span> 
     </span>
    </p>
   </div>
   <div class='ocr_carea' id='block_1_110' title="bbox 2495 4978 4111 5074">
    <p class='ocr_par' dir='ltr' id='par_1_110' title="bbox 2495 4978 4111 5074">
     <span class='ocr_line' id='line_1_110' title="bbox 2495 4978 4111 5074; baseline 0.017 -44"><span class='ocrx_word' id='word_1_764' title='bbox 2495 4978 2750 5044; x_wconf 87' lang='lat' dir='ltr'><strong>choatur,</strong></span> <span class='ocrx_word' id='word_1_765' title='bbox 2783 4991 2839 5036; x_wconf 90' lang='lat' dir='ltr'><strong>et</strong></span> <span class='ocrx_word' id='word_1_766' title='bbox 2865 4983 2918 5037; x_wconf 92' lang='lat' dir='ltr'><strong>in</strong></span> <span class='ocrx_word' id='word_1_767' title='bbox 2947 4985 3040 5041; x_wconf 89' lang='lat' dir='ltr'><strong>Dei</strong></span> <span class='ocrx_word' id='word_1_768' title='bbox 3081 4986 3262 5044; x_wconf 87' lang='lat' dir='ltr'><strong>Patris</strong></span> <span class='ocrx_word' id='word_1_769' title='bbox 3298 5007 3537 5062; x_wconf 89' lang='lat' dir='ltr'><strong>persona</strong></span> <span class='ocrx_word' id='word_1_770' title='bbox 3589 4995 3779 5052; x_wconf 79' lang='lat' dir='ltr'><strong>linitur</strong></span> <span class='ocrx_word' id='word_1_771' title='bbox 3809 4997 3965 5069; x_wconf 84' lang='lat' dir='ltr'><strong>(Luc.</strong></span> <span class='ocrx_word' id='word_1_772' title='bbox 4000 5001 4111 5074; x_wconf 84' lang='grc' dir='ltr'>ιιι).</span> 
     </span>
    </p>
   </div>
   <div class='ocr_carea' id='block_1_111' title="bbox 2497 5069 4108 5163">
    <p class='ocr_par' dir='ltr' id='par_1_111' title="bbox 2497 5069 4108 5163">
     <span class='ocr_line' id='line_1_111' title="bbox 2497 5069 4108 5163; baseline 0.018 -39"><span class='ocrx_word' id='word_1_773' title='bbox 2497 5069 2554 5126; x_wconf 86' lang='lat' dir='ltr'><strong>In</strong></span> <span class='ocrx_word' id='word_1_774' title='bbox 2585 5071 2858 5145; x_wconf 83' lang='lat' dir='ltr'><strong>baptismo</strong></span> <span class='ocrx_word' id='word_1_775' title='bbox 2887 5080 3033 5134; x_wconf 90' lang='lat' dir='ltr'><strong>enim</strong></span> <span class='ocrx_word' id='word_1_776' title='bbox 3060 5081 3268 5141; x_wconf 86' lang='lat' dir='ltr'><strong>Christi</strong></span> <span class='ocrx_word' id='word_1_777' title='bbox 3289 5089 3534 5144; x_wconf 89' lang='lat' dir='ltr'><strong>omnium</strong></span> <span class='ocrx_word' id='word_1_778' title='bbox 3569 5092 3724 5146; x_wconf 89' lang='lat' dir='ltr'><strong>nobis</strong></span> <span class='ocrx_word' id='word_1_779' title='bbox 3757 5105 4108 5163; x_wconf 89' lang='lat' dir='ltr'><strong>peccatorum</strong></span> 
     </span>
    </p>
   </div>
   <div class='ocr_carea' id='block_1_112' title="bbox 2494 5166 4112 5261">
    <p class='ocr_par' dir='ltr' id='par_1_112' title="bbox 2494 5166 4112 5261">
     <span class='ocr_line' id='line_1_112' title="bbox 2494 5166 4112 5261; baseline 0.015 -44"><span class='ocrx_word' id='word_1_780' title='bbox 2494 5166 2749 5223; x_wconf 88' lang='lat' dir='ltr'><strong>remissio</strong></span> <span class='ocrx_word' id='word_1_781' title='bbox 2778 5174 3031 5240; x_wconf 84' lang='lat' dir='ltr'><strong>provenit</strong></span> <span class='ocrx_word' id='word_1_782' title='bbox 3056 5189 3155 5244; x_wconf 91' lang='lat' dir='ltr'><strong>per</strong></span> <span class='ocrx_word' id='word_1_783' title='bbox 3183 5175 3448 5247; x_wconf 90' lang='lat' dir='ltr'><strong>Spiritum</strong></span> <span class='ocrx_word' id='word_1_784' title='bbox 3495 5193 3772 5251; x_wconf 84' lang='lat' dir='ltr'><strong>sanctum,</strong></span> <span class='ocrx_word' id='word_1_785' title='bbox 3797 5188 3888 5255; x_wconf 86' lang='lat' dir='ltr'><strong>qui</strong></span> <span class='ocrx_word' id='word_1_786' title='bbox 3943 5205 4112 5261; x_wconf 88' lang='lat' dir='ltr'><strong>super</strong></span> 
     </span>
    </p>
   </div>
   <div class='ocr_carea' id='block_1_113' title="bbox 2492 5255 4112 5342">
    <p class='ocr_par' dir='ltr' id='par_1_113' title="bbox 2492 5255 4112 5342">
     <span class='ocr_line' id='line_1_113' title="bbox 2492 5255 4112 5342; baseline 0.018 -33"><span class='ocrx_word' id='word_1_787' title='bbox 2492 5255 2832 5326; x_wconf 86' lang='lat' dir='ltr'><strong>baptizatum</strong></span> <span class='ocrx_word' id='word_1_788' title='bbox 2885 5261 3170 5321; x_wconf 84' lang='lat' dir='ltr'><strong>Dominum</strong></span> <span class='ocrx_word' id='word_1_789' title='bbox 3205 5268 3255 5323; x_wconf 93' lang='lat' dir='ltr'><strong>in</strong></span> <span class='ocrx_word' id='word_1_790' title='bbox 3285 5272 3467 5342; x_wconf 87' lang='lat' dir='ltr'><strong>specie</strong></span> <span class='ocrx_word' id='word_1_791' title='bbox 3506 5274 3773 5332; x_wconf 74' lang='lat' dir='ltr'><strong>columine</strong></span> <span class='ocrx_word' id='word_1_792' title='bbox 3822 5255 4112 5338; x_wconf 79' lang='lat' dir='ltr'><strong>descendit</strong></span> 
     </span>
    </p>
   </div>
   <div class='ocr_carea' id='block_1_114' title="bbox 2494 5346 4108 5444">
    <p class='ocr_par' dir='ltr' id='par_1_114' title="bbox 2494 5346 4108 5444">
     <span class='ocr_line' id='line_1_114' title="bbox 2494 5346 4108 5444; baseline 0.019 -43"><span class='ocrx_word' id='word_1_793' title='bbox 2494 5346 2713 5444; x_wconf 69' lang='lat' dir='ltr'><strong>(Matth.</strong></span> <span class='ocrx_word' id='word_1_794' title='bbox 2746 5353 2853 5423; x_wconf 90' lang='grc' dir='ltr'>ιιι).</span> <span class='ocrx_word' id='word_1_795' title='bbox 2880 5354 2994 5422; x_wconf 91' lang='lat' dir='ltr'><strong>Sic,</strong></span> <span class='ocrx_word' id='word_1_796' title='bbox 3023 5358 3104 5414; x_wconf 91' lang='lat' dir='ltr'><strong>sic</strong></span> <span class='ocrx_word' id='word_1_797' title='bbox 3136 5375 3237 5431; x_wconf 91' lang='lat' dir='ltr'><strong>per</strong></span> <span class='ocrx_word' id='word_1_798' title='bbox 3261 5363 3543 5422; x_wconf 87' lang='lat' dir='ltr'><strong>Christum</strong></span> <span class='ocrx_word' id='word_1_799' title='bbox 3593 5369 3898 5441; x_wconf 89' lang='lat' dir='ltr'><strong>redempti,</strong></span> <span class='ocrx_word' id='word_1_800' title='bbox 3929 5383 3984 5429; x_wconf 91' lang='lat' dir='ltr'><strong>et</strong></span> <span class='ocrx_word' id='word_1_801' title='bbox 4008 5390 4108 5444; x_wconf 84' lang='lat' dir='ltr'><strong>per</strong></span> 
     </span>
    </p>
   </div>
   <div class='ocr_carea' id='block_1_115' title="bbox 2492 5437 4104 5521">
    <p class='ocr_par' dir='ltr' id='par_1_115' title="bbox 2492 5437 4104 5521">
     <span class='ocr_line' id='line_1_115' title="bbox 2492 5437 4104 5521; baseline 0.018 -29"><span class='ocrx_word' id='word_1_802' title='bbox 2492 5437 2730 5507; x_wconf 90' lang='lat' dir='ltr'><strong>Spiritus</strong></span> <span class='ocrx_word' id='word_1_803' title='bbox 2780 5447 2954 5501; x_wconf 90' lang='lat' dir='ltr'><strong>sancti</strong></span> <span class='ocrx_word' id='word_1_804' title='bbox 2992 5450 3226 5515; x_wconf 80' lang='lat' dir='ltr'><strong>gratiam</strong></span> <span class='ocrx_word' id='word_1_805' title='bbox 3259 5453 3471 5521; x_wconf 86' lang='lat' dir='ltr'><strong>abluti,</strong></span> <span class='ocrx_word' id='word_1_806' title='bbox 3527 5437 3953 5518; x_wconf 81' lang='lat' dir='ltr'><strong>reconciliamur</strong></span> <span class='ocrx_word' id='word_1_807' title='bbox 3986 5437 4104 5521; x_wconf 84' lang='lat' dir='ltr'><strong>Deo</strong></span> 
     </span>
    </p>
   </div>
   <div class='ocr_carea' id='block_1_116' title="bbox 2485 5531 4106 5620">
    <p class='ocr_par' dir='ltr' id='par_1_116' title="bbox 2485 5531 4106 5620">
     <span class='ocr_line' id='line_1_116' title="bbox 2485 5531 4106 5620; baseline 0.015 -32"><span class='ocrx_word' id='word_1_808' title='bbox 2485 5531 2659 5591; x_wconf 88' lang='lat' dir='ltr'><strong>Patri.</strong></span> <span class='ocrx_word' id='word_1_809' title='bbox 2692 5537 2842 5606; x_wconf 89' lang='lat' dir='ltr'><strong>Quos</strong></span> <span class='ocrx_word' id='word_1_810' title='bbox 2869 5543 3154 5614; x_wconf 89' lang='lat' dir='ltr'><strong>utriusque</strong></span> <span class='ocrx_word' id='word_1_811' title='bbox 3180 5550 3533 5620; x_wconf 71' lang='lat' dir='ltr'><strong>evangelista:</strong></span> <span class='ocrx_word' id='word_1_812' title='bbox 3571 5564 3766 5610; x_wconf 84' lang='lat' dir='ltr'><strong>sensus</strong></span> <span class='ocrx_word' id='word_1_813' title='bbox 3807 5556 3872 5610; x_wconf 85' lang='grc' dir='ltr'><strong>Β.</strong></span> <span class='ocrx_word' id='word_1_814' title='bbox 3901 5557 4106 5614; x_wconf 79' lang='lat' dir='ltr'><strong>Paulus</strong></span> 
     </span>
    </p>
   </div>
   <div class='ocr_carea' id='block_1_117' title="bbox 2488 5636 4109 5710">
    <p class='ocr_par' dir='ltr' id='par_1_117' title="bbox 2488 5636 4109 5710">
     <span class='ocr_line' id='line_1_117' title="bbox 2488 5636 4109 5710; baseline 0.016 -27"><span class='ocrx_word' id='word_1_815' title='bbox 2488 5645 2596 5685; x_wconf 88' lang='lat' dir='ltr'><strong>una</strong></span> <span class='ocrx_word' id='word_1_816' title='bbox 2630 5636 2902 5689; x_wconf 88' lang='lat' dir='ltr'><strong>sententia</strong></span> <span class='ocrx_word' id='word_1_817' title='bbox 2937 5642 3384 5710; x_wconf 85' lang='lat' dir='ltr'><strong>comprehendit,</strong></span> <span class='ocrx_word' id='word_1_818' title='bbox 3439 5646 3630 5702; x_wconf 87' lang='lat' dir='ltr'><strong>dicens</strong></span> <span class='ocrx_word' id='word_1_819' title='bbox 3661 5666 3672 5701; x_wconf 90' lang='lat'><strong>:</strong></span> <span class='ocrx_word' id='word_1_820' title='bbox 3707 5667 3724 5700; x_wconf 81' lang='grc' dir='ltr'><strong>ι</strong></span> <span class='ocrx_word' id='word_1_821' title='bbox 3765 5650 3911 5704; x_wconf 82' lang='lat' dir='ltr'><strong>Misit</strong></span> <span class='ocrx_word' id='word_1_822' title='bbox 3958 5651 4109 5710; x_wconf 78' lang='lat' dir='ltr'><strong>Deus</strong></span> 
     </span>
    </p>
   </div>
   <div class='ocr_carea' id='block_1_118' title="bbox 2487 5719 4107 5809">
    <p class='ocr_par' dir='ltr' id='par_1_118' title="bbox 2487 5719 4107 5809">
     <span class='ocr_line' id='line_1_118' title="bbox 2487 5719 4107 5809; baseline 0.017 -36"><span class='ocrx_word' id='word_1_823' title='bbox 2487 5719 2686 5776; x_wconf 83' lang='lat' dir='ltr'><strong>Filium</strong></span> <span class='ocrx_word' id='word_1_824' title='bbox 2721 5741 2880 5779; x_wconf 92' lang='lat' dir='ltr'><strong>suum</strong></span> <span class='ocrx_word' id='word_1_825' title='bbox 2911 5726 2964 5782; x_wconf 87' lang='lat' dir='ltr'><strong>in</strong></span> <span class='ocrx_word' id='word_1_826' title='bbox 2992 5729 3412 5790; x_wconf 72' lang='lat' dir='ltr'><strong>similitudinem</strong></span> <span class='ocrx_word' id='word_1_827' title='bbox 3440 5739 3628 5794; x_wconf 85' lang='lat' dir='ltr'><strong>carnis</strong></span> <span class='ocrx_word' id='word_1_828' title='bbox 3661 5742 3872 5809; x_wconf 89' lang='lat' dir='ltr'><strong>peccati</strong></span> <span class='ocrx_word' id='word_1_829' title='bbox 3904 5785 3916 5808; x_wconf 95' lang='lat'><strong>,</strong></span> <span class='ocrx_word' id='word_1_830' title='bbox 3949 5753 4005 5798; x_wconf 90' lang='lat' dir='ltr'><strong>et</strong></span> <span class='ocrx_word' id='word_1_831' title='bbox 4034 5743 4107 5801; x_wconf 83' lang='lat' dir='ltr'><strong>de</strong></span> 
     </span>
    </p>
   </div>
   <div class='ocr_carea' id='block_1_119' title="bbox 2488 5817 4096 5906">
    <p class='ocr_par' dir='ltr' id='par_1_119' title="bbox 2488 5817 4096 5906">
     <span class='ocr_line' id='line_1_119' title="bbox 2488 5817 4096 5906; baseline 0.015 -38"><span class='ocrx_word' id='word_1_832' title='bbox 2488 5824 2716 5883; x_wconf 77' lang='lat' dir='ltr'><strong>peccato</strong></span> <span class='ocrx_word' id='word_1_833' title='bbox 2742 5817 3022 5876; x_wconf 81' lang='lat' dir='ltr'><strong>damnavit</strong></span> <span class='ocrx_word' id='word_1_834' title='bbox 3067 5835 3352 5893; x_wconf 88' lang='lat' dir='ltr'><strong>peccatum</strong></span> <span class='ocrx_word' id='word_1_835' title='bbox 3394 5829 3448 5884; x_wconf 90' lang='lat' dir='ltr'><strong>in</strong></span> <span class='ocrx_word' id='word_1_836' title='bbox 3493 5845 3662 5887; x_wconf 78' lang='lat' dir='ltr'><strong>carne</strong></span> <span class='ocrx_word' id='word_1_837' title='bbox 3711 5832 3894 5905; x_wconf 80' lang='lat' dir='ltr'><strong>(Rom.</strong></span> <span class='ocrx_word' id='word_1_838' title='bbox 3938 5838 4036 5906; x_wconf 81' lang='lat' dir='ltr'><strong>ix).</strong></span> <span class='ocrx_word' id='word_1_839' title='bbox 4079 5855 4096 5890; x_wconf 79' lang='grc' dir='ltr'><strong>ι</strong></span> 
     </span>
    </p>
   </div>
  </div>
