5450 6388
112 1051 225 1444 ἓ

112 1285 114 1290 ’
189 1277 224 1344 ξε

112 1413 198 1518 ξέὲ

112 1513 186 1608 i’f

119 1591 232 1680 ίξὲ

1988 353 2088 411 781

2602 355 2659 410 S.
2703 353 2908 409 PETRI
2939 353 3223 408 DANIA'NI
3265 353 3414 408 OPP.
3462 353 3639 411 PARS
3678 357 3810 413 SEU
3845 354 4167 414 TOHUSII.
4201 388 4268 399 —
4309 357 4698 416 SERIONES.

5179 359 5281 416 753

1991 469 2127 525 Cum
2157 469 2304 526 enim
2328 468 2499 523 dicit:
2531 485 2549 518 ι
2587 465 2731 521 Misit
2763 467 2906 522 Deus
2939 465 3137 520 Filium
3165 481 3322 519 suum
3357 467 3407 518 in
3437 467 3583 520 simi-
3616 476 3658 531 Α
3760 467 4305 534 Hinc,fratres,hinc,
4325 486 4473 541 rogo,
4491 471 5013 542 perpenditequibus
5028 471 5278 528 laudibus

1986 561 2273 616 litudinem
2302 559 2483 613 carnis
2523 560 2732 628 peccati
2759 599 2774 621 ,
2806 577 2827 612 ›
2864 569 3213 627 peccatorum
3265 570 3574 612 nostrorum

1985 651 2387 720 susceptionem
2447 649 2733 705 manifeste
2786 648 3074 715 declarat;
3129 665 3293 719 quam
3339 650 3580 704 ostendit

1988 724 2302 804 Mittimus,
2332 755 2455 794 cum
2503 740 2884 796 descendendo
2932 741 3288 810 quadraginta
3345 755 3577 807 genera-

1984 833 2161 887 tiones
2186 839 2494 887 enumerat.
2522 830 2657 886 Cum
2685 845 2817 886 vero
2843 832 3089 900 sequitur
3117 845 3131 882 :
3167 848 3184 881 ι
3228 831 3295 884 Et
3340 832 3406 884 de
3451 846 3578 900 pec-

1981 933 2106 979 cato
2133 923 2413 978 damnavit
2448 932 2731 991 peccatum
2781 923 2834 977 in
2879 936 3081 985 carne,
3137 940 3157 973 ι
3207 922 3574 991 expiationem

1980 1015 2226 1069 omnium
2255 1023 2568 1070 nostrorum
2599 1013 2886 1068 criminum
2919 1013 3122 1067 indicat
3153 1029 3166 1076 ;
3198 1027 3362 1082 quam
3395 1011 3575 1066 Lucas

1980 1103 2264 1173 exprimit,
2295 1117 2418 1158 cum
2443 1102 2790 1158 ascendendo
2811 1102 3152 1171 septuaginta
3179 1110 3387 1170 septem
3411 1115 3574 1169 gene-

1979 1198 2228 1254 rationes
2248 1197 2528 1252 describit.

2050 1285 2290 1342 Plurima
2321 1286 2538 1355 quidem
2561 1285 2868 1340 dilectionis
2895 1293 3110 1345 vestrte.
3141 1282 3341 1337 fratres
3363 1284 3573 1337 charis-

1976 1378 2202 1441 simi,de
2222 1377 2453 1432 lectione
2476 1376 2814 1445 evangelica.
2831 1389 2952 1444 qua
2978 1374 3160 1428 multis
3186 1375 3570 1443 mysteriorum

1975 1465 2439 1521 sacramentisest
2481 1463 2741 1535 gravida,
2796 1477 3081 1534 possemus
3120 1477 3432 1532 exponere;
3476 1464 3572 1518 sed

1973 1573 2098 1612 eam
2129 1557 2330 1612 idcirco
2371 1558 2650 1611 succincte
2678 1556 3128 1620 transcurrimus,
3161 1571 3229 1610 ne
3262 1571 3346 1618 ea,
3393 1571 3510 1625 quae
3540 1570 3569 1608 a

1971 1653 2272 1725 majoribus
2299 1651 2502 1706 nostris
2525 1650 2593 1704 de
2623 1665 2685 1705 ea
2710 1650 2875 1704 latius
2917 1650 3060 1703 dicta
3099 1659 3225 1703 sunt
3254 1690 3267 1711 ,
3299 1646 3570 1718 superﬂuo

1972 1753 2226 1814 repetere
2253 1743 2556 1796 videamur.
2591 1740 2723 1795 Illud
2753 1751 2936 1794 autem
2962 1756 3128 1793 unum
3160 1741 3212 1793 in
3235 1755 3299 1794 ea
3326 1756 3431 1793 non
3459 1751 3567 1793 tam

3681 560 3840 628 digna
3867 561 3937 613 sit
3967 561 4123 615 beata
4162 572 4214 616 et
4262 561 4494 632 gloriosa
4529 565 4681 633 virgo
4721 563 4888 618 Ilaria
4916 607 4930 631 ,
4963 582 5088 635 qua:
5127 567 5273 619 illum

3679 653 3832 706 nobis
3859 653 3922 706 de
3939 654 4262 708 castissimis
4288 656 4400 709 suis
4425 656 4724 710 visceribus
4747 658 4953 725 genuit,
4975 659 5068 728 qui
5085 673 5184 712 nos
5211 658 5276 711 de

3679 752 3786 793 tam
3811 741 4080 810 profundo
4106 753 4323 812 gutture
4351 745 4651 799 avidissimi
4674 745 4925 800 draconis
4951 749 5274 818 eripuit.Ad

3675 836 3791 902 ejus
3833 850 4068 904 namque
4116 837 4276 905 digne
4305 835 4576 891 eﬂ‘erenda
4621 838 4887 907 praeconia
4929 854 5037 892 non
5083 842 5273 894 rheto-

3679 926 3910 977 ricorum
3932 925 4136 978 diserta
4165 925 4438 988 facundia.
4471 941 4579 981 non
4603 926 5014 981 dialecticorum
5046 928 5274 982 subtilia

3675 1025 4016 1083 argumenta,
4045 1031 4152 1070 non
4188 1015 4504 1071 acutissima
4535 1017 4984 1087 philosophorum
5016 1029 5147 1088 apta
5181 1034 5268 1073 ne-

3675 1105 3957 1173 periuntur
3994 1106 4228 1175 ingenia.
4269 1106 4334 1160 Et
4359 1107 4487 1175 quid
4513 1107 4737 1172 mirum,
4764 1109 4807 1162 si
4834 1108 4947 1163 haec
4973 1106 5273 1164 ineﬂ’ahilis

3677 1195 3838 1265 Virgo
3868 1197 3920 1251 in
3949 1198 4063 1250 suis
4094 1197 4347 1252 laudibus
4372 1200 4590 1253 modum
4628 1199 4881 1254 humana:
4911 1201 5064 1256 vocis
5106 1215 5272 1255 exsu-

3674 1295 3846 1354 perat,
3879 1301 3999 1340 cum
4025 1296 4079 1341 et
4102 1287 4274 1356 ipsam
4305 1288 4521 1356 generis
4545 1289 4765 1343 humani
4805 1299 5060 1344 naturam
5087 1290 5272 1345 excel-

3675 1375 3898 1429 lentium
3951 1379 4268 1431 meriturum
4305 1378 4567 1448 dignitate
4605 1379 5005 1434 transcendat?
5038 1378 5158 1434 Non
5181 1383 5272 1435 de-

3675 1468 3835 1534 nique
3889 1468 4376 1524 excellentissimus
4421 1470 4510 1524 ille
4558 1472 4992 1540 patriarcharum
5037 1474 5269 1536 chorus,

3676 1573 3780 1611 non
3832 1560 4092 1628 providus
4141 1562 4530 1629 prophetarum
4579 1575 4878 1626 numerus,
4933 1579 5042 1617 non
5097 1562 5265 1629 judex

3674 1650 4044 1715 apostolorum
4082 1660 4325 1715 senatus,
4362 1666 4467 1704 non
4503 1660 4802 1720 martyrum
4828 1654 5002 1706 victor
5047 1656 5266 1707 exerci-

3675 1748 3782 1801 tus,
3812 1755 3915 1794 non
3941 1740 4138 1810 aliquis
4170 1743 4542 1811 antiquorum,
4573 1757 4683 1796 non
4713 1743 4998 1812 quisquam
5029 1759 5267 1813 sequen-

1971 1834 2109 1890 libet
2137 1848 2408 1904 exponere
2431 1849 2595 1902 quant
2633 1833 2820 1887 mirari
2846 1873 2861 1900 ,
2892 1834 3017 1902 quia
3065 1848 3297 1902 persona
3337 1833 3566 1887 Rcdem-
3600 1823 3641 1881 Β
3674 1831 3805 1882 tium
3849 1829 4067 1883 Patrum
4101 1832 4224 1885 huic
4270 1832 4597 1888 beatissime
4644 1831 4845 1901 Virgini
4883 1835 5084 1902 poterit
5117 1849 5271 1888 rom-

1975 1925 2151 1995 ptoris
2176 1925 2344 1979 nostri
2384 1925 2461 1978 sic
2487 1925 2537 1977 in
2566 1923 2672 1978 ﬁne
2692 1923 2855 1991 hujus
2881 1925 3191 1993 propaginis
3221 1926 3438 1993 ponitur
3459 1965 3473 1988 ,
3504 1940 3566 1978 ac

1972 2018 2017 2072 si
2043 2018 2240 2072 hamus
2267 2017 2321 2070 in
2353 2015 2702 2071 extremitate
2729 2015 2885 2070 linea:
2911 2018 3291 2086 subnectatur:
3323 2018 3403 2070 sic
3424 2017 3567 2071 ordi-

1971 2116 2098 2161 nate
2118 2107 2334 2160 additur
2359 2104 2719 2176 genealogiaa,
2748 2106 2890 2160 sicut
2914 2105 3106 2160 hamus
3126 2106 3403 2174 producte
3426 2107 3567 2161 inse-

1977 2197 2116 2251 ritur
2156 2197 2335 2252 liuete.
2365 2195 2504 2252 Cum
2535 2197 2682 2251 enim
2712 2197 2948 2252 dicitur:
2987 2215 3007 2248 ί
3057 2198 3333 2251 Abraham
3377 2199 3566 2267 genuit

1971 2285 2145 2351 lsaac,
2171 2286 2324 2341 Isaac
2347 2295 2529 2340 autem
2547 2286 2733 2356 genuit
2747 2285 2968 2351 Iacob,»
2989 2297 3043 2342 et
3056 2288 3236 2342 caeteri
3260 2289 3568 2359 progenito-

1972 2391 2061 2432 res
2080 2377 2168 2432 bis
2189 2385 2564 2442 numerantur,
2579 2377 2735 2445 quasi
2750 2376 2923 2430 lilium
2950 2377 3066 2431 lilio
3086 2378 3364 2442 inseritur,
3380 2387 3438 2431 ut
3459 2392 3564 2431 una

1969 2481 2032 2520 ex
2059 2465 2306 2534 pluribus
2354 2465 2407 2518 in
2439 2465 2655 2535 longum
2687 2465 2831 2520 linea
2879 2467 3230 2534 producatur.
3263 2467 3397 2522 Cum
3435 2484 3564 2522 vero

1968 2558 2314 2629 subjungitur
2348 2577 2360 2610 :
2397 2575 2416 2608 ι
2451 2555 2620 2612 Jacob
2668 2566 2848 2612 autem
2897 2559 3084 2628 genuit
3122 2557 3324 2628 Ioseph
3386 2560 3562 2616 virum

1969 2648 2178 2714 Maris,
2206 2649 2273 2704 de
2303 2663 2408 2718 qua
2438 2656 2596 2704 natus
2621 2658 2704 2704 est
2731 2649 2908 2711 Iesus.
2936 2652 3026 2718 (tui
3061 2661 3286 2705 vocatur
3308 2651 3562 2706 Christus

1969 2740 2192 2809 (Matth.
2224 2741 2297 2810 t);
2323 2759 2341 2792 ι
2375 2755 2483 2796 non
2507 2741 2619 2811 jam
2642 2741 2917 2806 directitn,
2949 2741 3042 2797 sed
3067 2744 3223 2812 quasi
3245 2757 3309 2796 ex
3342 2744 3565 2812 obliquo

1970 2832 2169 2887 hamus
2201 2832 2515 2901 apponitur,
2543 2833 2634 2902 qui
2663 2832 2872 2901 antiqui
2896 2832 3040 2886 Illius
3069 2832 3368 2887 Leviathan
3395 2832 3564 2886 fauci-

1964 2919 2068 2978 bus
2093 2921 2371 2991 inligatur.
2408 2921 2546 2976 Hinc
2575 2931 2662 2976 est
2681 2923 2828 2991 quod
2861 2923 2930 2976 ad
2976 2923 3198 2978 beatum
3233 2921 3336 2979 Joh
3378 2922 3563 2978 Domi-

1966 3025 2072 3065 nus
2103 3009 2345 3081 loquitur
2396 3011 2621 3066 dicens:
2661 3029 2682 3061 ι
2725 3011 2978 3080 Nunquid
3030 3014 3217 3082 capies
3259 3013 3560 3072 Leviathan

1964 3103 2176 3157 hamo?
2212 3121 2231 3154 ι
2285 3100 2431 3172 (Job
2476 3102 2601 3172 xc.)
2664 3101 2770 3156 Per
2835 3101 3130 3158 Leviathan
3179 3105 3417 3174 quippe,
3467 3107 3556 3174 qui

1969 3195 2391 3248 additamentum
2441 3209 2623 3247 eorum
2672 3194 2904 3258 dicitur,
2951 3203 3104 3248 cetus
3139 3195 3226 3248 ille
3269 3173 3631 3250 devorator‘3

1964 3286 2192 3341 humani
2219 3284 2437 3356 generis
2468 3284 2803 3355 designatur,
2831 3285 2922 3355 qui
2956 3287 3084 3339 dum
3113 3299 3173 3339 se
3221 3285 3560 3340 divinitatem

1968 3377 2180 3432 homini
2218 3377 2423 3431 addere
2470 3377 2792 3446 spopondit,
2848 3377 3310 3454 immortalitatem
3345 3378 3564 3432 sustulit

1971 3465 2130 3537 (Gen.
2161 3465 2277 3539 tu);
2307 3463 2886 3536 qui'prmvaricationis
2905 3481 3121 3536 quoque
3146 3466 3384 3537 culpam,
3401 3483 3563 3538 quam

1967 3558 2155 3628 primo
2183 3557 2390 3612 homini
2414 3557 2746 3627 propinavit,
2776 3557 2906 3610 dum
2949 3571 3008 3612 se
3061 3557 3412 3626 sequentibus
3442 3572 3566 3628 pes-

1969 3647 2111 3704 sima
2135 3648 2490 3720 persuasione
2521 3647 2866 3718 multiplicat,
2902 3662 3092 3717 pmuas
3131 3649 3212 3702 eis
3238 3649 3358 3704 sine
3382 3664 3568 3704 cessa-

1971 3740 2122 3796 tione
2151 3749 2456 3795 coacervat.
2511 3739 2569 3794 ln
2617 3740 2778 3794 hamo
2815 3749 2996 3795 autem
3038 3753 3165 3796 esca
3212 3741 3520 3795 ostenditur
3547 3782 3562 3806 ,

1974 3832 2198 3888 aculeus
2221 3831 2545 3887 occultatur.

2045 3921 2202 3978 Hunc
2227 3937 2358 3994 ergo
2381 3922 2545 3978 Pater
2567 3923 2915 3994 omnipotens
2947 3922 3110 3980 hamo
3143 3924 3313 3994 cepit,
3341 3923 3470 3994 quia
3497 3925 3564 3978 ad

1977 4023 2214 4071 mortem
2251 4015 2397 4070 illius
2425 4015 2764 4086 unigenitum
2788 4015 2985 4070 Filium
3019 4015 3364 4069 incarnatum
3396 4015 3563 4079 misit,

1979 4109 2036 4164 in
2062 4121 2175 4179 quo
2207 4118 2266 4163 et
2289 4121 2418 4162 caro
2440 4106 2714 4176 passibilis
2751 4107 2922 4161 videri
2959 4116 3179 4176 posset,
3223 4114 3277 4160 et
3315 4106 3568 4160 divinitas

1973 4198 2328 4270 inpassibilis
2355 4198 2525 4253 videri
2551 4214 2658 4254 non
2681 4205 2884 4268 posset.
2905 4195 3152 4268 Cumque
3173 4198 3227 4252 in
3248 4211 3316 4252 eo
3340 4212 3568 4268 serpens

1979 4296 2084 4350 iste
2126 4307 2226 4363 per
2257 4307 2450 4347 manus
2483 4290 2926 4363 persequentium
2955 4303 3135 4345 escam
3174 4289 3421 4359 corporis
3447 4304 3565 4342 mo-

1983 4374 2210 4449 mordit,
2238 4382 2541 4437 divinitatis
2590 4381 2740 4437 illum
2787 4379 3010 4436 aculeus
3051 4378 3365 4450 perforavit.
3411 4379 3568 4433 Prius

3669 1922 3870 1989 parari.
3901 1921 4038 1986 Quid
4070 1922 4216 1976 enim
4244 1923 4586 1986 sanetitatis,
4637 1923 4764 1991 quid
4810 1924 5040 1992 justitia
5069 1967 5084 1985 .
5136 1928 5268 1996 quid

3671 2012 3969 2081 religionis,
4002 2014 4131 2081 quid
4164 2012 4514 2082 perfectionis
4561 2013 4824 2084 singulari
4876 2015 5002 2069 huic
5053 2016 5267 2086 Virgini

3669 2103 3856 2154 deesse
3887 2103 4078 2170 potuit,
4114 2118 4233 2170 quae
4263 2103 4428 2155 totius
4458 2102 4655 2156 divina:
4691 2104 4880 2172 gratiae
4923 2103 5266 2158 charismate

3669 2193 3825 2262 plena
3859 2193 3958 2246 fuit
3986 2194 4008 2245 ?
4041 2194 4132 2248 Sic
4155 2209 4386 2263 namque
4411 2195 4478 2248 ab
4506 2195 4720 2263 angelo,
4749 2196 4876 2248 dum
4903 2197 5269 2263 salutaretur,

3668 2283 3900 2335 audivit:
3924 2303 3939 2334 ι
3963 2285 4074 2336 Ave
4100 2324 4112 2345 ,
4131 2285 4302 2352 gratia
4322 2283 4500 2352 plena.
4518 2284 4776 2338 Dominus
4794 2295 4975 2340 tecum
4992 2287 5150 2357 (Luc.
5169 2293 5263 2356 t).s

3667 2373 3842 2438 Quod,
3885 2389 4031 2442 rogo,
4060 2374 4271 2434 vitium,
4302 2375 4354 2427 in
4385 2373 4502 2442 ejus
4531 2386 4731 2438 mente,
4761 2376 4844 2430 vel
4875 2392 5108 2446 corpore
5145 2383 5264 2432 vin-

3665 2469 3848 2522 dicare
3879 2468 3980 2521 sibi
4006 2469 4180 2537 potuit
4209 2467 4406 2531 locum,
4433 2483 4553 2536 qua:
4595 2468 4660 2521 ad
4693 2469 4863 2522 instar
4908 2472 5062 2534 cmli,
5095 2473 5274 2542 pleni-

3665 2558 3871 2612 tudinis
3929 2560 4098 2612 totius
4141 2559 4444 2612 divinitatis
4483 2559 4682 2612 meruit
4736 2575 4858 2614 esse
4904 2564 5272 2617 sacrarium?

3669 2666 3686 2698 ι
3723 2647 3779 2700 lu
3805 2647 4026 2702 Christo
4062 2666 4079 2697 ι
4111 2650 4280 2710 enim,
4306 2647 4444 2701 sicut
4474 2662 4570 2717 per
4590 2648 4810 2703 Paulum
4836 2649 5039 2704 dicitur
5065 2670 5081 2716 ;
5114 2670 5137 2705 ι
5173 2655 5274 2706 ha-

3664 2738 3803 2790 bitat
3844 2739 4021 2791 omnis
4062 2737 4338 2807 plenitudo
4375 2739 4674 2796 divinitatis
4717 2744 5077 2812 corporaliter
5108 2745 5266 2815 (Col.

3666 2826 3802 2894 tu).i
3855 2825 3962 2880 Nec
3993 2827 4188 2881 mirum
4209 2867 4224 2892 ,
4252 2829 4295 2882 si
4325 2838 4644 2884 cunctorum
4685 2835 4876 2887 merita
4901 2839 5263 2891 transcendat

3666 2919 4008 2982 mortalium,
4050 2934 4169 2989 qua:
4203 2929 4256 2974 et
4296 2920 4412 2992 ipsa
4450 2937 4614 2993 super
4637 2924 4851 2981 excedit
4877 2928 5266 2987 celsitudinem

3664 3011 3999 3080 angelorum.

3735 3100 3837 3154 Per
3860 3103 4000 3155 hanc
4023 3104 4168 3157 enim
4195 3102 4565 3159 beatissimam
4592 3106 4888 3177 Virginem,
4924 3126 5029 3164 non
5076 3113 5258 3166 solum

3666 3192 3862 3245 amissa
3913 3192 4040 3246 olim
4083 3196 4192 3247 vita
4242 3195 4554 3250 hominibus
4601 3197 4884 3265 redditur,
4937 3204 5030 3255 sed
5087 3204 5262 3258 etiam

3665 3283 3946 3338 beatitudo
3973 3284 4232 3355 angelica:
4260 3284 4614 3341 sublimitatis
4645 3299 4893 3359 augetur,
4921 3291 5050 3360 quia
5078 3331 5096 3357 ,
5123 3294 5262 3347 dum

3666 3375 3826 3429 domo
3852 3376 3918 3429 ad
3951 3390 4181 3446 superna
4211 3377 4492 3430 reducitur
4517 3417 4532 3442 ,
4563 3378 4776 3432 illorum
4817 3395 5111 3444 numerus,
5161 3383 5260 3451 qui

3666 3463 3965 3523 diminutus
3994 3464 4191 3529 fuerat,
4227 3477 4534 3534 reparatur.
4569 3465 4681 3520 lloc
4711 3481 4906 3536 nempe
4932 3470 5258 3537 angelum

3669 3551 3955 3607 multitudo
3976 3553 4064 3607 illa
4087 3555 4400 3621 signaverat
4426 3570 4546 3623 qua:
4571 3558 4878 3626 pastoribus
4903 3559 5260 3616 audientibus

3668 3642 3721 3695 in
3760 3642 4139 3712 Redemptoris
4167 3645 4341 3698 nostri
4370 3646 4653 3700 nativitate
4677 3646 4979 3701 clamabat;
5015 3667 5033 3699 ι
5066 3649 5260 3706 Gloria

3666 3732 3720 3786 in
3747 3734 3978 3787 excelsis
4021 3736 4152 3800 Deo,
4201 3746 4256 3790 et
4304 3737 4359 3790 in
4401 3745 4545 3790 terra
4593 3753 4694 3807 pax
4740 3739 5050 3796 hominibus
5101 3744 5262 3799 bona

3663 3827 3960 3884 voluntatis
3988 3827 4142 3898 (Luc.
4176 3828 4260 3898 ιι).
4297 3848 4314 3880 ι
4347 3828 4482 3883 Cum
4507 3829 4653 3883 enim
4682 3831 4831 3900 prius
4855 3832 5056 3888 dicitur
5083 3836 5259 3907 gloria

3665 3931 3787 3973 esse
3814 3919 3922 3973 Deo
3948 3919 4000 3972 in
4030 3919 4286 3986 excelsis,
4313 3921 4508 3975 deinde
4535 3921 4755 3976 additur
4774 3932 4828 3978 et
4858 3923 4910 3978 in
4943 3933 5092 3980 terra
5123 3942 5259 3998 pax,

3667 4022 3921 4081 patenter
3949 4013 4256 4068 ostenditur
4281 4014 4411 4082 quia
4436 4013 4725 4070 inell'abilis
4753 4017 5099 4074 intemerata
5134 4018 5256 4074 Vir-

3669 4104 3808 4173 ginis
3836 4116 4027 4174 partus
4054 4119 4160 4159 non
4189 4105 4363 4160 solum
4388 4107 4574 4170 terris.
4603 4106 4698 4162 sed
4729 4117 4784 4162 et
4815 4107 4945 4176 ipsis
4970 4110 5257 4166 nihilomi-

3669 4210 3768 4248 nus
3797 4198 4090 4264 generabat
4116 4197 4370 4265 gaudium
4400 4197 4574 4252 caelis.
4601 4197 4716 4252 Hoc
4742 4199 4907 4253 etiam
4936 4199 5022 4254 illa
5057 4202 5252 4257 beato-

3669 4301 3786 4339 rum
3816 4302 4106 4355 puerorum
4134 4286 4341 4344 indoles
4370 4289 4690 4354 asserebat,
4721 4290 4845 4359 qui,
4883 4292 5140 4349 veniente
5188 4295 5260 4348 ad

3668 4378 3973 4445 passionem
4005 4379 4251 4440 Domino.
4283 4379 4542 4434 concordi
4571 4394 4704 4435 voce
4735 4381 5067 4436 cantabant:
5104 4403 5122 4434 ι
5151 4383 5260 4438 Ho-

1979 4486 2114 4527 vere
2140 4486 2266 4526 eum
2305 4471 2358 4524 in
2391 4469 2668 4524 miraculis
2695 4469 2865 4524 Deum
2895 4461 3449 4540 cognoverat,sed'de
3480 4482 3567 4522 co-
3599 4518 3642 4541 n
3671 4483 3835 4522 sanna
3865 4470 3916 4522 in
3941 4469 4191 4524 excelsis.
4227 4469 4580 4537 Benedictus,
4609 4472 4704 4541 qui
4750 4473 4896 4526 venit
4937 4471 4992 4526 in
5034 4477 5261 4530 nomine

1980 4518 2736 4634 έιῖἐᾶοἶιέἒιιίῖιιῖἑιὲὶξὶεᾷἶιὲιῖι
2748 4518 3568 4630 Quaesitum}...
3587 4518 3645 4579 Β
3675 4518 4361 4631 notitiai}iiIiiIlJﬂT

1975 4653 2187 4710 sibilem
2226 4651 2391 4725 23‘.
2415 4653 2567 4707 vidit.
2597 4651 2763 4720 Quasi
2788 4653 2982 4707 hamus
3007 4666 3137 4721 ergo
3159 4649 3342 4705 fauces
3383 4649 3568 4720 deglu-

1973 4743 2158 4799 tientis
2200 4746 2372 4798 tenuit
2400 4785 2414 4809 ,
2448 4743 2575 4798 dum
2631 4743 2686 4797 iu
2731 4741 2824 4797 illo
2879 4756 3004 4797 esca
3061 4741 3247 4796 carnis
3291 4741 3563 4810 apparuit,

1972 4851 2137 4906 quam
2171 4836 2463 4891 devoratur
2510 4843 2832 4905 appeteret,
2888 4843 2944 4889 et
2994 4833 3248 4890 divinitas
3297 4833 3566 4902 passionis

1973 4938 2215 4997 tempore
2249 4927 2428 4990 latuit,
2453 4941 2572 4994 qua?
2602 4934 2844 4981 necaret.
2873 4925 2932 4980 ln
2958 4926 3121 4979 hamo
3149 4924 3268 4994 ejus
3299 4924 3560 4978 incarna-

1971 5018 2138 5074 tionis
2175 5026 2366 5086 captus
2392 5026 2499 5081 est,
2528 5016 2678 5086 quia,
2720 5016 2847 5068 dum
2886 5016 2938 5069 in
2977 5015 3074 5069 illo
3103 5015 3330 5084 appetiit
3375 5029 3560 5069 escam

1970 5110 2232 5181 corporis,
2264 5108 2558 5164 transﬁxus
2582 5117 2670 5163 est
2689 5107 2880 5164 aculeo
2905 5107 3228 5163 divinitatis.
3259 5107 3334 5164 lbi
3361 5109 3562 5179 quippe

1973 5202 2154 5256 inerat
2183 5201 2520 5266 humanitas,
2543 5215 2666 5269 qua:
2689 5200 2756 5254 ad
2779 5213 2840 5254 se
2874 5199 3251 5255 devoratorem
3296 5201 3519 5256 duceret
3545 5218 3560 5267 ;

1973 5291 2046 5347 ibi
2077 5291 2352 5357 divinitas,
2388 5306 2510 5362 qua:
2534 5290 2874 5362 perforaret;
2907 5291 2978 5347 ibi
3002 5299 3188 5360 aperta
3241 5291 3557 5357 inﬁrmitas,

1973 5397 2098 5454 qua
2121 5393 2486 5453 provocaret;
2517 5383 2592 5438 ibi
2639 5382 2848 5438 occulta
2892 5383 3109 5447 virtus,
3161 5397 3280 5452 quae
3331 5384 3565 5454 raptoris

1967 5474 2155 5530 fauces
2183 5476 2545 5546 transﬂgeret.
2581 5474 2638 5529 In
2667 5474 2829 5529 hamo
2854 5475 3024 5544 igitur
3069 5484 3260 5544 captus
3286 5483 3408 5539 est,
3434 5476 3559 5544 quia

1968 5566 2096 5623 inde
2133 5566 2347 5621 interiit
2371 5567 2514 5626 unde
2535 5567 2830 5622 momordit
2855 5607 2869 5631 ,
2911 5577 2968 5621 et
2996 5582 3136 5636 quos
3166 5563 3292 5634 jure
3340 5566 3561 5620 tenebat

1971 5654 2230 5710 mortales
2257 5654 2513 5723 perdidit,
2544 5656 2672 5727 quia
2708 5669 2824 5720 eos,
2850 5655 2906 5709 iu
2931 5670 3069 5726 quos
3093 5655 3182 5725 jus
3213 5669 3319 5709 non
3370 5653 3558 5709 habuit

1977 5745 2193 5805 mortis.
2219 5753 2473 5804 appetere
2498 5747 2553 5801 in
2575 5755 2750 5802 morte
2772 5746 3138 5812 praesumpsit.

3743 4650 3788 4706 Ο
3841 4653 4162 4707 mirabiliter
4206 4653 4435 4707 fecunda
4482 4654 4768 4726 virginitas
4795 4696 4810 4720 ,
4850 4670 4968 4725 qtne
5020 4674 5164 4712 novo
5207 4671 5262 4713 et

3669 4744 3913 4799 inaudito
3967 4745 4234 4804 miraculo
4261 4755 4315 4800 et
4358 4755 4537 4800 matcr
4585 4747 4693 4802 dici
4753 4749 4922 4820 possit
4968 4757 5024 4802 et
5057 4752 5256 4822 virgo!

3667 4831 3768 4899 Qui
3798 4843 3912 4888 toto
3940 4835 4138 4889 mundo
4170 4849 4275 4888 non
4301 4835 4535 4903 capitur,
4577 4835 4766 4906 puella:
4813 4841 5055 4904 innupta
5085 4853 5260 4893 mem-

3665 4925 3779 4980 bris
3836 4925 4160 4980 infunditur.
4215 4925 4500 4982 Seutiebat
4537 4927 4757 4996 quidem
4802 4927 4963 4997 235
5012 4931 5257 4996 pondera

3667 5017 3875 5072 ventris
3906 5032 4026 5086 quin
4050 5019 4310 5084 pudorem
4340 5033 4448 5072 non
4481 5018 4742 5072 amiserat
4771 5019 5060 5072 castitatis.
5093 5016 5258 5075 Hira-

3666 5109 3826 5164 batur
3857 5118 4047 5180 partus
4071 5109 4302 5179 insignia
4327 5122 4448 5178 qua:
4485 5108 4632 5162 nulla
4666 5119 4888 5164 noverat
4923 5110 5026 5163 viri
5059 5123 5255 5167 conta-

3664 5203 3773 5270 gia.
3802 5200 3931 5255 Erat
3955 5215 4079 5270 spes
4112 5201 4163 5254 in
4195 5209 4372 5271 partu,
4401 5217 4524 5256 cum
4558 5217 4666 5256 non
4695 5201 4892 5269 fuisset
4920 5190 5174 5273 voluplas
5205 5207 5253 5257 in

3665 5291 3829 5345 coitu.
3859 5289 4188 5346 Immensum
4216 5293 4485 5362 concepit,
4537 5302 4800 5347 :eternum
4844 5295 5068 5365 genuit,
5103 5298 5255 5366 geni-

3669 5388 3781 5433 tum
3810 5389 3936 5434 ante
3961 5381 4156 5434 sarcula
4181 5382 4491 5450 parturivit.
4517 5381 4620 5448 Qui
4647 5381 4748 5437 sibi
4775 5393 4829 5437 et
4850 5399 5050 5438 munus
5072 5384 5252 5439 fecun-

3666 5471 3854 5525 ditatis
3882 5472 4062 5525 attulit
4091 5483 4421 5542 conceptus,
4448 5481 4503 5527 et
4551 5473 4717 5528 decus
4760 5473 5100 5544 virginitatis
5149 5491 5247 5528 non

3665 5561 3891 5614 abstulit
3933 5572 4110 5616 natus.
4160 5563 4261 5628 Qui
4327 5573 4620 5634 antequam
4681 5575 5042 5630 nasceretur,
5091 5567 5247 5620 talem

3665 5653 3867 5706 creavit
3891 5667 4032 5716 eam,
4059 5664 4119 5706 ut
4143 5654 4259 5724 ipse
4301 5654 4463 5724 digne
4500 5654 4650 5709 nasci
4679 5655 4942 5725 potuisset
4966 5671 5034 5709 ex
5065 5669 5150 5721 ea,
5183 5658 5242 5710 de

3666 5761 3769 5814 qua
3797 5746 4060 5816 propheta
4091 5745 4262 5800 David
4287 5746 4455 5802 multo
4485 5755 4609 5802 ante
4629 5746 4958 5816 pmdixerat
4984 5765 4994 5798 :
5033 5763 5050 5794 ι
5085 5747 5131 5802 ﬂ
5155 5760 5243 5800 .tcr
