5450 6368
838 376 948 435 755

2282 345 2520 408 SERIO
2554 345 2746 404 XLVI.

4053 319 4166 381 τω

839 492 972 548 Sion
993 486 1171 544 dicet:
1201 483 1400 547 Homo,
1429 487 1486 535 et
1504 478 1669 535 homo
1692 476 1878 530 Iactus
1905 479 1990 526 est
2018 483 2088 525 ex
2115 481 2201 530 ca,
2229 472 2285 521 et
2311 465 2430 533 ipse
2462 465 2511 526 Α
2541 459 2655 515 suis
2686 452 2851 512 totius
2876 451 3026 508 orbis
3051 445 3450 548 eamposvelut
3479 437 3891 548 rosisnet‘liliis
3910 435 4159 548 .decoraA-

838 579 1090 638 [undavit
1131 591 1255 634 eam
1299 570 1614 629 Altissimus
1661 564 1837 639 (Psal.
1871 559 2118 632 Lxxxvt).
2159 576 2178 610 ι
2205 556 2439 613 Creatus

839 682 925 730 est
955 688 1020 729 ex
1049 685 1114 726 ea
1141 683 1305 741 quam
1333 665 1560 729 creavit,
1597 670 1848 734 portatus
1891 665 1977 713 est
2022 654 2278 711 manibus
2301 665 2441 721 quas

837 763 1116 827 formavit,
1155 759 1302 816 suxit
1329 757 1497 812 ubera
1523 769 1646 828 quae
1673 749 1926 822 replevit,
1950 746 2145 818 puella:
2174 741 2437 800 confove-

836 858 1003 913 batur
1030 854 1086 908 in
1112 850 1322 921 gremio
1344 863 1506 920 quem
1555 844 1872 900 vastissima
1908 839 2034 896 caeli
2085 853 2193 893 non
2245 833 2444 904 recipit

840 942 1094 1007 latitudo,
1125 939 1430 1011 puerilibus
1457 935 1645 991 fasciis
1671 934 1995 1003 cingebatur
2028 929 2120 1000 qui
2156 923 2445 982 immensi-

843 1043 1007 1089 tatem
1029 1031 1181 1088 orbis
1211 1039 1372 1086 terra!
1396 1027 1598 1100 pugillo
1624 1022 2032 1096 complectitur,
2060 1018 2256 1075 matris
2276 1029 2443 1088 pare-

837 1125 932 1182 bat
956 1123 1185 1180 arbitrio
1211 1122 1304 1194 qui
1334 1121 1580 1178 omnium
1603 1133 1787 1173 rerum
1808 1117 1932 1188 jura
1963 1129 2064 1168 suo
2100 1108 2444 1184 gubernabat

840 1216 1091 1288 imperio,
1133 1215 1389 1286 vagiebat
1417 1214 1470 1267 in
1495 1207 1786 1266 cunabulis
1825 1207 1922 1278 qui
1953 1203 2278 1278 angelorum
2302 1215 2443 1272 gau-

839 1310 989 1365 dium
1020 1319 1138 1366 erat
1165 1309 1218 1364 in
1247 1307 1424 1373 ctelis,
1452 1305 1650 1361 vilibus
1675 1302 1968 1374 tegebatur
1998 1294 2326 1368 crepundiis
2347 1292 2444 1364 qui

839 1400 1044 1458 electos
1075 1416 1204 1457 suos
1233 1400 1369 1456 stola
1414 1397 1593 1453 induit
1630 1391 2084 1456 immortalitatis,
2134 1389 2446 1458 imperabat

842 1491 921 1548 illi
952 1493 1126 1564 puella
1158 1494 1245 1549 cui
1272 1500 1471 1546 cuncta
1526 1490 1913 1559 obtemperant
1933 1492 1990 1540 et
2035 1481 2299 1538 obediunt
2327 1477 2442 1534 ele-

839 1595 1044 1641 menta.
1101 1585 1194 1641 Sic
1240 1597 1479 1654 namque
1526 1582 1582 1638 in
1643 1578 1939 1650 Evangelia
1985 1576 2253 1645 scriptum
2301 1579 2439 1629 est:

846 1693 866 1727 ι
901 1674 1040 1744 Quia
1092 1675 1242 1729 venit
1288 1687 1413 1728 cum
1467 1671 1792 1742 parentibus
1840 1667 2160 1731 Nazareth,
2212 1673 2269 1721 et
2321 1670 2445 1719 erat

838 1765 1087 1823 subditus
1111 1764 1217 1821 illis
1246 1763 1399 1834 (Luc.
1430 1764 1514 1835 ιι).
1548 1780 1569 1814 ι

2547 555 2644 606 vit.
2673 546 2985 617 Singularis
3015 557 3256 613 namque
3282 539 3382 596 ﬂos
3400 545 3606 595 sanctae
3619 532 3884 591 Ecclesia:
3909 531 4029 602 ipse
4050 537 4162 594 est,

2545 643 2690 697 sicut
2717 640 2784 696 de
2815 635 3114 706 semetipso
3139 633 3192 688 in
3225 628 3495 687 Canticis’
3519 625 3863 684 canticorum
3893 619 4163 692 loquitur,

2546 731 2776 786 dicens:
2822 746 2843 780 ι
2893 727 3006 798 Ego
3053 723 3157 780 ﬂos
3201 721 3426 793 campi,
3483 726 3540 775 et
3595 714 3772 772 lilium
3831 710 4168 769 convallium

2547 822 2726 893 (Cant.
2765 820 2850 892 tr).
2893 839 2912 871 ι
2951 818 3067 874 Hoc
3106 815 3280 872 lilium
3333 827 3441 869 non
3493 811 3549 866 in
3609 806 3917 869 montibus,
3959 804 4057 887 sed
4113 802 4166 855 in

2546 913 2884 972 convallibus
2907 908 3180 972 nascitur,
3209 905 3339 977 quia
3384 899 3642 973 superbis
3677 897 3824 952 Deus
3872 893 4165 952 resistens.

2548 1007 2601 1062 in
2652 1004 2941 1061 humilium
2993 999 3254 1056 cordibus
3306 994 3612 1051 invenitur.
3679 988 3882 1045 Lilium
3937 991 4172 1041 vocatur

2545 1099 2821 1160 Christus,
2855 1095 3030 1150 lilium
3065 1091 3269 1149 dicitur
3302 1098 3359 1145 et
3408 1095 3591 1143 mater
3626 1081 3832 1139 Christi
3858 1121 3874 1144 ,
3920 1079 4066 1135 sicut
4110 1077 4170 1134 in

2545 1189 2736 1248 eodem
2791 1187 3022 1244 Cantico
3087 1171 3474 1240 subinfertur:
3532 1195 3552 1230 ι
3594 1177 3754 1234 Sicut
3800 1174 3974 1229 lilium
4027 1172 4173 1229 inter

2546 1282 2756 1353 spinas,
2788 1281 2870 1342 sic
2921 1278 3095 1333 amica
3147 1290 3268 1332 mea
3324 1275 3470 1330 inter
3511 1271 3653 1327 ﬁlias
3689 1267 3908 1338 (Ibid.).
3958 1283 3978 1318 ι
4014 1264 4175 1321 Sicut

2547 1371 2720 1428 lilium
2751 1372 2896 1427 inter
2922 1369 3134 1440 spinas,
3172 1366 3255 1422 sic
3285 1362 3610 1422 beatissima
3647 1361 3804 1431 virgo
3836 1357 4009 1413 Maria
4049 1355 4172 1412 eni-

2550 1466 2656 1521 tuit
2687 1465 2833 1520 inter
2861 1462 3040 1526 ﬁlias;
3083 1475 3206 1533 quae
3249 1457 3319 1515 de
3348 1457 3572 1530 spinosa
3613 1451 3918 1526 propagine
3950 1449 4173 1506 Judaeoe

2548 1573 2669 1613 rum
2718 1565 2878 1619 nata,
2921 1550 3291 1611 candescebat
3314 1547 3584 1605 munditia
3611 1546 3874 1618 virginea
3896 1541 4172 1599 castitatis

2549 1651 2605 1706 in
2634 1663 2869 1720 corpore
2895 1691 2911 1716 ,
2966 1643 3378 1702 ﬂammescebat
3433 1649 3620 1697 autem
3679 1638 3879 1694 ardore
3937 1634 4176 1706 gemina:

2547 1739 2838 1797 charitatis
2869 1739 2925 1795 in
2972 1746 3198 1803 mente,
3247 1731 3521 1806 ﬂagrabat
3566 1730 3774 1802 passim
3816 1727 3989 1784 odore
4040 1724 4176 1782 boni

910 1856 1103 1912 Merito
1124 1807 1312 1927 itaque
1329 1807 1492 1911 beata
1513 1853 1680 1910 Maria
1701 1853 1905 1909 dicitur
1923 1864 2127 1923 parens
2149 1847 2439 1921 parientis,
2474 1841 2519 1902 Β
2545 1831 2730 1904 ορθνίε
2756 1874 2771 1900 ο
2823 1828 3086 1888 tendebat
3135 1829 3204 1885 ad
3232 1823 3506 1895 sublimia
3551 1807 3860 1880 ίηίθίιίίοηθ
3908 1819 4173 1876 comm“

836 1947 1020 2004 oriens
1047 1946 1300 2012 orientis,
1328 1944 1451 2002 l’ons
1479 1943 1650 2002 fontis
1672 1940 1801 2009 vivi,
1830 1941 1987 2012 origo
2006 1938 2286 2012 principii,
2314 1936 2446 2008 quia

839 2036 932 2094 ille
959 2051 1024 2092 ex
1055 2051 1121 2093 ea
1146 2035 1350 2108 pro'diit
1370 2051 1471 2108 per
1498 2035 1789 2092 materiam
1831 2032 2017 2089 carnis
2047 2032 2141 2103 qui
2171 2039 2338 2103 caput
2361 2037 2448 2086 est

839 2137 896 2185 et
921 2127 1137 2183 initium
1187 2128 1432 2184 omnium
1479 2142 1666 2183 rerum
1713 2142 1826 2198 per,
1861 2125 2160 2184 essentiam
2204 2121 2443 2179 deitatis.

839 2217 968 2274 Haec
995 2227 1082 2274 est
1102 2217 1338 2289 denique
1358 2227 1514 2290 porta
1542 2218 1658 2284 illa,
1681 2218 1749 2274 de
1770 2229 1877 2287 qna
1898 2213 2157 2273 Ezechiel
2188 2220 2446 2280 testatur,
2493 2239 2500 2246 -

843 2311 1034 2366 dicens
1065 2323 1081 2363 :
1119 2328 1137 2362 ε
1172 2308 1456 2366 Convertit
1479 2324 1586 2374 me,
1612 2309 1806 2378 inquit,
1841 2307 1911 2364 ad
1944 2306 2089 2362 viam
2122 2315 2296 2377 porta:
2318 2319 2449 2361 san-

840 2397 1040 2455 ctuarii
1066 2399 1378 2465 exterioris,
1414 2414 1535 2470 quae
1572 2397 1907 2468 respiciebat
1949 2397 2019 2452 ad
2049 2396 2324 2452 orientem
2349 2435 2366 2463 ,
2391 2404 2451 2452 et

831 2487 959 2543 haec
986 2498 1106 2542 erat
1135 2487 1344 2544 clausa.
1393 2488 1462 2544 Et
1489 2489 1629 2544 dixit
1683 2488 1951 2544 Dominus
1995 2487 2064 2543 ad
2105 2500 2236 2541 me:
2280 2483 2448 2540 Porta

839 2579 976 2646 haec,
1008 2595 1173 2650 quam
1207 2580 1382 2647 vides,
1410 2580 1597 2636 clausa
1629 2581 1758 2646 erit,
1793 2588 1849 2634 et
1869 2594 1978 2634 non
2036 2577 2320 2648 aperietur
2344 2617 2361 2643 ,
2393 2584 2450 2632 et
2507 2643 2510 2645 Α

841 2672 930 2728 vir
977 2688 1081 2728 non
1116 2673 1372 2728 transibit
1407 2689 1506 2744 per
1554 2689 1676 2728 eam
1702 2714 1718 2738 ,
1753 2681 1807 2727 et
1835 2685 2056 2741 semper
2101 2669 2208 2725 erit
2257 2668 2448 2724 clausa

841 2762 1062 2833 (Ezech.
1090 2769 1263 2836 κων).
1301 2786 1317 2816 ι
1351 2766 1493 2822 Vere
1536 2780 1757 2836 semper
1812 2764 2021 2830 clausa,
2060 2763 2190 2834 quia
2229 2776 2450 2834 semper

840 2856 1178 2930 incorrupta.
1232 2861 1554 2931 lncorrupta
1609 2869 1741 2932 ante?
1792 2872 2056 2930 partum,
2125 2859 2447 2930 incorrupta

835 2963 966 3024 post
991 2965 1202 3025 partum
1228 2999 1242 3021 ,
1295 2957 1612 3027 concipiens
1654 2956 1834 3011 virum
1860 2996 1876 3021 ,
1920 2955 2173 3011 nesciens
2223 2955 2405 3009 virum
2429 2993 2446 3019 ,

843 3044 987 3099 sicut
1029 3060 1127 3116 per
1162 3045 1455 3101 Jeremiam
1485 3045 1692 3102 dicitur
1725 3064 1739 3101 :
1777 3066 1796 3098 ἰ
1835 3045 2025 3101 Faciet
2054 3046 2316 3102 Dominus
2351 3061 2449 3101 no-

839 3147 968 3188 vum
1000 3150 1162 3205 super
1201 3145 1423 3200 terram,
1473 3146 1530 3193 et
1554 3152 1682 3193 ecce
1729 3137 1926 3192 mulier
1975 3136 2341 3192 circumdabit
2369 3136 2448 3191 vi-

840 3241 964 3280 tum
1003 3226 1138 3299 (Jer.
1172 3228 1410 3299 κενὴ»

913 3314 1259 3372 Gaudeamus
1286 3318 1492 3388 itaque,
1519 3318 1858 3375 dilectissimi
1884 3359 1899 3382 ,
1941 3327 1997 3372 et
2021 3316 2364 3372 exsultemus
2394 3316 2450 3372 in

837 3405 1128 3460 nativitate
1183 3407 1516 3462 beatissima:
1562 3409 1659 3462 Dei
1715 3407 1997 3479 genitricis
2045 3405 2274 3471 Maria,
2330 3420 2453 3475 qua:

842 3509 1046 3550 novum
1074 3497 1274 3550 mundo
1302 3497 1574 3551 nuntiavit
1602 3498 1861 3568 gaudium
1886 3536 1902 3562 ,
1932 3505 1990 3550 et
2024 3495 2191 3550 totius
2235 3495 2455 3553 exstitit

837 3583 1092 3639 humanae
1122 3585 1312 3641 salutis
1333 3587 1640 3642 exordium.
1676 3585 2025 3641 Exsultemus
2051 3625 2065 3649 ,
2100 3585 2323 3653 inquam
2347 3623 2360 3647 ,
2399 3592 2455 3638 et

845 3676 989 3730 sicut
1044 3677 1282 3748 gaudere
1339 3678 1578 3734 solemus
1623 3678 1680 3733 in
1737 3678 2024 3733 nativitate
2067 3677 2320 3742 Christi,
2375 3676 2452 3731 ita

841 3767 1013 3821 etiam
1061 3768 1412 3824 nihilominus
1449 3771 1782 3839 gaudeamus
1823 3769 1876 3823 in
1929 3769 2214 3823 nativitate
2261 3770 2455 3822 matris

845 3855 1069 3912 Christi.
1112 3858 1285 3914 Hodie
1312 3869 1440 3914 nata
1471 3869 1555 3915 est
1580 3861 1766 3930 regina
1790 3861 2002 3925 mundi,
2034 3858 2278 3914 fenestra
2303 3860 2447 3923 caeli,

844 3946 1005 4016 ianua
1039 3929 1301 4020 paradisi,
1329 3950 1741 4006 tabernaculum
1768 3951 1886 4015 Dei,
1914 3950 2071 4006 stella
2096 3952 2285 4014 maris,
2305 3951 2452 4006 scala

843 4039 1104 4106 ctelestis,
1129 4057 1226 4111 per
1258 4056 1424 4110 quam
1457 4057 1729 4111 supernus
1751 4041 1867 4096 Rex
1895 4042 2216 4097 humiliatus
2244 4043 2311 4099 ad
2341 4042 2452 4097 ima

841 4131 1164 4198 descendit;
1191 4141 1246 4186 et
1275 4118 1440 4187 homo
1466 4173 1480 4197 ,
1507 4132 1601 4204 qui
1632 4142 1941 4202 prostratus
1973 4131 2194 4203 jacebat
2218 4173 2233 4198 ,
2261 4133 2329 4187 ad
2362 4148 2456 4187 su-

841 4238 1015 4294 perna
1079 4223 1352 4280 exaltatus
1415 4225 1681 4280 ascendit.
1741 4223 1915 4280 Hodie
1975 4225 2232 4294 apparuit
2286 4223 2447 4279 stella

844 4314 1072 4379 mundo,
1101 4329 1198 4384 per
1226 4330 1388 4384 quam
1432 4314 1526 4370 Sol
1569 4315 1800 4385 justitize
1851 4315 2034 4369 illuxit
2078 4316 2306 4371 mundo.
2357 4315 2453 4371 Illa

843 4403 1121 4469 videlicet,
1156 4406 1222 4460 de
1249 4421 1354 4476 qua
1385 4420 1483 4476 per
1521 4407 1847 4477 prophetam
1888 4407 2090 4461 dicitur
2123 4421 2138 4460 :
2176 4424 2195 4458 ι
2231 4405 2454 4464 Orietur

845 4495 1006 4552 stella
1044 4512 1111 4552 ex
1133 4496 1326 4564 Jacob,
1354 4507 1411 4552 et
1453 4507 1715 4569 exsurget
1743 4497 1907 4553 homo
1934 4499 2003 4553 de
2052 4497 2222 4553 Israel
2256 4498 2448 4571 (Nunt.

845 4588 1022 4658 xxiv).
1051 4606 1071 4640 ι
1097 4585 1269 4644 Hodie
1294 4598 1420 4645 nata
1450 4599 1537 4644 est
1566 4589 2013 4659 splendidissima
2042 4589 2134 4646 illa
2165 4589 2356 4663 Virgo,
2386 4607 2453 4647 ex

845 4695 954 4750 qua
993 4683 1265 4751 processit
1296 4682 1581 4752 speciosus
1608 4684 1786 4739 forma
1835 4699 1949 4755 pra:
1986 4683 2113 4740 ﬁliis
2164 4686 2453 4742 hominum

848 4785 1114 4844 tanquam
1161 4791 1396 4846 sponsus
1453 4778 1520 4832 de
1564 4779 1810 4834 thalamo
1849 4794 1948 4835 suo
1991 4780 2010 4850 (
2043 4778 2192 4834 Psal.
2247 4797 2378 4836 xuv
2408 4783 2448 4853 ).

849 4866 1023 4922 Hodie
1049 4869 1250 4940 prodiit
1296 4886 1366 4926 ex
1412 4878 1567 4926 utero
1606 4873 1822 4940 matris,
1869 4888 1991 4943 quae
2027 4873 2287 4945 templum
2334 4875 2453 4932 ﬁeri

847 4961 1051 5014 meruit
1078 4960 1399 5018 divinitatis.
1433 4963 1607 5020 Hodie
1633 4964 1857 5035 impleta
1903 4974 1987 5022 est
2021 4967 2308 5038 prOphetia
2340 4969 2450 5036 illa,

846 5067 1014 5117 quam
1045 5052 1281 5108 eximius
1311 5055 1706 5124 prophetarum
1757 5054 1928 5110 lsaias
1968 5057 2125 5126 quasi
2158 5072 2339 5128 praeco
2368 5057 2454 5113 fa-

847 5153 971 5196 ctus
1006 5138 1073 5197 ad
1103 5143 1398 5198 adventum
1428 5145 1631 5216 regina:
1661 5147 1852 5201 mundi
1880 5187 1895 5210 ,
1927 5163 2126 5219 magna
2171 5164 2306 5204 voce
2336 5149 2452 5205 cla-

847 5233 1053 5299 ntabat,
1081 5233 1310 5290 dicens:
1343 5255 1362 5288 ι
1395 5236 1722 5306 Egredietur
1752 5239 1904 5309 virga
1935 5237 2003 5293 de
2050 5239 2239 5296 radice
2274 5239 2452 5307 Jesse,

847 5335 904 5380 et
934 5323 1036 5381 ﬂos
1065 5328 1131 5381 de
1160 5328 1347 5382 radice
1389 5329 1508 5399 ejus
1539 5329 1797 5384 ascendet
1839 5330 1975 5401 (Im.
2008 5332 2111 5403 χι).
2155 5351 2174 5384 ι
2205 5330 2273 5387 Ει
2312 5334 2453 5391 bene

858 5416 976 5472 haec
1007 5418 1454 5488 incomparabilis
1502 5421 1668 5490 Virgo
1707 5422 1858 5492 virga
1888 5423 2056 5495 236
2077 5425 2299 5492 dicitur,
2331 5441 2453 5497 qua:

847 5514 905 5561 et
933 5522 1029 5576 per
1066 5509 1424 5566 intentionem
1451 5512 1707 5568 desiderii
1731 5514 1798 5568 ad
1835 5530 2073 5585 superna
2119 5517 2368 5586 emicuit,
2397 5529 2455 5576 et

845 5612 949 5669 per
989 5600 1362 5658 sinceritatem
1410 5605 1540 5660 boni
1598 5607 1782 5675 operis
1829 5606 2078 5663 distorta:
2129 5610 2454 5667 nodositatis

847 5689 1037 5745 vitium
1070 5708 1179 5748 non
1211 5693 1461 5751 incurrit.
1495 5697 1568 5752 De
1588 5712 1692 5767 qua
1720 5699 1868 5769 virga
1899 5699 2234 5771 Redemptor
2261 5713 2454 5760 noster

848 5781 1002 5850 quasi
1033 5781 1135 5838 ﬂos
1160 5786 1433 5855 ascendit,
1457 5789 1550 5858 qui
1579 5791 1916 5860 martyribus
1953 5800 2009 5848 et
2037 5791 2453 5854 eont‘essoribus

2475 3203 2521 3266 C

2515 3501 2540 3508 ο.

2488 4563 2537 4622 D

2548 1926 2754 1984 cordis.

2617 2017 2877 2075 Nonnulli
2905 2024 3120 2083 autem,
3143 2015 3275 2071 dum
3296 2013 3423 2086 plus
3457 2025 3652 2082 sapere
3698 2024 3864 2082 quam
3910 2015 4171 2078 oporteat

2549 2125 2744 2182 sapere
2772 2112 3037 2183 gestiunt,
3064 2109 3192 2181 quis
3222 2116 3378 2180 pater
3401 2149 3418 2174 ,
3469 2105 3556 2162 vel
3602 2120 3726 2177 qua:
3770 2110 3949 2159 mater
3993 2102 4174 2158 beata:

2549 2202 2735 2258 Mariae
2759 2200 2946 2268 fuerit,
2961 2199 3145 2257 studio
3175 2196 3469 2270 superﬂuae
3488 2194 3828 2251 curiositatis
3859 2192 4172 2264 inquirunt.

2551 2295 2660 2349 Sed
2686 2293 2887 2364 aliquis
2915 2293 3090 2349 lector
3115 2290 3284 2346 nimis
3307 2288 3585 2345 inutiliter
3609 2287 3811 2357 quaerit
3833 2284 3981 2357 quod
4007 2298 4172 2339 evan-

2555 2386 2750 2458 gelista
2786 2400 3018 2441 narrare
3044 2381 3383 2456 superﬂuum
3411 2380 3589 2438 duxit.
3626 2378 3684 2436 Si
3723 2378 3874 2434 enim
3904 2377 4034 2434 huic
4068 2391 4175 2433 no-

2552 2479 2684 2532 titia:
2707 2476 3005 2532 utilitatem
3030 2475 3213 2530 inesse
3241 2479 3607 2544 cognosceret
3632 2512 3646 2535 ,
3677 2483 4030 2540 nequaquam
4073 2481 4173 2524 no-

2550 2569 2678 2624 bilis
2707 2568 3006 2624 historicus
3035 2581 3152 2622 rem
3179 2563 3555 2621 necessariam
3585 2561 3809 2618 silentio
3831 2557 4169 2631 prateriret.

2552 2659 2850 2715 Sciendum
2878 2673 3018 2714 vero
3045 2667 3130 2713 est
3182 2658 3331 2712 hunc
3375 2670 3500 2710 esse
3549 2668 3760 2708 morem
3807 2650 4177 2721 scriptoribus

2551 2751 2696 2806 sacri
2721 2748 2929 2820 eloquii
2958 2757 3055 2815 ut,
3088 2747 3232 2803 sicut
3283 2745 3510 2802 student
3563 2757 3786 2815 semper
3831 2741 3998 2798 silere
4029 2743 4177 2812 quod

2550 2845 2730 2912 obest,
2757 2847 2838 2901 sic
2882 2846 3051 2926 etiam
3091 2844 3300 2900 referre
3349 2839 3664 2912 despiciunt
3706 2838 3853 2909 quod
3887 2836 4035 2894 scire
4070 2853 4186 2894 non

2549 2940 2794 3011 prodest.
2817 2927 3131 3010 Aliquando
3181 2945 3369 2991 autem
3421 2935 3478 2988 in
3525 2948 3688 2989 sacra
3713 2930 4002 3003 Scriptura
4031 2931 4174 2986 certi

2552 3048 2718 3089 causa
2747 3031 2994 3104 mysterii
3029 3029 3237 3099 aliquid
3267 3025 3749 3099 prtetermittitur,
3781 3033 3842 3079 ut
3869 3024 3988 3094 ipso
4018 3022 4182 3092 quasi

2552 3125 2829 3179 clamante
2858 3120 3082 3178 silentio
3107 3134 3370 3191 magnum
3422 3116 3632 3186 aliquid
3687 3115 3985 3171 sentiatur.
4026 3113 4190 3168 Sicut

2553 3224 2639 3270 est
2661 3215 2808 3285 quod
2825 3211 3228 3268 Melchisedech
3255 3212 3308 3264 in
3334 3209 3542 3265 veteris
3568 3207 3888 3263 narratione
3913 3206 4183 3271 historiae,

2561 3306 2680 3361 sine
2705 3307 3020 3379 patre,sine
3048 3313 3247 3363 matre.
3265 3304 3384 3360 sine
3405 3302 3728 3373 genealogia
3743 3299 4180 3372 perMoysenin-

2563 3393 3039 3464 troducitur(Gen.
3072 3409 3186 3460 xtv;
3217 3391 3522 3465 Hebr.|vn),
3541 3400 3600 3446 ut
3627 3391 3881 3446 videlicet
3899 3389 4182 3456 Christus,

2561 3488 2654 3556 qui
2693 3495 2780 3541 est
2835 3485 3097 3541 sacerdos
3145 3485 3450 3541 secundum
3490 3483 3745 3539 ordinem
3773 3481 4185 3538 Melchisedech

2563 3577 2741 3649 (Paul.
2754 3576 2892 3646 cxx).
2909 3591 3008 3647 per
3019 3591 3144 3631 eum
3160 3575 3530 3648 signiﬁcetur,
3544 3574 3733 3644 dequo
3748 3572 4015 3644 propheta
4029 3571 4186 3627 dicit:

2569 3688 2587 3721 ι
2609 3669 3031 3725 Generation'em
3053 3667 3198 3722 enim
3221 3666 3342 3734 ejus
3363 3667 3486 3736 quis
3509 3665 3833 3722 enarrabit?
3855 3661 4025 3736 »(Ισὶι.
4041 3664 4188 3735 Lm.)

2563 3763 2618 3816 In
2647 3760 3006 3832 generatione
3031 3767 3218 3814 autem
3252 3759 3458 3813 Christi
3503 3757 3611 3812 illa:
3653 3757 3903 3813 ordinari
3937 3771 4189 3827 persona:

2564 3853 2763 3907 merito
2803 3851 3160 3914 debuerunt,
3193 3864 3294 3919 per
3349 3863 3488 3919 quas
3532 3849 3604 3904 ad
3648 3847 3854 3918 Ioseph
3901 3847 4192 3903 descensio

2564 3947 2744 4014 ﬁeret,
2773 3961 2883 4002 non
2914 3947 2983 4001 ad
3013 3945 3264 4009 Mariam,
3299 3960 3423 4014 quae
3457 3943 3526 3999 de
3569 3959 3678 3997 una
3707 3958 3831 3998 cum
3885 3943 4004 4013 ipso
4044 3943 4192 3997 tribu

2564 4038 2765 4104 fuerat,
2794 4037 3117 4093 declinaret.
3170 4034 3529 4092 Consuetudo
3566 4036 3771 4106 quippe
3816 4035 4001 4091 fuerat
4031 4042 4186 4090 vete-

2566 4149 2689 4188 rum
2719 4140 2782 4188 nt
2812 4132 2867 4188 in
2900 4129 3218 4204 genealogia
3243 4131 3489 4186 virorum
3514 4129 3607 4184 vix
3637 4129 3934 4200 aliquando
3961 4129 4189 4184 nomina

2564 4233 2834 4296 ponerent
2862 4222 3213 4279 feminarum.
3264 4220 3324 4276 Si
3365 4236 3498 4277 vero
3539 4221 3836 4276 mulierum
3883 4235 4059 4292 genus
4085 4236 4184 4276 vo-

2565 4318 2794 4373 luissent
2847 4316 3186 4382 describere,
3241 4330 3342 4386 per
3403 4315 3664 4371 mulieres
3716 4313 3848 4369 illud
3906 4315 4184 4371 curabant

2564 4410 2859 4482 aliquando
2888 4425 3215 4482 propagare.
3269 4411 3585 4466 Attestatur
3626 4418 3832 4466 nostrae
3884 4409 4188 4465 assertioni

2564 4501 2744 4558 Lucas
2771 4501 3132 4572 evangelista,
3182 4501 3275 4570 qui
3329 4499 3654 4557 Zachariam
3693 4509 3911 4571 patrem
3955 4498 4189 4556 Joannis

2563 4609 2662 4666 per
2690 4593 2852 4649 virile
2880 4608 3054 4664 genus
3088 4591 3405 4659 ostendere,
3438 4593 3722 4650 Elisabeth
3771 4608 3906 4650 vero
3955 4609 4056 4665 per
4096 4609 4186 4649 se-

2566 4703 2694 4742 xum
2732 4687 2951 4743 curavit
2982 4687 3309 4743 muliebrem
3350 4687 3666 4759 designare.
3713 4707 3732 4740 r
3771 4686 3934 4753 Fuit',
3984 4687 4188 4758 inquit,

2563 4781 2617 4836 in
2654 4780 2846 4836 diebus
2869 4778 3106 4836 Herodis
3134 4779 3282 4848 regis
3311 4778 3516 4836 Judzete
3546 4820 3562 4845 ,
3593 4779 3859 4836 sacerdos
3899 4779 4129 4849 quidam
4163 4820 4180 4843 ,

2562 4873 2784 4929 nomine
2819 4873 3139 4937 Zacharias,
3169 4872 3237 4927 de
3260 4871 3380 4927 vice
3428 4871 3590 4935 Abia,
3630 4878 3687 4926 et
3723 4885 3867 4926 uxor
3914 4869 3993 4925 illi
4024 4869 4095 4924 de
4125 4870 4191 4924 ﬁ-

2561 4965 2740 5022 liabus
2783 4965 2968 5021 Aaron
3007 4964 3162 5037 (Luc.
3198 4965 3262 5036 ι).
3294 4985 3314 5018 ι
3355 4964 3426 5022 Ut
3456 4966 3720 5020 nimirum
3761 4979 4004 5037 congrue
4050 4964 4189 5018 vira

2562 5059 2715 5122 viris,
2758 5057 2959 5114 femina
2993 5058 3285 5130 propagari
3314 5057 3601 5114 videretur
3630 5075 3658 5113 a
3683 5057 3926 5115 feminis.

2635 5149 2927 5206 Matthaeus
2982 5150 3181 5222 igitur,
3232 5151 3328 5222 qui
3406 5153 3511 5206 viri
3585 5160 3954 5224 proposuerat
4006 5166 4185 5225 genus

2559 5243 2918 5308 describere,
2963 5242 3112 5299 illius
3143 5243 3391 5307 scilicet.
3432 5244 3502 5300 de
3547 5258 3659 5314 quo
3703 5261 3802 5318 per
3852 5247 4177 5318 prophetam

2557 5337 2762 5394 dicitur
2789 5351 2805 5391 :
2841 5354 2859 5388 ‹
2895 5337 3036 5392 Ecce
3065 5337 3150 5391 vir
3169 5335 3370 5393 Oriens
3398 5353 3601 5394 nomen
3630 5337 3750 5408 ejus
3777 5337 3968 5412 (Zach.
4011 5340 4114 5410 vt),
4154 5357 4174 5392 ι

2565 5429 2783 5486 erudite
2811 5444 2907 5500 per
2931 5428 3134 5500 Joseph
3172 5430 3510 5487 descendere
3558 5432 3770 5500 voluit;
3813 5431 4002 5490 Maria:
4043 5447 4179 5489 vero

2566 5533 2822 5592 parentes
2851 5536 3056 5592 ponere
3086 5521 3421 5592 superﬂuum
3451 5523 3744 5594 judicavit.

2638 5614 2740 5682 Qui
2768 5630 2901 5686 ergo
2928 5623 3220 5696 parentum
3259 5614 3449 5672 Mariae
3473 5617 3726 5672 notitiam
3768 5617 3976 5674 habere
4032 5618 4181 5675 desi-

2567 5707 2741 5771 derat,
2774 5706 2841 5761 de
2867 5706 3080 5761 semine
3117 5719 3240 5762 eam
3270 5706 3508 5762 Abrahae
3535 5748 3550 5772 ,
3583 5709 3651 5764 de
3691 5707 3836 5763 tribu
3883 5705 4022 5764 Jnda
4053 5751 4069 5775 ,
4112 5708 4180 5765 de

2564 5796 2712 5867 regia
2747 5795 2918 5866 stirpe
2945 5795 3134 5863 David,
3159 5795 3509 5854 descendisse
3536 5808 3847 5870 cognoscat.
3873 5798 4039 5871 237
4071 5799 4178 5855 No-
4266 5811 4275 5818 °
