2725 3237
1006 226 1061 254 755

1303 224 1321 250 ί
1353 223 1452 250 PETRI
1471 222 1610 250 DAMIANI
1631 222 1705 250 OPP.
1721 221 1810 250 PARS
1825 220 1889 250 SEU
1907 220 2024 249 TOIUS
2042 220 2074 249 ll.
2093 236 2126 242 —
2145 221 2338 252 lEﬂlONES.

1006 284 1077 312 verit
1095 289 1200 317 quoque
1220 290 1278 309 eam
1298 290 1359 309 cum
1389 281 1548 309 sacerdotali
1580 282 1668 308 Aaron
1696 288 1793 315 genere
1810 285 1830 311 ,ι
1881 282 1902 307 0
1918 281 2010 314 quanti
2024 281 2094 308 banc
2109 280 2271 309 vindemiam
2290 281 2375 310 aridis
2392 282 2524 312 meum
2542 282 2634 313 h5-

1007 327 1174 363 cognatiouis
1188 327 1313 354 habuisse
1334 327 1572 361 propinquitatem.
1597 325 1672 352 Undc
1696 326 1720 351 ci
1745 333 1791 359 per

1008 372 1130 407 angelum
1147 372 1245 399 dicitur
1266 382 1272 399 :
1296 382 1303 397 t
1326 373 1356 399 Et
1370 380 1433 399 ecce
1448 372 1583 399 Elisabctii
1599 376 1711 405 cognata
1730 377 1771 397 tim
1784 392 1790 401 ,

1006 425 1030 447 et
1047 420 1104 454 ipsa
1119 422 1240 454 concepit
1255 421 1337 446 lilium
1360 421 1384 445 in
1411 424 1549 445 senectute
1571 427 1616 445 sua
1640 418 1714 449 (Luc.
1733 424 1763 443 tl.
1780 429 1788 442 ι

1006 466 1037 492 Et
1050 465 1112 498 jure
1129 466 1292 500 Redemptor
1307 471 1398 491 noster
1420 466 1451 490 tle
1478 465 1648 494 sacerdotali,
1671 465 1748 490 simul
1765 468 1791 489 ct

1007 510 1080 545 regia
1096 511 1269 544 generatione
1284 518 1394 536 camcm
1407 511 1543 543 ςυςςινυτιτ
1564 510 1659 539 voluit,
1673 510 1716 542 qui
1736 509 1791 535 ilex

1006 561 1068 582 ante
1084 556 1179 582 sazcuia
1192 556 1321 584 existens,
1337 561 1429 589 utpote
1445 562 1523 581 verus
1538 556 1673 583 SJN‘l‘l'tiUS.
1691 560 1788 580 semel.-

1006 601 1091 634 ipsuni
1106 600 1179 626 Patri
1192 608 1240 634 pro
1257 600 1332 626 nobis
1347 601 1487 627 suavitatis
1500 600 1614 625 hostium
1633 601 1789 625 inunolnvit.

1004 645 1071 671 Nam
1092 649 1119 671 et
1136 652 1181 671 rex
1198 645 1279 671 David
1297 653 1356 670 cum
1389 653 1471 678 panes
1495 644 1699 678 propositionis.
1725 652 1791 677 quos

1006 698 1058 717 non
1072 690 1169 717 licebat
1181 691 1231 718 nisi
1244 691 1307 717 solis
1322 691 1403 717 edere
1418 691 1603 717 sa(erdotibus
1620 690 1792 717 manducavit

1004 736 1047 766 (II
1058 736 1120 771 Reg.
1140 739 1206 770 ut).
1222 737 1246 762 itt
1261 745 1311 763 una
1326 738 1471 770 eademth
1489 745 1601 771 persona
1617 737 1677 763 Jesu
1691 736 1789 762 Christi

1003 783 1108 809 Domini
1129 783 1212 808 nostri
1230 788 1371 816 utrumque
1386 782 1512 811 futurum,
1531 783 1554 808 Μ
1568 788 1619 812 est.
1638 792 1747 815 regnum
1765 788 1789 808 et

1002 827 1194 856 sacerdotium.
1208 827 1340 862 ﬁguravit,
1356 828 1409 853 Nec
1434 828 1519 854 soiutn
1544 828 1672 854 hiediator
1701 828 1743 853 [ὶιιί
1764 831 1789 853 ct

1002 872 1156 902 hominum.
1172 872 1251 898 homo
1264 872 1396 903 Christus.
1411 872 1463 898 llex
1483 878 1509 898 ct
1524 873 1656 898 Sacerdos
1674 879 1789 905 congruo

999 916 1109 948 dicitur,
1123 918 1205 944 sedet
1217 917 1369 951 quicunque
1382 918 1416 943 illi
1434 917 1553 951 perfecto
1570 926 1661 943 amore
1678 917 1788 950 conjun-

1845 326 1894 352 bus
1909 326 2045 356 sitiebant.
2060 326 2153 360 quanti
2169 326 2201 353 ad
2216 331 2332 354 mustum
2357 327 2519 363 evangelica
2537 328 2635 366 [alb

1845 373 1997 405 pertingere
2011 372 2184 400 inenarrabili
2208 374 2343 402 desiderio
2360 373 2527 411 ﬂagitabant.
2553 374 2635 407 ιω.

1845 424 1870 444 ct
1890 418 2025 451 discipulis
2043 418 2146 445 Veritas
2158 419 2242 446 dicit:
2268 428 2277 445 t
2299 419 2386 448 Amen
2401 420 2462 449 dico
2475 420 2634 458 vobisquod

1845 465 1918 491 multi
1934 466 2078 499 prophetae.
2092 471 2117 492 ct
2142 474 2218 500 rcges
2242 466 2384 494 voluerunt
2415 467 2498 504 ³³.
2520 468 2632 501 videre.

1844 519 1902 545 qua:
1923 520 1967 537 vos
1983 512 2088 542 videtis.
2112 517 2138 538 ct
2164 520 2216 538 non
2243 512 2377 546 viderunt,
2398 518 2427 540 et
2451 513 2633 550 audire.qua

1844 557 1950 585 auditis,
1967 562 1992 582 et
2006 565 2056 582 non
2069 558 2212 583 audierunt
2228 556 2303 591 (Luc.
2317 558 2388 592 xu).
2407 567 2415 583 ι
2432 557 2469 586 De
2483 559 2535 586 hac
2550 558 2632 586 viles

1844 609 1957 635 sponsus
1981 610 2004 627 ιιι
2025 601 2145 628 Canticis
2168 602 2337 629 canticorum
2362 603 2491 638 loquitur.
2511 603 2631 631 dicas:

1846 655 1853 670 ι
1880 646 2010 672 [incendi
2037 647 2068 672 ad
2099 647 2203 673 hortum
2228 655 2336 679 nucum.
2357 652 2386 674 ut
2406 648 2526 676 viderem
2549 655 2632 684 poma

1843 691 2013 720 nitivaiiitltn.
2031 697 2056 717 ct
2075 693 2234 724 inspicerem
2247 692 2268 719 si
2281 691 2415 720 ﬂoruisset
2427 693 2631 729 *Μαλοίταν-

1844 736 1991 761 tuinasscnt
2012 736 2077 761 mala
2096 738 2192 770 punica
2215 736 2303 769 (Cant.
2320 738 2368 772 VI).
2387 748 2396 764 ι
2417 737 2516 765 Iulum
2529 738 2632 775 quin.

1842 789 1967 813 punicum
1983 789 2073 807 amztru
2095 783 2202 815 quidem
2225 783 2326 810 cortice
2348 783 2457 818 tegitur.
2472 784 2521 811 sed
2542 783 2632 812 dulcis

1843 825 1867 849 in
1894 825 1951 857 ejus
1977 826 2096 859 grattulis
2128 827 2248 853 suavitas
2273 827 2434 855 Occultatur.
2452 829 2631 857 Suntsun-

1843 872 1972 901 nonnulli,
1985 872 2109 905 qui.dum
2123 880 2169 906 per
2179 872 2558 907 ninictionisamaritudinem.
2568 881 2631 903 eru-

1842 923 1899 941 cem
1916 919 1921 937 ι
1939 917 2013 941 liristi
2028 918 2134 943 assidue
2146 918 2285 951 patiuntur
2297 918 2322 945 in
2333 926 2456 954 corpore,
2468 927 2518 954 per
2528 920 2632 948 amoris

997 962 1239 997 xitum-utriusque
1265 963 1401 995 dignitatis
1426 963 1582 989 iocabuium
1610 969 1787 997 promeretur.
1806 966 1826 994 ῃ
1843 962 2003 987 desiderium
2021 963 2161 989 duicciiine
2179 963 2414 997 contemplationis
2440 965 2544 992 intima
2565 965 2630 992 reﬂ-

1000 1007 1076 1034 ‘tinde
1096 1012 1123 1034 et
1150 1015 1197 1041 per
1227 1006 1333 1033 Petrum
1366 1008 1485 1034 dicitur:
1505 1018 1512 1032 ‹
1537 1008 1588 1034 Vos
1615 1010 1678 1034 ustis
1704 1016 1786 1042 grtius

998 1054 1127 1085 electum,
1144 1054 1233 1089 regale
1256 1054 1446 1082 sacerdotium.
1462 1062 1526 1089 gens
1550 1060 1658 1087 SJlICtn,
1675 1056 1787 1090 populus

997 1098 1186 1134 acquisitionis
1204 1097 1229 1134 (1
1245 1097 1317 1125 Ρειτ.
1333 1098 1374 1134 ιι).
1391 1108 1401 1124 ι
1423 1098 1455 1126 Et
1469 1099 1496 1126 in
1521 1099 1682 1135 Apocalypsi
1705 1098 1786 1127 Joan-

997 1145 1040 1173 nis
1054 1154 1062 1172 :
1077 1154 1087 1171 ι
1106 1144 1208 1180 Dignus
1220 1151 1261 1177 es.
1279 1144 1391 1172 Domine
1403 1142 1485 1178 Deus.
1498 1145 1623 1180 accipere
1637 1145 1736 1173 librum
1759 1150 1787 1173 et

997 1189 1104 1225 aperire
1114 1188 1249 1225 signacula
1263 1188 1338 1224 eius;
1352 1189 1481 1224 quoniam
1496 1190 1604 1218 occisus
1616 1197 1656 1222 es.
1672 1194 1700 1217 et
1712 1191 1786 1218 redeo

998 1234 1070 1260 misti
1087 1233 1203 1260 nosDeo
1218 1233 1245 1260 in
1259 1233 1389 1268 sanguine
1418 1237 1464 1261 tuo
1487 1241 1522 1261 ex
1548 1233 1623 1261 omni
1651 1233 1732 1265 tribu.
1757 1238 1785 1261 et

995 1270 1140 1314 linguam
1162 1278 1271 1314 populo.
1286 1282 1314 1306 et
1338 1279 1463 1312 natione.
1486 1283 1515 1306 et
1541 1278 1628 1306 fecisti
1653 1286 1703 1306 nos
1730 1278 1786 1306 Deo

997 1329 1092 1353 nostro
1103 1323 1400 1359 regnumasqceers.
1410 1328 1439 1351 et
1448 1324 1621 1359 regnabimns
1635 1330 1717 1359 super
1730 1328 1785 1351 ter-

999 1380 1055 1400 ram
1069 1372 1161 1408 (Apoc.
1176 1372 1217 1405 v).
1235 1381 1245 1397 ι
1261 1370 1349 1407 Reges
1371 1371 1444 1399 enim
1468 1378 1517 1405 per
1538 1369 1640 1398 Christi
1667 1371 1784 1406 gratiam

996 1425 1102 1450 sumus,
1115 1417 1178 1451 quia
1202 1416 1295 1444 crucis
1315 1414 1443 1443 vexillum
1468 1415 1495 1442 in
1520 1414 1609 1442 fronte
1634 1419 1783 1450 portamus.

995 1463 1158 1491 Sacerdotes
1168 1466 1258 1489 antem
1270 1454 1332 1496 iure
1345 1460 1473 1492 dicimur.
1483 1460 1547 1495 quia
1562 1460 1650 1488 sancti
1667 1459 1785 1495 Spiritus

993 1508 1063 1540 oleo.
1082 1512 1112 1536 et
1130 1506 1286 1535 chrismatis
1300 1505 1428 1534 unctione
1440 1505 1559 1532 linimur.

1026 1555 1102 1583 inter
1120 1558 1216 1581 cuneta
1228 1556 1321 1580 autem
1332 1550 1412 1586 huius
1424 1550 1584 1578 veneranda
1604 1549 1783 1578 solemnitatis

993 1600 1120 1636 insignia.
1135 1598 1234 1626 fratres
1256 1597 1419 1629 clmvissirni.
1444 1596 1506 1624 illud
1534 1596 1616 1623 etiam
1646 1604 1699 1623 non
1724 1596 1782 1623 sine

1841 1012 1947 1033 ctuntur
1964 1008 1987 1033 in
2006 1014 2104 1033 int-nte.
2128 1007 2195 1034 Maia
2225 1015 2289 1043 ergo
2315 1009 2411 1043 punica
2433 1010 2527 1045 sponsi
2551 1010 2630 1039 vinea

1841 1054 1985 1085 germinat,
2000 1054 2060 1085 quia
2079 1053 2144 1079 tates
2165 1061 2261 1087 parcre
2289 1059 2383 1082 sancta
2409 1053 2531 1083 Ecclesia
2559 1063 2629 1084 nun-

1838 1104 1920 1132 quam
1937 1102 2038 1125 cessat.
2057 1097 2095 1125 De
2109 1098 2159 1126 hac
2171 1098 2266 1126 eadem
2283 1099 2361 1127 vinea
2375 1100 2403 1128 in
2427 1100 2531 1128 eisdem
2554 1096 2628 1129 Can-

1838 1142 1899 1169 ticis
1918 1148 2017 1177 sponsa
2030 1142 2064 1169 ad
2079 1149 2207 1177 sponsum
2228 1142 2465 1179 loquitur.diceas
2487 1154 2494 1173 :
2519 1154 2529 1171 ι
2551 1144 2631 1174 Iane

1837 1194 1982 1222 surgamus
2009 1188 2042 1215 ad
2063 1188 2186 1221 vineam.
2198 1188 2339 1217 videamus
2352 1189 2377 1218 si
2394 1189 2486 1218 ﬂoruit
2502 1191 2595 1225 vinea.
2607 1192 2629 1220 si

1836 1232 1919 1260 tiores
1931 1232 2037 1260 fructus
2048 1233 2218 1268 parturiunt;
2246 1234 2269 1262 si
2281 1233 2430 1263 ﬂoruerunt
2444 1235 2516 1263 mala
2529 1236 2629 1271 punica

1837 1276 1927 1312 (Cant.
1941 1278 2000 1312 vn).
2019 1288 2028 1303 ι
2046 1277 2132 1314 Hujus
2151 1278 2238 1307 vinea
2252 1279 2298 1307 ilic
2317 1280 2498 1308 vindemiator
2511 1281 2629 1315 exstitit.

1836 1322 1882 1358 qui
1907 1322 1934 1350 in
1957 1323 2083 1351 torculari
2107 1323 2243 1359 passionis
2266 1332 2322 1353 sua
2350 1332 2472 1360 pressus.
2497 1326 2630 1362 mysticus

1838 1367 1916 1395 nobis
1931 1367 2014 1394 divini
2027 1368 2126 1403 eloquii
2139 1375 2236 1397 sensus
2248 1369 2366 1404 aperuit.
2377 1374 2407 1398 et
2431 1371 2525 1398 vinum
2548 1371 2630 1400 nobis

1837 1414 1999 1450 evangelica
2014 1414 2107 1449 gratiae
2120 1415 2286 1450 propinavit.
2311 1415 2347 1443 De
2361 1422 2415 1451 quo
2425 1416 2552 1444 videlicet
2564 1417 2629 1445 vino

1837 1458 1864 1486 in
1874 1459 1977 1486 eisdem
1991 1459 2111 1487 Canticis
2122 1467 2228 1495 sponsa
2249 1467 2316 1488 voce
2334 1461 2368 1488 ad
2380 1468 2510 1497 sponsum
2527 1461 2628 1490 iter-uin

1836 1505 1938 1532 dicitur
1953 1514 1960 1532 :
1980 1513 1989 1531 ι
2004 1505 2103 1534 Guttur
2117 1510 2192 1534 tuum
2216 1506 2287 1534 sicut
2308 1507 2399 1534 vinum
2422 1508 2567 1542 optimum.
2584 1508 2628 1535 tti-

1835 1558 1917 1587 gnum
1932 1550 2031 1578 dilecto
2042 1559 2102 1579 meo
2111 1552 2145 1579 ad
2164 1552 2314 1587 potandum
2328 1552 2434 1588 (liii).
2457 1563 2467 1579 s

1870 1594 1947 1623 Hunc
1967 1595 2190 1623 vindemiatorth
2211 1601 2353 1624 cruentum
2375 1605 2423 1632 per
2438 1605 2547 1625 crucem
2563 1606 2628 1633 pas—

993 1644 1121 1681 proi’undi
1149 1651 1230 1671 causa
1262 1642 1384 1678 mysterii
1410 1641 1558 1677 contigisse
1584 1642 1724 1674 creditur;
1753 1646 1782 1668 ut
1795 1646 1818 1677 c
1834 1641 1919 1669 siouis
1933 1642 2064 1677 sanguine
2079 1642 2156 1677 longe
2174 1647 2238 1670 ante
2259 1642 2345 1670 Isaias
2364 1649 2550 1678 prospexerat.
2563 1652 2625 1672 eum

995 1691 1079 1718 Mater
1105 1689 1211 1717 Domini
1231 1688 1281 1716 sub
1296 1689 1353 1723 ipso
1368 1694 1436 1722 pene
1448 1687 1646 1715 vindemiarum
1660 1691 1782 1721 tempore

993 1740 1163 1764 nasceretur.
1188 1733 1267 1761 Nunc
1292 1733 1390 1768 quippe
1417 1732 1556 1760 vinearum
1581 1731 1706 1766 palmites
1722 1738 1782 1771 pro-

993 1787 1072 1809 ventu
1085 1781 1174 1809 ouusti
1185 1780 1319 1809 fructuum
1329 1780 1361 1806 ad
1371 1780 1424 1807 ima
1436 1778 1570 1810 deﬂuunt;
1586 1786 1658 1806 nunc
1670 1785 1781 1805 uvarum

995 1829 1065 1857 botri
1077 1828 1188 1864 gravida
1203 1827 1359 1854 maturitate
1371 1829 1544 1860 turgescunt;
1562 1832 1632 1852 nunc
1650 1824 1783 1860 agricola-

994 1882 1053 1901 rum
1067 1881 1143 1908 spes.
1156 1880 1215 1908 qua:
1230 1876 1286 1900 toto
1305 1872 1370 1899 anni
1395 1870 1499 1899 circulo
1524 1877 1654 1905 suspensa
1682 1869 1780 1901 fuerat.

995 1920 1093 1946 uberes
1109 1918 1238 1946 transacti
1249 1917 1349 1945 laboris~
1362 1924 1391 1944 se
1400 1923 1513 1951 carpere
1526 1915 1632 1943 fructus
1645 1914 1778 1947 exsultat;

994 1972 1066 1991 nunc
1086 1964 1197 1991 arbores
1214 1962 1363 1998 soporifera
1388 1961 1523 1990 fructuum
1546 1962 1681 1989 suavitate
1703 1960 1781 1987 redo-

994 2009 1059 2041 lent,
1076 2014 1104 2036 ut
1119 2016 1209 2043 poma.
1224 2016 1284 2043 quae
1297 2008 1446 2035 acerbitate
1457 2014 1506 2034 sua
1521 2006 1660 2034 hominum
1684 2010 1781 2038 gustus

993 2059 1231 2090 cxasperavcraul,
1255 2058 1332 2089 grata
1358 2053 1515 2080 maturitate
1541 2051 1705 2080 demulcent.
1727 2051 1781 2080 Sed

992 2108 1041 2135 per
1055 2100 1122 2131 hac,
1137 2107 1198 2136 qua:
1211 2098 1332 2127 exterius
1354 2098 1501 2129 cernimus,
1524 2097 1663 2125 reﬂectere
1684 2097 1780 2126 oculos

992 2147 1025 2174 :ul
1044 2146 1170 2174 interiora
1184 2143 1322 2173 debemus.
1340 2143 1424 2172 Vint-a
1435 2143 1534 2179 quippe
1551 2150 1686 2179 synagoga
1708 2147 1778 2175 erat.

992 2200 1052 2227 qua:
1067 2192 1134 2227 legis
1144 2196 1172 2219 et
1185 2190 1377 2225 prophetarum
1392 2190 1474 2221 dicta.
1487 2189 1566 2223 quasi
1587 2188 1719 2224 plantaria
1745 2188 1779 2216 ad

991 2235 1167 2272 proferendos
1181 2236 1285 2263 {mctus
1300 2239 1450 2270 acceperat.
1464 2234 1540 2263 Unde
1555 2239 1583 2262 et
1601 2242 1650 2269 per
1666 2235 1781 2269 propbe.

993 2288 1048 2310 tam
1066 2282 1165 2310 dicitur
1180 2289 1187 2309 :
1206 2290 1215 2307 ι
1233 2281 1316 2308 Vinea
1330 2286 1421 2308 autem
1436 2280 1567 2313 Sabaoth,
1581 2279 1679 2308 domus
1695 2279 1777 2307 Israel

991 2332 1032 2355 est
1046 2326 1114 2363 (lui.
1126 2326 1163 2363 ν).
1191 2337 1201 2353 ι
1216 2326 1250 2354 Et
1265 2326 1407 2354 Psalmista
1424 2333 1433 2353 :
1461 2335 1470 2352 ι
1491 2326 1613 2358 Vineam,
1629 2326 1726 2361 inquit,
1743 2334 1775 2353 ex

992 2372 1110 2408 θεωρία
1126 2373 1285 2401 transtulisti
1309 2372 1394 2408 (Paul.
1410 2371 1514 2407 usu).
1541 2381 1550 2398 ι
1582 2371 1659 2399 Sicut
1685 2376 1777 2401 autem

992 2418 1131 2445 vinearum
1153 2418 1256 2445 {ructus
1282 2422 1341 2444 toto
1364 2425 1435 2444 anno
1459 2421 1642 2452 exspectatur,
1667 2417 1694 2444 in
1719 2416 1778 2444 solo

993 2469 1059 2489 vero
1071 2466 1199 2490 autumno
1213 2462 1364 2497 colligitur;
1385 2462 1424 2490 sic
1444 2461 1585 2495 nimirum,
1596 2462 1636 2489 sic
1658 2461 1776 2489 Redem-

990 2513 1053 2543 ptor
1066 2511 1172 2540 noster.
1194 2515 1274 2543 quem
1298 2506 1342 2535 lex
1363 2507 1582 2542 prassignaverat.
1607 2514 1687 2542 quem
1713 2514 1777 2542 pro-

992 2554 1078 2589 phetae
1091 2553 1286 2588 praedixerant.
1302 2560 1382 2587 quem
1406 2553 1492 2579 sancti
1514 2559 1608 2580 omnes
1635 2552 1669 2579 ab
1692 2552 1778 2580 Adam

993 2607 1078 2634 usque
1098 2599 1132 2626 ad
1155 2604 1321 2627 transactam
1333 2599 1454 2633 quintam
1469 2602 1577 2625 aetatem
1590 2605 1697 2625 summo
1709 2598 1781 2626 desi-

993 2644 1068 2671 derio
1082 2648 1315 2678 exspectaverant,
1332 2645 1358 2671 in
1375 2644 1433 2671 solo
1446 2643 1538 2671 hiat-iac
1553 2648 1676 2679 tempore
1690 2645 1777 2678 venit;

992 2693 1019 2716 et
1034 2693 1098 2717 tunc
1111 2689 1187 2723 quasi
1201 2689 1294 2717 vinum
1307 2697 1340 2716 ex
1353 2689 1539 2724 spirituaiibus
1552 2688 1612 2716 uvis
1631 2689 1778 2723 expressit,

992 2735 1052 2769 quia
1064 2734 1194 2762 latentcs'
1205 2735 1373 2770 sustemphia
1387 2734 1778 2770 litteraemysticosintellectus

992 2781 1106 2815 aperuit.
1131 2779 1208 2808 Unde
1229 2785 1257 2809 et
1279 2788 1328 2815 per
1347 2780 1505 2816 Apostolum
1529 2779 1648 2807 dicitur:
1675 2789 1684 2806 ι
1711 2780 1779 2808 Cum

992 2830 1080 2852 autem
1107 2825 1180 2853 venit
1208 2825 1346 2860 plenitudo
1374 2824 1515 2860 temporis,
1542 2823 1615 2851 misit
1638 2824 1708 2852 Deus
1733 2825 1778 2852 Fi-

993 2870 1056 2897 lium
1077 2878 1156 2898 suum
1183 2871 1285 2900 factum
1313 2878 1345 2899 ex
1371 2866 1494 2905 muliere,
1521 2869 1620 2898 factum
1645 2871 1695 2898 sub
1720 2871 1779 2906 lege

995 2913 1064 2948 (Gal.
1082 2923 1126 2948 try.
1145 2926 1153 2941 ι

1833 1687 1992 1722 prophetico
2003 1687 2098 1722 plenus
2110 1688 2220 1723 spiritu.
2233 1689 2286 1715 sub
2300 1684 2510 1724 interrogatione
2525 1689 2626 1717 clama-

1832 1732 1879 1759 bat
1894 1741 1900 1758 :
1920 1741 1930 1757 ι
1951 1731 2018 1765 Quis
2031 1736 2072 1759 est
2085 1732 2147 1763 iste.
2160 1733 2205 1767 qui
2218 1733 2336 1761 venitde
2354 1733 2448 1766 Edoni.
2461 1734 2554 1762 tinctis
2577 1742 2625 1762 ve-

1833 1777 1920 1804 stibus
1935 1777 1968 1804 de
1979 1776 2084 1804 Bosra?
2102 1788 2111 1803 ι
2125 1778 2158 1805 Et
2172 1778 2252 1813 paulo
2263 1783 2342 1813 post:
2361 1789 2370 1805 I
2388 1779 2478 1813 Quare
2493 1787 2559 1815 ergo
2578 1788 2626 1807 rva-

1832 1822 1911 1850 brum
1926 1827 1967 1850 est
1981 1823 2166 1851 indumentum
2184 1829 2270 1856 tuum.
2286 1828 2313 1852 et
2333 1824 2523 1852 vestimentum
2547 1830 2624 1853 tuum

1832 1869 1902 1895 sicut
1915 1868 2078 1896 caicantinm
2087 1869 2113 1896 in
2125 1868 2272 1897 torculari?
2283 1879 2292 1894 ι
2306 1869 2373 1904 (Iro.
2386 1870 2625 1902 utn.)lndumeu-

1832 1920 1889 1941 tum
1902 1913 2001 1948 quippe
2016 1913 2118 1941 Christi
2133 1913 2198 1941 nihil
2213 1914 2350 1946 estaliud.
2365 1915 2416 1943 nisi
2431 1923 2530 1951 corpus
2549 1916 2623 1951 quod

1830 1960 1946 1993 sumpsit
1958 1967 1991 1986 es
2013 1959 2122 1986 domina
2145 1963 2173 1987 et
2199 1959 2304 1996 virgine
2326 1960 2420 1989 laris.
2448 1960 2504 1988 Nec
2530 1965 2622 1989 tamen

1831 2003 1903 2031 aliud
1916 2008 1958 2031 est
1970 2004 2161 2032 vestimentum
2181 2004 2250 2038 q'us.
2273 2010 2355 2040 atque
2375 2005 2441 2033 illud
2463 2006 2529 2041 ipse.
2552 2005 2622 2034 Nam

1831 2054 1954 2077 nostrum
1967 2057 2074 2085 quoque
2082 2050 2273 2078 vestimentum
2282 2058 2347 2078 caro
2354 2051 2463 2083 dicitur.
2471 2051 2518 2079 sed
2530 2056 2623 2080 tamen

1831 2095 1882 2130 ipsi
1896 2102 1946 2122 nos
1956 2102 2050 2122 smnus
2069 2102 2142 2126 caro.
2165 2103 2219 2130 qua
2239 2095 2378 2123 vestimur.
2400 2096 2438 2123 De
2469 2096 2520 2124 hoc
2540 2097 2623 2124 vcsti-

1830 2146 1923 2170 mento
1933 2149 1982 2177 per
1994 2141 2125 2169 Joannem
2139 2142 2240 2170 dicitur
2263 2151 2270 2170 :
2301 2151 2311 2168 ι
2340 2141 2461 2170 Habebat
2487 2143 2513 2170 in
2538 2143 2624 2171 vati-

1830 2196 1855 2214 m
1875 2193 1931 2219 nto.
1946 2188 2010 2214 etin
2025 2187 2129 2215 femore
2150 2195 2199 2215 suo
2222 2188 2365 2223 scriptum.
2393 2187 2450 2215 Rex
2476 2194 2624 2223 assitme!

1829 2231 1960 2272 Dominus
1984 2232 2180 2259 dominantium
2207 2233 2300 2268 (Apoc.
2317 2234 2384 2267 sta).
2416 2242 2426 2258 ι
2454 2228 2513 2260 Ρθιν¹
2532 2232 2623 2261 femur

1828 2277 1927 2312 quippe
1942 2277 2101 2312 propagatio
2111 2277 2203 2305 carnis
2215 2278 2254 2305 lit.
2268 2277 2318 2311 Qui
2340 2285 2405 2313 ergo
2428 2286 2476 2313 per
2497 2279 2623 2314 propagi-

1793 2315 1817 2345 D
1830 2330 1891 2350 nem
1903 2323 2010 2358 generis
2028 2323 2138 2350 humani
2159 2323 2185 2350 in
2198 2323 2327 2351 mundum
2340 2324 2412 2352 hunc
2425 2324 2499 2351 venit
2508 2332 2542 2351 ex
2559 2324 2622 2353 Tir-

1830 2368 1902 2404 gine.
1917 2372 1945 2395 et
1959 2375 2006 2403 per
2017 2367 2212 2396 incarnationis
2225 2376 2280 2397 sum
2296 2369 2464 2404 mysterium.
2479 2370 2542 2404 quia
2563 2369 2621 2398 Rex

1830 2418 1913 2447 esset,
1935 2419 1964 2441 et
1989 2414 2132 2445 Dominus.
2158 2415 2264 2443 cunctis
2283 2415 2408 2450 gentibus
2429 2415 2574 2447 indicavit.
2595 2418 2621 2444 ia

1829 2459 1989 2487 vestimento
2002 2464 2029 2487 et
2038 2460 2064 2487 in
2075 2459 2176 2488 femore
2193 2460 2322 2495 scriptum
2334 2460 2427 2488 habuit
2439 2470 2446 2488 :
2459 2461 2514 2488 ilex
2527 2469 2620 2497 regum

1830 2509 1857 2532 et
1871 2505 1999 2532 Dominus
2013 2505 2221 2533 dominantium.
2235 2505 2312 2546 Unde
2324 2506 2396 2533 enim
2419 2506 2522 2534 mundo
2543 2506 2624 2534 inno-

1832 2552 1894 2585 tuit.
1909 2552 1945 2580 ibi
1969 2554 2110 2581 scientiam
2139 2561 2194 2581 sua:
2217 2553 2367 2589 majestatis
2390 2555 2539 2590 inscripsit.
2566 2556 2623 2584 Hoc

1832 2604 1921 2627 autem
1936 2599 2122 2627 indumentum
2139 2600 2248 2627 rubrum
2265 2601 2402 2636 propheta
2415 2602 2550 2637 apparuit.
2559 2603 2622 2637 quia

1832 2643 1996 2678 Redemptor
2008 2649 2102 2672 noster
2118 2646 2256 2680 proprium
2269 2653 2318 2680 pro
2326 2646 2516 2680 redemptione
2528 2654 2620 2675 nostra

1830 2677 1989 2724 sanguinein
2005 2688 2083 2716 fudit.
2103 2677 2153 2717 cui
2168 2677 2231 2724 ipse
2254 2677 2393 2725 respondit
2416 2677 2429 2718 ς-
2453 2699 2463 2716 ι
2489 2690 2622 2719 Torcuiar

1831 2734 1935 2762 czilcavi
1957 2735 2042 2768 solus.
2055 2740 2081 2763 et
2096 2737 2130 2763 de
2154 2736 2280 2771 gentibus
2300 2745 2353 2765 non
2379 2743 2421 2766 est
2449 2738 2492 2766 vir
2514 2746 2621 2767 mecum

1831 2779 1899 2815 (Im.
1925 2781 2013 2813 LXIII).
2032 2791 2041 2807 ι
2067 2781 2147 2809 Solus
2162 2783 2234 2809 enim
2252 2782 2380 2815 torcular.
2393 2783 2419 2810 in
2432 2790 2487 2818 quo
2500 2785 2621 2812 alcatim

1830 2831 1881 2860 cst,
1894 2827 2023 2858 calcavit;
2040 2829 2102 2861 quia
2117 2835 2163 2854 sua
2176 2828 2295 2862 potentia
2308 2836 2468 2863 eam.quam
2480 2829 2618 2859 sustinuit.

1830 2871 1984 2907 passionem
2000 2872 2073 2899 vicit.
2089 2872 2154 2900 Nam
2170 2874 2215 2908 qui
2235 2881 2320 2909 usque
2334 2874 2367 2902 ad
2388 2877 2503 2902 mortem
2531 2875 2620 2903 crucis

1830 2918 1978 2952 patibulum
1994 2919 2112 2954 pertulit,
2130 2919 2162 2947 de
2177 2925 2264 2948 tttO'lc
2279 2920 2335 2956 ipsa
2349 2927 2411 2948 cum
2429 2919 2514 2957 gloria
2527 2927 2619 2948 resur-

2563 66 2703 109 ῖττπι
