5450 6400
875 380 979 439 757

874 499 1041 556 rexit.
1067 495 1213 550 Bene
1237 497 1422 546 autem
1452 484 1676 550 dicitur,

875 593 963 646 vir
985 601 1229 649 mecum;
1264 601 1282 635 ι
1313 579 1440 651 quia
1482 577 1541 641 ii,
1568 588 1668 646 pro
1694 571 1892 644 quibus
1925 566 2035 638 pati
2075 570 2324 626 venerat,
2353 572 2478 630 pas-

876 680 1050 738 sionis
1078 675 1196 746 ejus
1227 686 1350 728 esse
1389 667 1687 740 participes
1721 663 2018 718 debebant.
2070 655 2176 722 Qui
2229 667 2329 724 pro
2379 663 2475 714 eo,

875 774 1025 844 quod
1053 743 1283 825 necdum
1316 762 1689 820 crediderant.
1720 756 1786 810 de
1819 753 1951 823 ipsis
1985 751 2040 805 in
2067 743 2481 804 resurrectione

878 833 1509 934 conqueritur,qnorunt
1543 852 1655 906 vita
1682 849 1737 903 in
1765 846 1882 916 ejus
1907 851 2086 898 morte
2110 833 2480 909 quaerebatur.

880 959 1001 1028 Ipse
1047 955 1218 1011 etiam
1248 952 1377 1005 vitis
1416 947 1640 1008 dicitur,
1675 943 1821 997 sicut
1871 953 1969 1009 per
2012 931 2370 1000 semetipsum
2428 927 2482 981 in

881 1024 1175 1119 Evangelio
1204 1049 1440 1099 testatur
1473 1057 1484 1094 :
1523 1055 1542 1091 ι
1584 1036 1720 1106 Ego.
1753 1031 1952 1102 inquit,
1993 1041 2116 1083 sum
2146 1024 2276 1079 vitis
2327 1034 2483 1084 vera,

880 1153 938 1199 et
961 1141 1123 1197 Pater
1147 1153 1300 1193 meus
1325 1131 1564 1206 agricola
1596 1140 1678 1185 est
1711 1125 1895 1198 (Joan.
1922 1123 2014 1194 xv)
2047 1140 2096 1177 ,ι

960 1232 1086 1287 llaec
1115 1205 1762 1298 deniquesaeratissima
1795 1217 1920 1271 vitis
1949 1222 2123 1269 totum
2155 1224 2254 1281 per
2297 1205 2487 1262 orbem

884 1321 1051 1395 239
1079 1295 1356 1377 sarmenta
1391 1313 1644 1374 tetendit,
1675 1311 1804 1380 quia
1843 1308 2044 1377 ubique
2095 1303 2321 1359 dilatata
2374 1295 2489 1352 fru-

885 1417 1155 1480 ctificans,
1186 1410 1341 1483 quasi
1372 1418 1452 1463 tot
1489 1407 1746 1478 palmites
1775 1402 1946 1466 misit,
1980 1408 2115 1470 quot
2165 1397 2307 1449 intra
2358 1407 2489 1447 san-

887 1518 1032 1564 ctam
1061 1482 1365 1561 Ec'clesiam
1405 1508 1628 1555 sanctos
1652 1510 1750 1567 per
1774 1493 2004 1565 gratiam
2038 1504 2151 1546 suae
2181 1482 2491 1540 vocationis

886 1599 1067 1671 elegit.
1103 1594 1259 1653 Unde
1299 1593 1440 1647 idem
1487 1603 1704 1661 quoque
1754 1581 2078 1641 ineulcando
2139 1576 2421 1647 subjungit
2473 1592 2486 1628 :

893 1713 912 1745 ι
961 1665 1072 1763 ligo
1110 1704 1254 1753 sum,
1288 1685 1489 1756 inquit,
1519 1683 1668 1747 vitis,
1707 1694 1805 1735 vos
1831 1686 2014 1733 autem
2042 1672 2337 1745 palmites;
2397 1665 2490 1738 qui

890 1759 1077 1841 manet
1099 1781 1152 1836 in
1181 1793 1292 1841 me,
1323 1786 1379 1833 et
1408 1791 1509 1848 ego
1538 1775 1591 1828 in
1621 1788 1708 1838 eo,
1743 1771 1831 1826 hic
1861 1768 1966 1824 fert
1995 1766 2234 1820 fructum
2255 1759 2489 1816 multttm

891 1871 1105 1946 (ΗΜ).
1153 1889 1170 1922 ι
1228 1867 1386 1921 Hunc
1414 1865 1664 1920 eumdem
1701 1861 2058 1916 mediatorem
2091 1854 2189 1909 Dei
2231 1861 2286 1907 et
2315 1849 2494 1906 homi-

891 1943 1044 2027 num,
1069 1959 1347 2016 hominem
1370 1957 1648 2013 Christum
1676 1952 1886 2014 Iesum,
1913 1950 2104 2004 botrus
2129 1945 2218 2000 ille
2247 1943 2496 2014 signave-

894 2064 1002 2119 rat,
1068 2067 1229 2122 quem
1301 2049 1370 2105 de
1433 2059 1579 2104 terra
1623 2041 2060 2116 repromissionis
2121 2037 2496 2109 exploratores

893 2147 951 2202 in
990 2144 1257 2215 phalanga
1308 2143 1374 2196 ad
1403 2140 1543 2208 filios
1573 2138 1740 2194 lsrael
1773 2136 2091 2193 deferebant
2119 2129 2310 2196 (Num.
2347 2127 2494 2196 xm).

893 2239 1114 2295 Duobus
1141 2245 1322 2291 autem
1357 2232 1712 2303 portitoribus
1739 2230 1866 2285 hinc
1890 2227 2017 2283 inde
2061 2222 2378 2295 suppositis,
2411 2219 2497 2273 al-

895 2341 1016 2386 tero
1062 2328 1313 2385 videlicet
1359 2325 1728 2396 pcmredente,
1784 2321 1958 2375 altero
1987 2318 2373 2386 subsequente,
2401 2313 2498 2367 bo-

897 2429 984 2474 tru
1034 2421 1118 2473 sin
1168 2417 1346 2473 medio
1375 2416 1653 2470 ferebatur
1685 2454 1700 2478 ,
1742 2412 1867 2482 quia
1911 2410 2247 2477 Redemptor
2289 2413 2497 2466 noster,

896 2499 1022 2567 dum
1050 2526 1079 2564 a
1109 2510 1359 2580 patribus
1400 2505 1615 2561 Veteris
1664 2501 2000 2559 Testamenti
2063 2509 2332 2553 venturus
2379 2510 2501 2550 esse

896 2600 1235 2672 pmdicitur,
1266 2613 1295 2651 a
1325 2595 1459 2650 Novi
1490 2611 1620 2650 vero
1651 2592 2106 2664 praedicatoribus
2133 2588 2246 2657 jam
2284 2587 2501 2642 venisse

899 2690 1202 2752 nuntiatur,
1235 2686 1392 2756 quasi
1423 2687 1615 2740 botrus
1647 2684 1699 2738 in
1730 2681 2000 2752 phalanga
2041 2679 2308 2740 defertur,
2342 2685 2400 2730 ιιι
2432 2674 2502 2728 ad

899 2781 1288 2850 capessendam
1321 2790 1575 2846 superna!
1608 2772 2054 2844 repromissionis
2105 2781 2306 2824 terram
2347 2781 2503 2821 mens

841 2940 846 2945 _
900 2872 1140 2929 fidelium
1171 2871 1521 2926 accendatur.
1553 2866 1829 2935 Phalanga
1861 2865 2060 2935 quippe
2097 2862 2277 2917 delata
2313 2861 2504 2914 hume-

901 2968 978 3021 ris
1015 2964 1365 3036 portitorum,
1398 2961 1582 3016 divina
1628 2959 1714 3015 lex
1764 2967 1848 3012 est
1891 2957 2144 3026 imposita
2197 2952 2504 3008 Cervicibus

899 3058 1201 3112 hominum.
1233 3053 1401 3123 Cujus
1435 3061 1622 3123 partes
1676 3052 1868 3106 botrns
1921 3048 2010 3105 ille
2063 3047 2276 3101 medius
2329 3043 2504 3098 conti-

900 3147 1246 3215 unavit,quia
1271 3145 1527 3200 Salvator
1555 3142 1868 3218 ιιοδιετηῳιι
1896 3138 2022 3195 fecit
2042 3148 2276 3208 utraque
2300 3150 2466 3190 unum
2486 3174 2500 3198 ,

895 3253 1021 3297 cum
1058 3238 1373 3310 evangelica
1406 3235 1656 3291 doctrina
1683 3234 1818 3306 legis
1844 3241 1898 3288 et
1925 3231 2318 3301 prophetarum
2348 3242 2502 3282 man-

898 3332 1026 3387 data
1057 3329 1361 3398 conjunxit.
1398 3327 1503 3383 Sed
1532 3328 1621 3397 qtti
1665 3326 2030 3397 praecedebat,
2063 3322 2208 3393 quod
2263 3319 2505 3375 humeris

901 3421 1168 3492 portabat,
1200 3421 1375 3475 oculis
1399 3434 1502 3474 non
1531 3418 1782 3482 videbat;
1810 3416 1900 3486 qui
1931 3424 2111 3469 autem
2142 3413 2500 3482 sequebatur,

899 3528 1038 3567 onus
1079 3528 1237 3568 suum
1271 3526 1488 3578 semper
1517 3509 1853 3564 intuebatur.
1888 3506 1992 3562 Per
2025 3507 2175 3560 illum
2221 3519 2378 3575 ergo,
2411 3503 2504 3573 qui

898 3605 1272 3677 prmcedehat,
1307 3605 1535 3676 populus
1563 3604 1905 3666 Jndrcorutn;
1937 3618 2033 3673 per
2063 3601 2210 3655 illum
2241 3615 2389 3663 vero,
2411 3599 2504 3670 qui

898 3699 1246 3769 sequebatur,
1302 3712 1410 3754 non
1475 3696 1772 3766 incongrue
1833 3694 2152 3764 designatur
2211 3691 2506 3747 multitudo

899 3791 1163 3861 gentium.
1210 3789 1302 3844 llle
1351 3788 1496 3842 enim
1547 3803 1645 3857 per
1701 3801 1872 3840 sacra:
1925 3786 2225 3854 Scriptura:
2281 3783 2507 3854 paginas

900 3881 1059 3949 quasi
1092 3880 1146 3933 in
1178 3879 1422 3933 humeris
1453 3877 1732 3932 Christum
1771 3877 2038 3946 portavit;
2086 3875 2181 3928 sed
2211 3874 2337 3943 quia
2368 3889 2506 3944 pra:-

900 3978 1110 4024 sentem
1142 3969 1195 4023 in
1229 3983 1411 4030 carne,
1447 3967 1778 4038 impediente
1808 3967 2150 4022 infidelitatis
2202 3981 2315 4022 suae
2370 3966 2506 4020 cali-

897 4061 1046 4131 gine,
1113 4074 1218 4115 non
1275 4059 1551 4128 cognovit,
1603 4058 1825 4112 dorsum
1880 4058 1929 4112 ei
1984 4058 2392 4128 quodammodo
2449 4058 2505 4112 in

899 4148 1096 4204 faciem
1129 4151 1297 4206 misit.
1328 4150 1433 4205 Isle
1463 4164 1617 4214 vero,
1651 4150 1744 4219 qui
1777 4151 2048 4220 sequitur,
2082 4151 2312 4217 aspicit;
2375 4151 2505 4219 quia

900 4240 1119 4310 gentilis
1149 4240 1380 4311 populus
1411 4240 1838 4311 Redemptorem
1865 4257 2045 4307 suum,
2081 4242 2134 4296 iit
2166 4258 2331 4313 quem
2377 4241 2508 4298 lide-

798 4363 804 4368 ρ
898 4329 1025 4384 liter
1050 4331 1245 4394 credit,
1278 4329 1564 4386 manifeste
1594 4333 1901 4402 cognoscit.

976 4419 1160 4475 Potest
1191 4422 1353 4476 etiam
1389 4437 1486 4492 per
1517 4424 1960 4491 repromissionis
1997 4433 2199 4479 terram
2260 4442 2366 4480 non
2417 4427 2504 4481 iu-

898 4523 1139 4575 congrue
1199 4511 1374 4581 ipsuut
1434 4513 1764 4568 beatissima:
1806 4513 1901 4569 Dei
1960 4514 2255 4571 Geuitricis
2307 4533 2507 4586 corpus

900 4598 1156 4672 intelligi,
1184 4617 1247 4655 ex
1279 4617 1387 4671 quo
1432 4603 1764 4674 Redemptor
1798 4617 1986 4661 noster
2014 4608 2163 4662 velut
2211 4609 2507 4680 singularis

897 4689 1092 4746 botrus
1121 4691 1291 4745 voluit
1321 4693 1637 4748 lmntanitus
1659 4697 1978 4766 germinari.
2005 4696 2169 4754 Juxta
2194 4699 2342 4765 illud,
2362 4702 2506 4768 quod

896 4786 1163 4856 scriptum
1200 4798 1278 4844 est
1323 4808 1337 4844 :
1375 4809 1393 4842 ι
1434 4789 1651 4847 Veritas
1681 4794 1751 4847 de
1804 4801 1948 4848 terra
2005 4804 2126 4850 orta
2183 4807 2264 4850 est
2326 4795 2502 4867 (l’sal.

897 4882 1146 4949 untv).
1189 4898 1207 4930 ι
1245 4878 1314 4934 Ει
1345 4880 1483 4936 bene
1513 4897 1644 4936 caro
1689 4883 2022 4939 beatissima:
2066 4883 2306 4955 Virginis
2360 4896 2506 4940 terra

898 4969 1342 5037 repromissionis
1370 4981 1455 5026 est
1499 4973 1666 5038 dicta,
1699 4987 1821 5044 qua:
1859 4974 2020 5046 longe
2074 4987 2200 5030 ante
2259 4978 2506 5046 paritura

899 5059 1236 5116 Salvatorem
1268 5065 1455 5118 mundi
1491 5080 1519 5118 a
1548 5066 1827 5136 prophetis
1867 5066 2221 5122 multifariam
2263 5078 2349 5123 est
2377 5084 2506 5140 pro-

898 5154 1088 5210 missa.
1122 5155 1253 5223 Quae
1289 5173 1419 5212 vere
1453 5158 1536 5214 lac
1586 5170 1640 5214 et
1672 5160 1778 5214 mel
1810 5162 2091 5228 manavit;
2147 5162 2276 5215 dum
2311 5163 2503 5226 Deum,

900 5255 958 5301 et
989 5248 1260 5303 hominem
1291 5249 1616 5304 intemerata
1661 5251 1975 5322 virginitate
2024 5253 2292 5322 profudit.
2352 5253 2506 5310 Unde

898 5342 956 5390 et
985 5350 1080 5404 per
1103 5337 1298 5391 Isaiam
1325 5339 1524 5393 dicitur
1558 5356 1571 5394 :
1630 5357 1645 5392 t
1696 5339 1832 5395 Ecce
1864 5343 2017 5413 virgo
2044 5342 2098 5396 in
2127 5352 2282 5397 utero
2313 5343 2502 5398 conci-

901 5425 1034 5496 piet,
1062 5435 1120 5482 et
1154 5429 1332 5498 pariet
1363 5428 1552 5494 filium,
1585 5442 1638 5484 et
1675 5432 1962 5487 vocabitur
1992 5449 2188 5488 nomen
2221 5433 2337 5503 ejus
2383 5434 2505 5490 Ent-

901 5521 1154 5586 manuel;
1186 5523 1440 5592 butyrum
1472 5534 1527 5578 et
1577 5525 1681 5580 mel
1706 5572 1708 5575 .
1730 5527 1996 5586 comedet.
2034 5537 2092 5582 ut
2123 5529 2265 5584 sciat
2318 5546 2505 5599 repro—

898 5614 1034 5669 hare
1063 5615 1263 5669 malum
1295 5628 1348 5670 et
1375 5618 1574 5688 eligere
1624 5622 1823 5674 bonum
1877 5620 2012 5690 (lita.
2062 5622 2182 5690 vti).
2226 5642 2243 5675 ι
2308 5622 2504 5678 Merito

899 5719 1031 5777 ergo
1057 5706 1213 5760 beata
1242 5707 1396 5779 virgo
1427 5709 1597 5765 Maria
1630 5712 1732 5766 sub
1762 5713 1877 5781 ipso
1905 5713 2309 5769 vindemiarum
2363 5726 2503 5771 tem-

897 5813 1035 5870 pore
1062 5797 1329 5866 nascitur,
1363 5808 1422 5856 ut
1465 5800 1576 5872 jam
1623 5818 1775 5860 nom
1823 5805 2013 5876 gratiae
2051 5815 2294 5864 mustum
2323 5808 2404 5866 sic
2435 5821 2502 5866 ex

2323 345 2560 405 SEBMO
2599 338 2782 400 XLVI.

1716 501 1734 534 ι
1770 487 1825 534 et
1857 478 1927 534 de
1957 474 2212 545 gentibus
2252 484 2361 525 non
2389 474 2475 522 est
2502 471 2551 527 Α
2579 457 2752 515 variis
2777 466 2949 512 sacrm
2983 447 3286 518 Scriptura:
3314 436 3810 545 setitetttiis,‘veiut
3838 447 3906 488 ex
3959 426 4199 545 diversi:

2523 1830 2569 1891 Β

2530 3198 2575 3260 C

2539 4565 2585 4624 D

4087 311 4194 369 756

2584 565 2810 606 uvarum
2880 542 3141 600 folliculis
3202 537 3572 609 exprimatur.
3639 528 3835 587 Merito
3900 521 4203 581 autumnali

2583 653 2829 711 tempore
2858 639 3125 695 nascitur,
3161 630 3380 700 ntjam,
3413 627 3563 682 velut
3612 624 3668 678 in
3722 629 3989 675 autumno
4035 613 4208 670 totius

2585 733 2766 790 seculi
2799 731 3010 785 fructus
3047 722 3417 797 spiritualium
3450 719 3710 774 arborum
3754 710 4098 766 comedatur.
4144 701 4204 760 In

2585 822 2925 895 plenitudine
2961 795 3225 887 temporis
3251 811 3421 876 venit,
3455 823 3577 878 qua:
3621 803 3797 876 gratia
3846 799 4005 871 plena
4049 795 4151 850 fuit
4192 811 4204 847 :

2593 890 2612 971 ὲ
2645 918 2780 981 Ave,
2822 933 2840 966 ι
2870 911 3050 982 inquit
3076 905 3328 979 angelus,
3355 923 3372 955 ι
3411 899 3586 974 gratia
3620 897 3802 968 plena,
3833 890 4101 948 Dominus
4134 894 4210 940 te-

2588 1025 2736 1072 cum,
2771 1005 3057 1062 benedicta
3087 1011 3146 1057 tu
3180 1000 3234 1054 in
3269 993 3595 1052 mulieribus
3636 989 3786 1059 (Luc.
3828 985 3889 1057 ι).
3941 1003 3961 1036 ι

2661 1104 2706 1160 0
2735 1103 2913 1165 dulce,
2945 1115 2976 1154 ο
3005 1092 3330 1152 admirabile
3365 1087 3642 1145 nuntium.
3672 1099 3704 1136 o
3735 1094 3935 1136 novum
3966 1083 4022 1132 et
4053 1075 4213 1130 inau-

2591 1196 2761 1252 ditum
2794 1190 3055 1262 angelicae
3086 1179 3438 1241 salutationis
3475 1171 3821 1244 obsequium!
3860 1167 4084 1223 Plenam
4120 1177 4215 1232 ap-

2595 1288 2760 1360 pellat
2790 1284 2990 1355 gratia,
3022 1280 3149 1349 quia
3199 1276 3316 1345 ipse
3372 1273 3424 1325 in
3481 1283 3605 1323 eam
3666 1257 4063 1322 descendebat,
4117 1270 4218 1326 per

2592 1393 2755 1452 quem
2788 1377 2938 1430 ontni
2972 1373 3176 1428 mundo
3201 1368 3395 1423 collata
3450 1373 3532 1419 est
3587 1359 3784 1431 gratia.
3845 1375 3863 1406 ι
3928 1351 4214 1412 Dominus,

2596 1441 2799 1545 inquit,
2824 1483 3040 1533 tecum;
3083 1486 3101 1517 ι
3155 1463 3285 1534 quia
3331 1460 3420 1514 ille
3453 1457 3506 1512 itt
3539 1465 3592 1510 te
3624 1461 3728 1517 est,
3760 1449 3851 1520 qui
3887 1446 4051 1502 talem
4087 1441 4222 1499 fecit

2596 1535 2842 1634 te,‘utet
2883 1564 3000 1633 ipse
3035 1559 3191 1614 fieret
3220 1571 3288 1611 es
3320 1550 3488 1626 240
3519 1558 3590 1604 te.
3648 1567 3665 1598 ι
3702 1540 4009 1634 Benedicta
4053 1547 4110 1634 tu
4163 1535 4220 1634 in

2596 1627 2942 1715 mulieribus.
2981 1673 3000 1706 ι
3065 1651 3172 1706 Per
3228 1646 3520 1702 mulierem
3569 1637 3748 1695 infusa
3786 1641 3871 1689 est
3903 1627 4220 1686 maledictio

2601 1764 2783 1816 terrae,
2809 1764 2909 1820 per
2945 1744 3234 1801 mulierem
3275 1736 3525 1794 redditur
3558 1726 3868 1797 benedictio
3899 1732 4081 1778 terrae.
4113 1718 4222 1774 Per

2597 1813 3007 1914 Cujus-manum
3037 1843 3200 1906 potus
3245 1827 3441 1885 mortis
3497 1835 3700 1878 amara:
3754 1813 4102 1914 porrigitur:
4124 1823 4223 1880 per

2600 1900 2723 1988 eain
2753 1943 2972 2002 quoque
3003 1924 3180 1982 dulcis
3209 1921 3335 1976 vitze
3385 1915 3645 1988 poculum
3702 1907 4016 1965 exhibetur.
4079 1900 4225 1958 Lar-

2599 1996 2899 2099 gissimum—
2929 2013 3336 2076 benedictionis
3365 2025 3520 2066 novae
3543 2007 3809 2062 fluentum
3840 2009 4014 2055 totum
4044 1996 4226 2052 deter-

2602 2086 2695 2182 sit,
2729 2110 3133 2170 maledictionis
3164 2106 3410 2176 antiquae
3440 2097 3781 2168 contagium.
3822 2090 3929 2146 Sed
3976 2087 4109 2159 quid
4145 2086 4217 2141 ad

2603 2180 2721 2265 ltzec
2757 2205 2966 2262 Maria?
3020 2199 3273 2271 Nunquid
3327 2195 3512 2250 delato
3571 2190 3674 2246 sibi
3715 2185 3936 2243 coalitus
3993 2180 4212 2246 nutttio,

2604 2304 2659 2358 in
2691 2300 3072 2357 immoderata:
3116 2309 3176 2349 se
3228 2290 3434 2346 laetitiae
3486 2287 3657 2341 risum
3715 2278 3916 2337 solvit?
3971 2273 4228 2345 Nunquid

2604 2397 2658 2452 in
2691 2391 2966 2464 superbia:
2998 2387 3201 2443 fastum
3243 2382 3518 2439 cervicem
3557 2375 3757 2432 mentis
3791 2369 4008 2428 erexit?
4065 2365 4218 2422 Nun-

2603 2488 2731 2557 quid
2763 2460 2898 2546 non,
2932 2491 3226 2549 antequam
3279 2472 3657 2544 responderet,
3722 2468 3900 2537 ipsum
3955 2460 4220 2533 angelica:

2605 2550 2956 2634 salutationis
2986 2572 3203 2642 pondus
3229 2567 3429 2622 librata
3482 2562 3685 2617 mentis
3741 2558 3898 2614 lance
3945 2550 4232 2626 pensavit!

2605 2671 2694 2726 Ait
2723 2671 2869 2724 enim
2900 2664 3240 2737 evangelista
3269 2679 3280 2715 :
3323 2683 3338 2712 ι
3378 2659 3511 2727 Qua:
3544 2673 3670 2738 cupi
3699 2652 3978 2717 audisset,
4009 2648 4230 2704 turbata

2605 2770 2690 2817 est
2721 2760 2774 2814 in
2807 2771 3064 2813 sermone
3095 2753 3236 2823 ejus,
3271 2760 3326 2807 et
3356 2748 3636 2821 cogitabat
3690 2742 3872 2815 qualis
3927 2747 4076 2796 e:set
4125 2739 4228 2795 ista

2606 2851 2866 2908 Salutatio
2899 2848 3052 2920 (Luc.
3086 2847 3150 2917 ι).
3194 2865 3212 2898 ι
3250 2842 3353 2900 Ubi
3399 2850 3527 2896 sunt
3578 2838 3703 2904 illm,
3730 2851 3854 2907 qua:
3884 2833 4099 2897 dicunt,
4127 2846 4230 2903 ego

2606 2961 2727 3000 sum
2768 2945 2943 3015 virgo,
2972 2956 3075 3012 ego
3102 2954 3224 2996 sum
3259 2935 3450 3005 virgo?
3510 2931 3790 2994 Verbosze,
3841 2926 4227 2988 contentiosa,

2606 3046 2997 3107 suspectuosat,
3028 3031 3406 3105 superfluosm,
3426 3037 3581 3084 veste
3613 3023 3951 3096 compositat,
3985 3021 4234 3076 moribus

2607 3129 2924 3199 dissipatae?
2982 3128 3092 3198 Ego
3141 3141 3261 3180 sum
3318 3123 3507 3193 virgo;
3564 3122 3753 3175 nescio
3814 3117 3962 3173 enim
4013 3115 4234 3178 virum,

2609 3221 2803 3290 ignoro
2835 3217 3171 3288 conjugium.
3207 3216 3252 3272 Ο
3290 3215 3477 3283 virgo,
3533 3225 3700 3282 quam
3753 3207 3880 3263 felix
3944 3221 4122 3270 esses.
4181 3206 4230 3261 si

2607 3311 2752 3380 quod
2784 3309 2955 3365 habes
2981 3309 3034 3363 in
3070 3323 3261 3372 carne,
3296 3301 3554 3361 servares
3590 3303 3643 3356 in
3682 3309 3885 3365 mente,
3919 3297 4232 3355 custodires

2607 3403 2662 3458 in
2696 3403 2934 3458 actione!
2997 3400 3138 3468 Quid
3195 3399 3342 3454 enim
3388 3398 3640 3470 prodest,
3664 3394 3836 3450 solius
3867 3393 4056 3448 carnis
4087 3393 4234 3447 inte-

2607 3495 2864 3566 gritatem
2898 3507 3145 3556 servare,
3175 3501 3232 3548 et
3259 3491 3630 3561 malignorum
3681 3485 3977 3557 spirituum
4026 3484 4234 3553 stupris

2609 3588 2812 3643 utentis
2841 3586 3104 3642 interiora
3143 3582 3544 3654 corrumpere?
3599 3579 3741 3648 Quid
3770 3579 3929 3649 juvat
3963 3576 4234 3648 virginem

2607 3693 2749 3742 esse,
2793 3689 2849 3734 et
2878 3678 3228 3745 exigentibus
3281 3676 3563 3730 actionum
3620 3671 3834 3727 meritis
3875 3683 4231 3740 nequaquam

2608 3771 2675 3824 ad
2717 3769 3039 3840 virginalem
3078 3767 3368 3840 praemium
3425 3762 3751 3836 pervenire?
3812 3760 3980 3832 Virgo
4032 3775 4227 3822 carne,

2609 3879 2717 3919 non
2745 3863 2952 3926 animo,
2982 3859 3321 3932 virginitatis
3353 3858 3581 3929 pnemio
3621 3872 3728 3911 non
3782 3855 4008 3926 potitur.
4066 3852 4228 3907 Aliud

2609 3955 2812 4026 quippe
2840 3967 2925 4011 est
2954 3954 3319 4009 tcntationnnt
3354 3951 3572 4005 fortiter
3613 3947 3892 4003 illecebris
3932 3946 4233 4008 contraire,

2610 4049 2756 4104 aliud
2788 4049 2995 4103 eisdem
3023 4045 3221 4102 blande
3249 4043 3639 4113 irrepentibus,
3668 4051 3725 4096 et
3756 4041 3801 4096 si
3834 4056 3942 4096 non
3973 4052 4232 4112 corpore,

2612 4152 2796 4198 mente
2830 4151 3011 4195 tamen
3043 4139 3324 4194 enerviter
3352 4136 3570 4191 cedere.

2684 4236 2800 4291 Non
2829 4250 2960 4304 ergo
2989 4233 3248 4302 cuiquam
3282 4228 3483 4285 sufficit
3524 4228 3592 4282 ad
3624 4225 3960 4296 capessenda
4006 4225 4237 4294 ιιι-ωιιιὶιι

2612 4326 2762 4382 solus
2786 4326 2960 4396 pudor
2988 4323 3290 4394 virgineus,
3321 4321 3425 4375 nisi
3455 4331 3512 4374 et
3541 4318 3664 4373 aliis
3693 4317 3858 4372 fuerit
3891 4317 4098 4371 ditatus
4124 4316 4233 4371 vir-

2615 4419 2843 4474 tutibus.
2877 4417 3073 4473 Joanni
3103 4417 3309 4487 quippe
3343 4415 3398 4470 iit
3449 4412 3784 4484 Apocalypsi
3837 4427 3932 4481 per
3981 4411 4234 4482 angelum

2614 4512 2815 4566 dicitur
2847 4530 2858 4564 :
2897 4529 2913 4561 ι
2952 4510 3016 4564 lli
3050 4519 3205 4573 sunt,
3239 4508 3332 4577 qui
3380 4523 3505 4560 etim
3570 4504 3894 4559 mulieribus
3947 4520 4056 4558 non
4108 4511 4237 4558 sunt

2614 4604 2973 4673 coinquinati.
2993 4600 3247 4671 Virgines
3270 4600 3419 4655 enim
3443 4607 3596 4664 sunt,
3613 4611 3668 4651 et
3695 4605 4003 4667 sequuntur
4019 4596 4237 4667 Agnum

2613 4710 2943 4765 quocunque
2976 4693 3102 4748 ierit
3134 4693 3324 4763 (Apoc.
3359 4693 3495 4761 XIV).
3533 4710 3552 4744 ι
3587 4691 3776 4760 Agnus
3823 4691 3971 4745 enim
4020 4698 4228 4751 noster,

2615 4787 2702 4842 ille
2730 4787 3010 4852 videlicet,
3045 4786 3135 4855 qui
3185 4785 3324 4840 tollit
3376 4793 3603 4855 peccata
3659 4783 3871 4848 mundi,
3902 4783 4233 4838 charitatem

2616 4880 2826 4943 habuit,
2860 4879 2987 4948 quia
3023 4894 3123 4948 pro
3153 4878 3333 4932 salute
3366 4875 3652 4931 hominum
3687 4874 3970 4945 propriutn
4013 4875 4234 4945 sangui-

2613 4986 2737 5026 nem
2774 4971 2933 5027 fudit.
2963 4970 3154 5026 Gratia
3209 4969 3540 5025 humilitatis
3581 4968 3834 5030 cmicttit,
3867 4967 3997 5038 quia
4049 4969 4233 5022 humi-

2617 5062 2768 5117 liavit
2797 5063 3153 5133 semetipsum
3189 5077 3362 5132 usque
3396 5066 3464 5116 ad
3496 5069 3750 5126 mortem,
3784 5071 4016 5115 mortem
4047 5068 4233 5118 autem

2617 5159 2814 5214 crucis.
2855 5157 3181 5212 Patientiam
3238 5157 3502 5223 servavit,
3536 5156 3664 5226 quia
3719 5171 3842 5210 cum
3878 5155 4236 5211 maledicere-

2617 5259 2726 5314 tur,
2753 5266 2861 5305 non
2894 5249 3290 5314 maledicebat;
3343 5264 3468 5304 cum
3515 5256 3828 5318 pateretur,
3860 5264 3969 5302 non
4000 5247 4233 5303 commi-

2617 5342 2870 5396 nabatur.
2920 5341 3205 5396 Mundante
3256 5341 3542 5411 dignitatis
3598 5341 3946 5395 altitudinem
4000 5341 4230 5411 Sprevit,

2619 5435 2770 5506 quia,
2804 5435 2946 5490 sicut
2977 5450 3076 5504 per
3105 5433 3372 5488 Joannem
3401 5433 3623 5498 dicitur,
3664 5450 3789 5489 cum
3825 5433 4024 5488 vellent
4075 5434 4229 5489 illum

2616 5541 2798 5596 regem
2823 5526 3179 5588 constituere,
3211 5525 3410 5577 montis
3435 5523 3723 5578 latibulum
3749 5526 3905 5596 petiit.
3929 5523 4114 5594 (Joan.
4129 5529 4228 5595 vt).

2617 5618 2873 5675 Inimicos
2920 5620 3152 5684 dilexit,
3209 5635 3307 5688 pro
3360 5619 3560 5687 quibus
3608 5622 3747 5673 etin
3806 5634 3971 5674 cruce
4016 5618 4231 5688 positus

2615 5715 2880 5776 exoravit,
2902 5714 3090 5768 dicens
3119 5729 3131 5767 :
3171 5713 3388 5777 (Pater,
3423 5715 3644 5783 ignosce
3672 5713 3797 5776 illis,
3819 5714 3948 5784 quia
3975 5714 4234 5771 nesciunt

2617 5807 2746 5878 qttid
2773 5806 2981 5864 faciunt
3013 5804 3162 5866 (Luc.
3203 5808 3381 5877 uiti).
3421 5827 3436 5859 ι
3477 5807 3566 5862 Ille
3597 5810 3778 5879 itaque
3830 5811 4042 5876 Agnum
4089 5825 4226 5880 quo-
