4300 6372
811 358 912 413 759

1388 360 1445 418 S.
1477 361 1679 421 PETRI
1718 362 1999 419 DAMIANI
2039 363 2191 422 OPP.
2233 367 2413 424 PARS
2452 366 2580 423 SEU
2623 365 2862 423 τοιιυε
2900 367 2963 422 ll.
3006 398 3074 408 --
3113 369 3506 429 SERMONES.

3987 373 4099 433 700

808 483 1022 540 cunque
1044 473 1170 527 ierit
1199 474 1468 540 sequitur,
1496 475 1588 543 qui
1620 490 1726 530 non
1751 475 1867 531 sola
1912 477 2230 547 virginitate
2273 478 2393 547 ejus
2419 485 2472 544 Α
2503 496 2520 530 ι
2554 479 2692 535 Ecce
2713 479 2908 534 ancilla
2944 481 3175 543 Domini,
3203 481 3297 537 liat
3328 483 3460 538 mihi
3503 483 3806 538 secundum
3859 489 4091 544 verba

806 562 1079 632 vestigia,‘
1095 563 1189 618 sed
1220 578 1316 626 per
1335 581 1525 620 omnes
1546 582 1761 638 quoque
1789 569 2048 625 virtutum
2075 573 2316 637 semitas,
2339 575 2389 628 in

804 663 1064 722 quantum
1089 659 1365 723 praevalet,
1395 657 1655 712 imitatur.
1688 659 1780 716 Ille
1805 662 2019 732 Agnum
2051 664 2298 723 sequitur
2337 665 2389 718 iu

805 745 1171 812 perventionis
1215 749 1421 816 requie,
1448 751 1541 818 qui
1573 749 1724 804 illum
1753 752 1955 807 imitari
1980 755 2189 810 studuit
2221 755 2274 809 in
2308 756 2391 810 iti-

802 834 947 886 neris
978 835 1326 891 adversitate.

875 919 982 978 Sed
1012 925 1330 993 plerumque
1368 930 1784 984 conversatione
1813 931 2227 1001 conjugatorum
2277 935 2388 988 vita

800 1013 1151 1070 confunditur
1183 1019 1469 1087 virginum.
1506 1037 1630 1075 cum
1657 1032 1711 1076 et
1743 1023 1818 1076 illi
1849 1023 1989 1078 ultra
2023 1025 2266 1080 habitum
2303 1043 2390 1083 as-

796 1117 1020 1160 sumunt
1067 1121 1256 1177 Opera,
1280 1119 1334 1162 et
1375 1111 1464 1165 isti
1498 1110 1655 1180 juxta
1696 1114 1940 1168 ordinem
1970 1118 2246 1185 proprium
2279 1133 2386 1172 non

795 1195 1042 1250 excitant
1066 1199 1252 1251 corda.
1311 1197 1465 1254 Unde
1509 1211 1563 1254 et
1617 1217 1712 1270 per
1758 1204 2078 1272 prophetam
2131 1208 2382 1260 dicitur:

803 1305 820 1334 ι
869 1285 1161 1351 Erubesce,
1195 1287 1386 1356 Sidon,
1435 1290 1513 1344 ait
1564 1305 1716 1344 mare
1744 1292 1882 1362 (Ita.
1935 1295 2086 1363 xxv).
2144 1315 2161 1346 ι
2218 1296 2384 1362 Quasi

793 1373 936 1426 enim
967 1391 1064 1442 per
1088 1390 1274 1431 vocem
1307 1379 1473 1435 maris
1505 1383 1574 1435 ad
1603 1385 1984 1438 verecundiam
2021 1385 2185 1440 Sidon
2218 1388 2386 1442 addu-

794 1465 956 1526 citur,
991 1469 1209 1535 quando
1240 1484 1336 1536 per
1363 1473 1827 1540 comparationem
1864 1475 1987 1529 vitm
2016 1477 2383 1542 saecularium,

793 1565 954 1624 atque
985 1557 1038 1610 in
1070 1558 1172 1612 hoc
1204 1560 1405 1615 mundo
1428 1562 1832 1629 ﬂuctuantium,
1857 1566 1975 1640 ejus
2001 1567 2094 1637 qui
2121 1568 2381 1632 munitus,

793 1655 847 1698 et
890 1648 1042 1716 quasi
1094 1651 1307 1706 stabilis
1353 1655 1618 1721 cernitur,
1666 1655 1774 1708 vita
1833 1659 2174 1726 reprobatur.
2229 1658 2383 1728 S:epe

793 1736 936 1790 enim
969 1740 1208 1795 nonnulli
1239 1742 1306 1794 ad
1337 1741 1624 1798 Dominum
1651 1756 1773 1814 post
1817 1750 2002 1803 cat-nis
2037 1760 2258 1818 peccata
2297 1766 2379 1803 re-

2499 581 2646 626 tuum
2668 571 2880 641 (lbid.).
2919 592 2938 625 ι
2980 572 3076 629 Dei
3123 584 3302 631 mater
3339 576 3410 630 ab
3461 575 3658 647 angelo
3687 576 3992 642 dicebatur,
4034 589 4098 634 et

2495 663 2608 732 ipsa
2645 664 2975 720 seancillam
3025 665 3239 721 Domini
3294 665 3588 723 fatebatur.
3628 667 3695 723 Et
3725 683 3855 724 rene
3893 678 4096 736 mater,

2493 754 2652 811 simul
2706 765 2762 810 et
2815 756 3031 812 ancilla.
3069 757 3279 813 Ancilla
3307 759 3576 830 siquidem
3614 776 3714 830 per
3741 775 4097 817 communem

2492 845 2815 900 conditionis
2846 846 3098 901 humana
3132 855 3406 913 naturam,
3440 859 3619 904 mater
3641 865 3772 906 vero
3798 867 3900 922 per
3949 849 4094 907 inef-

2493 934 2706 990 fabilem
2753 935 2922 989 divini
2975 937 3219 991 muneris
3271 939 3526 1008 gratiam.
3560 938 3815 995 Materia
3844 955 3912 995 eo
3947 943 4100 1010 quod

2491 1027 2676 1096 genuit
2695 1043 2710 1091 ;
2729 1027 2922 1082 ancilla
2952 1027 3004 1082 in
3037 1042 3106 1082 eo
3129 1030 3273 1099 quod
3295 1031 3480 1100 genita
3509 1030 3630 1086 fuit.
3649 1031 3893 1088 Necdum
3914 1033 4098 1090 Evan-

2489 1115 2685 1187 gelium
2715 1119 2975 1186 scriptum
3021 1130 3160 1184 erat,
3207 1130 3262 1174 et
3300 1119 3414 1186 jam
3451 1121 3766 1192 evangelica
3813 1133 4098 1192 praecepta

2489 1205 2764 1260 servabat.
2782 1205 3032 1277 Praecipit
3061 1210 3205 1264 enim
3222 1211 3511 1267 Dominus:
3535 1231 3553 1264 ι
3574 1213 3798 1280 Quanto
3812 1214 3992 1282 major
4009 1230 4094 1279 es,

2490 1293 2713 1347 humilia
2747 1306 2796 1349 te
2829 1297 2883 1351 in
2909 1297 3159 1353 omnibus
3186 1299 3544 1370 (Mat/euut
3563 1321 3578 1366 ;
3597 1303 3890 1373 Eccli.tn).
3913 1325 3932 1357 ι
3951 1305 4095 1371 Quid

2487 1382 2630 1436 enim
2668 1385 2841 1454 majus
2883 1397 3056 1443 matre
3107 1388 3362 1444 Domini?
3408 1390 3548 1458 Quid
3589 1393 3854 1448 humilius
3895 1394 4092 1450 ancilla

2488 1470 2734 1526 Domini?
2769 1491 2787 1523 ι
2823 1473 2965 1529 Ecce
2999 1477 3195 1531 ancilla
3221 1479 3462 1546 Domini,
3490 1480 3585 1534 ﬂat
3620 1482 3754 1536 mihi
3788 1484 4095 1539 secundum

2486 1561 2708 1615 verbum
2735 1572 2904 1616 tuum.
2945 1584 2963 1614 ι
3003 1564 3154 1620 Unde
3182 1566 3322 1622 bene
3372 1570 3424 1622 in
3473 1568 3717 1626 Canticis
3747 1573 4093 1627 canticorum

2487 1651 2600 1704 διε
2624 1668 2842 1720 sponsa,
2873 1665 2928 1709 et
2955 1666 3130 1713 mater
3150 1658 3385 1724 Domini,
3409 1663 3593 1730 sponsi
3626 1663 3711 1716 sui
3736 1678 3870 1719 voce
3905 1663 4096 1720 lauda-

2484 1748 2592 1804 tur,
2618 1758 2743 1799 cum
2773 1747 2973 1802 dicitur
2999 1762 3014 1802 :
3053 1767 3073 1800 ι
3107 1749 3240 1816 Quae
3269 1753 3514 1808 ascendit
3539 1769 3636 1824 per
3663 1756 3947 1812 desertum
3984 1759 4094 1815 sie-

793 1830 1040 1892 deuntes,
1076 1839 1227 1886 tanto
1251 1847 1308 1886 se
1337 1834 1619 1890 ardentius
1646 1837 1698 1890 in
1739 1837 1895 1894 bonis
1936 1841 2190 1908 operibus
2224 1840 2379 1895 exbi-
2410 1850 2457 1909 Β
2488 1842 2547 1886 ut
2575 1833 2788 1904 virgula
2819 1835 2975 1901 fumi,
3012 1855 3081 1894 ex
3119 1843 3458 1898 aromatibus
3488 1847 3744 1916 myrrha.
3785 1858 3843 1904 et
3889 1850 4093 1914 thuris.

791 1930 941 1990 bent,
957 1940 1161 1997 quanto
1175 1930 1596 1988 damuabiliores
1611 1948 1668 1988 se
1683 1935 1750 1988 de
1765 1934 1920 1990 malis
1935 1936 2138 1991 vident.
2159 1936 2377 2004 Etsmpe

789 2014 948 2087 241
984 2019 1201 2087 quidam
1236 2020 1288 2072 in
1319 2027 1504 2076 carnis
1524 2023 1834 2094 integritate
1855 2027 2375 2106 perdurantes,dum

790 2109 968 2162 minus
1011 2127 1069 2165 se
1105 2114 1398 2182 respiciunt
1447 2116 1668 2180 habere,
1719 2121 1861 2189 quod
1912 2118 2165 2187 deﬂeant,
2220 2122 2378 2194 plene

787 2199 890 2254 sibi
920 2200 1163 2257 suﬂicere
1191 2205 1315 2259 vita:
1342 2220 1453 2260 sua:
1482 2207 1850 2263 innocentiam
1887 2220 2102 2280 putant,
2128 2223 2290 2280 atque
2311 2214 2377 2268 ad

789 2293 1065 2349 fervorem
1115 2297 1339 2365 spiritus
1376 2298 1538 2353 nullis
1575 2315 1633 2354 se
1670 2299 1885 2357 ardoris
1909 2303 2144 2358 stimulis
2173 2303 2378 2358 inﬂant-

787 2395 956 2439 mant.
988 2387 1051 2439 Et
1087 2388 1492 2457 fitplerumque
1536 2391 1645 2445 Deo
1694 2394 1899 2462 gratior
1947 2410 2131 2449 amore
2181 2396 2377 2449 ardens

787 2475 898 2530 vita
931 2486 1050 2546 post
1081 2478 1318 2546 culpam,
1360 2495 1523 2549 quam
1576 2485 1870 2537 securitate
1904 2494 2122 2554 torpens
2156 2487 2375 2557 virginis

786 2567 1117 2621 innocentia.
1151 2569 1305 2624 Unde
1329 2581 1384 2625 et
1413 2586 1544 2626 voce
1571 2572 1777 2628 Judicis
1805 2575 2004 2630 dicitur
2034 2595 2046 2630 :
2107 2596 2125 2628 ι
2171 2577 2375 2634 Remit-

786 2661 975 2708 tuutur
1004 2656 1054 2711 ei
1107 2666 1330 2725 peccata
1378 2659 1569 2724 multa,
1611 2663 1868 2730 quoniam
1909 2665 2100 2720 dileait
2149 2668 2374 2722 multum

788 2741 938 2815 ειυς.
962 2749 1082 2813 vn).
1119 2766 1137 2798 ι
1171 2747 1236 2800 Et
1275 2747 1469 2802 iterum
1503 2769 1514 2801 :
1547 2768 1565 2800 ι
1605 2749 1873 2806 Gaudium
1900 2763 1984 2808 est
2019 2756 2226 2824 angelis
2281 2757 2373 2812 Dei

783 2850 949 2901 curer
1007 2853 1115 2892 uno
1171 2849 1457 2907 peccatore
1509 2841 1885 2910 pmuiteutiam
1951 2855 2162 2915 agente,
2212 2861 2373 2916 quam

681 2995 686 3000 _
778 2938 944 2996 capra
1002 2929 1295 2998 nonaginta
1356 2945 1550 2984 novem
1599 2930 1778 2999 justis,
1828 2935 1916 3002 qui
1982 2951 2087 2990 non
2137 2937 2376 3006 indigent

779 3023 1098 3090 paenitentia
1142 3024 1293 3094 (Luc.
1325 3026 1437 3094 xv).
1480 3047 1498 3079 ι

853 3115 944 3169 Illa
977 3133 1105 3189 ergo
1133 3120 1418 3188 virginitas
1460 3119 1700 3189 perfecta
1726 3133 1830 3186 est,
1861 3137 1980 3190 qua:
2011 3120 2234 3191 reliquis
2261 3120 2370 3175 vir—

2485 1933 2541 1978 et
2569 1926 2825 1981 universi
2840 1929 3079 1997 pulveris
3099 1932 3480 2003 piguieutarii?
3515 1953 3534 1986 ι
3571 1935 3751 2006 (Cant.
3782 1939 3891 2010 In.)
3920 1939 4092 1995 Beata

2482 2019 2680 2089 quippe
2701 2019 2868 2076 Maria
2885 2023 3028 2078 sicut
3045 2025 3252 2096 virgula
3278 2026 3409 2082 fumi
3434 2043 3502 2082 ex
3533 2031 3874 2086 aromatibus
3896 2046 4093 2087 ascen-

2483 2109 2580 2172 dit,
2629 2111 2755 2179 quia
2791 2127 2859 2166 ex
2913 2113 3035 2169 vitae
3077 2130 3190 2170 suae
3229 2117 3520 2173 virtutibus
3551 2118 3605 2174 in
3636 2119 3842 2175 interni
3869 2137 4091 2192 semper

2485 2201 2687 2255 incensi
2745 2204 3125 2260 rectitudiuem
3176 2207 3443 2276 proﬂcere
3487 2210 3732 2276 studuit;
3765 2227 3869 2268 nec
3897 2228 4090 2282 sparsa

2481 2306 2578 2360 per
2606 2292 2963 2362 cogitationes
2989 2295 3231 2360 deﬂuxit,
3267 2298 3359 2352 sed
3387 2313 3509 2354 sese
3540 2301 3682 2354 intra
3713 2316 3920 2356 arcana
3961 2317 4089 2359 cor-

2480 2381 2564 2434 dis
2593 2382 2647 2434 in
2675 2383 2871 2454 rigoris
2915 2386 3066 2453 virga
3106 2389 3456 2443 constrinxit.
3491 2388 3624 2456 Quae
3649 2390 3816 2464 ω
3841 2407 3933 2457 ea,
3964 2407 4088 2463 qua

2478 2471 2608 2539 egit,
2636 2473 2763 2526 dum
2815 2476 3120 2544 recogitare
3158 2492 3374 2549 semper
3400 2495 3465 2536 ac
3514 2490 3819 2536 retractare
3850 2499 3964 2537 non
3994 2485 4088 2539 de-

2477 2564 2638 2628 stitit,
2671 2567 2948 2636 myrrham
2993 2570 3210 2636 quidem
3246 2579 3304 2626 et
3354 2571 3480 2628 thus
3525 2573 3763 2629 habebat
3815 2575 3868 2629 in
3891 2591 4083 2644 opere,

2478 2656 2574 2709 sed
2599 2655 2875 2725 pulverem
2908 2659 2961 2712 in
2989 2661 3338 2730 cogitatione.
3383 2661 3451 2720 Et
3500 2663 3642 2718 bene
3695 2665 3909 2734 virgula
3947 2666 4085 2722 fumi

2479 2744 2595 2800 hzcc
2624 2746 2828 2800 dicitur
2858 2763 2978 2817 qua:
3000 2763 3098 2818 per
3135 2751 3343 2821 virgam
3375 2749 3594 2822 quoque
3619 2754 3808 2808 Aaron
3849 2757 4085 2826 mystice

2479 2834 2760 2905 ﬁguntur.
2812 2839 2904 2892 Illa
2958 2841 3102 2894 enim
3129 2842 3506 2912 amygdalinas
3533 2859 3704 2900 nuces
3726 2837 3941 2916 absqué
3971 2846 4082 2902 ullo

2477 2927 2705 2982 humore
2759 2931 2961 2984 terreni
3013 2932 3254 3002 cespitis
3286 2935 3540 3004 protulit;
3573 2936 3676 2990 ista
3717 2951 3850 2991 vero
3875 2939 4086 3008 absque

2477 3015 2586 3070 ullo
2609 3018 2748 3072 virili
2777 3020 2985 3075 semine
3017 3021 3110 3076 Dei
3139 3021 3336 3078 Filium
3367 3025 3670 3096 generavit.
3712 3025 3836 3095 lpse
3860 3042 4084 3098 quoque

2477 3107 2639 3178 virga:
2682 3108 2826 3163 illius
2861 3108 3092 3176 fructus,
3131 3113 3178 3168 si
3201 3115 3443 3170 studiose
3465 3115 3781 3182 discutitur,
3835 3116 4082 3187 aliquam

781 3205 986 3260 ιυιίυυε
1015 3207 1273 3277 cingitur.
1327 3224 1448 3278 qua,
1498 3225 1625 3263 νεη
1679 3211 1877 3266 munis
1909 3209 2214 3266 humilitate
2242 3225 2370 3265 con.
2401 3198 2448 3260 C
2479 3211 2602 3253 cum
2628 3197 2845 3254 Christo
2888 3201 3089 3257 habere
3132 3204 3548 3261 similitudinem
3588 3207 3892 3262 invenitur.
3925 3209 4084 3265 Sicut

780 3293 948 3349 ditur.
988 3295 1119 3363 Qua:
1164 3313 1268 3353 non
1301 3299 1475 3352 solum
1508 3299 1768 3354 illibatam
1793 3316 1851 3356 se
1876 3310 2060 3356 servat
2092 3303 2144 3356 in
2183 3316 2369 3367 carne,

781 3387 876 3441 sed
902 3390 1065 3440 etiam
1088 3389 1340 3455 pudicam
1368 3391 1602 3445 custodit
1625 3392 1678 3445 in
1697 3407 1814 3454 ore.
1833 3392 1987 3448 Unde
2007 3401 2062 3446 et
2085 3392 2242 3447 beata
2267 3393 2374 3447 vir-

781 3493 850 3547 go
887 3477 1074 3541 Maria,
1116 3479 1300 3534 audito
1327 3481 1585 3549 angelica:
1615 3481 1900 3551 legationis
1932 3483 2212 3554 mysterio,
2244 3482 2373 3538 soli-

783 3579 894 3622 tum
927 3570 1152 3624 modesti
1185 3570 1384 3625 silentii
1415 3572 1648 3641 rigorem
1675 3573 1888 3637 tenuit;
1919 3581 1976 3628 et
2003 3575 2046 3628 si
2081 3574 2195 3643 ipsa
2223 3574 2370 3628 enim

782 3661 922 3715 intra
972 3676 1032 3716 se
1070 3661 1348 3716 discutere
1376 3677 1482 3716 nou
1508 3670 1690 3730 posset
1715 3664 1891 3732 qualis
1924 3675 2070 3720 esset
2097 3666 2196 3718 illa
2226 3665 2372 3720 salu-

784 3752 938 3817 tatio,
971 3751 1152 3806 verbis
1191 3762 1368 3806 tamen
1397 3753 1674 3821 inquirere
1710 3753 2038 3824 superﬂuum
2068 3755 2365 3824 deputavit.

783 3844 891 3898 Sed
917 3859 1038 3898 mox
1082 3843 1310 3898 tacendo
1341 3825 1528 3899 audire
1554 3846 1773 3910 meruit,
1805 3847 1945 3915 quod
1986 3847 2370 3917 interrogando

780 3934 1058 4002 inquirere
1114 3949 1220 3988 non
1284 3935 1649 4005 prasumpsit.
1699 3936 1790 3989 Ait
1839 3937 1983 3990 enim
2013 3938 2237 4007 angelus
2268 3939 2368 3992 ei:

786 4042 806 4075 ι
836 4023 914 4078 Ne
961 4025 1176 4096 timeas,
1233 4023 1432 4090 Maria;
1486 4025 1740 4080 invenisti
1794 4027 1941 4081 enim
1969 4028 2198 4097 gratiam
2229 4025 2370 4095 apud

779 4115 1100 4180 Dominum;
1131 4130 1262 4170 ecce
1291 4116 1567 4185 concipies
1591 4116 1644 4170 in
1675 4125 1852 4180 utero.
1895 4125 1949 4171 et
1970 4117 2151 4187 paries
2175 4117 2366 4183 filium,

781 4216 838 4261 et
864 4206 1080 4262 vocabis
1125 4222 1319 4262 nomen
1359 4207 1474 4280 ejus
1513 4207 1696 4262 Jesum
1726 4207 1880 4277 (Luc.
1907 4209 1968 4277 l).
2008 4227 2026 4258 ι
2053 4208 2206 4274 Quod
2241 4225 2368 4278 pro-

778 4298 941 4366 pheta
985 4297 1154 4351 multo
1194 4307 1321 4351 ante
1368 4297 1608 4353 futurum
1661 4303 1932 4370 praedixit,
1983 4304 2086 4358 hoc
2132 4320 2370 4372 praisens

784 4390 974 4443 adesse
995 4389 1202 4444 eisdem
1229 4391 1409 4444 verbis
1443 4391 1667 4461 angelus
1701 4394 1993 4448 nuntiavit.
2038 4393 2176 4449 Dicit
2201 4397 2369 4459 enim,

781 4487 842 4532 ut
866 4480 1322 4546 praemissumest,
1356 4479 1551 4536 Isaias:
1573 4499 1592 4532 ι
1630 4482 1772 4537 Ecce
1800 4485 1952 4555 virgo
1980 4485 2033 4538 in
2059 4494 2214 4540 utero
2241 4503 2372 4542 eon-

782 4569 974 4639 cipiet;
1037 4577 1090 4622 ct
1150 4570 1325 4639 pariet
1380 4571 1653 4634 ﬂlium,et
1684 4575 1965 4629 vocabitur
2004 4591 2198 4631 nomen
2253 4576 2369 4644 ejus

785 4659 1108 4715 Emmanuel
1139 4660 1276 4720 (Ita.
1325 4663 1446 4733 vn).
1492 4683 1510 4716 ι
1550 4664 1660 4718 Illic
1695 4665 1872 4729 Jesus,
1907 4668 1998 4736 qui
2022 4667 2266 4726 Salvator
2286 4669 2370 4725 di-

781 4752 958 4814 citur;
993 4752 1079 4806 hic
1112 4751 1458 4819 Emmanuel,
1491 4757 1585 4825 qui
1613 4757 1879 4811 nobiscum
1908 4758 2050 4813 Deus
2104 4760 2370 4830 interpre-

784 4849 950 4894 tatur.

859 4930 975 4996 Qua
1042 4932 1249 4994 laetitia,
1306 4948 1412 5000 quo
1461 4935 1715 5002 tripudio,
1748 4937 1946 4992 fratres
1994 4941 2124 5005 mei,
2188 4940 2368 4995 Mariae

791 5035 945 5074 mens
983 5021 1182 5090 repleta
1211 5037 1332 5076 esse
1361 5032 1632 5092 potuerat,
1666 5030 1884 5095 quando
1919 5030 2032 5082 haec
2053 5033 2364 5099 prephetica

780 5119 832 5166 et
863 5113 1171 5182 evangelica
1222 5115 1387 5170 verba
1447 5117 1589 5171 inter
1632 5134 1689 5173 se
1747 5120 1979 5176 invicem
2005 5123 2363 5179 conferebat:

741 5227 744 5230 ν
792 5221 810 5253 ι
847 5201 1008 5256 Maria
1041 5204 1208 5268 enim,
1244 5205 1419 5274 inquit
1454 5210 1807 5278 evangelista,
1844 5214 2203 5267 conservabat
2247 5229 2368 5267 om-

782 5293 873 5345 nia
925 5295 1085 5348 vorba
1124 5297 1253 5355 haec,
1309 5297 1593 5352 conferens
1641 5304 1692 5353 in
1729 5303 1891 5356 corde
1920 5317 2018 5357 suo
2045 5301 2192 5372 (Luc.
2226 5306 2306 5372 ll).
2346 5325 2364 5356 ι

781 5385 837 5439 lu
864 5395 1065 5453 quanta
1097 5402 1155 5442 se
1183 5387 1503 5442 excellentia
1550 5406 1711 5460 super
1744 5409 1905 5447 omne
1936 5393 2231 5447 humanum
2272 5410 2369 5464 ge-

784 5491 884 5529 nus
935 5477 1211 5531 sublimari
1263 5489 1641 5547 conspexerat,
1696 5497 1816 5550 quae
1881 5497 1939 5537 se
1986 5481 2260 5538 Creatoris
2285 5485 2367 5539 sui

783 5575 1010 5620 matrem
1063 5567 1178 5623 ﬂeri
1234 5569 1523 5625 audiebat?
1562 5570 1666 5626 Sed
1695 5589 1816 5643 qua:
1848 5581 1998 5628 tanto
2035 5575 2174 5643 apud
2201 5576 2365 5631 Deum

782 5656 996 5726 fastigio
1057 5675 1302 5715 crescere
1360 5662 1579 5722 meruit,
1626 5674 1829 5732 quanta
1877 5680 1934 5720 se
1976 5665 2119 5734 apud
2169 5676 2369 5721 semet.

782 5744 956 5814 ipsam
993 5747 1314 5805 humilitatis
1360 5751 1657 5820 dejecuone
1691 5755 2022 5811 substravit?
2058 5756 2146 5811 Ait
2174 5759 2314 5812 enim

2474 3291 2622 3348 enim
2661 3293 3007 3364 amygdalina
3085 3311 3195 3350 nux
3227 3311 3292 3351 ex
3341 3297 3536 3361 nucleo
3569 3309 3805 3365 constat,
3851 3317 3978 3357 osse
4025 3311 4084 3357 et

2473 3385 2706 3446 cortice;
2738 3384 2811 3440 ita
2837 3383 3168 3456 Redemptor
3193 3397 3380 3444 noster
3406 3404 3478 3444 ex
3499 3389 3787 3446 divinitate
3836 3402 4080 3462 constat,

2473 3483 2530 3528 et
2551 3475 2730 3529 anima
2763 3476 2925 3530 simul
2949 3488 3004 3532 et
3024 3493 3210 3535 carne.

2545 3566 2684 3633 Quia
2734 3582 2865 3622 vero
2907 3569 3112 3640 absque
3171 3570 3279 3625 ullo
3320 3572 3466 3627 virili
3514 3575 3722 3628 semine
3752 3574 3820 3630 de
3853 3573 4081 3647 Virgine

2473 3659 2784 3714 nasciturus
2811 3671 2952 3724 erat,
2976 3662 3091 3731 ipse
3111 3660 3282 3718 multo
3308 3673 3435 3718 ante
3457 3678 3554 3735 per
3575 3665 3905 3737 Pmpbetam
3925 3669 4082 3722 dise-

2473 3759 2559 3804 rat
2588 3768 2602 3803 :
2651 3769 2669 3802 ι
2704 3751 2816 3822 Ego
2847 3760 3031 3807 autem
3080 3769 3199 3808 sum
3252 3756 3455 3811 vermis
3477 3766 3533 3810 et
3558 3773 3664 3812 non
3703 3759 3868 3812 homo
3898 3756 4076 3829 (Psal.

2474 3843 2608 3911 ιιι).
2643 3861 2662 3894 ι
2701 3841 2855 3896 Sicut
2881 3845 3026 3897 enim
3051 3844 3252 3898 vermis
3273 3859 3338 3899 ex
3365 3845 3510 3916 ligno
3536 3846 3742 3916 absque
3768 3847 3952 3903 alieno
3980 3863 4081 3902 na--

2474 3933 2643 3987 scitur
2705 3933 2954 3999 semine;
2999 3935 3074 3988 ita
3113 3943 3169 3989 et
3209 3934 3459 3990 Christus
3509 3938 3716 4006 absque
3749 3937 3857 3992 ulla
3889 3939 4078 3994 carnis

2473 4023 2915 4093 concupiscentia
2944 4025 3012 4079 de
3038 4026 3195 4080 beata
3227 4036 3385 4080 natus
3407 4036 3492 4081 est
3524 4027 3767 4098 Virgine.
3803 4028 3944 4085 Hinc
3989 4040 4078 4086 eslt

2473 4111 2638 4177 enim,
2688 4115 2831 4182 quod
2883 4129 2981 4184 per
3025 4116 3344 4185 prophetam
3386 4117 3550 4170 alium
3603 4119 3844 4172 dicitur:
3887 4139 3905 4170 ι
3938 4120 4077 4175 Ecce

2474 4205 2732 4261 Dominus
2763 4209 3019 4262 ascendet
3049 4224 3213 4279 super
3246 4211 3442 4266 nubem
3471 4212 3644 4266 levem
3689 4212 3828 4284 (ιω.
3863 4215 4004 4283 xix).
4048 4234 4070 4268 ιν

2473 4293 2566 4349 Sol
2591 4297 2791 4365 quippe
2841 4311 2964 4350 cum
3014 4296 3154 4350 nube
3203 4298 3422 4368 tegitur,
3477 4299 3546 4354 ab
3591 4301 3847 4356 humanis
3871 4304 4079 4358 visibus

2472 4383 2795 4437 occultatur.
2841 4383 2936 4438 Sic
2977 4385 3264 4450 nimirum,
3307 4387 3386 4441 sic
3409 4388 3664 4444 Salvator
3695 4401 3902 4454 noster,
3928 4407 4078 4446 sum»

2474 4483 2563 4542 pta
2593 4490 2657 4530 ex
2685 4475 2905 4544 Virgine
2927 4490 2986 4530 se
3014 4492 3180 4531 carne
3203 4480 3448 4542 vestivit,
3483 4481 3536 4534 in
3569 4497 3674 4550 qua
3708 4484 3968 4538 divinitas
3998 4483 4076 4537 la--

2397 4545 2449 4604 D
2478 4575 2596 4620 lens
2618 4567 2854 4621 humano
2901 4567 3098 4621 intuitu
3138 4569 3312 4623 videri
3367 4586 3474 4625 non
3515 4545 3710 4639 potuit.
3741 4574 3875 4640 Qum
3906 4575 4079 4632 nubes

2476 4659 2678 4713 idcirco
2706 4658 2842 4713 levis
2873 4660 3097 4723 dicitur,
3119 4661 3248 4730 quia
3270 4661 3582 4717 beatissima
3613 4662 3780 4734 Virgo
3815 4666 3965 4720 nullo
3996 4667 4078 4720 vi»

2432 4809 2440 4815 ,
2476 4747 2520 4802 ri
2548 4750 2754 4802 semine
2788 4750 3034 4818 gravida,
3065 4751 3179 4806 sola
3208 4755 3383 4806 sancti
3422 4751 3661 4822 Spiritus
3685 4755 3863 4824 gratia
3889 4755 4079 4811 fecun-

2477 4840 2657 4894 datur.
2691 4838 2824 4905 Qute
2851 4850 2906 4894 et
2928 4841 3245 4911 dignitatem
3273 4841 3570 4898 Geuitricis
3591 4844 3855 4910 obtinuit,
3882 4857 3941 4901 et
3966 4847 4075 4901 virt-

2475 4933 2709 5003 ginalem
2740 4933 3053 5002 pudicitiam
3093 4949 3200 4988 nou
3221 4935 3421 4989 amisit.
3469 4936 3600 5002 Quae
3645 4937 3763 4992 sine
3804 4940 4076 4993 contami-

2476 5025 2695 5078 natione
2732 5025 3006 5092 concepit,
3062 5034 3118 5079 et
3159 5025 3278 5078 sine
3319 5025 3507 5080 dolore
3537 5026 3707 5079 lilium
3741 5030 4075 5094 procreavit.

2475 5113 2589 5166 Non
2647 5124 2866 5169 secutus
2924 5122 3009 5168 cst
3057 5113 3210 5168 dolor
3231 5124 3470 5183 partum,
3502 5117 3629 5185 quia
3666 5121 4078 5187 nunprtecessit

2474 5207 2999 5277 libidoconceptum.
3063 5209 3275 5264 Dictum
3355 5227 3592 5280 namque
3661 5211 3840 5267 fuerat
3906 5213 4072 5268 Evam

2481 5318 2498 5350 ι
2537 5301 2590 5352 lu
2614 5300 2800 5354 dolore
2829 5301 3006 5367 paries
3031 5300 3200 5355 lilium
3235 5301 3386 5371 (Gen.
3431 5305 3535 5371 In).
3577 5323 3594 5355 ι
3631 5302 3764 5368 Qua:
3807 5306 4075 5359 sententia

2477 5393 2529 5445 iu
2558 5392 2677 5446 aliis
2722 5392 2986 5447 matribus
3017 5392 3206 5462 viguit,
3268 5394 3318 5446 in
3368 5392 3539 5447 Maria
3571 5410 3700 5449 vero
3735 5396 3952 5454 modum
3993 5397 4073 5450 sui

2473 5481 2611 5549 juris
2643 5483 2844 5537 amisit.
2875 5482 2930 5536 In
2969 5483 3284 5538 mulieribus
3323 5482 3430 5538 fixa
3457 5485 3717 5555 perstitit,
3770 5487 3823 5540 in
3851 5487 4073 5557 Virgine

2478 5573 2770 5641 praevalere
2823 5589 2932 5627 non
2997 5575 3191 5644 potuit.
3233 5574 3364 5641 Quae
3409 5576 3556 5630 enim
3587 5574 3752 5648 Virgo
3774 5579 4075 5648 permansit:

2479 5668 2854 5738 concipiendo,
2879 5668 3121 5723 dolorem
3165 5669 3370 5724 sentire
3420 5684 3526 5722 non
3574 5672 3754 5738 potuit
3793 5672 4059 5740 patiendo.

2478 5760 2569 5816 Ille
2604 5762 2824 5834 quippe,
2861 5762 3031 5832 quies
3062 5777 3123 5817 ea
3157 5760 3502 5826 ineﬂabiliter
3528 5762 3751 5834 prodiit,
3777 5763 4070 5819 claustrum
