4300 6368
376 357 470 414 761

1805 353 2041 411 δεξιΜο
2073 356 2286 413 XLVII.

3579 357 3686 414 762

376 468 654 542 virginalis
674 467 950 540 pudicitiae
976 481 1084 523 non
1122 467 1389 538 corrupit.
1428 465 1704 538 Virginem
1733 466 1966 539 denique
1994 477 2043 536 Α
2071 469 2241 524 nfﬁxit
2289 483 2385 524 cas
2405 470 2557 525 cruci
2614 485 2746 525 suae.
2808 470 2888 525 Ex
2945 469 3115 526 altera
3172 480 3329 541 parte
3384 473 3687 529 cruciﬁxus

375 562 619 624 veniens,
652 559 926 624 introivit,
955 557 1234 630 Virginem
1260 558 1615 615 nihilominus
1649 561 1861 625 exiens,
1886 561 1976 616 de-

376 651 613 720 reliquit.
649 648 781 704 ιιτεο
807 649 953 704 enim
975 659 1061 705 est
1084 651 1272 705 hortus
1299 650 1610 712 conclusus,
1643 649 1764 705 fons
1788 652 1973 720 signa-

377 754 460 799 tus
483 741 665 811 (Cant.
699 741 800 810 tv),
823 756 946 810 quae
973 749 1032 796 et
1054 739 1291 796 fructum
1323 740 1675 796 fecunditatis
1694 741 1887 808 edidit,
1918 750 1976 797 et

373 833 705 903 virginitatis
737 833 993 889 meritum
1017 847 1124 887 non
1149 833 1439 888 imminuit.

438 923 486 981 0
516 925 813 990 mirabilis,
838 939 872 978 ο
893 923 1246 994 singulariter
1267 923 1464 979 nobilis
1489 938 1620 979 caro
1640 924 1973 980 beatissima

372 1015 650 1088 Virginis,
700 1017 757 1070 in
791 1030 898 1085 qua
928 1015 1212 1071 muliebris
1249 1027 1444 1071 natura
1474 1025 1736 1081 mutatur,
1782 1017 1974 1072 Imma-

371 1123 437 1163 na
460 1109 707 1164 conditio
768 1123 875 1164 non
929 1111 1185 1164 tenetur!
1212 1109 1337 1169 {Per
1383 1111 1587 1164 coitum
1634 1111 1854 1181 quidem
1886 1120 1971 1166 est

368 1193 596 1269 genita,‘
623 1199 726 1254 sed
770 1214 870 1270 per
910 1198 1208 1256 eﬁicaciam
1257 1201 1433 1258 coitus
1458 1217 1564 1256 non
1590 1203 1775 1258 enixa.
1814 1201 1971 1257 Edita

369 1292 648 1346 communi
708 1293 1047 1348 nascentium
1073 1290 1218 1361 jure,
1265 1293 1431 1348 edidit
1462 1293 1756 1364 singularis
1781 1293 1971 1365 gratiae

368 1382 628 1438 novitate.
670 1381 729 1437 In
778 1383 1017 1437 humano
1045 1382 1281 1454 denique
1306 1399 1507 1454 genere
1542 1384 1630 1438 ille
1658 1384 1853 1439 nobilis
1887 1385 1971 1439 di-

367 1471 529 1539 citur,
579 1473 674 1542 qui
728 1471 893 1528 claris
922 1473 1191 1544 majorum
1223 1475 1394 1529 titulis
1429 1475 1766 1546 insignitur;
1807 1477 1967 1532 beata

364 1577 494 1618 vero
523 1563 719 1629 Maria,
757 1563 887 1618 licet
911 1564 979 1620 de
1005 1581 1267 1636 generosa
1297 1568 1368 1622 si:
1389 1576 1602 1636 patrum
1630 1568 1800 1636 stirpe
1841 1583 1969 1637 pro-

364 1653 568 1724 genita,
612 1653 684 1708 ab
733 1653 825 1707 illo
855 1662 1034 1709 tamen
1074 1656 1241 1710 trahit
1261 1650 1737 1713 excellentissima:
1772 1660 1969 1713 nobili~

364 1741 488 1795 tatis
533 1757 730 1811 genus.
779 1743 872 1811 qui
919 1743 988 1798 de
1039 1742 1128 1799 illa
1175 1755 1262 1800 est
1301 1760 1442 1800 novo
1475 1747 1728 1802 nascendi
1765 1762 1967 1817 genere

2079 568 2171 617 est-
2193 561 2525 630 Redemptor
2572 571 2778 627 noster,
2830 577 2898 618 ex
2937 563 3043 617 alia
3077 579 3325 620 summus
3351 564 3442 618 ille
3480 579 3691 634 prmva-

2080 654 2305 708 ricator.
2723 641 2747 660 ⁸

2149 742 2265 797 Rex
2293 741 2390 795 llai
2423 750 2482 795 ut
2503 752 2690 797 narrat
2715 743 2940 798 historia
2971 743 3110 814 (los.
3134 760 3230 799 vui
3253 761 3355 798 sec.
3387 743 3691 814 LXI),su-

2075 848 2306 904 spensus
2335 842 2422 887 est
2453 834 2505 886 in
2529 833 2754 903 gemino
2777 833 3053 901 patibulo,
3071 834 3142 887 ita
3175 850 3269 887 rex
3296 835 3488 888 mortis
3512 835 3562 888 in
3587 837 3690 889 du-

2077 924 2201 994 plici
2222 923 2465 992 patibulo
2488 923 2860 992 suspenditur,
2888 923 3016 993 quia
3045 924 3173 978 dum
3200 922 3485 978 Christum
3520 923 3688 978 inter-

2076 1015 2212 1080 ﬁcit,
2240 1016 2293 1069 in
2335 1016 2450 1085 ipsa
2509 1030 2675 1071 cnice
2727 1015 3083 1084 cruciﬁgitur,
3115 1031 3278 1085 quem
3307 1015 3515 1070 invenit
3565 1031 3685 1070 tna-

2074 1123 2240 1178 gnum
2263 1118 2670 1162 sacramentum
2711 1107 2916 1170 crucis,
2968 1121 3069 1161 nec
3095 1115 3183 1161 est
3211 1105 3417 1175 aliquid
3458 1106 3563 1160 hoc
3595 1121 3685 1161 sa-

2073 1206 2358 1253 cramento
2387 1200 2680 1253 sacratius.
2709 1198 2937 1267 Respice
2976 1213 3195 1253 crucem
3234 1206 3491 1260 stantem,
3519 1206 3574 1252 et
3607 1196 3694 1250 vi-

2072 1289 2141 1344 de
2162 1304 2328 1359 quam
2361 1298 2508 1344 recta
2541 1290 2982 1344 caeuminatione
3022 1292 3091 1344 de
3144 1290 3305 1343 terris
3339 1288 3587 1358 erigatur
3616 1288 3684 1342 ad

2071 1378 2294 1443 caelum,
2346 1388 2404 1434 et
2453 1381 2741 1434 veritatem
2793 1381 2870 1433 rei
2904 1381 3016 1449 ipsa
3048 1379 3285 1451 imagine
3325 1387 3680 1449 protestetur.

2073 1467 2265 1524 Nonne
2297 1469 2395 1524 tibi
2425 1471 2646 1525 videtur
2667 1470 2841 1541 ﬁgura
2869 1470 2992 1540 ejus
3023 1471 3245 1536 malum,
3278 1481 3332 1526 et
3360 1481 3563 1526 terram
3589 1486 3684 1525 su-

2071 1558 2225 1614 blimi
2247 1558 2660 1615 continuatione
2717 1559 3092 1631 conjungbre?
3123 1560 3249 1616 Haec
3299 1571 3385 1616 est
3432 1561 3685 1615 ﬁrmissi-

2072 1663 2222 1704 mum
2249 1664 2316 1704 ac
2365 1649 2744 1704 indissolubile
2792 1650 3015 1721 gluten,
3071 1667 3180 1720 quo
3233 1651 3683 1718 conglutinantur

2071 1737 2370 1793 rationales
2401 1748 2692 1802 creaturze,
2723 1751 2782 1793 ιη
2813 1741 3159 1822 ex_utrisque
3186 1741 3278 1794 ﬁat
3324 1741 3412 1795 illa
3461 1741 3680 1805 civitas,

360 1843 702 1906 procreatus,
733 1846 790 1891 et
816 1851 914 1906 per
941 1835 1300 1892 clarissimam
1346 1838 1586 1894 sobolem
1617 1855 1835 1894 omnem
1862 1841 1962 1894 hu-
1993 1833 2040 1894 Β

1993 1829 2227 1899 Beujus
2294 1829 2642 1898 participatio
2695 1828 2812 1898 ejus
2855 1831 2907 1885 in
2960 1831 3193 1900 idipsum
3259 1829 3678 1902 (Psal.cxxtx).

359 1927 504 1983 mani
542 1929 860 1982 stemmatis
887 1927 1107 1982 excedit
1145 1928 1506 1984 nobilitatem.
1553 1929 1712 1984 Clara
1737 1945 1965 1999 proavo-

357 2035 476 2073 rum
510 2020 708 2084 titulis,
739 2020 834 2075 sed
863 2019 1578 2090 incomparabiliterelarior
1596 2023 1964 2091 generositate

357 2105 544 2176 prolis.
590 2105 730 2159 Filia
783 2105 1050 2174 siquidem
1083 2116 1303 2174 regum;
1337 2107 1432 2161 sed
1468 2106 1645 2162 Mater
1683 2107 1846 2176 Regis
1875 2122 1962 2161 re-

355 2212 478 2266 gum
508 2215 522 2249 :
552 2215 571 2247 «
603 2195 856 2251 Gloriosa
887 2195 1030 2249 dicta
1062 2205 1192 2250 sunt
1229 2195 1296 2250 de
1326 2205 1402 2260 te,
1438 2197 1634 2251 civitas
1660 2197 1752 2250 Dei
1783 2193 1956 2265 (Psal.

353 2287 596 2358 Lxxxvt).
634 2307 653 2339 ι
689 2288 797 2341 Sed
826 2287 1090 2358 quidquid
1129 2287 1194 2342 de
1225 2296 1275 2342 te
1302 2303 1330 2340 a
1365 2289 1576 2341 mortali
1615 2289 1834 2342 homine
1871 2287 1958 2342 di-

353 2381 516 2441 citur,
572 2379 917 2434 celsitudinis
970 2389 1075 2434 tua:
1107 2380 1316 2434 meritis
1339 2395 1446 2433 non
1479 2389 1746 2448 aequatur.
1781 2379 1957 2446 Quam

350 2470 493 2524 enim
522 2469 803 2524 excellrns
833 2469 1007 2540 gratia
1035 2484 1200 2538 super
1242 2469 1465 2540 angelos
1516 2469 1711 2532 elevat,
1749 2470 1815 2523 ad
1838 2470 1954 2539 ejus

351 2561 506 2631 digne
531 2559 815 2617 eﬂ'erenda
838 2560 1112 2630 prazconia
1129 2561 1362 2614 humana
1389 2559 1654 2628 fragilitas
1679 2575 1784 2613 ncn
1812 2559 1954 2628 aspi-

351 2659 451 2704 rat.
491 2650 772 2720 Rogamus
829 2658 904 2715 te,
952 2649 1401 2713 clementissima,
1438 2650 1606 2720 ipsius
1641 2650 1861 2718 pietatis
1900 2658 1956 2704 et

351 2741 747 2796 misericordia:
775 2750 968 2805 mater,
994 2751 1052 2796 ttt
1079 2741 1171 2810 qui
1203 2749 1306 2795 tua:
1336 2741 1510 2795 laudis
1533 2741 1763 2811 insignia
1789 2740 1952 2813 253

348 2829 700 2901 frequentare
741 2830 1043 2900 gaudemus
1075 2832 1130 2884 in
1165 2831 1344 2893 terris,
1378 2839 1482 2885 tute
1537 2831 1952 2886 intercessionis

348 2918 608 2973 auxilium
643 2920 848 2974 habere
871 2935 1184 2974 mereamur
1212 2919 1266 2973 iit
1292 2920 1479 2983 caelis;
1512 2930 1782 2988 quatenus
1811 2920 1953 2974 sicut

347 3025 441 3079 per
467 3020 519 3065 te
546 3010 643 3066 Dei
677 3010 850 3066 Filius
880 3011 1135 3082 dignatus
1166 3014 1338 3065 estad
1371 3022 1560 3066 nostra
1590 3011 1948 3077 descendere,

337 3099 417 3157 ~lta
469 3109 525 3155 ct
577 3106 821 3171 nos'per
880 3111 932 3155 te
983 3103 1051 3156 ad
1112 3101 1231 3172 ejus
1275 3104 1551 3181 valeamus
1609 3105 1944 3159 consortium

2068 1917 2204 1973 Vide
2247 1920 2413 1974 etiam
2456 1922 2734 1988 quomodo
2781 1921 3117 1990 quadrifaria
3173 1923 3389 1975 ratione
3442 1931 3682 1990 quatuor

2065 2010 2254 2063 mundi
2279 2010 2498 2063 climata
2523 2012 2975 2080 comprehendat,
3011 2021 3068 2064 et
3099 2027 3318 2066 omnem
3357 2013 3424 2067 ad
3456 2028 3514 2066 se
3544 2026 3676 2080 pcr-

2066 2102 2601 2157 trahatereaturam.
2657 2105 2816 2158 Astat
2870 2102 3029 2158 Jesus
3071 2104 3123 2158 in
3159 2104 3358 2167 medio,
3390 2104 3674 2175 quadrifa-

2064 2191 2145 2244 ria
2168 2192 2250 2245 sui
2275 2194 2524 2262 corporis
2547 2203 2704 2263 parte
2726 2195 3019 2259 distentus,
3045 2205 3097 2251 et
3123 2195 3385 2264 expansis
3422 2196 3677 2250 manibus

2061 2283 2318 2336 omnibus
2364 2285 2429 2336 ad
2459 2300 2518 2339 se
2554 2300 2619 2339 ex
2650 2285 2798 2339 omni
2841 2295 2998 2354 parte
3026 2286 3369 2341 venientibus
3394 2286 3675 2356 amplissi-

2063 2387 2208 2425 mum
2235 2373 2628 2429 misericordiae
2660 2377 2840 2430 sinum
2872 2377 3136 2430 ostendit.
3166 2376 3303 2430 Nam
3343 2395 3362 2427 ε
3392 2378 3535 2446 apud
3567 2377 3676 2432 Do-

2061 2463 2268 2517 minum
2319 2465 2720 2528 misericordia.
2767 2478 2822 2522 et
2881 2469 3101 2538 copiosa
3125 2469 3268 2539 apud
3297 2483 3422 2523 eum
3457 2471 3674 2526 redem-

2058 2554 2171 2623 ptio
2193 2552 2368 2625 (Psal.
2397 2557 2611 2626 cxxtx).
2644 2576 2662 2610 ι
2690 2557 2925 2614 Prorsus
2979 2560 3224 2628 copiosa,
3270 2573 3378 2614 non
3433 2561 3622 2615 stricta
3651 2577 3668 2625 ;

2058 2643 2184 2712 quia
2215 2643 2439 2715 largiter
2462 2647 2604 2700 unda
2636 2649 2923 2718 sanguinis
2962 2648 3031 2704 de
3074 2665 3310 2720 corpore
3333 2650 3538 2706 Christi
3569 2666 3670 2721 per

2056 2734 2297 2804 quinque
2320 2747 2504 2806 partes
2526 2740 2824 2794 emanavit.
2878 2739 3168 2797 Sulliceret
3213 2743 3282 2796 ad
3341 2743 3670 2811 redemptio-

2056 2826 2371 2890 nemurbis,
2402 2827 2487 2882 vel
2543 2844 2649 2882 una
2701 2831 3086 2900 pretiosissimi
3139 2831 3422 2902 sanguinis
3471 2841 3664 2900 gutta;

2055 2913 2150 2966 sed
2191 2913 2320 2967 data
2356 2926 2436 2970 est
2487 2918 2640 2986 copia
2671 2958 2685 2982 ,
2733 2927 2792 2973 ttt
2819 2921 2992 2975 virtus
3023 2921 3300 2990 diligentis
3333 2922 3384 2973 in
3414 2921 3666 2976 beneﬁcii

2055 3002 2453 3059 redundatione
2485 3007 2777 3062 clarescat.

2127 3095 2235 3150 Sed
2269 3113 2337 3150 ne
2367 3097 2508 3152 forte
2549 3111 2866 3154 occurreret
2895 3100 3017 3165 tibi,
3068 3111 3126 3154 ut
3159 3103 3360 3170 ubique
3392 3111 3665 3158 terrarum

344 3192 650 3260 pervenire.
714 3192 816 3258 Qui
862 3208 987 3248 cum
1043 3193 1206 3247 Patre
1250 3205 1306 3249 et
1351 3177 1560 3264 Spiritu
1610 3205 1804 3250 sancto
1863 3197 1944 3251 vi-
1972 3175 2018 3238 (ἶ

1972 3175 2018 3238 C
2049 3185 2214 3258 zu
2243 3202 2496 3252 currens,
2521 3189 2941 3258 Redemptorem
2970 3200 3117 3244 tuum
3137 3192 3382 3246 invenire
3408 3211 3512 3246 non
3537 3209 3664 3263 pos-

345 3281 420 3335 vit
489 3293 544 3338 et
618 3282 888 3354 gloriatur
927 3298 1025 3354 per
1073 3284 1287 3339 inﬁnita
1340 3286 1536 3340 szncula
1601 3285 1944 3342 saeculorum.

343 3370 535 3426 Amen.

911 3440 1146 3497 SERMO
1186 3443 1392 3497 XLVII.

450 3548 489 3585 I.
523 3547 591 3586 ne
619 3547 999 3587 EXALTATIONE
1026 3548 1244 3588 sane”:
1276 3549 1484 3589 cnucrs.
1520 3535 1636 3604 (XIV
1662 3539 1840 3606 serv.)

414 3643 489 3698 De
529 3645 683 3715 virga
713 3643 867 3699 Jesse
919 3645 1243 3699 devenimus
1301 3647 1370 3699 ad
1422 3647 1627 3718 virgam
1658 3650 1860 3708 crucis,
1894 3655 1948 3701 et

343 3735 672 3804 principium
718 3734 1112 3802 redemptionis
1159 3735 1267 3790 line
1316 3737 1713 3790 concludimus.
1750 3738 1826 3791 Ex
1857 3737 1943 3791 illa

342 3820 497 3878 Iesus
551 3825 808 3879 Christus
844 3823 1011 3895 Virgo
1042 3825 1194 3894 virga
1226 3825 1439 3894 virgine
1483 3827 1809 3880 mirabiliter
1862 3837 1944 3880 est

343 3925 663 3985 generatus;
693 3917 746 3969 in
781 3916 882 3969 ista
919 3926 1128 3987 martyr
1156 3928 1458 3988 martyrum
1489 3929 1674 3988 caput,
1703 3929 1758 3974 et
1791 3936 1943 3974 mar-

344 4010 465 4078 tyrii
496 4009 670 4063 forma
693 4011 926 4079 turpiter
950 4019 1035 4064 est
1063 4025 1357 4080 appensus.
1390 4012 1482 4066 illa
1509 4015 1660 4083 virga
1692 4015 1944 4068 directio-

343 4104 444 4165 nis,
477 4105 624 4174 virga
664 4103 816 4172 regni
847 4103 919 4156 tui
952 4101 1128 4172 (Psnl.
1181 4107 1351 4173 thv),
1394 4106 1474 4159 ait
1507 4105 1637 4158 illud
1671 4107 1942 4162 familiare

345 4191 577 4262 Spiritus
608 4193 784 4248 sancti
814 4208 1104 4262 organum,
1131 4194 1255 4262 quia
1289 4195 1423 4250 nihil
1469 4196 1690 4266 Virgine
1718 4200 1939 4263 rectius,

344 4283 592 4338 Subtilius
629 4283 786 4337 nihil.
825 4283 963 4337 Audi
1017 4295 1073 4338 et
1121 4284 1188 4340 de
1230 4285 1335 4339 alia
1373 4305 1386 4339 :
1426 4304 1442 4335 ι
1475 4285 1693 4358 Virgam
1724 4289 1942 4342 virtutis

344 4385 444 4432 tua:
468 4379 672 4433 emittit
699 4377 961 4431 Dominus
984 4392 1053 4431 ex
1079 4375 1208 4431 Sion
1260 4377 1434 4448 (Psal.
1461 4381 1596 4448 etx).
1629 4400 1648 4431 ι
1687 4379 1942 4435 Profecto

340 4483 469 4522 crux
523 4469 627 4521 fuit
665 4468 820 4537 virga
870 4468 1113 4531 virtutis,
1145 4468 1198 4522 in
1230 4485 1335 4541 qua
1362 4469 1622 4526 Dominus
1677 4473 1934 4526 virtutum

338 4561 563 4614 viriliter
590 4562 895 4631 pugnavit,
951 4569 1007 4614 et
1051 4561 1202 4614 vicit.
1239 4580 1258 4612 ι
1297 4563 1579 4631 Assumpsi
1625 4564 1754 4618 mihi
1800 4565 1937 4619 duas

341 4651 531 4720 virgas,
562 4652 639 4704 ait
665 4651 950 4720 propheta;
983 4666 1147 4704 unam
1175 4653 1361 4706 vocavi
1390 4655 1642 4708 decorem
1667 4694 1682 4718 ,
1711 4664 1768 4708 et
1796 4654 1932 4709 alte-

339 4753 450 4792 ram
496 4739 798 4796 funiculum
853 4738 1039 4807 (Zach.
1089 4742 1188 4811 xl).
1238 4763 1256 4795 ι
1290 4743 1452 4812 Virga
1495 4745 1932 4814 pulchritudinis,

340 4841 521 4885 uterus
575 4829 842 4901 Virginis.
878 4850 895 4881 t
926 4829 1185 4898 Pulchra,
1235 4834 1433 4904 inquit,
1491 4847 1550 4888 ut
1601 4837 1725 4889 luna
1751 4837 1930 4906 (Cant.

333 4923 428 4988 Vl),
467 4941 487 4975 ι
522 4924 672 4993 virga
707 4923 961 4986 funiculi,
999 4923 1205 4993 lignum
1238 4926 1491 4994 patibuli.
1540 4927 1932 4982 disterminans

335 5020 560 5082 utraque
592 5028 824 5083 regnum
879 5013 968 5066 Dei
1013 5025 1067 5066 ct
1114 5013 1335 5079 diaboli,
1383 5016 1670 5086 imponens
1718 5016 1928 5072 frenum

335 5101 546 5155 malitiae
576 5103 720 5172 ejus,
770 5101 1047 5172 latamque
1081 5102 1201 5172 ejus
1224 5107 1665 5175 pervagationcm
1707 5109 1927 5162 validis-

337 5190 463 5245 sima
491 5203 764 5262 potestate
788 5208 1068 5249 coercens.
1119 5195 1175 5249 ln
1206 5197 1307 5251 hac
1336 5196 1650 5251 confossum
1682 5209 1764 5252 est
1788 5198 1930 5253 latus

337 5279 635 5350 innoxium,
668 5295 722 5342 et
761 5285 828 5339 ad
861 5286 1052 5340 horam
1081 5287 1378 5343 cruciﬁxus
1402 5297 1486 5344 est
1516 5291 1778 5346 innocens
1808 5307 1927 5344 ma-

337 5371 508 5437 nibus,
539 5385 593 5429 et
625 5376 828 5430 mundo
879 5378 1063 5432 corde.
1124 5378 1409 5434 Terribilis
1465 5380 1551 5435 ille
1586 5381 1746 5445 latro,
1770 5382 1925 5450 cujus

337 5475 520 5519 manus
553 5465 728 5534 plenae
785 5476 907 5522 sunt
949 5469 1234 5539 sanguine,
1268 5470 1320 5525 in
1349 5472 1449 5526 hac
1481 5471 1609 5525 item
1640 5471 1924 5527 confossus

337 5562 435 5617 cst,
467 5564 520 5609 et
550 5555 854 5612 confectus.
915 5553 1021 5612 Sed
1075 5559 1328 5616 Christus
1378 5562 1557 5627 aliter,
1596 5562 1755 5616 aliter
1786 5563 1921 5633 ipse.

337 5642 575 5701 Christus
597 5648 664 5700 ad
697 5660 1128 5715 monumentum,
1161 5651 1249 5707 ille
1283 5655 1335 5708 in
1357 5663 1646 5708 azternum.
1677 5655 1923 5710 Debella-

340 5743 408 5786 vtt
443 5751 630 5793 aereas
673 5747 996 5809 potestates,
1046 5743 1120 5797 ait
1154 5743 1446 5814 Apostolus
1489 5746 1713 5804 (Colon.
1752 5748 1834 5815 ιι),
1868 5760 1922 5804 et

1963 4523 2015 4583 D

2051 3293 2161 3337 ses,
2185 3291 2216 3329 a
2247 3292 2466 3347 quaqua
2497 3279 2682 3332 mundi
2712 3290 2870 3348 parte
2892 3281 3180 3349 procedas,
3212 3283 3329 3336 sive
3355 3283 3425 3337 ab
3460 3283 3660 3338 Orien—

2053 3375 2128 3430 te,
2160 3368 2274 3421 sive
2301 3370 2368 3423 ab
2411 3368 2745 3433 Occidente,
2776 3387 2870 3425 seu
2896 3387 2926 3424 a
2968 3371 3226 3436 Meridie,
3258 3374 3341 3428 vel
3370 3391 3398 3428 a
3430 3374 3666 3445 Septen-

2053 3466 2227 3512 trione
2285 3469 2510 3527 paratus
2557 3469 2642 3512 est
2687 3461 2802 3530 ipse
2851 3461 3136 3528 suscipere
3205 3465 3557 3529 venientem,
3609 3475 3667 3521 et

2049 3547 2248 3600 blanda
2309 3549 2600 3603 confovere
2645 3549 2955 3605 dulcedine.
2999 3550 3110 3605 Sed
3143 3556 3367 3608 attende
3397 3556 3528 3624 quid
3561 3557 3662 3612 tibi

2048 3638 2378 3704 exprimitur
2421 3639 2488 3692 de
2543 3641 2708 3694 corde
2764 3640 3053 3694 Altissimi.
3087 3640 3251 3697 Venis
3280 3645 3350 3697 ad
3381 3647 3659 3701 hominem

2048 3730 2408 3785 cruciﬁxum?
2467 3731 2762 3789 cruciﬁxus
2824 3737 3032 3800 venias,
3086 3747 3179 3790 aut
3234 3739 3659 3810 cruciﬁgendus.

2049 3820 2151 3886 Qui
2198 3821 2343 3874 enim
2397 3821 2601 3877 Christi
2639 3834 2785 3887 sunt,
2820 3826 3213 3882 cruciﬁxerunt
3245 3843 3469 3883 carnem
3500 3844 3657 3886 suam

2049 3927 2172 3965 eum
2215 3913 2383 3979 vitiis,
2417 3926 2474 3969 et
2514 3917 2980 3988 concupiscentiis
3014 3918 3160 3988 (σαι.
3193 3920 3270 3988 v).
3327 3920 3420 3976 Sic
3449 3922 3656 3994 lignum

2046 4003 2292 4068 Christo,
2325 4008 2694 4060 necessarium
2721 4007 2839 4062 tibi.
2878 4007 2984 4064 Sed
3008 4011 3122 4080 jam
3155 4014 3392 4068 ascende
3427 4014 3496 4068 ad
3527 4029 3654 4070 ver-

2047 4095 2098 4149 hi
2135 4096 2295 4165 hujus
2324 4096 2554 4151 celsiora
2587 4098 2824 4169 fastigia,
2863 4109 2916 4153 et
2946 4103 3067 4154 vide
3091 4103 3354 4171 quidnam
3389 4105 3462 4158 sit
3510 4105 3660 4173 quod

2044 4188 2338 4255 egreditur.
2372 4188 2648 4258 Scriptum
2676 4201 2758 4244 est
2784 4192 2836 4244 in
2862 4191 3069 4259 Regum
3096 4194 3347 4259 historia,
3377 4196 3503 4264 quia
3531 4197 3658 4252 bea-

2049 4290 2097 4331 ta
2134 4281 2218 4334 illa
2254 4291 2428 4335 mater
2457 4283 2533 4335 ait
2560 4283 2626 4335 ad
2657 4282 2832 4336 Eliam
2871 4303 2883 4336 :
2923 4304 2939 4336 ι
2975 4285 3054 4339 Eu
3109 4286 3305 4354 colligo
3361 4287 3466 4341 duo
3507 4287 3654 4357 ligna

2046 4369 2164 4440 (III
2193 4370 2324 4442 Reg.
2359 4375 2515 4443 xvtt).
2572 4393 2590 4426 ι
2646 4374 2762 4428 Duo
2810 4375 2976 4446 ligna,
3039 4379 3146 4431 duo
3196 4379 3376 4432 crucis
3426 4378 3654 4434 brachia

2047 4472 2193 4516 sunt.
2219 4463 2274 4516 In
2307 4464 2392 4517 his
2417 4465 2631 4519 duobus
2663 4466 2959 4521 humanam
2983 4478 3038 4522 et
3065 4470 3370 4539 angelicam
3397 4479 3653 4527 naturain

2042 4553 2304 4624 iutellige.
2335 4554 2403 4608 Et
2437 4555 2569 4609 illud
2611 4556 2831 4626 quidem
2864 4557 3093 4628 lignum,
3124 4561 3270 4629 quod
3299 4571 3452 4616 recta
3481 4562 3652 4617 subli-

2041 4644 2233 4700 mitate
2257 4647 2429 4700 tendit
2457 4647 2524 4701 ad
2551 4647 2745 4713 caelos,
2779 4651 3120 4719 superiorem
3150 4655 3339 4722 accipe
3371 4661 3646 4719 naturam,

2039 4755 2160 4808 quae
2187 4741 2339 4795 stetit
2364 4741 2418 4794 in
2444 4742 2795 4806 rectitudine,
2837 4753 2891 4798 et
2921 4743 3319 4802 oﬁiciosissima
3359 4749 3649 4804 devotione

2038 4832 2306 4885 voluntati
2325 4831 2667 4888 Domiuantis
2689 4835 2939 4889 adluesit.
2967 4835 3100 4891 Illud
3126 4853 3275 4901 vero,
3300 4840 3444 4908 quod
3466 4851 3645 4894 trans-

2036 4931 2408 4990 versumjest,
2468 4925 2764 4978 humanam
2805 4925 3077 4996 designat,
3123 4945 3245 4998 qua:
3303 4938 3642 4995 transversa,

2038 5011 2167 5078 imo,
2199 5023 2257 5068 ut
2286 5015 2472 5069 verius
2495 5016 2765 5079 dicamus,
2794 5032 3010 5081 eversa,
3054 5030 3232 5073 status
3274 5021 3354 5074 sui
3408 5021 3645 5089 perdidit

2033 5105 2369 5172 (equitatem.
2413 5105 2632 5162 Intuere
2657 5123 2782 5161 cum
2810 5119 3015 5177 quanto
3038 5120 3385 5164 sacramento
3407 5111 3644 5181 jungano

2037 5208 2144 5250 tur.
2170 5198 2224 5251 In
2256 5209 2490 5269 utroque
2519 5201 2664 5271 ligno
2689 5201 2748 5254 ﬁt
2781 5203 2998 5268 scissio,
3025 5214 3081 5258 et
3104 5218 3170 5257 ex
3202 5205 3494 5258 occasione
3523 5205 3641 5258 vul-

2030 5304 2220 5342 nerum
2247 5288 2460 5357 junctio
2482 5292 2743 5361 junctura
2783 5297 3153 5364 componitur.
3210 5294 3640 5364 Superccelestes

2029 5383 2255 5450 spiritus
2293 5398 2398 5439 non
2432 5387 2706 5439 mediocre
2734 5386 2931 5441 vulnus
2959 5398 3312 5457 acceperunt,
3343 5404 3464 5442 cum
3496 5387 3639 5442 Deus

2032 5476 2083 5529 in
2124 5477 2332 5546 angelis
2377 5479 2491 5533 suis
2545 5479 2748 5549 reperit
2804 5481 3129 5550 pravitatem
3185 5481 3308 5550 (Job
3350 5480 3466 5546 tv);
3536 5496 3636 5534 nec

2029 5571 2425 5625 contemnenda
2467 5570 2644 5641 plaga,
2687 5587 2811 5626 cum
2871 5588 2992 5627 eam
3048 5573 3304 5629 resarciri
3353 5582 3632 5640 Oporteat,

2028 5662 2155 5730 quia
2187 5677 2292 5718 non
2320 5666 2569 5721 restituto
2591 5666 2776 5719 sociali
2811 5684 3061 5729 numero,
3118 5667 3486 5723 numerositas
3542 5682 3630 5719 ea-

2030 5753 2161 5806 dens
2195 5753 2337 5809 facta
2367 5756 2578 5811 videtur
2610 5757 2660 5810 iu
2706 5773 2926 5813 vanum.
2963 5759 3195 5814 Inferior
3225 5774 3352 5813 vero
3381 5766 3574 5810 natura
3599 5774 3628 5813 a
