5450 6322
953 315 1057 377 768

2353 299 2591 359 SERMO
2629 299 2857 357 XLVIII.

4163 300 4267 354 766

1027 429 1163 501 Quia
1196 427 1361 498 igitur
1401 435 1497 494 per
1525 415 2059 477 abrenuntiationem
2103 414 2339 487 propria:
2367 416 2556 471 volun-
2583 422 2634 480 Α
2665 417 2818 471 ribus
2864 415 3123 482 moveris,
3172 422 3231 471 et
3281 413 3542 481 traheris,
3592 411 3913 470 durioribus
3958 411 4130 501 clavis
4173 418 4281 471 tuis

954 521 1089 575 tatis
1149 517 1306 573 nobis
1347 511 1641 568 haareditas
1683 509 1949 572 redditur,
2009 515 2411 576 consequenter
2457 521 2554 576 per

954 615 1138 672 crucis
1192 610 1554 681 portationem
1594 613 1747 675 grata
1791 603 1881 658 illa
1922 603 2210 658 beatorum
2261 600 2552 671 spirituum

954 708 1191 764 societas
1221 711 1524 771 reparatur.
1553 697 1668 752 Duo
1700 711 1828 751 vero
1862 692 2120 750 notabilia
2152 701 2300 760 sunt,
2339 708 2460 763 qua:
2501 693 2555 746 in

897 841 902 850 .
952 802 1061 856 hac
1083 796 1265 852 crucis
1290 790 1600 864 portatione
1646 804 1746 844 nos
1774 786 1979 842 habere
2020 794 2294 854 oporteat,
2339 792 2400 838 ut
2441 781 2554 836 laesi

955 905 1067 949 non
1101 884 1360 944 laedamus
1397 893 1448 940 et
1483 880 1890 938 benefaciamus
1915 877 2254 933 laedentibus.
2297 874 2554 946 Magnum

953 981 1174 1050 «pridem
1202 989 1258 1034 et
1280 977 1423 1031 ultra
1457 973 1734 1030 hominem
1761 980 1847 1026 est
1881 971 2237 1041 asperitatem
2258 968 2553 1022 verborum

951 1081 1011 1124 et
1037 1070 1321 1124 verberum
1362 1081 1467 1121 non
1517 1063 1692 1119 solum
1742 1061 1876 1131 pati,
1911 1059 2005 1115 sed
2035 1070 2092 1116 et
2141 1075 2248 1115 non
2300 1057 2550 1121 reddere.

953 1159 1089 1217 Illud
1141 1174 1272 1212 vero
1321 1155 1497 1226 majus
1540 1164 1624 1209 est
1672 1163 1728 1208 et
1772 1153 2014 1207 divinum
2057 1151 2316 1221 quiddam
2363 1149 2550 1231 sapit:

960 1271 979 1303 ι
1007 1248 1318 1305 Benefacite
1349 1248 1432 1302 his
1462 1246 1552 1315 qui
1604 1245 1837 1299 oderunt
1883 1259 1979 1298 vos
2010 1242 2164 1310 (Luc.
2193 1243 2291 1313 vt).
2323 1261 2341 1294 ι
2379 1239 2554 1311 Magi.-

953 1350 1070 1396 ster
1099 1348 1282 1394 noster
1311 1348 1368 1394 et
1401 1337 1684 1402 Dominus,
1725 1336 1979 1392 Christus
2003 1335 2174 1390 Filius
2207 1335 2320 1397 Dei,
2356 1343 2412 1388 et
2456 1333 2551 1388 la:-

955 1431 1154 1486 dentes
1188 1429 1458 1500 patienter
1513 1427 1737 1498 pertulit
1783 1436 1838 1481 et
1879 1425 2150 1482 benefecit
2206 1424 2551 1489 laedentibus;

954 1519 1190 1575 dicens:
1228 1537 1247 1570 ι
1275 1516 1459 1582 Pater,
1507 1517 1727 1588 ignosce
1777 1516 1906 1584 illis,
1953 1517 2082 1587 quia
2129 1517 2380 1572 neSeiunt
2422 1515 2554 1585 quid

951 1607 1160 1683 faciunt
1185 1605 1339 1678 (Luc.
1371 1605 1551 1674 χχιιι).
1584 1625 1604 1657 ι
1634 1606 1932 1661 Considera
1957 1604 2306 1669 beneficium,
2330 1604 2459 1659 dum
2482 1603 2551 1657 fel

955 1698 1063 1763 ori,
1096 1695 1232 1751 clavi
1282 1696 1557 1759 manibus,
1591 1693 1781 1750 lancea
1832 1693 1992 1750 lateri
2031 1703 2439 1766 apponerentur
2484 1691 2554 1747 ab

2657 506 2825 578 pedes
2855 504 3261 576 Omnipotcntis
3288 504 3768 568 transverberans,
3805 503 3874 558 ab
3913 500 4160 558 inferiori
4194 504 4281 559 in-

2661 597 2767 652 fers
2794 596 3142 667 supplicium,
3176 596 3306 650 dum
3345 605 3730 650 momentanea
3773 593 4050 664 voluptate
4081 594 4279 651 volun-

2661 697 2830 743 tatem
2875 688 3223 744 Dominantis
3252 687 3519 743 excludis.
3551 686 3686 742 Cum
3720 687 4065 757 prosperaris
4091 687 4147 741 in
4177 685 4286 742 ini-

2658 779 2889 850 quitate,
2921 789 2978 836 et
3019 777 3282 833 fmtidiori
3323 791 3489 832 cursu
3541 791 3723 831 rerum
3764 785 3988 845 peccata
4036 775 4282 846 peccatis

2659 869 3001 935 accumulas,
3031 869 3249 924 clavmu
3278 871 3438 941 ponis
3471 868 3526 922 in
3558 866 3707 922 illius
3734 867 3983 932 dextera,
4015 881 4181 936 quem
4210 867 4280 922 de

2658 951 2774 1020 Suis
2798 964 2957 1019 bouis
2987 948 3243 1034 persequi
3271 977 3379 1017 non
3405 961 3646 1016 desistis.
3677 959 3969 1015 Cumvero
3991 959 4279 1015 abundan-

2588 1068 2597 1076 '
2660 1057 2781 1113 tiori
2814 1057 3038 1112 tristitia
3068 1055 3404 1121 abscrberis,
3434 1063 3490 1110 et
3523 1063 3672 1110 tuam
3701 1053 4042 1123 impietatem
4084 1052 4278 1123 pietati

2657 1148 2755 1204 Dei
2784 1146 3195 1217 praeponderas,
3237 1144 3521 1200 sinistram
3547 1143 3668 1214 ejus
3713 1141 4016 1214 transflgis,
4057 1150 4113 1196 et
4149 1155 4282 1196 con-

2659 1248 2882 1310 ceptum
2914 1237 3154 1293 furorem
3177 1237 3366 1293 furore
3387 1246 3495 1291 tute
3523 1235 3925 1307 desperationis
3950 1234 4278 1307 amplificas.

2658 1331 2904 1402 Denique
2930 1347 3055 1386 cum
3099 1331 3388 1401 praesumis
3422 1329 3720 1385 defendere
3747 1329 3894 1398 quod
3926 1327 4127 1392 fecisti,
4158 1327 4279 1383 lan-

2657 1440 2881 1480 cearum
2912 1425 3080 1480 ictum
3114 1423 3272 1478 lateri
3319 1422 3627 1479 Salvatoris
3674 1423 3981 1492 intorques,
4025 1420 4278 1491 nihilque

2657 1517 2881 1588 gravius
2916 1516 3122 1588 ingeris
3155 1514 3436 1572 Crucifixo
3467 1529 3632 1584 quam
3665 1512 3804 1567 tueri
3856 1513 4000 1583 quod
4027 1512 4165 1568 odit.
4200 1511 4279 1566 De

2659 1610 2763 1663 hoc
2807 1609 2955 1663 enim
3009 1618 3239 1678 peccato
3267 1607 3533 1676 scriptum
3583 1616 3667 1660 est
3698 1623 3710 1658 :
3749 1624 3768 1656 ι
3804 1603 3920 1658 Non
3961 1602 4281 1659 miserearis

2656 1699 2932 1765 omnibus,
2973 1699 3066 1769 qui
3110 1706 3414 1768 operantur
3462 1696 3805 1767 iniquitatem
3837 1692 4010 1767 (Erat.
4043 1693 4220 1766 Lvnt).
4252 1711 4272 1746 ι

952 1789 1224 1855 inimicis;
1275 1803 1352 1844 os.
1385 1797 1442 1843 et
1490 1802 1686 1844 manus
1737 1796 1795 1844 et
1833 1786 1978 1842 latus
2022 1787 2259 1858 agebant
2299 1800 2398 1856 pro
2447 1783 2550 1839 ini-
2586 1778 2626 1836 Β
2663 1792 2958 1862 Videsjam
2988 1806 3104 1862 quat

2126 1787 2259 1842 bant
2299 1800 2398 1856 pro
2447 1783 2550 1839 ini-
2586 1778 2626 1836 Β
2663 1792 2958 1862 Videsjam
2988 1799 3195 1862 quanta
3223 1787 3533 1850 diﬂ'erentia
3563 1790 3707 1844 inter
3735 1797 4028 1858 utramque
4050 1800 4278 1844 crucem

949 1882 1128 1938 micis.

1023 1969 1158 2026 Vide
1183 1985 1314 2040 ergo
1337 1971 1382 2027 si
1428 1969 1686 2042 angelica:
1711 1967 1969 2046 dignitati
1978 1967 2128 2039 juste
2158 1967 2274 2046 haec
2304 1965 2552 2046 assigne-
2590 1991 2592 1994 ν

949 2079 1092 2121 unus.
1131 2064 1258 2120 Haec
1290 2065 1434 2120 enim
1467 2063 1574 2119 duo
1612 2063 1827 2136 illorum
1867 2060 2205 2140 proprietati.
2242 2067 2371 2116 sunt
2420 2073 2550 2129 pro-

948 2156 1095 2226 pria.
1134 2153 1390 2223 Quotidie
1437 2153 1559 2208 illos
1607 2153 1676 2208 ad
1722 2153 1897 2209 nostri
1925 2150 2231 2208 custodiam
2263 2149 2551 2220 deputatos

947 2247 1324 2318 multipliciter
1370 2245 1730 2313 offendimus,
1779 2253 1836 2301 et
1898 2241 2163 2301 offensam
2221 2241 2552 2313 negligentia

945 2339 1312 2395 cumulamus.
1366 2337 1470 2409 Ipsi
1521 2347 1706 2393 autem
1763 2335 1895 2392 licet
1942 2350 1975 2390 a
2025 2333 2187 2391 nobis
2231 2332 2556 2404 frequenter

946 2428 1178 2500 injurias
1203 2430 1500 2500 patiantur,
1533 2429 1808 2483 sustinent
1839 2437 2023 2482 tamen
2048 2437 2105 2481 et
2144 2427 2554 2495 compatiuntur

944 2519 1334 2594 peccantibus;
1378 2535 1477 2574 nec
1505 2519 1686 2573 minor
1718 2517 1932 2572 illorum
1962 2517 2112 2572 circa
2151 2533 2251 2571 nos
2279 2514 2550 2578 custodia,

947 2614 1060 2669 imo
1087 2612 1260 2683 major
1289 2610 1618 2675 sollicitudo,
1643 2597 1769 2667 cum
1794 2609 1919 2666 boni
1944 2606 2186 2666 custodis
2214 2608 2286 2664 sit
2320 2606 2554 2662 infirmis

944 2703 1122 2775 magis
1147 2718 1310 2773 quam
1341 2703 1491 2758 sanis
1513 2715 1734 2773 operam
1772 2702 2054 2758 exhibere.

1023 2793 1421 2865 Subjungitur:
1457 2809 1474 2844 ι
1507 2792 1571 2847 Et
1605 2803 1870 2863 sequatur
1907 2808 2014 2847 me.
2048 2810 2067 2844 ι
2094 2789 2230 2847 Cum
2263 2790 2317 2845 in
2347 2791 2429 2845 sui
2459 2787 2555 2843 ah-

944 2884 1236 2956 negatibne
1260 2891 1543 2940 revocetur
1567 2884 1874 2943 hmreditas.
1899 2893 1954 2938 et
1983 2883 2037 2936 in
2064 2881 2302 2936 tollendo
2330 2895 2550 2936 crucem

944 2974 1187 3044 dignitas
1235 2972 1592 3044 angelorum,
1646 2973 1699 3027 in
1747 2973 2054 3029 imitatione
2082 2972 2284 3028 Christi
2335 2987 2550 3026 summa

942 3065 1104 3119 nobis
1131 3063 1363 3118 felicitas
1391 3073 1728 3118 reservatur.
1765 3063 1864 3120 llic
1886 3074 1972 3121 est
2002 3065 2266 3119 virtutum
2290 3079 2549 3119 consum-

2656 1881 3024 1954 perambulet.
3062 1880 3350 1968 .Relinque
3398 1895 3532 1952 ergo
3571 1895 3816 1943 crucem,
3848 1894 4015 1948 quam
4055 1877 4152 1933 tibi
4198 1875 4282 1933 fa-

2655 1976 2902 2039 bricasti,
2933 1984 2988 2030 et
3021 1974 3258 2047 gloriare
3303 1973 3360 2029 in
3404 1988 3568 2029 cruce
3598 1972 3814 2028 Domini
3869 1972 3961 2028 Dei
4017 1971 4091 2028 tui
4125 1968 4274 2046 (Gal.

2654 2067 2732 2136 vi)
2752 2107 2767 2132 ,
2797 2065 2890 2137 qui
2919 2076 3006 2122 est
3041 2065 3364 2122 benedictus
3387 2064 3441 2119 in
3468 2063 3691 2120 secula.
3729 2064 3928 2127 Amen.

3349 2174 3583 2242 XLVIII.

3251 2281 3642 2338 sna-rumne
3689 2281 3913 2325 ωηατ-ι
3950 2282 4167 2326 caveis.

3295 2339 3412 2409 (xiv
3449 2354 3583 2396 ssr'r
3610 2339 3629 2412 )

2731 2431 3002 2489 Vexillnm
3054 2432 3408 2502 imperatoris
3445 2432 3663 2497 :cterni,
3708 2430 3909 2486 fratres
3936 2428 4272 2499 charissimi,

2655 2541 2718 2581 ea
2750 2526 3042 2583 devotione
3095 2524 3471 2595 prosequimur
3509 2539 3619 2595 qua
3662 2532 3717 2579 et
3753 2524 3931 2594 ipsum
3985 2519 4078 2594 qui
4111 2521 4165 2577 in
4204 2536 4275 2579 eo

2656 2619 2996 2689 triumphare
3028 2618 3285 2690 dignatus
3309 2627 3397 2673 est
3436 2631 3786 2674 veneramur.
3815 2615 3971 2684 Quod
4018 2613 4276 2672 videlicet

2660 2711 2792 2767 nulli
2836 2720 3151 2767 sanctorum
3181 2725 3254 2766 ex
3291 2710 3669 2766 ecclesiastica
3720 2707 4077 2780 cognoscitur
4118 2706 4277 2766 insti-

2659 2803 2869 2858 tutione
2890 2800 3172 2858 collatum.
3201 2799 3437 2858 Sanctos
3461 2801 3610 2858 enim
3635 2800 3933 2871 quoslibet,
3957 2799 4075 2854 sive
4101 2797 4273 2856 etiam

2658 2893 2912 2950 cmlestcs
2947 2893 3182 2950 virtutes
3226 2907 3451 2949 oramus
3487 2891 3734 2965 quidem,
3781 2892 3877 2946 sed
3923 2907 4029 2945 non
4075 2891 4272 2946 adora-

2661 2998 2816 3047 mus;
2850 2997 2975 3039 cum
3004 2997 3137 3038 vero
3169 2998 3392 3038 crucem
3441 2999 3542 3039 nos
3593 2982 3832 3038 fatemur
3882 2982 4139 3048 adorare,
4185 2981 4273 3038 vel

2658 3073 2860 3137 colere,
2891 3073 2966 3128 illi
3005 3082 3214 3128 tantum
3241 3074 3426 3144 figura:
3457 3074 3722 3130 Dominici
3751 3074 4023 3143 corporis,
4059 3089 4183 3142 qua:
4208 3073 4269 3127 in

2765 2285 2826 2325 ιι.
2869 2283 3094 2326 HOIIUA
3133 2284 3202 2325 οε

941 3153 1138 3217 milio.
1166 3153 1290 3208 “liis
1319 3168 1534 3218 Cursus.
1561 3154 1888 3224 Principium
1930 3155 2301 3225 Ρΐωιῐιὶοΐιιηιο
2352 3155 2460 3209 Sed
2495 3155 2547 3208 in
2577 3140 2622 3200 Ο
2656 3177 2820 3216 cruce
2866 3160 3010 3216 facta
3039 3171 3148 3225 est,
3198 3163 3341 3216 hanc
3385 3165 3669 3218 noscimnr
3708 3165 4076 3218 reverentiam
4116 3163 4272 3218 exhi-

942 3247 1051 3305 hac
1099 3246 1404 3300 imitatione
1448 3246 1555 3301 duo
1603 3255 1732 3300 sunt
1774 3246 2148 3317 adimplenda,
2193 3247 2445 3302 videlicet
2491 3255 2549 3299 ut

943 3337 1334 3406 magistrorum
1366 3335 1621 3391 subdaris
1666 3335 1936 3406 imperiis,
1977 3346 2034 3391 et
2082 3337 2548 3406 perseverantiam

942 3442 1054 3483 non
1094 3426 1332 3480 amittas.
1366 3425 1444 3479 Ita
1475 3424 1635 3495 plane
1673 3426 1879 3495 poteris
1920 3426 2074 3496 sequi
2103 3425 2406 3491 Christum,
2452 3425 2546 3495 qui

942 3530 1054 3571 non
1077 3515 1226 3569 venit
1253 3515 1435 3570 facere
1468 3515 1798 3570 voluntatem
1831 3531 2015 3580 suam,
2059 3516 2154 3570 sed
2178 3514 2296 3583 ejus
2327 3517 2418 3584 qui
2448 3515 2550 3568 mi-

940 3605 1017 3658 sit
1045 3603 1197 3658 illum
1228 3604 1410 3675 (Joan.
1445 3604 1523 3673 v),
1565 3614 1620 3660 et
1653 3606 1744 3674 qui
1777 3619 1876 3674 pro
1904 3605 2096 3660 eadem
2131 3605 2414 3660 voluntate
2439 3619 2547 3658 non

942 3695 1126 3752 timuit
1165 3709 1372 3765 ponere
1421 3697 1660 3748 animam
1692 3711 1848 3748 suam
1893 3694 2078 3758 (Joan.
2124 3695 2248 3765 ιιι).
2287 3695 2406 3761 Quo
2432 3692 2550 3749 fru-

939 3796 1058 3853 ctu,
1082 3802 1188 3857 qua
1235 3785 1487 3853 utilitate,
1519 3802 1626 3854 quo
1659 3785 1920 3855 praemio?
1963 3803 1982 3836 ι
2032 3782 2104 3840 Ut
2134 3787 2224 3840 ubi
2259 3800 2359 3855 ego
2406 3800 2547 3849 sum,

941 3879 1147 3949 inquit,
1184 3878 1296 3934 illic
1349 3879 1420 3932 sit
1454 3889 1509 3934 et
1555 3877 1809 3931 minister
1850 3889 2004 3931 meus
2026 3875 2241 3948 (Ibtd.).
2279 3895 2299 3928 ι
2337 3874 2548 3943 Quanta

939 3970 1182 4042 dignitas
1227 3984 1352 4024 esse
1389 3985 1512 4024 cum
1567 3969 1699 4033 Deo,
1729 3968 1906 4024 beatis
1935 3969 2204 4023 interesse
2242 3968 2548 4038 spiritibus,

940 4068 1003 4116 et
1048 4059 1192 4116 inter
1245 4059 1398 4114 illum
1447 4058 1727 4116 caelestem
1771 4069 2101 4114 conventum
2146 4069 2409 4130 perpetuo
2454 4076 2552 4114 nuo

939 4151 1143 4208 lucrari
1171 4152 1186 4205 ἓ
1613 4183 1616 4186 ~
1683 4205 1695 4220 _

1015 4241 1180 4316 247
1211 4241 1345 4297 Vide
1382 4256 1514 4313 ergo
1552 4255 1620 4296 ne
1671 4256 1862 4298 rursus
1898 4242 2212 4313 tibimetipsi
2261 4244 2552 4315 cruciflgas

939 4331 1142 4388 Filium
1178 4332 1274 4386 Dei
1321 4341 1376 4386 et
1413 4320 1747 4387 hostem‘tui
1798 4333 2024 4400 habeas,
2058 4349 2250 4390 rursus
2277 4334 2552 4391 fabricans

940 4421 1190 4488 crucem,
1220 4424 1273 4477 in
1322 4438 1429 4493 qua
1469 4423 1824 4495 crucifigatur
1855 4423 1968 4489 ille,
2007 4425 2098 4493 qui
2145 4440 2434 4497 resurgens
2481 4441 2547 4480 ex

943 4513 1177 4569 mortuis
1212 4512 1329 4582 jam
1371 4530 1481 4568 non
1535 4515 1767 4570 moritur
1817 4513 1998 4586 (Rom.
2047 4515 2150 4588 vr).
2203 4517 2420 4572 Intuere
2478 4534 2546 4573 ne

942 4604 1284 4661 mortiferam
1309 4621 1528 4661 crucem
1556 4591 1778 4672 efficias,
1811 4606 1866 4661 in
1896 4622 2002 4678 qua
2030 4608 2199 4664 facies
2224 4609 2422 4663 Filium
2450 4611 2546 4665 Dei

941 4699 1149 4754 amaris
1177 4698 1454 4756 doloribus
1482 4699 1730 4755 interire.
1779 4699 2045 4771 Superbia
2094 4702 2369 4772 superius,
2411 4702 2550 4759 infe-

942 4790 1063 4844 rius
1087 4789 1323 4858 luxuria,
1350 4806 1381 4845 a
1411 4791 1621 4847 dextris
1647 4793 1992 4862 prosperatio
2037 4793 2364 4863 iniquitatis,
2407 4810 2436 4849 a
2467 4795 2547 4849 si-

943 4881 1135 4936 nistris
1161 4881 1514 4939 adversitatis
1536 4882 1866 4954 desperatio,
1902 4885 2109 4955 spinas,
2141 4886 2325 4942 clavos
2348 4896 2404 4943 et
2433 4887 2549 4942 lan-

941 4986 1100 5029 ceam
1133 4971 1244 5028 filio
1272 4971 1510 5043 Virginis
1537 4985 1954 5046 repraesentant.
1986 4976 2121 5033 Cum
2148 4980 2294 5034 enim
2325 4981 2548 5038 elevans

942 5072 1083 5120 teet
1126 5065 1413 5121 ambulans
1445 5066 1587 5122 collo
1617 5075 1837 5123 extento
1880 5079 2046 5139 caput
2069 5069 2333 5125 Altissimi
2365 5073 2548 5143 spina-

947 5174 1071 5214 rum
1102 5161 1506 5231 multiplicitate
1528 5172 1882 5232 contorques,
1905 5172 1961 5218 et
1991 5163 2080 5218 hic
2113 5180 2143 5219 a
2174 5166 2550 5234 superioribus

945 5253 1198 5322 superari
1242 5253 1469 5309 moleste
1500 5253 1634 5317 fers,
1683 5255 1792 5309 imo
1828 5256 2139 5324 superiores
2165 5257 2344 5326 potius
2389 5273 2550 5327 supe-

949 5355 1077 5396 rare
1121 5343 1428 5409 contendis,
1467 5344 1541 5398 illi
1585 5344 1780 5400 similis
1807 5361 1867 5400 es
1892 5346 1982 5416 qui
2013 5362 2074 5402 sc
2100 5347 2333 5402 similem
2385 5349 2550 5405 Altis-

948 5431 1090 5487 sime
1117 5434 1393 5504 cogitavit.
1433 5433 1709 5507 Scriptum
1740 5446 1822 5492 est
1855 5438 2000 5492 enim
2032 5455 2045 5490 :
2085 5457 2102 5490 ι
2135 5437 2276 5493 Deus
2303 5441 2552 5509 superbis

950 5523 1159 5580 resistit
1189 5526 1239 5590 (1
1283 5525 1430 5582 Petr.
1461 5529 1537 5599 v),
1575 5549 1593 5582 ι
1628 5529 1732 5585 illis
1773 5529 2047 5597 videlicet,
2090 5533 2179 5602 qui
2223 5548 2345 5589 cum
2387 5549 2451 5589 eo
2483 5550 2547 5589 ex

949 5631 1110 5688 aequo
1165 5628 1313 5675 stare
1359 5623 1714 5678 contendunt.
1747 5625 2040 5696 Componis
2079 5627 2266 5683 oculos
2309 5608 2549 5702 tuos..ut

948 5722 1055 5766 ttou
1085 5710 1346 5780 respicias
1373 5713 1593 5782 C(PIlllll,
1619 5725 1672 5772 et
1702 5717 2034 5790 voluptuosis
2071 5721 2251 5776 carnis
2287 5730 2390 5776 tute
2433 5737 2546 5778 mo-

2654 3252 2809 3307 bere.
2843 3253 2898 3306 In
2943 3253 3100 3322 signo
3131 3267 3328 3322 nempe
3362 3254 3607 3308 victoriae
3637 3255 3898 3309 victorem
3931 3253 4186 3319 colimus,
4213 3262 4270 3310 et

2654 3343 2934 3398 adorando
2965 3358 3210 3408 crucem,
3246 3345 3445 3412 ipsum,
3475 3345 3566 3414 qui
3597 3345 3901 3399 crucifixus
3929 3354 4036 3409 est,
4074 3346 4268 3400 adorao

2655 3451 2796 3490 mus.
2848 3434 3192 3504 Quapropter
3236 3435 3380 3490 sicut
3425 3439 3731 3506 aggandcre
3781 3437 4088 3508 resurgenti
4120 3477 4135 3502 ,
4185 3438 4284 3493 vel

2655 3526 2980 3581 ascendenti
3009 3526 3242 3582 Demino
3269 3529 3674 3592 consuevimus.
3711 3531 3783 3584 ita
3818 3530 3986 3585 etiam
4018 3530 4273 3587 exaltata:

2653 3617 2772 3686 ejus
2819 3618 2970 3672 cruci
3032 3623 3141 3672 non
3204 3619 3481 3676 immerito
3539 3623 3964 3692 congaudcmus.
4023 3623 4269 3680 Pretium

2655 3723 2892 3777 namque
2930 3718 3182 3764 nostrum
3215 3710 3332 3767 haec
3358 3720 3561 3767 statera
3608 3713 3848 3779 libravit,
3877 3729 3986 3785 quo
4016 3716 4272 3774 videlicet

2653 3811 2707 3856 ct
2745 3801 2811 3856 de
2832 3799 2966 3871 jugo
3001 3801 3343 3874 Egyptiacm
3365 3807 3649 3862 servitutis
3676 3808 3962 3878 eripimnr,
3989 3818 4046 3865 et
4071 3826 4140 3865 ex
4166 3809 4272 3865 im-

2652 3892 2805 3963 probi
2830 3895 3106 3949 exactoris
3136 3893 3346 3951 ftenore
3374 3895 3690 3955 liberamur.
3717 3899 3845 3956 Haec
3871 3901 4031 3969 plane
4050 3916 4266 3957 summa

2654 3984 2968 4053 inexplebili
3000 3986 3373 4043 damnationis
3410 3999 3614 4045 nostra:
3652 3991 4020 4062 chirographo
4049 3994 4266 4050 satisfe-

2653 4072 2744 4138 cit,
2781 4083 2832 4129 et
2869 4074 3144 4131 insolubili
3186 4091 3286 4132 nos
3314 4077 3500 4134 debito
3528 4091 3760 4137 vetustae
3788 4084 4059 4139 cautionis
4085 4083 4269 4140 absol-

2653 4160 2753 4220 vit‘.
2785 4164 2941 4221 Unde
2963 4167 3036 4244 ad
3067 4166 3422 4224 Colossenses
3463 4172 3792 4240 praedicator
3817 4175 4073 4243 egregius
4104 4193 4116 4229 :
4151 4191 4170 4226 ι
4199 4174 4268 4230 Et

2655 4263 2773 4318 vos,
2810 4255 3008 4325 inquit,
3051 4272 3177 4312 cum
3217 4261 3420 4316 mortui
3450 4263 3650 4318 essetis
3680 4263 3732 4317 in
3765 4264 3999 4330 delictis,
4043 4275 4097 4319 et
4127 4279 4267 4336 pras-

2655 4349 2807 4418 putio
2852 4351 3037 4406 carnis
3075 4361 3292 4420 vestra,
3342 4356 3748 4412 convivificavit
3788 4357 3958 4431 248
3981 4374 4105 4414 cum
4150 4359 4265 4427 illo,

2629 4441 2866 4499 donans
2891 4445 3048 4499 vobis
3077 4449 3263 4501 omnia
3303 4447 3524 4514 delicta,
3554 4451 3764 4516 delens,
3795 4455 3941 4520 quod
3971 4452 4264 4509 adversum

2651 4549 2753 4590 nos
2779 4547 2921 4604 erat,
2952 4538 3410 4613 chrirographtzm
3439 4543 3670 4610 decreti,
3717 4545 3862 4614 quod
3895 4557 4014 4600 erat
4039 4557 4262 4602 contra-

2651 4628 2792 4684 rium
2837 4629 3014 4692 nobis.
3048 4641 3105 4686 et
3135 4631 3312 4701 ipsum
3343 4633 3465 4688 tulit
3514 4635 3582 4690 de
3632 4636 3832 4701 medio,
3877 4635 4102 4707 afligens
4131 4636 4265 4695 illud

2653 4721 2802 4777 cruci
2837 4739 2849 4773 :
2882 4730 2938 4776 et
2966 4723 3284 4796 esspolians
3312 4726 3678 4798 principatus,
3706 4737 3763 4783 et
3799 4739 4118 4799 potestates,
4153 4739 4267 4789 tra-

2654 4818 2804 4875 duxit
2866 4819 3251 4889 confldenter,
3299 4822 3480 4894 palam
3533 4825 3874 4895 triumphans
3925 4825 4043 4881 illos
4084 4826 4138 4882 in
4184 4840 4266 4884 se-

2655 4909 2889 4978 metipso
2931 4908 3070 4980 (Col.
3117 4911 3204 4982 ιι).
3241 4906 3267 4966 ό
3305 4912 3438 4981 Quae
3483 4915 3648 4986 igitur
3698 4915 3880 4988 lingua
3942 4916 3998 4971 in
4042 4916 4261 4974 laudem

2656 5003 2835 5056 crucis
2866 5001 3140 5058 invenitur
3164 5003 3384 5072 idonea,
3410 5023 3533 5076 qua:
3559 5007 3758 5062 caelum
3786 5008 4022 5076 aperuit,
4057 5017 4263 5065 terram

2653 5106 2685 5144 α
2707 5091 2978 5145 sententia
3004 5093 3244 5164 antiqua:
3275 5095 3684 5154 maledictionis
3707 5097 3959 5162 absolvit,
3987 5107 4260 5154 tartarum

2657 5181 2943 5251 spoliavit?
2992 5182 3118 5239 Ηιιξθ
3149 5185 3408 5241 nimirum
3451 5189 3610 5244 olivm
3651 5205 3750 5244 nos
3802 5190 4070 5246 oleastros
4112 5191 4259 5246 inse-

2658 5273 2786 5338 ruit,
2821 5283 2871 5327 et
2911 5273 2978 5329 de
3019 5277 3162 5331 vasis
3199 5278 3293 5333 ira:
3335 5295 3462 5333 vasa
3507 5281 3899 5337 misericordiae
3948 5282 4258 5338 fabricavit.

2659 5360 2784 5416 Haec
2814 5378 2914 5417 nos
2959 5365 3216 5422 sedentes
3254 5368 3306 5422 in
3349 5370 3592 5426 tenebris
3637 5373 3689 5425 in
3732 5372 3868 5427 lucis
3908 5373 4050 5429 filios
4079 5383 4262 5431 trans-

2658 5453 2796 5520 tulit,
2823 5455 2888 5541 de
2913 5453 3150 5513 inimicis
3174 5461 3506 5518 domesticos
3535 5463 3686 5530 fecit,
3714 5466 3780 5519 de
3801 5468 4114 5522 conditione
4139 5482 4260 5524 sero

2655 5544 2742 5599 vili
2777 5545 2829 5600 in
2870 5549 3024 5619 regni
3073 5551 3214 5607 filios
3253 5554 3553 5623 adoptavit.
3611 5557 3716 5612 Sed
3755 5575 4070 5631 quanquam
4115 5561 4262 5617 desit

2653 5636 2900 5693 facundia
2930 5643 3237 5715 peritiaque
3276 5649 3573 5715 sermonis,
3606 5665 3827 5707 cessare
3859 5667 3966 5706 non
3997 5652 4262 5708 debemus

2652 5744 2679 5782 a
2710 5728 2863 5788 laude
2899 5734 3079 5791 crucis
3107 5777 3122 5802 ,
3161 5737 3288 5809 quia
3334 5741 3480 5812 quod
3515 5739 3760 5799 facultati
3786 5741 4151 5813 subtrahitur,
4192 5758 4258 5800 ex
