  <div class='ocr_page' id='page_1' title='image "/cluster/home/n/w/nwhite01/storage/ocr_20150623/144-145/uc1.31175001639262/391.png"; bbox 0 0 5450 6400; ppageno 0'>
   <div class='ocr_carea' id='block_1_1' title="bbox 209 1355 224 1470">
    <p class='ocr_par' dir='ltr' id='par_1_1' title="bbox 209 1355 222 1398">
     <span class='ocr_line' id='line_1_1' title="bbox 209 1355 222 1398; baseline 0 0"><span class='ocrx_word' id='word_1_1' title='bbox 209 1355 222 1398; x_wconf 75' lang='lat' dir='ltr'><strong>l</strong></span> 
     </span>
    </p>
   </div>
   <div class='ocr_carea' id='block_1_2' title="bbox 2023 343 5293 420">
    <p class='ocr_par' dir='ltr' id='par_1_2' title="bbox 2023 343 5293 420">
     <span class='ocr_line' id='line_1_2' title="bbox 2023 343 5293 420; baseline -0.006 -1"><span class='ocrx_word' id='word_1_2' title='bbox 2023 363 2125 420; x_wconf 81' lang='lat'><strong>767</strong></span> <span class='ocrx_word' id='word_1_3' title='bbox 2587 357 2644 412; x_wconf 83' lang='lat'><strong>8.</strong></span> <span class='ocrx_word' id='word_1_4' title='bbox 2682 355 2886 412; x_wconf 79' lang='lat' dir='ltr'><strong>PETRI</strong></span> <span class='ocrx_word' id='word_1_5' title='bbox 2924 353 3208 410; x_wconf 73' lang='grc' dir='ltr'>ῡΑιιιΑιιι</span> <span class='ocrx_word' id='word_1_6' title='bbox 3235 351 3387 410; x_wconf 82' lang='lat' dir='ltr'><strong>OPP.</strong></span> <span class='ocrx_word' id='word_1_7' title='bbox 3418 347 3597 405; x_wconf 80' lang='lat' dir='ltr'><strong>PARS</strong></span> <span class='ocrx_word' id='word_1_8' title='bbox 3636 347 3768 405; x_wconf 72' lang='grc' dir='ltr'><strong>εει]</strong></span> <span class='ocrx_word' id='word_1_9' title='bbox 3803 346 4038 405; x_wconf 71' lang='grc' dir='ltr'><strong>τοιιυδ</strong></span> <span class='ocrx_word' id='word_1_10' title='bbox 4080 347 4140 404; x_wconf 90' lang='grc' dir='ltr'><strong>ιι.</strong></span> <span class='ocrx_word' id='word_1_11' title='bbox 4182 379 4250 391; x_wconf 84' lang='grc'><strong><em>--</em></strong></span> <span class='ocrx_word' id='word_1_12' title='bbox 4282 347 4671 404; x_wconf 64' lang='grc' dir='ltr'>εειιιιοιιεε.</span> <span class='ocrx_word' id='word_1_13' title='bbox 5193 343 5293 400; x_wconf 71' lang='grc'><strong>768</strong></span> 
     </span>
    </p>
   </div>
   <div class='ocr_carea' id='block_1_3' title="bbox 2021 464 5297 540">
    <p class='ocr_par' dir='ltr' id='par_1_3' title="bbox 2021 464 5297 540">
     <span class='ocr_line' id='line_1_3' title="bbox 2021 464 5297 540; baseline -0.003 -7"><span class='ocrx_word' id='word_1_14' title='bbox 2021 475 2355 534; x_wconf 70' lang='lat' dir='ltr'><strong>abundantia</strong></span> <span class='ocrx_word' id='word_1_15' title='bbox 2415 474 2567 527; x_wconf 74' lang='lat' dir='ltr'><strong>bona:</strong></span> <span class='ocrx_word' id='word_1_16' title='bbox 2611 473 2907 526; x_wconf 91' lang='lat' dir='ltr'><strong>voluntatis</strong></span> <span class='ocrx_word' id='word_1_17' title='bbox 2962 471 3216 540; x_wconf 87' lang='lat' dir='ltr'><strong>impletur</strong></span> <span class='ocrx_word' id='word_1_18' title='bbox 3242 512 3256 534; x_wconf 86' lang='lat'><strong>,</strong></span> <span class='ocrx_word' id='word_1_19' title='bbox 3306 467 3604 540; x_wconf 75' lang='lat' dir='ltr'><strong>przesertim</strong></span> <span class='ocrx_word' id='word_1_20' title='bbox 3634 467 3686 525; x_wconf 78' lang='grc' dir='ltr'><strong>Α</strong></span> <span class='ocrx_word' id='word_1_21' title='bbox 3713 465 3942 519; x_wconf 74' lang='lat' dir='ltr'><strong>exaltari</strong></span> <span class='ocrx_word' id='word_1_22' title='bbox 3967 475 4178 534; x_wconf 90' lang='lat' dir='ltr'><strong>oportet</strong></span> <span class='ocrx_word' id='word_1_23' title='bbox 4216 465 4383 520; x_wconf 84' lang='lat' dir='ltr'><strong>illium</strong></span> <span class='ocrx_word' id='word_1_24' title='bbox 4412 466 4667 529; x_wconf 90' lang='lat' dir='ltr'><strong>hominis,</strong></span> <span class='ocrx_word' id='word_1_25' title='bbox 4708 474 4768 520; x_wconf 89' lang='lat' dir='ltr'><strong>ut</strong></span> <span class='ocrx_word' id='word_1_26' title='bbox 4793 464 4969 521; x_wconf 82' lang='lat' dir='ltr'><strong>omnis</strong></span> <span class='ocrx_word' id='word_1_27' title='bbox 5000 466 5095 536; x_wconf 85' lang='lat' dir='ltr'><strong>qui</strong></span> <span class='ocrx_word' id='word_1_28' title='bbox 5125 467 5297 522; x_wconf 83' lang='lat' dir='ltr'><strong>credit</strong></span> 
     </span>
    </p>
   </div>
   <div class='ocr_carea' id='block_1_4' title="bbox 2023 560 3605 633">
    <p class='ocr_par' dir='ltr' id='par_1_4' title="bbox 2023 560 3605 633">
     <span class='ocr_line' id='line_1_4' title="bbox 2023 560 3605 633; baseline -0.006 -12"><span class='ocrx_word' id='word_1_29' title='bbox 2023 582 2144 621; x_wconf 85' lang='lat' dir='ltr'><strong>eum</strong></span> <span class='ocrx_word' id='word_1_30' title='bbox 2176 563 2464 633; x_wconf 72' lang='lat' dir='ltr'><strong>Apostolus</strong></span> <span class='ocrx_word' id='word_1_31' title='bbox 2503 562 2646 615; x_wconf 73' lang='lat' dir='ltr'><strong>dicat</strong></span> <span class='ocrx_word' id='word_1_32' title='bbox 2678 579 2690 613; x_wconf 91' lang='lat'>:</span> <span class='ocrx_word' id='word_1_33' title='bbox 2722 581 2740 612; x_wconf 85' lang='grc' dir='ltr'><strong>ι</strong></span> <span class='ocrx_word' id='word_1_34' title='bbox 2782 560 2897 614; x_wconf 80' lang='lat' dir='ltr'><strong>Non</strong></span> <span class='ocrx_word' id='word_1_35' title='bbox 2947 561 3001 614; x_wconf 91' lang='lat' dir='ltr'><strong>in</strong></span> <span class='ocrx_word' id='word_1_36' title='bbox 3037 562 3301 631; x_wconf 78' lang='lat' dir='ltr'><strong>sapientia</strong></span> <span class='ocrx_word' id='word_1_37' title='bbox 3347 560 3516 624; x_wconf 81' lang='lat' dir='ltr'><strong>verbi,</strong></span> <span class='ocrx_word' id='word_1_38' title='bbox 3546 570 3605 612; x_wconf 90' lang='lat' dir='ltr'><strong>ut</strong></span> 
     </span>
    </p>
   </div>
   <div class='ocr_carea' id='block_1_5' title="bbox 2021 650 3601 720">
    <p class='ocr_par' dir='ltr' id='par_1_5' title="bbox 2021 650 3601 720">
     <span class='ocr_line' id='line_1_5' title="bbox 2021 650 3601 720; baseline -0.006 -10"><span class='ocrx_word' id='word_1_39' title='bbox 2021 670 2128 710; x_wconf 85' lang='lat' dir='ltr'><strong>non</strong></span> <span class='ocrx_word' id='word_1_40' title='bbox 2159 662 2449 708; x_wconf 84' lang='lat' dir='ltr'><strong>evacuetur</strong></span> <span class='ocrx_word' id='word_1_41' title='bbox 2479 666 2610 704; x_wconf 81' lang='lat' dir='ltr'><strong>crux</strong></span> <span class='ocrx_word' id='word_1_42' title='bbox 2653 650 2852 706; x_wconf 79' lang='lat' dir='ltr'><strong>Christi</strong></span> <span class='ocrx_word' id='word_1_43' title='bbox 2888 651 2942 720; x_wconf 92' lang='grc' dir='ltr'><strong>(Ι</strong></span> <span class='ocrx_word' id='word_1_44' title='bbox 2969 650 3094 705; x_wconf 83' lang='lat' dir='ltr'><strong>Car.</strong></span> <span class='ocrx_word' id='word_1_45' title='bbox 3123 654 3185 719; x_wconf 87' lang='grc' dir='ltr'><strong>ι).</strong></span> <span class='ocrx_word' id='word_1_46' title='bbox 3217 669 3234 702; x_wconf 79' lang='grc' dir='ltr'><strong>ι</strong></span> <span class='ocrx_word' id='word_1_47' title='bbox 3268 650 3601 704; x_wconf 68' lang='lat' dir='ltr'><strong>Przetlicato-</strong></span> 
     </span>
    </p>
   </div>
   <div class='ocr_carea' id='block_1_6' title="bbox 2022 740 3602 810">
    <p class='ocr_par' dir='ltr' id='par_1_6' title="bbox 2022 740 3602 810">
     <span class='ocr_line' id='line_1_6' title="bbox 2022 740 3602 810; baseline -0.003 -10"><span class='ocrx_word' id='word_1_48' title='bbox 2022 759 2109 800; x_wconf 89' lang='lat' dir='ltr'><strong>res</strong></span> <span class='ocrx_word' id='word_1_49' title='bbox 2156 755 2390 810; x_wconf 80' lang='lat' dir='ltr'><strong>namque</strong></span> <span class='ocrx_word' id='word_1_50' title='bbox 2430 741 2608 795; x_wconf 92' lang='lat' dir='ltr'><strong>crucis</strong></span> <span class='ocrx_word' id='word_1_51' title='bbox 2655 740 2797 797; x_wconf 87' lang='lat' dir='ltr'><strong>Deus</strong></span> <span class='ocrx_word' id='word_1_52' title='bbox 2850 742 3148 810; x_wconf 72' lang='lat' dir='ltr'><strong>piscatores</strong></span> <span class='ocrx_word' id='word_1_53' title='bbox 3197 741 3453 802; x_wconf 88' lang='lat' dir='ltr'><strong>instituit,</strong></span> <span class='ocrx_word' id='word_1_54' title='bbox 3494 757 3602 796; x_wconf 89' lang='lat' dir='ltr'><strong>non</strong></span> 
     </span>
    </p>
   </div>
   <div class='ocr_carea' id='block_1_7' title="bbox 2019 831 3602 901">
    <p class='ocr_par' dir='ltr' id='par_1_7' title="bbox 2019 831 3602 901">
     <span class='ocr_line' id='line_1_7' title="bbox 2019 831 3602 901; baseline -0.003 -11"><span class='ocrx_word' id='word_1_55' title='bbox 2019 841 2288 890; x_wconf 90' lang='lat' dir='ltr'><strong>oratores.</strong></span> <span class='ocrx_word' id='word_1_56' title='bbox 2330 831 2618 886; x_wconf 80' lang='lat' dir='ltr'><strong>Accuratis</strong></span> <span class='ocrx_word' id='word_1_57' title='bbox 2648 831 2833 901; x_wconf 92' lang='lat' dir='ltr'><strong>itaque</strong></span> <span class='ocrx_word' id='word_1_58' title='bbox 2876 833 3059 887; x_wconf 79' lang='lat' dir='ltr'><strong>verbis</strong></span> <span class='ocrx_word' id='word_1_59' title='bbox 3088 848 3220 886; x_wconf 80' lang='lat' dir='ltr'><strong>crus</strong></span> <span class='ocrx_word' id='word_1_60' title='bbox 3258 848 3364 886; x_wconf 91' lang='lat' dir='ltr'><strong>non</strong></span> <span class='ocrx_word' id='word_1_61' title='bbox 3400 834 3602 888; x_wconf 89' lang='lat' dir='ltr'><strong>asseri-</strong></span> 
     </span>
    </p>
   </div>
   <div class='ocr_carea' id='block_1_8' title="bbox 2018 919 3601 991">
    <p class='ocr_par' dir='ltr' id='par_1_8' title="bbox 2018 919 3601 991">
     <span class='ocr_line' id='line_1_8' title="bbox 2018 919 3601 991; baseline -0.001 -14"><span class='ocrx_word' id='word_1_62' title='bbox 2018 931 2123 984; x_wconf 91' lang='lat' dir='ltr'><strong>tur,</strong></span> <span class='ocrx_word' id='word_1_63' title='bbox 2162 921 2256 975; x_wconf 91' lang='lat' dir='ltr'><strong>sed</strong></span> <span class='ocrx_word' id='word_1_64' title='bbox 2287 919 2597 975; x_wconf 91' lang='lat' dir='ltr'><strong>econtrario</strong></span> <span class='ocrx_word' id='word_1_65' title='bbox 2623 930 2907 976; x_wconf 73' lang='lat' dir='ltr'><strong>vacuatur.</strong></span> <span class='ocrx_word' id='word_1_66' title='bbox 2939 922 3283 991; x_wconf 80' lang='lat' dir='ltr'><strong>QuaprOptcr</strong></span> <span class='ocrx_word' id='word_1_67' title='bbox 3322 937 3428 976; x_wconf 91' lang='lat' dir='ltr'><strong>non</strong></span> <span class='ocrx_word' id='word_1_68' title='bbox 3459 923 3601 976; x_wconf 89' lang='lat' dir='ltr'><strong>indi—</strong></span> 
     </span>
    </p>
   </div>
   <div class='ocr_carea' id='block_1_9' title="bbox 2017 1010 3605 1081">
    <p class='ocr_par' dir='ltr' id='par_1_9' title="bbox 2017 1010 3605 1081">
     <span class='ocr_line' id='line_1_9' title="bbox 2017 1010 3605 1081; baseline 0.002 -16"><span class='ocrx_word' id='word_1_69' title='bbox 2017 1025 2183 1081; x_wconf 79' lang='lat' dir='ltr'><strong>gnum</strong></span> <span class='ocrx_word' id='word_1_70' title='bbox 2221 1019 2329 1075; x_wconf 90' lang='lat' dir='ltr'><strong>est,</strong></span> <span class='ocrx_word' id='word_1_71' title='bbox 2374 1010 2420 1064; x_wconf 94' lang='lat' dir='ltr'><strong>si</strong></span> <span class='ocrx_word' id='word_1_72' title='bbox 2469 1011 2624 1064; x_wconf 90' lang='lat' dir='ltr'><strong>beata</strong></span> <span class='ocrx_word' id='word_1_73' title='bbox 2674 1025 2804 1066; x_wconf 82' lang='lat' dir='ltr'><strong>crux</strong></span> <span class='ocrx_word' id='word_1_74' title='bbox 2850 1012 3030 1066; x_wconf 92' lang='lat' dir='ltr'><strong>verbis</strong></span> <span class='ocrx_word' id='word_1_75' title='bbox 3081 1028 3224 1067; x_wconf 93' lang='lat' dir='ltr'><strong>nunc</strong></span> <span class='ocrx_word' id='word_1_76' title='bbox 3271 1013 3605 1081; x_wconf 74' lang='lat' dir='ltr'><strong>simplicibus</strong></span> 
     </span>
    </p>
   </div>
   <div class='ocr_carea' id='block_1_10' title="bbox 2019 1104 3602 1175">
    <p class='ocr_par' dir='ltr' id='par_1_10' title="bbox 2019 1104 3602 1175">
     <span class='ocr_line' id='line_1_10' title="bbox 2019 1104 3602 1175; baseline -0.003 -14"><span class='ocrx_word' id='word_1_77' title='bbox 2019 1105 2362 1175; x_wconf 72' lang='lat' dir='ltr'><strong>praedicetur,</strong></span> <span class='ocrx_word' id='word_1_78' title='bbox 2403 1105 2602 1174; x_wconf 82' lang='lat' dir='ltr'><strong>quibus</strong></span> <span class='ocrx_word' id='word_1_79' title='bbox 2621 1105 2807 1175; x_wconf 84' lang='lat' dir='ltr'><strong>utique</strong></span> <span class='ocrx_word' id='word_1_80' title='bbox 2834 1106 3046 1159; x_wconf 89' lang='lat' dir='ltr'><strong>invecta</strong></span> <span class='ocrx_word' id='word_1_81' title='bbox 3077 1104 3277 1158; x_wconf 91' lang='lat' dir='ltr'><strong>mundo</strong></span> <span class='ocrx_word' id='word_1_82' title='bbox 3313 1105 3454 1158; x_wconf 89' lang='lat' dir='ltr'><strong>inter</strong></span> <span class='ocrx_word' id='word_1_83' title='bbox 3489 1104 3602 1173; x_wconf 88' lang='lat' dir='ltr'><strong>ipsa</strong></span> 
     </span>
    </p>
   </div>
   <div class='ocr_carea' id='block_1_11' title="bbox 2019 1195 3053 1266">
    <p class='ocr_par' dir='ltr' id='par_1_11' title="bbox 2019 1195 3053 1266">
     <span class='ocr_line' id='line_1_11' title="bbox 2019 1195 3053 1266; baseline -0.002 -16"><span class='ocrx_word' id='word_1_84' title='bbox 2019 1210 2171 1251; x_wconf 64' lang='lat' dir='ltr'><strong>nova:</strong></span> <span class='ocrx_word' id='word_1_85' title='bbox 2203 1195 2326 1251; x_wconf 83' lang='lat' dir='ltr'><strong>ﬁdei</strong></span> <span class='ocrx_word' id='word_1_86' title='bbox 2360 1197 2660 1251; x_wconf 91' lang='lat' dir='ltr'><strong>rudimenta</strong></span> <span class='ocrx_word' id='word_1_87' title='bbox 2685 1198 3053 1266; x_wconf 75' lang='lat' dir='ltr'><strong>cognoscitur.</strong></span> 
     </span>
    </p>
   </div>
   <div class='ocr_carea' id='block_1_12' title="bbox 2089 1277 3603 1356">
    <p class='ocr_par' dir='ltr' id='par_1_12' title="bbox 2089 1277 3603 1356">
     <span class='ocr_line' id='line_1_12' title="bbox 2089 1277 3603 1356; baseline -0.001 -16"><span class='ocrx_word' id='word_1_88' title='bbox 2089 1277 2394 1340; x_wconf 74' lang='lat' dir='ltr'><strong>Notandum</strong></span> <span class='ocrx_word' id='word_1_89' title='bbox 2442 1300 2572 1340; x_wconf 88' lang='lat' dir='ltr'><strong>vero</strong></span> <span class='ocrx_word' id='word_1_90' title='bbox 2615 1285 2742 1356; x_wconf 88' lang='lat' dir='ltr'><strong>quia</strong></span> <span class='ocrx_word' id='word_1_91' title='bbox 2803 1287 2946 1340; x_wconf 84' lang='lat' dir='ltr'><strong>sicut</strong></span> <span class='ocrx_word' id='word_1_92' title='bbox 2995 1287 3201 1341; x_wconf 90' lang='lat' dir='ltr'><strong>duobus</strong></span> <span class='ocrx_word' id='word_1_93' title='bbox 3248 1286 3416 1354; x_wconf 90' lang='lat' dir='ltr'><strong>signis</strong></span> <span class='ocrx_word' id='word_1_94' title='bbox 3468 1301 3603 1339; x_wconf 77' lang='lat' dir='ltr'><strong>crux</strong></span> 
     </span>
    </p>
   </div>
   <div class='ocr_carea' id='block_1_13' title="bbox 2017 1377 3602 1447">
    <p class='ocr_par' dir='ltr' id='par_1_13' title="bbox 2017 1377 3602 1447">
     <span class='ocr_line' id='line_1_13' title="bbox 2017 1377 3602 1447; baseline -0.003 -12"><span class='ocrx_word' id='word_1_95' title='bbox 2017 1387 2252 1442; x_wconf 84' lang='lat' dir='ltr'><strong>constat,</strong></span> <span class='ocrx_word' id='word_1_96' title='bbox 2299 1379 2376 1432; x_wconf 87' lang='lat' dir='ltr'><strong>ita</strong></span> <span class='ocrx_word' id='word_1_97' title='bbox 2425 1378 2561 1433; x_wconf 89' lang='lat' dir='ltr'><strong>duas</strong></span> <span class='ocrx_word' id='word_1_98' title='bbox 2605 1377 2724 1447; x_wconf 86' lang='lat' dir='ltr'><strong>ejus</strong></span> <span class='ocrx_word' id='word_1_99' title='bbox 2772 1379 3151 1434; x_wconf 90' lang='lat' dir='ltr'><strong>solemnitates</strong></span> <span class='ocrx_word' id='word_1_100' title='bbox 3203 1392 3298 1447; x_wconf 89' lang='lat' dir='ltr'><strong>per</strong></span> <span class='ocrx_word' id='word_1_101' title='bbox 3345 1377 3602 1430; x_wconf 88' lang='lat' dir='ltr'><strong>annalem</strong></span> 
     </span>
    </p>
   </div>
   <div class='ocr_carea' id='block_1_14' title="bbox 2017 1471 3605 1540">
    <p class='ocr_par' dir='ltr' id='par_1_14' title="bbox 2017 1471 3605 1540">
     <span class='ocr_line' id='line_1_14' title="bbox 2017 1471 3605 1540; baseline -0.003 -12"><span class='ocrx_word' id='word_1_102' title='bbox 2017 1472 2280 1528; x_wconf 83' lang='lat' dir='ltr'><strong>circulum</strong></span> <span class='ocrx_word' id='word_1_103' title='bbox 2320 1473 2690 1530; x_wconf 87' lang='lat' dir='ltr'><strong>ecclesiastica</strong></span> <span class='ocrx_word' id='word_1_104' title='bbox 2721 1474 2944 1528; x_wconf 84' lang='lat' dir='ltr'><strong>traditio</strong></span> <span class='ocrx_word' id='word_1_105' title='bbox 2971 1473 3228 1528; x_wconf 84' lang='lat' dir='ltr'><strong>celebrat.</strong></span> <span class='ocrx_word' id='word_1_106' title='bbox 3260 1471 3384 1525; x_wconf 78' lang='lat' dir='ltr'><strong>llaec</strong></span> <span class='ocrx_word' id='word_1_107' title='bbox 3414 1487 3605 1540; x_wconf 83' lang='lat' dir='ltr'><strong>nempe</strong></span> 
     </span>
    </p>
   </div>
   <div class='ocr_carea' id='block_1_15' title="bbox 2017 1565 3604 1637">
    <p class='ocr_par' dir='ltr' id='par_1_15' title="bbox 2017 1565 3604 1637">
     <span class='ocr_line' id='line_1_15' title="bbox 2017 1565 3604 1637; baseline -0.003 -17"><span class='ocrx_word' id='word_1_108' title='bbox 2017 1565 2129 1621; x_wconf 88' lang='lat' dir='ltr'><strong>duo</strong></span> <span class='ocrx_word' id='word_1_109' title='bbox 2168 1565 2311 1637; x_wconf 90' lang='lat' dir='ltr'><strong>ligna</strong></span> <span class='ocrx_word' id='word_1_110' title='bbox 2351 1567 2546 1631; x_wconf 87' lang='lat' dir='ltr'><strong>mulier</strong></span> <span class='ocrx_word' id='word_1_111' title='bbox 2586 1567 2807 1622; x_wconf 84' lang='lat' dir='ltr'><strong>volebat</strong></span> <span class='ocrx_word' id='word_1_112' title='bbox 2839 1565 3139 1636; x_wconf 88' lang='lat' dir='ltr'><strong>Sareptana</strong></span> <span class='ocrx_word' id='word_1_113' title='bbox 3172 1565 3450 1635; x_wconf 73' lang='lat' dir='ltr'><strong>colligere,</strong></span> <span class='ocrx_word' id='word_1_114' title='bbox 3487 1565 3604 1631; x_wconf 91' lang='lat' dir='ltr'><strong>qui-</strong></span> 
     </span>
    </p>
   </div>
   <div class='ocr_carea' id='block_1_16' title="bbox 2016 1654 3603 1728">
    <p class='ocr_par' dir='ltr' id='par_1_16' title="bbox 2016 1654 3603 1728">
     <span class='ocr_line' id='line_1_16' title="bbox 2016 1654 3603 1728; baseline -0.003 -16"><span class='ocrx_word' id='word_1_115' title='bbox 2016 1658 2117 1712; x_wconf 88' lang='lat' dir='ltr'><strong>bus</strong></span> <span class='ocrx_word' id='word_1_116' title='bbox 2142 1667 2327 1728; x_wconf 85' lang='lat' dir='ltr'><strong>posset</strong></span> <span class='ocrx_word' id='word_1_117' title='bbox 2369 1657 2582 1727; x_wconf 86' lang='lat' dir='ltr'><strong>inopem</strong></span> <span class='ocrx_word' id='word_1_118' title='bbox 2607 1657 2712 1712; x_wconf 84' lang='lat' dir='ltr'><strong>sibi</strong></span> <span class='ocrx_word' id='word_1_119' title='bbox 2745 1658 2926 1712; x_wconf 88' lang='lat' dir='ltr'><strong>cibum</strong></span> <span class='ocrx_word' id='word_1_120' title='bbox 2955 1666 3010 1712; x_wconf 89' lang='lat' dir='ltr'><strong>et</strong></span> <span class='ocrx_word' id='word_1_121' title='bbox 3037 1656 3150 1710; x_wconf 82' lang='lat' dir='ltr'><strong>tilio</strong></span> <span class='ocrx_word' id='word_1_122' title='bbox 3171 1655 3477 1726; x_wconf 81' lang='lat' dir='ltr'><strong>providere;</strong></span> <span class='ocrx_word' id='word_1_123' title='bbox 3512 1654 3603 1708; x_wconf 90' lang='lat' dir='ltr'><strong>sed</strong></span> 
     </span>
    </p>
   </div>
   <div class='ocr_carea' id='block_1_17' title="bbox 2016 1742 3607 1814">
    <p class='ocr_par' dir='ltr' id='par_1_17' title="bbox 2016 1742 3607 1814">
     <span class='ocr_line' id='line_1_17' title="bbox 2016 1742 3607 1814; baseline -0.004 -14"><span class='ocrx_word' id='word_1_124' title='bbox 2016 1743 2179 1814; x_wconf 85' lang='lat' dir='ltr'><strong>hujus</strong></span> <span class='ocrx_word' id='word_1_125' title='bbox 2235 1747 2412 1813; x_wconf 62' lang='lat' dir='ltr'><strong>vidum</strong></span> <span class='ocrx_word' id='word_1_126' title='bbox 2453 1745 2630 1800; x_wconf 89' lang='lat' dir='ltr'><strong>farina</strong></span> <span class='ocrx_word' id='word_1_127' title='bbox 2668 1755 2724 1801; x_wconf 92' lang='lat' dir='ltr'><strong>et</strong></span> <span class='ocrx_word' id='word_1_128' title='bbox 2771 1744 2950 1799; x_wconf 88' lang='lat' dir='ltr'><strong>oleum</strong></span> <span class='ocrx_word' id='word_1_129' title='bbox 3000 1745 3066 1799; x_wconf 89' lang='lat' dir='ltr'><strong>ad</strong></span> <span class='ocrx_word' id='word_1_130' title='bbox 3099 1753 3392 1814; x_wconf 81' lang='lat' dir='ltr'><strong>proventus</strong></span> <span class='ocrx_word' id='word_1_131' title='bbox 3437 1742 3607 1796; x_wconf 89' lang='lat' dir='ltr'><strong>abun-</strong></span> 
     </span>
    </p>
   </div>
   <div class='ocr_carea' id='block_1_18' title="bbox 3710 557 5294 625">
    <p class='ocr_par' dir='ltr' id='par_1_18' title="bbox 3710 557 5294 625">
     <span class='ocr_line' id='line_1_18' title="bbox 3710 557 5294 625; baseline 0.004 -18"><span class='ocrx_word' id='word_1_132' title='bbox 3710 557 3759 608; x_wconf 78' lang='lat' dir='ltr'><strong>in</strong></span> <span class='ocrx_word' id='word_1_133' title='bbox 3806 557 3952 609; x_wconf 91' lang='lat' dir='ltr'><strong>illum</strong></span> <span class='ocrx_word' id='word_1_134' title='bbox 4004 571 4108 610; x_wconf 92' lang='lat' dir='ltr'><strong>non</strong></span> <span class='ocrx_word' id='word_1_135' title='bbox 4163 566 4367 625; x_wconf 86' lang='lat' dir='ltr'><strong>pereat,</strong></span> <span class='ocrx_word' id='word_1_136' title='bbox 4424 557 4517 611; x_wconf 84' lang='lat' dir='ltr'><strong>sed</strong></span> <span class='ocrx_word' id='word_1_137' title='bbox 4563 557 4763 612; x_wconf 89' lang='lat' dir='ltr'><strong>habeat</strong></span> <span class='ocrx_word' id='word_1_138' title='bbox 4816 558 4986 611; x_wconf 87' lang='lat' dir='ltr'><strong>vitam</strong></span> <span class='ocrx_word' id='word_1_139' title='bbox 5035 565 5294 613; x_wconf 68' lang='lat' dir='ltr'><strong>cteruam</strong></span> 
     </span>
    </p>
   </div>
   <div class='ocr_carea' id='block_1_19' title="bbox 3706 645 5296 719">
    <p class='ocr_par' dir='ltr' id='par_1_19' title="bbox 3706 645 5296 719">
     <span class='ocr_line' id='line_1_19' title="bbox 3706 645 5296 719; baseline 0.004 -21"><span class='ocrx_word' id='word_1_140' title='bbox 3706 645 3886 715; x_wconf 81' lang='lat' dir='ltr'><strong>(loun.</strong></span> <span class='ocrx_word' id='word_1_141' title='bbox 3916 647 4020 716; x_wconf 88' lang='grc' dir='ltr'><strong>ιιι).</strong></span> <span class='ocrx_word' id='word_1_142' title='bbox 4059 665 4078 697; x_wconf 80' lang='grc' dir='ltr'><strong>ι</strong></span> <span class='ocrx_word' id='word_1_143' title='bbox 4128 646 4296 702; x_wconf 86' lang='lat' dir='ltr'><strong>Recte</strong></span> <span class='ocrx_word' id='word_1_144' title='bbox 4339 662 4469 716; x_wconf 90' lang='lat' dir='ltr'><strong>ergo</strong></span> <span class='ocrx_word' id='word_1_145' title='bbox 4506 661 4732 716; x_wconf 85' lang='lat' dir='ltr'><strong>serpens</strong></span> <span class='ocrx_word' id='word_1_146' title='bbox 4770 662 4953 703; x_wconf 66' lang='lat' dir='ltr'><strong>ruens</strong></span> <span class='ocrx_word' id='word_1_147' title='bbox 4998 663 5100 717; x_wconf 88' lang='lat' dir='ltr'><strong>pro</strong></span> <span class='ocrx_word' id='word_1_148' title='bbox 5145 650 5296 719; x_wconf 82' lang='lat' dir='ltr'><strong>signo</strong></span> 
     </span>
    </p>
   </div>
   <div class='ocr_carea' id='block_1_20' title="bbox 3705 738 5296 809">
    <p class='ocr_par' dir='ltr' id='par_1_20' title="bbox 3705 738 5296 809">
     <span class='ocr_line' id='line_1_20' title="bbox 3705 738 5296 809; baseline 0.002 -18"><span class='ocrx_word' id='word_1_149' title='bbox 3705 739 3942 807; x_wconf 88' lang='lat' dir='ltr'><strong>ponitur,</strong></span> <span class='ocrx_word' id='word_1_150' title='bbox 3973 747 4025 792; x_wconf 91' lang='lat' dir='ltr'><strong>et</strong></span> <span class='ocrx_word' id='word_1_151' title='bbox 4053 738 4291 808; x_wconf 81' lang='lat' dir='ltr'><strong>populus</strong></span> <span class='ocrx_word' id='word_1_152' title='bbox 4340 739 4609 809; x_wconf 88' lang='lat' dir='ltr'><strong>aspiciens</strong></span> <span class='ocrx_word' id='word_1_153' title='bbox 4653 754 4682 792; x_wconf 95' lang='lat' dir='ltr'><strong>a</strong></span> <span class='ocrx_word' id='word_1_154' title='bbox 4735 753 4915 793; x_wconf 86' lang='lat' dir='ltr'><strong>morsu</strong></span> <span class='ocrx_word' id='word_1_155' title='bbox 4961 741 5296 808; x_wconf 83' lang='lat' dir='ltr'><strong>serpentium</strong></span> 
     </span>
    </p>
   </div>
   <div class='ocr_carea' id='block_1_21' title="bbox 3705 827 5299 898">
    <p class='ocr_par' dir='ltr' id='par_1_21' title="bbox 3705 827 5299 898">
     <span class='ocr_line' id='line_1_21' title="bbox 3705 827 5299 898; baseline 0.003 -18"><span class='ocrx_word' id='word_1_156' title='bbox 3705 827 4005 892; x_wconf 82' lang='lat' dir='ltr'><strong>liberatur;</strong></span> <span class='ocrx_word' id='word_1_157' title='bbox 4044 829 4172 898; x_wconf 87' lang='lat' dir='ltr'><strong>quia</strong></span> <span class='ocrx_word' id='word_1_158' title='bbox 4220 830 4533 898; x_wconf 83' lang='lat' dir='ltr'><strong>quicunque</strong></span> <span class='ocrx_word' id='word_1_159' title='bbox 4578 829 4630 882; x_wconf 90' lang='lat' dir='ltr'><strong>in</strong></span> <span class='ocrx_word' id='word_1_160' title='bbox 4684 827 5039 889; x_wconf 86' lang='lat' dir='ltr'><strong>Salvatorem.</strong></span> <span class='ocrx_word' id='word_1_161' title='bbox 5093 830 5190 897; x_wconf 89' lang='lat' dir='ltr'><strong>qui</strong></span> <span class='ocrx_word' id='word_1_162' title='bbox 5246 832 5299 884; x_wconf 80' lang='lat' dir='ltr'><strong>in</strong></span> 
     </span>
    </p>
   </div>
   <div class='ocr_carea' id='block_1_22' title="bbox 3705 917 5299 988">
    <p class='ocr_par' dir='ltr' id='par_1_22' title="bbox 3705 917 5299 988">
     <span class='ocr_line' id='line_1_22' title="bbox 3705 917 5299 988; baseline 0.001 -17"><span class='ocrx_word' id='word_1_163' title='bbox 3705 932 3865 972; x_wconf 88' lang='lat' dir='ltr'><strong>cruce</strong></span> <span class='ocrx_word' id='word_1_164' title='bbox 3894 933 4190 988; x_wconf 84' lang='lat' dir='ltr'><strong>suspensus</strong></span> <span class='ocrx_word' id='word_1_165' title='bbox 4221 928 4324 981; x_wconf 92' lang='lat' dir='ltr'><strong>est,</strong></span> <span class='ocrx_word' id='word_1_166' title='bbox 4360 934 4426 972; x_wconf 80' lang='lat' dir='ltr'><strong>ex</strong></span> <span class='ocrx_word' id='word_1_167' title='bbox 4469 917 4737 973; x_wconf 87' lang='lat' dir='ltr'><strong>desiderio</strong></span> <span class='ocrx_word' id='word_1_168' title='bbox 4768 917 5090 973; x_wconf 85' lang='lat' dir='ltr'><strong>imitationis</strong></span> <span class='ocrx_word' id='word_1_169' title='bbox 5119 918 5299 972; x_wconf 85' lang='lat' dir='ltr'><strong>inten-</strong></span> 
     </span>
    </p>
   </div>
   <div class='ocr_carea' id='block_1_23' title="bbox 3706 1009 5304 1073">
    <p class='ocr_par' dir='ltr' id='par_1_23' title="bbox 3706 1009 5304 1073">
     <span class='ocr_line' id='line_1_23' title="bbox 3706 1009 5304 1073; baseline 0.003 -11"><span class='ocrx_word' id='word_1_170' title='bbox 3706 1009 3855 1073; x_wconf 87' lang='lat' dir='ltr'><strong>dunt,</strong></span> <span class='ocrx_word' id='word_1_171' title='bbox 3881 1024 4041 1064; x_wconf 88' lang='lat' dir='ltr'><strong>oume</strong></span> <span class='ocrx_word' id='word_1_172' title='bbox 4072 1025 4195 1064; x_wconf 79' lang='lat' dir='ltr'><strong>mox</strong></span> <span class='ocrx_word' id='word_1_173' title='bbox 4219 1012 4368 1066; x_wconf 92' lang='lat' dir='ltr'><strong>virus</strong></span> <span class='ocrx_word' id='word_1_174' title='bbox 4389 1020 4445 1065; x_wconf 93' lang='lat' dir='ltr'><strong>et</strong></span> <span class='ocrx_word' id='word_1_175' title='bbox 4483 1009 4760 1066; x_wconf 87' lang='lat' dir='ltr'><strong>lethiferos</strong></span> <span class='ocrx_word' id='word_1_176' title='bbox 4785 1025 5000 1066; x_wconf 82' lang='lat' dir='ltr'><strong>morsus</strong></span> <span class='ocrx_word' id='word_1_177' title='bbox 5027 1009 5304 1066; x_wconf 64' lang='lat' dir='ltr'><strong>vetanti</strong></span> 
     </span>
    </p>
   </div>
   <div class='ocr_carea' id='block_1_24' title="bbox 3707 1104 4264 1170">
    <p class='ocr_par' dir='ltr' id='par_1_24' title="bbox 3707 1104 4264 1170">
     <span class='ocr_line' id='line_1_24' title="bbox 3707 1104 4264 1170; baseline 0.002 -14"><span class='ocrx_word' id='word_1_178' title='bbox 3707 1104 3975 1170; x_wconf 86' lang='lat' dir='ltr'><strong>serpentis</strong></span> <span class='ocrx_word' id='word_1_179' title='bbox 4005 1105 4264 1158; x_wconf 87' lang='lat' dir='ltr'><strong>evadunt.</strong></span> 
     </span>
    </p>
   </div>
   <div class='ocr_carea' id='block_1_25' title="bbox 3775 1191 5308 1262">
    <p class='ocr_par' dir='ltr' id='par_1_25' title="bbox 3775 1191 5308 1262">
     <span class='ocr_line' id='line_1_25' title="bbox 3775 1191 5308 1262; baseline 0 -16"><span class='ocrx_word' id='word_1_180' title='bbox 3775 1192 3839 1246; x_wconf 83' lang='lat' dir='ltr'><strong>Et</strong></span> <span class='ocrx_word' id='word_1_181' title='bbox 3873 1194 4167 1247; x_wconf 88' lang='lat' dir='ltr'><strong>notandum</strong></span> <span class='ocrx_word' id='word_1_182' title='bbox 4194 1192 4339 1261; x_wconf 90' lang='lat' dir='ltr'><strong>quod</strong></span> <span class='ocrx_word' id='word_1_183' title='bbox 4387 1207 4612 1262; x_wconf 83' lang='lat' dir='ltr'><strong>serpens</strong></span> <span class='ocrx_word' id='word_1_184' title='bbox 4642 1193 4731 1246; x_wconf 86' lang='lat' dir='ltr'><strong>ille</strong></span> <span class='ocrx_word' id='word_1_185' title='bbox 4762 1207 4860 1262; x_wconf 89' lang='lat' dir='ltr'><strong>pro</strong></span> <span class='ocrx_word' id='word_1_186' title='bbox 4898 1193 5058 1262; x_wconf 81' lang='lat' dir='ltr'><strong>signo</strong></span> <span class='ocrx_word' id='word_1_187' title='bbox 5098 1191 5308 1248; x_wconf 81' lang='lat' dir='ltr'><strong>dicitur</strong></span> 
     </span>
    </p>
   </div>
   <div class='ocr_carea' id='block_1_26' title="bbox 3706 1284 5310 1355">
    <p class='ocr_par' dir='ltr' id='par_1_26' title="bbox 3706 1284 5310 1355">
     <span class='ocr_line' id='line_1_26' title="bbox 3706 1284 5310 1355; baseline 0.001 -18"><span class='ocrx_word' id='word_1_188' title='bbox 3706 1286 3913 1354; x_wconf 90' lang='lat' dir='ltr'><strong>positus</strong></span> <span class='ocrx_word' id='word_1_189' title='bbox 3954 1303 3965 1337; x_wconf 91' lang='lat'>:</span> <span class='ocrx_word' id='word_1_190' title='bbox 4007 1299 4132 1338; x_wconf 92' lang='lat' dir='ltr'><strong>nam</strong></span> <span class='ocrx_word' id='word_1_191' title='bbox 4165 1295 4222 1339; x_wconf 92' lang='lat' dir='ltr'><strong>et</strong></span> <span class='ocrx_word' id='word_1_192' title='bbox 4261 1284 4482 1338; x_wconf 81' lang='lat' dir='ltr'><strong>Simeon</strong></span> <span class='ocrx_word' id='word_1_193' title='bbox 4521 1284 4610 1339; x_wconf 89' lang='lat' dir='ltr'><strong>ille</strong></span> <span class='ocrx_word' id='word_1_194' title='bbox 4635 1286 4835 1355; x_wconf 81' lang='lat' dir='ltr'><strong>justus,</strong></span> <span class='ocrx_word' id='word_1_195' title='bbox 4861 1285 5046 1339; x_wconf 88' lang='lat' dir='ltr'><strong>delato</strong></span> <span class='ocrx_word' id='word_1_196' title='bbox 5069 1285 5139 1339; x_wconf 90' lang='lat' dir='ltr'><strong>ad</strong></span> <span class='ocrx_word' id='word_1_197' title='bbox 5173 1296 5310 1338; x_wconf 82' lang='lat' dir='ltr'><strong>tem-</strong></span> 
     </span>
    </p>
   </div>
   <div class='ocr_carea' id='block_1_27' title="bbox 3706 1375 5314 1446">
    <p class='ocr_par' dir='ltr' id='par_1_27' title="bbox 3706 1375 5314 1446">
     <span class='ocr_line' id='line_1_27' title="bbox 3706 1375 5314 1446; baseline 0 -18"><span class='ocrx_word' id='word_1_198' title='bbox 3706 1377 3852 1445; x_wconf 88' lang='lat' dir='ltr'><strong>plum</strong></span> <span class='ocrx_word' id='word_1_199' title='bbox 3904 1376 4165 1440; x_wconf 81' lang='lat' dir='ltr'><strong>Dnmino,</strong></span> <span class='ocrx_word' id='word_1_200' title='bbox 4217 1376 4519 1430; x_wconf 85' lang='lat' dir='ltr'><strong>vaticinans</strong></span> <span class='ocrx_word' id='word_1_201' title='bbox 4557 1377 4632 1430; x_wconf 91' lang='lat' dir='ltr'><strong>ait</strong></span> <span class='ocrx_word' id='word_1_202' title='bbox 4681 1395 4694 1430; x_wconf 93' lang='lat'><strong>:</strong></span> <span class='ocrx_word' id='word_1_203' title='bbox 4737 1396 4754 1427; x_wconf 87' lang='grc' dir='ltr'><strong>ι</strong></span> <span class='ocrx_word' id='word_1_204' title='bbox 4792 1375 4932 1431; x_wconf 79' lang='lat' dir='ltr'><strong>Ecce</strong></span> <span class='ocrx_word' id='word_1_205' title='bbox 4968 1376 5189 1446; x_wconf 84' lang='lat' dir='ltr'><strong>positus</strong></span> <span class='ocrx_word' id='word_1_206' title='bbox 5231 1385 5314 1429; x_wconf 83' lang='lat' dir='ltr'><strong>est</strong></span> 
     </span>
    </p>
   </div>
   <div class='ocr_carea' id='block_1_28' title="bbox 3709 1465 5308 1522">
    <p class='ocr_par' dir='ltr' id='par_1_28' title="bbox 3709 1465 5308 1522">
     <span class='ocr_line' id='line_1_28' title="bbox 3709 1465 5308 1522; baseline -0.004 0"><span class='ocrx_word' id='word_1_207' title='bbox 3709 1468 3796 1522; x_wconf 86' lang='lat' dir='ltr'><strong>hic</strong></span> <span class='ocrx_word' id='word_1_208' title='bbox 3826 1468 3879 1521; x_wconf 90' lang='lat' dir='ltr'><strong>in</strong></span> <span class='ocrx_word' id='word_1_209' title='bbox 3922 1467 4131 1521; x_wconf 87' lang='lat' dir='ltr'><strong>ruinam</strong></span> <span class='ocrx_word' id='word_1_210' title='bbox 4181 1475 4235 1521; x_wconf 89' lang='lat' dir='ltr'><strong>et</strong></span> <span class='ocrx_word' id='word_1_211' title='bbox 4290 1468 4341 1520; x_wconf 92' lang='lat' dir='ltr'><strong>in</strong></span> <span class='ocrx_word' id='word_1_212' title='bbox 4397 1468 4851 1522; x_wconf 84' lang='lat' dir='ltr'><strong>resurrectionem</strong></span> <span class='ocrx_word' id='word_1_213' title='bbox 4899 1465 5206 1520; x_wconf 84' lang='lat' dir='ltr'><strong>multorum</strong></span> <span class='ocrx_word' id='word_1_214' title='bbox 5255 1465 5308 1517; x_wconf 90' lang='lat' dir='ltr'><strong>in</strong></span> 
     </span>
    </p>
   </div>
   <div class='ocr_carea' id='block_1_29' title="bbox 3706 1553 5306 1627">
    <p class='ocr_par' dir='ltr' id='par_1_29' title="bbox 3706 1553 5306 1627">
     <span class='ocr_line' id='line_1_29' title="bbox 3706 1553 5306 1627; baseline -0.003 -18"><span class='ocrx_word' id='word_1_215' title='bbox 3706 1556 3893 1618; x_wconf 84' lang='lat' dir='ltr'><strong>Israel,</strong></span> <span class='ocrx_word' id='word_1_216' title='bbox 3926 1565 3980 1611; x_wconf 91' lang='lat' dir='ltr'><strong>et</strong></span> <span class='ocrx_word' id='word_1_217' title='bbox 4029 1558 4081 1609; x_wconf 93' lang='lat' dir='ltr'><strong>in</strong></span> <span class='ocrx_word' id='word_1_218' title='bbox 4121 1556 4334 1627; x_wconf 87' lang='lat' dir='ltr'><strong>signum</strong></span> <span class='ocrx_word' id='word_1_219' title='bbox 4377 1557 4462 1611; x_wconf 89' lang='lat' dir='ltr'><strong>cui</strong></span> <span class='ocrx_word' id='word_1_220' title='bbox 4503 1557 4908 1611; x_wconf 88' lang='lat' dir='ltr'><strong>contradicetur</strong></span> <span class='ocrx_word' id='word_1_221' title='bbox 4964 1553 5124 1626; x_wconf 70' lang='lat' dir='ltr'><strong>(an.</strong></span> <span class='ocrx_word' id='word_1_222' title='bbox 5161 1556 5247 1622; x_wconf 90' lang='grc' dir='ltr'>ιι).</span> <span class='ocrx_word' id='word_1_223' title='bbox 5288 1574 5306 1605; x_wconf 77' lang='grc' dir='ltr'><strong>ι</strong></span> 
     </span>
    </p>
   </div>
   <div class='ocr_carea' id='block_1_30' title="bbox 3706 1646 5314 1719">
    <p class='ocr_par' dir='ltr' id='par_1_30' title="bbox 3706 1646 5314 1719">
     <span class='ocr_line' id='line_1_30' title="bbox 3706 1646 5314 1719; baseline -0.002 -19"><span class='ocrx_word' id='word_1_224' title='bbox 3706 1647 3762 1700; x_wconf 83' lang='grc' dir='ltr'><strong>ιιι</strong></span> <span class='ocrx_word' id='word_1_225' title='bbox 3796 1649 4009 1718; x_wconf 90' lang='lat' dir='ltr'><strong>signum</strong></span> <span class='ocrx_word' id='word_1_226' title='bbox 4057 1664 4290 1719; x_wconf 83' lang='lat' dir='ltr'><strong>namque</strong></span> <span class='ocrx_word' id='word_1_227' title='bbox 4342 1648 4790 1704; x_wconf 88' lang='lat' dir='ltr'><strong>contradictionis</strong></span> <span class='ocrx_word' id='word_1_228' title='bbox 4842 1646 5188 1714; x_wconf 83' lang='lat' dir='ltr'><strong>Redemptor</strong></span> <span class='ocrx_word' id='word_1_229' title='bbox 5233 1654 5314 1699; x_wconf 88' lang='lat' dir='ltr'><strong>est</strong></span> 
     </span>
    </p>
   </div>
   <div class='ocr_carea' id='block_1_31' title="bbox 3710 1737 5314 1809">
    <p class='ocr_par' dir='ltr' id='par_1_31' title="bbox 3710 1737 5314 1809">
     <span class='ocr_line' id='line_1_31' title="bbox 3710 1737 5314 1809; baseline -0.002 -16"><span class='ocrx_word' id='word_1_230' title='bbox 3710 1741 3939 1807; x_wconf 88' lang='lat' dir='ltr'><strong>positus,</strong></span> <span class='ocrx_word' id='word_1_231' title='bbox 3965 1741 4092 1809; x_wconf 90' lang='lat' dir='ltr'><strong>quia</strong></span> <span class='ocrx_word' id='word_1_232' title='bbox 4118 1741 4169 1793; x_wconf 93' lang='lat' dir='ltr'><strong>in</strong></span> <span class='ocrx_word' id='word_1_233' title='bbox 4203 1755 4364 1795; x_wconf 81' lang='lat' dir='ltr'><strong>cruce</strong></span> <span class='ocrx_word' id='word_1_234' title='bbox 4410 1749 4529 1794; x_wconf 92' lang='lat' dir='ltr'><strong>erat</strong></span> <span class='ocrx_word' id='word_1_235' title='bbox 4568 1754 4665 1807; x_wconf 91' lang='lat' dir='ltr'><strong>pro</strong></span> <span class='ocrx_word' id='word_1_236' title='bbox 4709 1738 4931 1793; x_wconf 89' lang='lat' dir='ltr'><strong>humani</strong></span> <span class='ocrx_word' id='word_1_237' title='bbox 4973 1737 5205 1808; x_wconf 82' lang='lat' dir='ltr'><strong>generis</strong></span> <span class='ocrx_word' id='word_1_238' title='bbox 5231 1750 5314 1790; x_wconf 87' lang='lat' dir='ltr'><strong>sa-</strong></span> 
     </span>
    </p>
   </div>
   <div class='ocr_carea' id='block_1_32' title="bbox 2017 1804 5314 1905">
    <p class='ocr_par' dir='ltr' id='par_1_32' title="bbox 2017 1804 5314 1905">
     <span class='ocr_line' id='line_1_32' title="bbox 2017 1804 5314 1905; baseline -0.004 -14"><span class='ocrx_word' id='word_1_239' title='bbox 2017 1804 2260 1891; x_wconf 70' lang='lat' dir='ltr'><strong>dantiam</strong></span> <span class='ocrx_word' id='word_1_240' title='bbox 2291 1804 2687 1891; x_wconf 75' lang='lat' dir='ltr'><strong>benedicuntur</strong></span> <span class='ocrx_word' id='word_1_241' title='bbox 2708 1834 2828 1905; x_wconf 87' lang='lat' dir='ltr'><strong><em>(III</em></strong></span> <span class='ocrx_word' id='word_1_242' title='bbox 2874 1834 2998 1905; x_wconf 77' lang='lat' dir='ltr'><strong>Reg.</strong></span> <span class='ocrx_word' id='word_1_243' title='bbox 3029 1804 3186 1896; x_wconf 74' lang='lat' dir='ltr'><strong>xvii),</strong></span> <span class='ocrx_word' id='word_1_244' title='bbox 3231 1843 3290 1886; x_wconf 93' lang='lat' dir='ltr'><strong>ut</strong></span> <span class='ocrx_word' id='word_1_245' title='bbox 3321 1833 3605 1887; x_wconf 91' lang='lat' dir='ltr'><strong>cbaritatis</strong></span> <span class='ocrx_word' id='word_1_246' title='bbox 3635 1804 3679 1862; x_wconf 67' lang='grc' dir='ltr'><strong>Β</strong></span> <span class='ocrx_word' id='word_1_247' title='bbox 3710 1804 3818 1884; x_wconf 87' lang='lat' dir='ltr'><strong>lute</strong></span> <span class='ocrx_word' id='word_1_248' title='bbox 3873 1804 4155 1898; x_wconf 76' lang='lat' dir='ltr'><strong>passurus.</strong></span> <span class='ocrx_word' id='word_1_249' title='bbox 4224 1829 4321 1884; x_wconf 88' lang='lat' dir='ltr'><strong>Cui</strong></span> <span class='ocrx_word' id='word_1_250' title='bbox 4383 1804 4640 1882; x_wconf 79' lang='lat' dir='ltr'><strong>nimirum</strong></span> <span class='ocrx_word' id='word_1_251' title='bbox 4690 1828 4838 1882; x_wconf 86' lang='lat' dir='ltr'><strong>cruci</strong></span> <span class='ocrx_word' id='word_1_252' title='bbox 4890 1804 5074 1881; x_wconf 75' lang='lat' dir='ltr'><strong>omnis</strong></span> <span class='ocrx_word' id='word_1_253' title='bbox 5128 1826 5314 1880; x_wconf 86' lang='lat' dir='ltr'><strong>mundi</strong></span> 
     </span>
    </p>
   </div>
   <div class='ocr_carea' id='block_1_33' title="bbox 2023 1923 3605 1996">
    <p class='ocr_par' dir='ltr' id='par_1_33' title="bbox 2023 1923 3605 1996">
     <span class='ocr_line' id='line_1_33' title="bbox 2023 1923 3605 1996; baseline -0.002 -17"><span class='ocrx_word' id='word_1_254' title='bbox 2023 1924 2236 1980; x_wconf 83' lang='lat' dir='ltr'><strong>fruetus</strong></span> <span class='ocrx_word' id='word_1_255' title='bbox 2255 1937 2308 1980; x_wconf 92' lang='lat' dir='ltr'><strong>et</strong></span> <span class='ocrx_word' id='word_1_256' title='bbox 2335 1926 2622 1980; x_wconf 87' lang='lat' dir='ltr'><strong>hilaritatis</strong></span> <span class='ocrx_word' id='word_1_257' title='bbox 2641 1926 2757 1996; x_wconf 86' lang='lat' dir='ltr'><strong>jam</strong></span> <span class='ocrx_word' id='word_1_258' title='bbox 2791 1933 2918 1979; x_wconf 91' lang='lat' dir='ltr'><strong>tunc</strong></span> <span class='ocrx_word' id='word_1_259' title='bbox 2950 1925 3004 1978; x_wconf 92' lang='lat' dir='ltr'><strong>in</strong></span> <span class='ocrx_word' id='word_1_260' title='bbox 3036 1933 3384 1978; x_wconf 85' lang='lat' dir='ltr'><strong>sacramento</strong></span> <span class='ocrx_word' id='word_1_261' title='bbox 3417 1923 3605 1978; x_wconf 84' lang='lat' dir='ltr'><strong>Eccle-</strong></span> 
     </span>
    </p>
   </div>
   <div class='ocr_carea' id='block_1_34' title="bbox 2015 2012 3607 2086">
    <p class='ocr_par' dir='ltr' id='par_1_34' title="bbox 2015 2012 3607 2086">
     <span class='ocr_line' id='line_1_34' title="bbox 2015 2012 3607 2086; baseline -0.001 -15"><span class='ocrx_word' id='word_1_262' title='bbox 2015 2018 2112 2072; x_wconf 76' lang='lat' dir='ltr'><strong>sire</strong></span> <span class='ocrx_word' id='word_1_263' title='bbox 2147 2017 2578 2082; x_wconf 88' lang='lat' dir='ltr'><strong>commendetur,</strong></span> <span class='ocrx_word' id='word_1_264' title='bbox 2629 2035 2647 2069; x_wconf 79' lang='grc' dir='ltr'><strong>ι</strong></span> <span class='ocrx_word' id='word_1_265' title='bbox 2681 2017 2909 2070; x_wconf 74' lang='lat' dir='ltr'><strong>hilarem</strong></span> <span class='ocrx_word' id='word_1_266' title='bbox 2959 2017 3104 2072; x_wconf 88' lang='lat' dir='ltr'><strong>enim</strong></span> <span class='ocrx_word' id='word_1_267' title='bbox 3149 2012 3392 2071; x_wconf 70' lang='lat' dir='ltr'><strong>datorem</strong></span> <span class='ocrx_word' id='word_1_268' title='bbox 3433 2017 3607 2086; x_wconf 87' lang='lat' dir='ltr'><strong>diligit</strong></span> 
     </span>
    </p>
   </div>
   <div class='ocr_carea' id='block_1_35' title="bbox 2018 2103 3602 2175">
    <p class='ocr_par' dir='ltr' id='par_1_35' title="bbox 2018 2103 3602 2175">
     <span class='ocr_line' id='line_1_35' title="bbox 2018 2103 3602 2175; baseline -0.001 -16"><span class='ocrx_word' id='word_1_269' title='bbox 2018 2105 2163 2159; x_wconf 89' lang='lat' dir='ltr'><strong>Deus</strong></span> <span class='ocrx_word' id='word_1_270' title='bbox 2185 2104 2270 2175; x_wconf 88' lang='lat' dir='ltr'><strong>(ll</strong></span> <span class='ocrx_word' id='word_1_271' title='bbox 2299 2104 2426 2158; x_wconf 86' lang='lat' dir='ltr'><strong>Cor.</strong></span> <span class='ocrx_word' id='word_1_272' title='bbox 2450 2106 2548 2173; x_wconf 80' lang='lat' dir='ltr'><strong>ts).</strong></span> <span class='ocrx_word' id='word_1_273' title='bbox 2581 2123 2599 2156; x_wconf 73' lang='grc' dir='ltr'><strong>ι</strong></span> <span class='ocrx_word' id='word_1_274' title='bbox 2635 2103 2808 2159; x_wconf 78' lang='lat' dir='ltr'><strong>Vidua</strong></span> <span class='ocrx_word' id='word_1_275' title='bbox 2838 2107 2950 2160; x_wconf 72' lang='lat' dir='ltr'><strong>haec</strong></span> <span class='ocrx_word' id='word_1_276' title='bbox 2977 2115 3164 2160; x_wconf 90' lang='lat' dir='ltr'><strong>sancta</strong></span> <span class='ocrx_word' id='word_1_277' title='bbox 3193 2115 3312 2159; x_wconf 90' lang='lat' dir='ltr'><strong>erat</strong></span> <span class='ocrx_word' id='word_1_278' title='bbox 3341 2105 3602 2168; x_wconf 81' lang='lat' dir='ltr'><strong>Ecclesia,</strong></span> 
     </span>
    </p>
   </div>
   <div class='ocr_carea' id='block_1_36' title="bbox 2017 2191 3602 2262">
    <p class='ocr_par' dir='ltr' id='par_1_36' title="bbox 2017 2191 3602 2262">
     <span class='ocr_line' id='line_1_36' title="bbox 2017 2191 3602 2262; baseline 0 -16"><span class='ocrx_word' id='word_1_279' title='bbox 2017 2193 2088 2247; x_wconf 91' lang='lat' dir='ltr'><strong>de</strong></span> <span class='ocrx_word' id='word_1_280' title='bbox 2114 2207 2220 2262; x_wconf 90' lang='lat' dir='ltr'><strong>qua</strong></span> <span class='ocrx_word' id='word_1_281' title='bbox 2257 2192 2456 2248; x_wconf 91' lang='lat' dir='ltr'><strong>dicitur</strong></span> <span class='ocrx_word' id='word_1_282' title='bbox 2490 2210 2503 2245; x_wconf 86' lang='lat'>:</span> <span class='ocrx_word' id='word_1_283' title='bbox 2535 2211 2553 2244; x_wconf 84' lang='grc' dir='ltr'><strong>ι</strong></span> <span class='ocrx_word' id='word_1_284' title='bbox 2585 2191 2816 2247; x_wconf 75' lang='lat' dir='ltr'><strong>Viduam</strong></span> <span class='ocrx_word' id='word_1_285' title='bbox 2865 2193 2982 2262; x_wconf 82' lang='lat' dir='ltr'><strong>ejus</strong></span> <span class='ocrx_word' id='word_1_286' title='bbox 3026 2195 3354 2249; x_wconf 88' lang='lat' dir='ltr'><strong>benedicens</strong></span> <span class='ocrx_word' id='word_1_287' title='bbox 3382 2194 3602 2247; x_wconf 90' lang='lat' dir='ltr'><strong>benedi-</strong></span> 
     </span>
    </p>
   </div>
   <div class='ocr_carea' id='block_1_37' title="bbox 2020 2279 3608 2355">
    <p class='ocr_par' dir='ltr' id='par_1_37' title="bbox 2020 2279 3608 2355">
     <span class='ocr_line' id='line_1_37' title="bbox 2020 2279 3608 2355; baseline 0.001 -18"><span class='ocrx_word' id='word_1_288' title='bbox 2020 2297 2142 2337; x_wconf 92' lang='lat' dir='ltr'><strong>eam</strong></span> <span class='ocrx_word' id='word_1_289' title='bbox 2183 2279 2357 2352; x_wconf 84' lang='lat' dir='ltr'><strong>(Psal.</strong></span> <span class='ocrx_word' id='word_1_290' title='bbox 2399 2283 2608 2354; x_wconf 75' lang='lat' dir='ltr'><strong>csxxt).</strong></span> <span class='ocrx_word' id='word_1_291' title='bbox 2641 2303 2660 2336; x_wconf 84' lang='grc' dir='ltr'><strong>ι</strong></span> <span class='ocrx_word' id='word_1_292' title='bbox 2703 2283 2800 2338; x_wconf 86' lang='lat' dir='ltr'><strong>Cui</strong></span> <span class='ocrx_word' id='word_1_293' title='bbox 2849 2283 3046 2340; x_wconf 89' lang='lat' dir='ltr'><strong>licebat</strong></span> <span class='ocrx_word' id='word_1_294' title='bbox 3093 2287 3396 2355; x_wconf 89' lang='lat' dir='ltr'><strong>cnicunque</strong></span> <span class='ocrx_word' id='word_1_295' title='bbox 3449 2285 3608 2340; x_wconf 89' lang='lat' dir='ltr'><strong>veUet</strong></span> 
     </span>
    </p>
   </div>
   <div class='ocr_carea' id='block_1_38' title="bbox 2019 2373 3604 2446">
    <p class='ocr_par' dir='ltr' id='par_1_38' title="bbox 2019 2373 3604 2446">
     <span class='ocr_line' id='line_1_38' title="bbox 2019 2373 3604 2446; baseline 0.003 -20"><span class='ocrx_word' id='word_1_296' title='bbox 2019 2380 2237 2426; x_wconf 86' lang='lat' dir='ltr'><strong>mortuo</strong></span> <span class='ocrx_word' id='word_1_297' title='bbox 2279 2373 2398 2426; x_wconf 89' lang='lat' dir='ltr'><strong>viro</strong></span> <span class='ocrx_word' id='word_1_298' title='bbox 2437 2373 2686 2444; x_wconf 84' lang='lat' dir='ltr'><strong>conjungi</strong></span> <span class='ocrx_word' id='word_1_299' title='bbox 2714 2414 2730 2438; x_wconf 96' lang='lat'><strong>,</strong></span> <span class='ocrx_word' id='word_1_300' title='bbox 2773 2375 2899 2443; x_wconf 85' lang='lat' dir='ltr'><strong>quia</strong></span> <span class='ocrx_word' id='word_1_301' title='bbox 2955 2375 3242 2430; x_wconf 89' lang='lat' dir='ltr'><strong>desinente</strong></span> <span class='ocrx_word' id='word_1_302' title='bbox 3293 2376 3428 2446; x_wconf 78' lang='lat' dir='ltr'><strong>lege,</strong></span> <span class='ocrx_word' id='word_1_303' title='bbox 3478 2393 3604 2430; x_wconf 80' lang='lat' dir='ltr'><strong>mox</strong></span> 
     </span>
    </p>
   </div>
   <div class='ocr_carea' id='block_1_39' title="bbox 2017 2462 3607 2534">
    <p class='ocr_par' dir='ltr' id='par_1_39' title="bbox 2017 2462 3607 2534">
     <span class='ocr_line' id='line_1_39' title="bbox 2017 2462 3607 2534; baseline 0.002 -15"><span class='ocrx_word' id='word_1_304' title='bbox 2017 2462 2254 2525; x_wconf 83' lang='lat' dir='ltr'><strong>Christo,</strong></span> <span class='ocrx_word' id='word_1_305' title='bbox 2287 2463 2378 2532; x_wconf 91' lang='lat' dir='ltr'><strong>qui</strong></span> <span class='ocrx_word' id='word_1_306' title='bbox 2428 2462 2553 2517; x_wconf 79' lang='lat' dir='ltr'><strong>ﬁnis</strong></span> <span class='ocrx_word' id='word_1_307' title='bbox 2575 2464 2710 2534; x_wconf 83' lang='lat' dir='ltr'><strong>legis</strong></span> <span class='ocrx_word' id='word_1_308' title='bbox 2734 2473 2847 2530; x_wconf 88' lang='lat' dir='ltr'><strong>est,</strong></span> <span class='ocrx_word' id='word_1_309' title='bbox 2880 2466 2946 2518; x_wconf 85' lang='lat' dir='ltr'><strong>ad</strong></span> <span class='ocrx_word' id='word_1_310' title='bbox 2970 2463 3244 2533; x_wconf 86' lang='lat' dir='ltr'><strong>justitiam</strong></span> <span class='ocrx_word' id='word_1_311' title='bbox 3286 2467 3432 2520; x_wconf 88' lang='lat' dir='ltr'><strong>omni</strong></span> <span class='ocrx_word' id='word_1_312' title='bbox 3491 2483 3607 2521; x_wconf 86' lang='lat' dir='ltr'><strong>cre-</strong></span> 
     </span>
    </p>
   </div>
   <div class='ocr_carea' id='block_1_40' title="bbox 2016 2552 3604 2626">
    <p class='ocr_par' dir='ltr' id='par_1_40' title="bbox 2016 2552 3604 2626">
     <span class='ocr_line' id='line_1_40' title="bbox 2016 2552 3604 2626; baseline 0.002 -18"><span class='ocrx_word' id='word_1_313' title='bbox 2016 2553 2162 2608; x_wconf 82' lang='lat' dir='ltr'><strong>denti</strong></span> <span class='ocrx_word' id='word_1_314' title='bbox 2191 2552 2362 2622; x_wconf 80' lang='lat' dir='ltr'><strong>(Rom.</strong></span> <span class='ocrx_word' id='word_1_315' title='bbox 2398 2554 2452 2625; x_wconf 85' lang='lat' dir='ltr'><strong>x)</strong></span> <span class='ocrx_word' id='word_1_316' title='bbox 2481 2595 2496 2620; x_wconf 91' lang='lat'><strong>,</strong></span> <span class='ocrx_word' id='word_1_317' title='bbox 2532 2555 2729 2610; x_wconf 91' lang='lat' dir='ltr'><strong>meruit</strong></span> <span class='ocrx_word' id='word_1_318' title='bbox 2758 2554 2998 2610; x_wconf 84' lang='lat' dir='ltr'><strong>Ecclesia</strong></span> <span class='ocrx_word' id='word_1_319' title='bbox 3018 2557 3281 2626; x_wconf 89' lang='lat' dir='ltr'><strong>copulari.</strong></span> <span class='ocrx_word' id='word_1_320' title='bbox 3312 2556 3402 2611; x_wconf 92' lang='lat' dir='ltr'><strong>llla</strong></span> <span class='ocrx_word' id='word_1_321' title='bbox 3425 2559 3604 2611; x_wconf 87' lang='lat' dir='ltr'><strong>cibum</strong></span> 
     </span>
    </p>
   </div>
   <div class='ocr_carea' id='block_1_41' title="bbox 2019 2649 3608 2722">
    <p class='ocr_par' dir='ltr' id='par_1_41' title="bbox 2019 2649 3608 2722">
     <span class='ocr_line' id='line_1_41' title="bbox 2019 2649 3608 2722; baseline 0.002 -20"><span class='ocrx_word' id='word_1_322' title='bbox 2019 2649 2348 2716; x_wconf 89' lang='lat' dir='ltr'><strong>anhelabat,</strong></span> <span class='ocrx_word' id='word_1_323' title='bbox 2400 2651 2494 2720; x_wconf 84' lang='lat' dir='ltr'><strong>qui</strong></span> <span class='ocrx_word' id='word_1_324' title='bbox 2541 2651 2750 2706; x_wconf 90' lang='lat' dir='ltr'><strong>duobus</strong></span> <span class='ocrx_word' id='word_1_325' title='bbox 2800 2661 2946 2706; x_wconf 85' lang='lat' dir='ltr'><strong>esset</strong></span> <span class='ocrx_word' id='word_1_326' title='bbox 2999 2651 3158 2722; x_wconf 87' lang='lat' dir='ltr'><strong>lignis</strong></span> <span class='ocrx_word' id='word_1_327' title='bbox 3214 2665 3502 2717; x_wconf 82' lang='lat' dir='ltr'><strong>excoctus;</strong></span> <span class='ocrx_word' id='word_1_328' title='bbox 3553 2663 3608 2706; x_wconf 92' lang='lat' dir='ltr'><strong>et</strong></span> 
     </span>
    </p>
   </div>
   <div class='ocr_carea' id='block_1_42' title="bbox 2018 2741 3604 2812">
    <p class='ocr_par' dir='ltr' id='par_1_42' title="bbox 2018 2741 3604 2812">
     <span class='ocr_line' id='line_1_42' title="bbox 2018 2741 3604 2812; baseline -0.001 -16"><span class='ocrx_word' id='word_1_329' title='bbox 2018 2749 2204 2796; x_wconf 86' lang='lat' dir='ltr'><strong>sancta</strong></span> <span class='ocrx_word' id='word_1_330' title='bbox 2238 2741 2480 2798; x_wconf 82' lang='lat' dir='ltr'><strong>Ecclesia</strong></span> <span class='ocrx_word' id='word_1_331' title='bbox 2520 2745 2712 2812; x_wconf 84' lang='lat' dir='ltr'><strong>panem</strong></span> <span class='ocrx_word' id='word_1_332' title='bbox 2765 2744 2834 2798; x_wconf 92' lang='lat' dir='ltr'><strong>de</strong></span> <span class='ocrx_word' id='word_1_333' title='bbox 2872 2744 3010 2797; x_wconf 76' lang='lat' dir='ltr'><strong>ctelo</strong></span> <span class='ocrx_word' id='word_1_334' title='bbox 3063 2745 3375 2798; x_wconf 86' lang='lat' dir='ltr'><strong>venientem</strong></span> <span class='ocrx_word' id='word_1_335' title='bbox 3411 2745 3604 2807; x_wconf 77' lang='lat' dir='ltr'><strong>esurit,</strong></span> 
     </span>
    </p>
   </div>
   <div class='ocr_carea' id='block_1_43' title="bbox 2016 2833 3610 2904">
    <p class='ocr_par' dir='ltr' id='par_1_43' title="bbox 2016 2833 3610 2904">
     <span class='ocr_line' id='line_1_43' title="bbox 2016 2833 3610 2904; baseline 0.003 -20"><span class='ocrx_word' id='word_1_336' title='bbox 2016 2833 2106 2900; x_wconf 89' lang='lat' dir='ltr'><strong>qui</strong></span> <span class='ocrx_word' id='word_1_337' title='bbox 2144 2833 2196 2885; x_wconf 94' lang='lat' dir='ltr'><strong>in</strong></span> <span class='ocrx_word' id='word_1_338' title='bbox 2243 2848 2337 2886; x_wconf 85' lang='lat' dir='ltr'><strong>ara</strong></span> <span class='ocrx_word' id='word_1_339' title='bbox 2369 2834 2552 2888; x_wconf 90' lang='lat' dir='ltr'><strong>crucis</strong></span> <span class='ocrx_word' id='word_1_340' title='bbox 2575 2844 2658 2888; x_wconf 88' lang='lat' dir='ltr'><strong>est</strong></span> <span class='ocrx_word' id='word_1_341' title='bbox 2712 2835 2970 2889; x_wconf 90' lang='lat' dir='ltr'><strong>torridus.</strong></span> <span class='ocrx_word' id='word_1_342' title='bbox 2997 2835 3098 2901; x_wconf 85' lang='lat' dir='ltr'><strong>Qui</strong></span> <span class='ocrx_word' id='word_1_343' title='bbox 3140 2835 3510 2904; x_wconf 87' lang='lat' dir='ltr'><strong>voluptuosos.</strong></span> <span class='ocrx_word' id='word_1_344' title='bbox 3554 2846 3610 2890; x_wconf 92' lang='lat' dir='ltr'><strong>et</strong></span> 
     </span>
    </p>
   </div>
   <div class='ocr_carea' id='block_1_44' title="bbox 2016 2913 3603 2995">
    <p class='ocr_par' dir='ltr' id='par_1_44' title="bbox 2016 2913 3603 2995">
     <span class='ocr_line' id='line_1_44' title="bbox 2016 2913 3603 2995; baseline 0.002 -20"><span class='ocrx_word' id='word_1_345' title='bbox 2016 2922 2264 2976; x_wconf 85' lang='lat' dir='ltr'><strong>carnales</strong></span> <span class='ocrx_word' id='word_1_346' title='bbox 2301 2923 2450 2978; x_wconf 89' lang='lat' dir='ltr'><strong>cibos</strong></span> <span class='ocrx_word' id='word_1_347' title='bbox 2491 2913 2718 2993; x_wconf 86' lang='lat' dir='ltr'><strong>appetit,</strong></span> <span class='ocrx_word' id='word_1_348' title='bbox 2747 2926 3075 2995; x_wconf 88' lang='lat' dir='ltr'><strong>serpentinis</strong></span> <span class='ocrx_word' id='word_1_349' title='bbox 3121 2927 3393 2980; x_wconf 84' lang='lat' dir='ltr'><strong>morsibus</strong></span> <span class='ocrx_word' id='word_1_350' title='bbox 3435 2927 3603 2978; x_wconf 87' lang='lat' dir='ltr'><strong>tradi-</strong></span> 
     </span>
    </p>
   </div>
   <div class='ocr_carea' id='block_1_45' title="bbox 2017 3013 3602 3086">
    <p class='ocr_par' dir='ltr' id='par_1_45' title="bbox 2017 3013 3602 3086">
     <span class='ocr_line' id='line_1_45' title="bbox 2017 3013 3602 3086; baseline 0.001 -21"><span class='ocrx_word' id='word_1_351' title='bbox 2017 3022 2129 3071; x_wconf 89' lang='lat' dir='ltr'><strong>tur.</strong></span> <span class='ocrx_word' id='word_1_352' title='bbox 2161 3013 2254 3082; x_wconf 89' lang='lat' dir='ltr'><strong>qui</strong></span> <span class='ocrx_word' id='word_1_353' title='bbox 2293 3028 2421 3068; x_wconf 90' lang='lat' dir='ltr'><strong>vero</strong></span> <span class='ocrx_word' id='word_1_354' title='bbox 2453 3014 2518 3066; x_wconf 85' lang='lat' dir='ltr'><strong>ad</strong></span> <span class='ocrx_word' id='word_1_355' title='bbox 2550 3014 2692 3067; x_wconf 92' lang='lat' dir='ltr'><strong>hunc</strong></span> <span class='ocrx_word' id='word_1_356' title='bbox 2724 3031 2918 3083; x_wconf 75' lang='lat' dir='ltr'><strong>panem</strong></span> <span class='ocrx_word' id='word_1_357' title='bbox 2955 3016 3194 3082; x_wconf 84' lang='lat' dir='ltr'><strong>respicit,</strong></span> <span class='ocrx_word' id='word_1_358' title='bbox 3227 3030 3254 3069; x_wconf 89' lang='lat' dir='ltr'><strong>a</strong></span> <span class='ocrx_word' id='word_1_359' title='bbox 3295 3016 3602 3086; x_wconf 87' lang='lat' dir='ltr'><strong>grassantis</strong></span> 
     </span>
    </p>
   </div>
   <div class='ocr_carea' id='block_1_46' title="bbox 2016 3105 3602 3175">
    <p class='ocr_par' dir='ltr' id='par_1_46' title="bbox 2016 3105 3602 3175">
     <span class='ocr_line' id='line_1_46' title="bbox 2016 3105 3602 3175; baseline 0.001 -18"><span class='ocrx_word' id='word_1_360' title='bbox 2016 3105 2209 3158; x_wconf 86' lang='lat' dir='ltr'><strong>veneni</strong></span> <span class='ocrx_word' id='word_1_361' title='bbox 2240 3106 2476 3172; x_wconf 90' lang='lat' dir='ltr'><strong>pernicie</strong></span> <span class='ocrx_word' id='word_1_362' title='bbox 2506 3105 2788 3166; x_wconf 86' lang='lat' dir='ltr'><strong>liberatur.</strong></span> <span class='ocrx_word' id='word_1_363' title='bbox 2817 3107 2955 3172; x_wconf 87' lang='lat' dir='ltr'><strong>Quid</strong></span> <span class='ocrx_word' id='word_1_364' title='bbox 2986 3117 3089 3170; x_wconf 87' lang='lat' dir='ltr'><strong>est,</strong></span> <span class='ocrx_word' id='word_1_365' title='bbox 3131 3107 3276 3175; x_wconf 90' lang='lat' dir='ltr'><strong>quod</strong></span> <span class='ocrx_word' id='word_1_366' title='bbox 3305 3108 3456 3161; x_wconf 75' lang='lat' dir='ltr'><strong>disi?</strong></span> <span class='ocrx_word' id='word_1_367' title='bbox 3487 3107 3602 3160; x_wconf 85' lang='lat' dir='ltr'><strong>Non</strong></span> 
     </span>
    </p>
   </div>
   <div class='ocr_carea' id='block_1_47' title="bbox 2018 3196 3608 3274">
    <p class='ocr_par' dir='ltr' id='par_1_47' title="bbox 2018 3196 3608 3274">
     <span class='ocr_line' id='line_1_47' title="bbox 2018 3196 3608 3274; baseline 0.001 -24"><span class='ocrx_word' id='word_1_368' title='bbox 2018 3196 2314 3266; x_wconf 86' lang='lat' dir='ltr'><strong>ignoratis,</strong></span> <span class='ocrx_word' id='word_1_369' title='bbox 2348 3197 2566 3258; x_wconf 82' lang='lat' dir='ltr'><strong>fratres,</strong></span> <span class='ocrx_word' id='word_1_370' title='bbox 2596 3197 2721 3261; x_wconf 81' lang='lat' dir='ltr'><strong>quia</strong></span> <span class='ocrx_word' id='word_1_371' title='bbox 2750 3197 2914 3249; x_wconf 82' lang='lat' dir='ltr'><strong>Israel</strong></span> <span class='ocrx_word' id='word_1_372' title='bbox 2963 3197 3052 3249; x_wconf 91' lang='lat' dir='ltr'><strong>ille</strong></span> <span class='ocrx_word' id='word_1_373' title='bbox 3088 3198 3322 3274; x_wconf 85' lang='lat' dir='ltr'><strong>carnalis</strong></span> <span class='ocrx_word' id='word_1_374' title='bbox 3366 3214 3608 3252; x_wconf 88' lang='lat' dir='ltr'><strong>murmu-</strong></span> 
     </span>
    </p>
   </div>
   <div class='ocr_carea' id='block_1_48' title="bbox 2018 3287 3602 3358">
    <p class='ocr_par' dir='ltr' id='par_1_48' title="bbox 2018 3287 3602 3358">
     <span class='ocr_line' id='line_1_48' title="bbox 2018 3287 3602 3358; baseline 0.001 -17"><span class='ocrx_word' id='word_1_375' title='bbox 2018 3302 2148 3341; x_wconf 87' lang='lat' dir='ltr'><strong>rans</strong></span> <span class='ocrx_word' id='word_1_376' title='bbox 2173 3287 2463 3357; x_wconf 81' lang='lat' dir='ltr'><strong>aliquando</strong></span> <span class='ocrx_word' id='word_1_377' title='bbox 2484 3287 2741 3342; x_wconf 88' lang='lat' dir='ltr'><strong>adversus</strong></span> <span class='ocrx_word' id='word_1_378' title='bbox 2774 3288 3015 3358; x_wconf 77' lang='lat' dir='ltr'><strong>Moysen,</strong></span> <span class='ocrx_word' id='word_1_379' title='bbox 3043 3289 3093 3342; x_wconf 91' lang='lat' dir='ltr'><strong>in</strong></span> <span class='ocrx_word' id='word_1_380' title='bbox 3122 3291 3337 3343; x_wconf 88' lang='lat' dir='ltr'><strong>deserto</strong></span> <span class='ocrx_word' id='word_1_381' title='bbox 3359 3291 3602 3344; x_wconf 90' lang='lat' dir='ltr'><strong>dicebat:</strong></span> 
     </span>
    </p>
   </div>
   <div class='ocr_carea' id='block_1_49' title="bbox 2025 3377 3604 3447">
    <p class='ocr_par' dir='ltr' id='par_1_49' title="bbox 2025 3377 3604 3447">
     <span class='ocr_line' id='line_1_49' title="bbox 2025 3377 3604 3447; baseline 0.001 -17"><span class='ocrx_word' id='word_1_382' title='bbox 2025 3397 2044 3430; x_wconf 76' lang='grc' dir='ltr'><strong>ι</strong></span> <span class='ocrx_word' id='word_1_383' title='bbox 2075 3378 2234 3433; x_wconf 87' lang='lat' dir='ltr'><strong>Deest</strong></span> <span class='ocrx_word' id='word_1_384' title='bbox 2270 3377 2448 3447; x_wconf 87' lang='lat' dir='ltr'><strong>panis,</strong></span> <span class='ocrx_word' id='word_1_385' title='bbox 2496 3393 2601 3430; x_wconf 91' lang='lat' dir='ltr'><strong>non</strong></span> <span class='ocrx_word' id='word_1_386' title='bbox 2645 3386 2771 3431; x_wconf 90' lang='lat' dir='ltr'><strong>sunt</strong></span> <span class='ocrx_word' id='word_1_387' title='bbox 2815 3393 3012 3446; x_wconf 66' lang='lat' dir='ltr'><strong>aquae,-</strong></span> <span class='ocrx_word' id='word_1_388' title='bbox 3038 3379 3219 3431; x_wconf 90' lang='lat' dir='ltr'><strong>anima</strong></span> <span class='ocrx_word' id='word_1_389' title='bbox 3265 3389 3448 3432; x_wconf 87' lang='lat' dir='ltr'><strong>nostra</strong></span> <span class='ocrx_word' id='word_1_390' title='bbox 3490 3381 3604 3446; x_wconf 88' lang='lat' dir='ltr'><strong>jam</strong></span> 
     </span>
    </p>
   </div>
   <div class='ocr_carea' id='block_1_50' title="bbox 2020 3465 3607 3536">
    <p class='ocr_par' dir='ltr' id='par_1_50' title="bbox 2020 3465 3607 3536">
     <span class='ocr_line' id='line_1_50' title="bbox 2020 3465 3607 3536; baseline 0.001 -14"><span class='ocrx_word' id='word_1_391' title='bbox 2020 3477 2248 3522; x_wconf 86' lang='lat' dir='ltr'><strong>nauseat</strong></span> <span class='ocrx_word' id='word_1_392' title='bbox 2269 3481 2434 3536; x_wconf 92' lang='lat' dir='ltr'><strong>super</strong></span> <span class='ocrx_word' id='word_1_393' title='bbox 2454 3467 2574 3520; x_wconf 90' lang='lat' dir='ltr'><strong>cibo</strong></span> <span class='ocrx_word' id='word_1_394' title='bbox 2598 3466 2702 3520; x_wconf 90' lang='lat' dir='ltr'><strong>isto</strong></span> <span class='ocrx_word' id='word_1_395' title='bbox 2721 3465 2996 3520; x_wconf 88' lang='lat' dir='ltr'><strong>levissimo</strong></span> <span class='ocrx_word' id='word_1_396' title='bbox 3019 3465 3208 3536; x_wconf 79' lang='lat' dir='ltr'><strong>(Num.</strong></span> <span class='ocrx_word' id='word_1_397' title='bbox 3235 3468 3372 3536; x_wconf 80' lang='lat' dir='ltr'><strong>ut).</strong></span> <span class='ocrx_word' id='word_1_398' title='bbox 3408 3487 3426 3520; x_wconf 76' lang='grc' dir='ltr'><strong>ι</strong></span> <span class='ocrx_word' id='word_1_399' title='bbox 3453 3467 3607 3524; x_wconf 85' lang='lat' dir='ltr'><strong>Tunc</strong></span> 
     </span>
    </p>
   </div>
   <div class='ocr_carea' id='block_1_51' title="bbox 2019 3558 3609 3629">
    <p class='ocr_par' dir='ltr' id='par_1_51' title="bbox 2019 3558 3609 3629">
     <span class='ocr_line' id='line_1_51' title="bbox 2019 3558 3609 3629; baseline 0.002 -17"><span class='ocrx_word' id='word_1_400' title='bbox 2019 3558 2244 3613; x_wconf 88' lang='lat' dir='ltr'><strong>immisit</strong></span> <span class='ocrx_word' id='word_1_401' title='bbox 2277 3558 2329 3612; x_wconf 92' lang='lat' dir='ltr'><strong>in</strong></span> <span class='ocrx_word' id='word_1_402' title='bbox 2359 3572 2454 3612; x_wconf 83' lang='lat' dir='ltr'><strong>eos</strong></span> <span class='ocrx_word' id='word_1_403' title='bbox 2485 3559 2742 3612; x_wconf 90' lang='lat' dir='ltr'><strong>Dominus</strong></span> <span class='ocrx_word' id='word_1_404' title='bbox 2786 3559 2983 3629; x_wconf 88' lang='lat' dir='ltr'><strong>ignitos</strong></span> <span class='ocrx_word' id='word_1_405' title='bbox 3023 3568 3309 3629; x_wconf 85' lang='lat' dir='ltr'><strong>serpentes</strong></span> <span class='ocrx_word' id='word_1_406' title='bbox 3336 3576 3350 3623; x_wconf 89' lang='lat'><strong>;</strong></span> <span class='ocrx_word' id='word_1_407' title='bbox 3379 3574 3609 3629; x_wconf 89' lang='lat' dir='ltr'><strong>cumque</strong></span> 
     </span>
    </p>
   </div>
   <div class='ocr_carea' id='block_1_52' title="bbox 2019 3637 3610 3719">
    <p class='ocr_par' dir='ltr' id='par_1_52' title="bbox 2019 3637 3610 3719">
     <span class='ocr_line' id='line_1_52' title="bbox 2019 3637 3610 3719; baseline 0.005 -21"><span class='ocrx_word' id='word_1_408' title='bbox 2019 3637 2396 3717; x_wconf 70' lang='lat' dir='ltr'><strong>pmniteniiam</strong></span> <span class='ocrx_word' id='word_1_409' title='bbox 2438 3647 2582 3700; x_wconf 92' lang='lat' dir='ltr'><strong>ducti</strong></span> <span class='ocrx_word' id='word_1_410' title='bbox 2641 3647 3030 3717; x_wconf 87' lang='lat' dir='ltr'><strong>indulgentiam</strong></span> <span class='ocrx_word' id='word_1_411' title='bbox 3061 3658 3328 3717; x_wconf 89' lang='lat' dir='ltr'><strong>peterent,</strong></span> <span class='ocrx_word' id='word_1_412' title='bbox 3375 3665 3440 3704; x_wconf 82' lang='lat' dir='ltr'><strong>ex</strong></span> <span class='ocrx_word' id='word_1_413' title='bbox 3480 3666 3610 3719; x_wconf 60' lang='lat' dir='ltr'><strong>prato</strong></span> 
     </span>
    </p>
   </div>
   <div class='ocr_carea' id='block_1_53' title="bbox 2023 3737 3612 3809">
    <p class='ocr_par' dir='ltr' id='par_1_53' title="bbox 2023 3737 3612 3809">
     <span class='ocr_line' id='line_1_53' title="bbox 2023 3737 3612 3809; baseline 0.007 -22"><span class='ocrx_word' id='word_1_414' title='bbox 2023 3745 2181 3805; x_wconf 85' lang='lat' dir='ltr'><strong>cepto</strong></span> <span class='ocrx_word' id='word_1_415' title='bbox 2227 3737 2442 3790; x_wconf 87' lang='lat' dir='ltr'><strong>Domini</strong></span> <span class='ocrx_word' id='word_1_416' title='bbox 2477 3737 2604 3792; x_wconf 89' lang='lat' dir='ltr'><strong>fecit</strong></span> <span class='ocrx_word' id='word_1_417' title='bbox 2647 3737 2869 3809; x_wconf 66' lang='lat' dir='ltr'><strong>Moyses</strong></span> <span class='ocrx_word' id='word_1_418' title='bbox 2911 3753 3222 3808; x_wconf 86' lang='lat' dir='ltr'><strong>serpentem</strong></span> <span class='ocrx_word' id='word_1_419' title='bbox 3271 3756 3501 3804; x_wconf 66' lang='lat' dir='ltr'><strong>aeneum,</strong></span> <span class='ocrx_word' id='word_1_420' title='bbox 3556 3753 3612 3798; x_wconf 92' lang='lat' dir='ltr'><strong>et</strong></span> 
     </span>
    </p>
   </div>
   <div class='ocr_carea' id='block_1_54' title="bbox 2023 3827 3613 3900">
    <p class='ocr_par' dir='ltr' id='par_1_54' title="bbox 2023 3827 3613 3900">
     <span class='ocr_line' id='line_1_54' title="bbox 2023 3827 3613 3900; baseline 0.004 -21"><span class='ocrx_word' id='word_1_421' title='bbox 2023 3841 2124 3896; x_wconf 89' lang='lat' dir='ltr'><strong>pro</strong></span> <span class='ocrx_word' id='word_1_422' title='bbox 2148 3827 2303 3896; x_wconf 89' lang='lat' dir='ltr'><strong>signo</strong></span> <span class='ocrx_word' id='word_1_423' title='bbox 2336 3827 2534 3895; x_wconf 88' lang='lat' dir='ltr'><strong>posuit,</strong></span> <span class='ocrx_word' id='word_1_424' title='bbox 2560 3828 2627 3880; x_wconf 90' lang='lat' dir='ltr'><strong>ad</strong></span> <span class='ocrx_word' id='word_1_425' title='bbox 2661 3843 2842 3896; x_wconf 88' lang='lat' dir='ltr'><strong>quem,</strong></span> <span class='ocrx_word' id='word_1_426' title='bbox 2870 3830 3180 3899; x_wconf 91' lang='lat' dir='ltr'><strong>quicunque</strong></span> <span class='ocrx_word' id='word_1_427' title='bbox 3231 3832 3613 3900; x_wconf 79' lang='lat' dir='ltr'><strong>percussifue—</strong></span> 
     </span>
    </p>
   </div>
   <div class='ocr_carea' id='block_1_55' title="bbox 2025 3919 3614 3989">
    <p class='ocr_par' dir='ltr' id='par_1_55' title="bbox 2025 3919 3614 3989">
     <span class='ocr_line' id='line_1_55' title="bbox 2025 3919 3614 3989; baseline 0.003 -17"><span class='ocrx_word' id='word_1_428' title='bbox 2025 3926 2184 3982; x_wconf 87' lang='lat' dir='ltr'><strong>rant,</strong></span> <span class='ocrx_word' id='word_1_429' title='bbox 2241 3919 2568 3986; x_wconf 90' lang='lat' dir='ltr'><strong>aspicientes</strong></span> <span class='ocrx_word' id='word_1_430' title='bbox 2617 3919 2866 3989; x_wconf 85' lang='lat' dir='ltr'><strong>protinus</strong></span> <span class='ocrx_word' id='word_1_431' title='bbox 2915 3921 3270 3974; x_wconf 81' lang='lat' dir='ltr'><strong>sanabanlur.</strong></span> <span class='ocrx_word' id='word_1_432' title='bbox 3323 3921 3614 3978; x_wconf 81' lang='lat' dir='ltr'><strong>Enimvero</strong></span> 
     </span>
    </p>
   </div>
   <div class='ocr_carea' id='block_1_56' title="bbox 2023 4009 3616 4079">
    <p class='ocr_par' dir='ltr' id='par_1_56' title="bbox 2023 4009 3616 4079">
     <span class='ocr_line' id='line_1_56' title="bbox 2023 4009 3616 4079; baseline 0.003 -17"><span class='ocrx_word' id='word_1_433' title='bbox 2023 4021 2124 4079; x_wconf 90' lang='lat' dir='ltr'><strong>per</strong></span> <span class='ocrx_word' id='word_1_434' title='bbox 2148 4009 2438 4064; x_wconf 86' lang='lat' dir='ltr'><strong>consilium</strong></span> <span class='ocrx_word' id='word_1_435' title='bbox 2482 4009 2750 4079; x_wconf 87' lang='lat' dir='ltr'><strong>serpentis</strong></span> <span class='ocrx_word' id='word_1_436' title='bbox 2779 4018 2863 4064; x_wconf 92' lang='lat' dir='ltr'><strong>est</strong></span> <span class='ocrx_word' id='word_1_437' title='bbox 2898 4011 3062 4064; x_wconf 88' lang='lat' dir='ltr'><strong>homo</strong></span> <span class='ocrx_word' id='word_1_438' title='bbox 3090 4010 3342 4079; x_wconf 90' lang='lat' dir='ltr'><strong>delapsus</strong></span> <span class='ocrx_word' id='word_1_439' title='bbox 3372 4013 3424 4065; x_wconf 93' lang='lat' dir='ltr'><strong>in</strong></span> <span class='ocrx_word' id='word_1_440' title='bbox 3472 4029 3616 4067; x_wconf 88' lang='lat' dir='ltr'><strong>mor-</strong></span> 
     </span>
    </p>
   </div>
   <div class='ocr_carea' id='block_1_57' title="bbox 2028 4099 3611 4163">
    <p class='ocr_par' dir='ltr' id='par_1_57' title="bbox 2028 4099 3611 4163">
     <span class='ocr_line' id='line_1_57' title="bbox 2028 4099 3611 4163; baseline 0.002 -11"><span class='ocrx_word' id='word_1_441' title='bbox 2028 4107 2169 4163; x_wconf 86' lang='lat' dir='ltr'><strong>tem;</strong></span> <span class='ocrx_word' id='word_1_442' title='bbox 2215 4112 2289 4152; x_wconf 62' lang='lat' dir='ltr'><strong>as</strong></span> <span class='ocrx_word' id='word_1_443' title='bbox 2315 4113 2445 4152; x_wconf 89' lang='lat' dir='ltr'><strong>vero</strong></span> <span class='ocrx_word' id='word_1_444' title='bbox 2487 4099 2699 4153; x_wconf 68' lang='lat' dir='ltr'><strong>caeteris</strong></span> <span class='ocrx_word' id='word_1_445' title='bbox 2726 4099 2959 4154; x_wconf 86' lang='lat' dir='ltr'><strong>metallis</strong></span> <span class='ocrx_word' id='word_1_446' title='bbox 2987 4099 3290 4155; x_wconf 88' lang='lat' dir='ltr'><strong>durabilius</strong></span> <span class='ocrx_word' id='word_1_447' title='bbox 3319 4102 3611 4155; x_wconf 85' lang='lat' dir='ltr'><strong>invenitur.</strong></span> 
     </span>
    </p>
   </div>
   <div class='ocr_carea' id='block_1_58' title="bbox 2097 4186 3610 4262">
    <p class='ocr_par' dir='ltr' id='par_1_58' title="bbox 2097 4186 3610 4262">
     <span class='ocr_line' id='line_1_58' title="bbox 2097 4186 3610 4262; baseline 0.003 -21"><span class='ocrx_word' id='word_1_448' title='bbox 2097 4186 2304 4242; x_wconf 66' lang='lat' dir='ltr'><strong>Eneus</strong></span> <span class='ocrx_word' id='word_1_449' title='bbox 2358 4187 2538 4256; x_wconf 87' lang='lat' dir='ltr'><strong>itaque</strong></span> <span class='ocrx_word' id='word_1_450' title='bbox 2580 4203 2806 4257; x_wconf 89' lang='lat' dir='ltr'><strong>serpens</strong></span> <span class='ocrx_word' id='word_1_451' title='bbox 2855 4190 3140 4244; x_wconf 90' lang='lat' dir='ltr'><strong>Dominum</strong></span> <span class='ocrx_word' id='word_1_452' title='bbox 3189 4190 3468 4261; x_wconf 87' lang='lat' dir='ltr'><strong>figuravit,</strong></span> <span class='ocrx_word' id='word_1_453' title='bbox 3520 4193 3610 4262; x_wconf 93' lang='lat' dir='ltr'><strong>qui</strong></span> 
     </span>
    </p>
   </div>
   <div class='ocr_carea' id='block_1_59' title="bbox 2026 4279 3612 4354">
    <p class='ocr_par' dir='ltr' id='par_1_59' title="bbox 2026 4279 3612 4354">
     <span class='ocr_line' id='line_1_59' title="bbox 2026 4279 3612 4354; baseline 0.003 -19"><span class='ocrx_word' id='word_1_454' title='bbox 2026 4279 2264 4335; x_wconf 88' lang='lat' dir='ltr'><strong>infusum</strong></span> <span class='ocrx_word' id='word_1_455' title='bbox 2295 4281 2453 4335; x_wconf 91' lang='lat' dir='ltr'><strong>nobis</strong></span> <span class='ocrx_word' id='word_1_456' title='bbox 2479 4296 2742 4336; x_wconf 87' lang='lat' dir='ltr'><strong>venenum</strong></span> <span class='ocrx_word' id='word_1_457' title='bbox 2771 4283 3048 4338; x_wconf 74' lang='lat' dir='ltr'><strong>diabolica:</strong></span> <span class='ocrx_word' id='word_1_458' title='bbox 3076 4285 3453 4354; x_wconf 78' lang='lat' dir='ltr'><strong>suggestionis</strong></span> <span class='ocrx_word' id='word_1_459' title='bbox 3488 4287 3612 4339; x_wconf 82' lang='lat' dir='ltr'><strong>abe-</strong></span> 
     </span>
    </p>
   </div>
   <div class='ocr_carea' id='block_1_60' title="bbox 2023 4373 3613 4446">
    <p class='ocr_par' dir='ltr' id='par_1_60' title="bbox 2023 4373 3613 4446">
     <span class='ocr_line' id='line_1_60' title="bbox 2023 4373 3613 4446; baseline 0.001 -20"><span class='ocrx_word' id='word_1_460' title='bbox 2023 4373 2126 4446; x_wconf 79' lang='lat' dir='ltr'><strong>git.</strong></span> <span class='ocrx_word' id='word_1_461' title='bbox 2165 4373 2231 4428; x_wconf 84' lang='lat' dir='ltr'><strong>Et</strong></span> <span class='ocrx_word' id='word_1_462' title='bbox 2256 4383 2382 4441; x_wconf 89' lang='lat' dir='ltr'><strong>apte</strong></span> <span class='ocrx_word' id='word_1_463' title='bbox 2405 4388 2586 4428; x_wconf 67' lang='lat' dir='ltr'><strong>aeneus</strong></span> <span class='ocrx_word' id='word_1_464' title='bbox 2619 4389 2867 4444; x_wconf 89' lang='lat' dir='ltr'><strong>serpens,</strong></span> <span class='ocrx_word' id='word_1_465' title='bbox 2900 4384 2958 4428; x_wconf 93' lang='lat' dir='ltr'><strong>ut</strong></span> <span class='ocrx_word' id='word_1_466' title='bbox 2987 4391 3082 4445; x_wconf 88' lang='lat' dir='ltr'><strong>per</strong></span> <span class='ocrx_word' id='word_1_467' title='bbox 3124 4386 3429 4443; x_wconf 87' lang='lat' dir='ltr'><strong>serpentem</strong></span> <span class='ocrx_word' id='word_1_468' title='bbox 3464 4393 3613 4430; x_wconf 87' lang='lat' dir='ltr'><strong>mor-</strong></span> 
     </span>
    </p>
   </div>
   <div class='ocr_carea' id='block_1_61' title="bbox 2027 4464 3610 4534">
    <p class='ocr_par' dir='ltr' id='par_1_61' title="bbox 2027 4464 3610 4534">
     <span class='ocr_line' id='line_1_61' title="bbox 2027 4464 3610 4534; baseline -0.001 -14"><span class='ocrx_word' id='word_1_469' title='bbox 2027 4473 2174 4528; x_wconf 89' lang='lat' dir='ltr'><strong>tuus,</strong></span> <span class='ocrx_word' id='word_1_470' title='bbox 2201 4472 2259 4518; x_wconf 92' lang='lat' dir='ltr'><strong>et</strong></span> <span class='ocrx_word' id='word_1_471' title='bbox 2285 4479 2384 4532; x_wconf 90' lang='lat' dir='ltr'><strong>per</strong></span> <span class='ocrx_word' id='word_1_472' title='bbox 2406 4479 2480 4518; x_wconf 67' lang='lat' dir='ltr'><strong>res</strong></span> <span class='ocrx_word' id='word_1_473' title='bbox 2510 4465 2769 4519; x_wconf 89' lang='lat' dir='ltr'><strong>Dominus</strong></span> <span class='ocrx_word' id='word_1_474' title='bbox 2795 4466 3195 4534; x_wconf 82' lang='lat' dir='ltr'><strong>signiﬁcaretur</strong></span> <span class='ocrx_word' id='word_1_475' title='bbox 3223 4478 3478 4520; x_wconf 72' lang='lat' dir='ltr'><strong>aeternus.</strong></span> <span class='ocrx_word' id='word_1_476' title='bbox 3511 4464 3610 4532; x_wconf 87' lang='lat' dir='ltr'><strong>Qui</strong></span> 
     </span>
    </p>
   </div>
   <div class='ocr_carea' id='block_1_62' title="bbox 2025 4551 3612 4625">
    <p class='ocr_par' dir='ltr' id='par_1_62' title="bbox 2025 4551 3612 4625">
     <span class='ocr_line' id='line_1_62' title="bbox 2025 4551 3612 4625; baseline 0.002 -17"><span class='ocrx_word' id='word_1_477' title='bbox 2025 4552 2171 4608; x_wconf 79' lang='lat' dir='ltr'><strong>enim</strong></span> <span class='ocrx_word' id='word_1_478' title='bbox 2199 4567 2267 4606; x_wconf 84' lang='lat' dir='ltr'><strong>ex</strong></span> <span class='ocrx_word' id='word_1_479' title='bbox 2316 4551 2655 4608; x_wconf 83' lang='lat' dir='ltr'><strong>humanitate</strong></span> <span class='ocrx_word' id='word_1_480' title='bbox 2698 4555 2874 4608; x_wconf 90' lang='lat' dir='ltr'><strong>crucis</strong></span> <span class='ocrx_word' id='word_1_481' title='bbox 2903 4555 3222 4624; x_wconf 86' lang='lat' dir='ltr'><strong>supplicium</strong></span> <span class='ocrx_word' id='word_1_482' title='bbox 3265 4556 3503 4625; x_wconf 88' lang='lat' dir='ltr'><strong>pertulit,</strong></span> <span class='ocrx_word' id='word_1_483' title='bbox 3545 4573 3612 4612; x_wconf 82' lang='lat' dir='ltr'><strong>ex</strong></span> 
     </span>
    </p>
   </div>
   <div class='ocr_carea' id='block_1_63' title="bbox 2022 4642 3612 4714">
    <p class='ocr_par' dir='ltr' id='par_1_63' title="bbox 2022 4642 3612 4714">
     <span class='ocr_line' id='line_1_63' title="bbox 2022 4642 3612 4714; baseline 0.003 -17"><span class='ocrx_word' id='word_1_484' title='bbox 2022 4642 2311 4697; x_wconf 79' lang='lat' dir='ltr'><strong>divinitate</strong></span> <span class='ocrx_word' id='word_1_485' title='bbox 2365 4653 2658 4713; x_wconf 86' lang='lat' dir='ltr'><strong>perpetuus</strong></span> <span class='ocrx_word' id='word_1_486' title='bbox 2713 4654 2768 4699; x_wconf 87' lang='lat' dir='ltr'><strong>et</strong></span> <span class='ocrx_word' id='word_1_487' title='bbox 2821 4646 3170 4714; x_wconf 87' lang='lat' dir='ltr'><strong>impassibilis</strong></span> <span class='ocrx_word' id='word_1_488' title='bbox 3223 4647 3373 4702; x_wconf 87' lang='lat' dir='ltr'><strong>vivit.</strong></span> <span class='ocrx_word' id='word_1_489' title='bbox 3439 4646 3612 4702; x_wconf 84' lang='lat' dir='ltr'><strong>Porro</strong></span> 
     </span>
    </p>
   </div>
   <div class='ocr_carea' id='block_1_64' title="bbox 2025 4734 3609 4806">
    <p class='ocr_par' dir='ltr' id='par_1_64' title="bbox 2025 4734 3609 4806">
     <span class='ocr_line' id='line_1_64' title="bbox 2025 4734 3609 4806; baseline 0.002 -18"><span class='ocrx_word' id='word_1_490' title='bbox 2025 4743 2206 4788; x_wconf 88' lang='lat' dir='ltr'><strong>autem</strong></span> <span class='ocrx_word' id='word_1_491' title='bbox 2237 4747 2459 4802; x_wconf 88' lang='lat' dir='ltr'><strong>serpens</strong></span> <span class='ocrx_word' id='word_1_492' title='bbox 2486 4749 2670 4788; x_wconf 70' lang='lat' dir='ltr'><strong>teneas</strong></span> <span class='ocrx_word' id='word_1_493' title='bbox 2699 4734 3107 4790; x_wconf 88' lang='lat' dir='ltr'><strong>similitudinem</strong></span> <span class='ocrx_word' id='word_1_494' title='bbox 3138 4735 3356 4805; x_wconf 90' lang='lat' dir='ltr'><strong>quidem</strong></span> <span class='ocrx_word' id='word_1_495' title='bbox 3391 4752 3609 4806; x_wconf 56' lang='lat' dir='ltr'><strong>serpeno</strong></span> 
     </span>
    </p>
   </div>
   <div class='ocr_carea' id='block_1_65' title="bbox 2029 4824 3606 4897">
    <p class='ocr_par' dir='ltr' id='par_1_65' title="bbox 2029 4824 3606 4897">
     <span class='ocr_line' id='line_1_65' title="bbox 2029 4824 3606 4897; baseline 0.002 -16"><span class='ocrx_word' id='word_1_496' title='bbox 2029 4825 2098 4881; x_wconf 88' lang='lat' dir='ltr'><strong>tis</strong></span> <span class='ocrx_word' id='word_1_497' title='bbox 2129 4825 2309 4890; x_wconf 86' lang='lat' dir='ltr'><strong>habet,</strong></span> <span class='ocrx_word' id='word_1_498' title='bbox 2340 4825 2433 4879; x_wconf 90' lang='lat' dir='ltr'><strong>sed</strong></span> <span class='ocrx_word' id='word_1_499' title='bbox 2462 4824 2627 4897; x_wconf 61' lang='lat'><strong>25.9</strong></span> <span class='ocrx_word' id='word_1_500' title='bbox 2662 4840 2926 4881; x_wconf 90' lang='lat' dir='ltr'><strong>venenum</strong></span> <span class='ocrx_word' id='word_1_501' title='bbox 2965 4829 3235 4897; x_wconf 87' lang='lat' dir='ltr'><strong>serpentis</strong></span> <span class='ocrx_word' id='word_1_502' title='bbox 3275 4845 3380 4884; x_wconf 91' lang='lat' dir='ltr'><strong>non</strong></span> <span class='ocrx_word' id='word_1_503' title='bbox 3425 4830 3606 4884; x_wconf 86' lang='lat' dir='ltr'><strong>habet.</strong></span> 
     </span>
    </p>
   </div>
   <div class='ocr_carea' id='block_1_66' title="bbox 2027 4915 3609 4989">
    <p class='ocr_par' dir='ltr' id='par_1_66' title="bbox 2027 4915 3609 4989">
     <span class='ocr_line' id='line_1_66' title="bbox 2027 4915 3609 4989; baseline 0.003 -19"><span class='ocrx_word' id='word_1_504' title='bbox 2027 4915 2097 4970; x_wconf 83' lang='lat' dir='ltr'><strong>Et</strong></span> <span class='ocrx_word' id='word_1_505' title='bbox 2129 4915 2453 4983; x_wconf 78' lang='lat' dir='ltr'><strong>Redemptor</strong></span> <span class='ocrx_word' id='word_1_506' title='bbox 2486 4929 2671 4970; x_wconf 87' lang='lat' dir='ltr'><strong>noster</strong></span> <span class='ocrx_word' id='word_1_507' title='bbox 2702 4917 2754 4970; x_wconf 92' lang='lat' dir='ltr'><strong>in</strong></span> <span class='ocrx_word' id='word_1_508' title='bbox 2788 4918 3144 4974; x_wconf 89' lang='lat' dir='ltr'><strong>similitudine</strong></span> <span class='ocrx_word' id='word_1_509' title='bbox 3172 4921 3388 4989; x_wconf 88' lang='lat' dir='ltr'><strong>quidem</strong></span> <span class='ocrx_word' id='word_1_510' title='bbox 3427 4923 3609 4976; x_wconf 88' lang='lat' dir='ltr'><strong>carnis</strong></span> 
     </span>
    </p>
   </div>
   <div class='ocr_carea' id='block_1_67' title="bbox 2028 5005 3610 5075">
    <p class='ocr_par' dir='ltr' id='par_1_67' title="bbox 2028 5005 3610 5075">
     <span class='ocr_line' id='line_1_67' title="bbox 2028 5005 3610 5075; baseline 0.003 -16"><span class='ocrx_word' id='word_1_511' title='bbox 2028 5007 2237 5075; x_wconf 89' lang='lat' dir='ltr'><strong>peccati</strong></span> <span class='ocrx_word' id='word_1_512' title='bbox 2266 5006 2537 5073; x_wconf 87' lang='lat' dir='ltr'><strong>apparuit,</strong></span> <span class='ocrx_word' id='word_1_513' title='bbox 2566 5005 2662 5060; x_wconf 82' lang='lat' dir='ltr'><strong>sed</strong></span> <span class='ocrx_word' id='word_1_514' title='bbox 2690 5008 2894 5074; x_wconf 88' lang='lat' dir='ltr'><strong>peccati</strong></span> <span class='ocrx_word' id='word_1_515' title='bbox 2933 5023 3199 5062; x_wconf 88' lang='lat' dir='ltr'><strong>venenum</strong></span> <span class='ocrx_word' id='word_1_516' title='bbox 3243 5009 3296 5063; x_wconf 94' lang='lat' dir='ltr'><strong>in</strong></span> <span class='ocrx_word' id='word_1_517' title='bbox 3333 5024 3398 5064; x_wconf 94' lang='lat' dir='ltr'><strong>eo</strong></span> <span class='ocrx_word' id='word_1_518' title='bbox 3435 5010 3610 5064; x_wconf 91' lang='lat' dir='ltr'><strong>locum</strong></span> 
     </span>
    </p>
   </div>
   <div class='ocr_carea' id='block_1_68' title="bbox 2027 5097 3609 5170">
    <p class='ocr_par' dir='ltr' id='par_1_68' title="bbox 2027 5097 3609 5170">
     <span class='ocr_line' id='line_1_68' title="bbox 2027 5097 3609 5170; baseline 0.001 -18"><span class='ocrx_word' id='word_1_519' title='bbox 2027 5097 2230 5152; x_wconf 82' lang='lat' dir='ltr'><strong>habere</strong></span> <span class='ocrx_word' id='word_1_520' title='bbox 2261 5112 2366 5151; x_wconf 91' lang='lat' dir='ltr'><strong>non</strong></span> <span class='ocrx_word' id='word_1_521' title='bbox 2393 5099 2586 5165; x_wconf 90' lang='lat' dir='ltr'><strong>potuit,</strong></span> <span class='ocrx_word' id='word_1_522' title='bbox 2616 5098 2813 5167; x_wconf 88' lang='lat' dir='ltr'><strong>quippe</strong></span> <span class='ocrx_word' id='word_1_523' title='bbox 2835 5098 2927 5170; x_wconf 90' lang='lat' dir='ltr'><strong>qui</strong></span> <span class='ocrx_word' id='word_1_524' title='bbox 2967 5117 2984 5149; x_wconf 81' lang='grc' dir='ltr'><strong>ι</strong></span> <span class='ocrx_word' id='word_1_525' title='bbox 3019 5111 3304 5169; x_wconf 89' lang='lat' dir='ltr'><strong>peccatum</strong></span> <span class='ocrx_word' id='word_1_526' title='bbox 3332 5116 3440 5155; x_wconf 92' lang='lat' dir='ltr'><strong>non</strong></span> <span class='ocrx_word' id='word_1_527' title='bbox 3465 5100 3609 5166; x_wconf 90' lang='lat' dir='ltr'><strong>fecit,</strong></span> 
     </span>
    </p>
   </div>
   <div class='ocr_carea' id='block_1_69' title="bbox 2028 5188 3500 5263">
    <p class='ocr_par' dir='ltr' id='par_1_69' title="bbox 2028 5188 3500 5263">
     <span class='ocr_line' id='line_1_69' title="bbox 2028 5188 3500 5263; baseline -0.003 -15"><span class='ocrx_word' id='word_1_528' title='bbox 2028 5203 2131 5248; x_wconf 88' lang='lat' dir='ltr'><strong>nec</strong></span> <span class='ocrx_word' id='word_1_529' title='bbox 2159 5188 2312 5244; x_wconf 90' lang='lat' dir='ltr'><strong>dolus</strong></span> <span class='ocrx_word' id='word_1_530' title='bbox 2347 5189 2598 5243; x_wconf 89' lang='lat' dir='ltr'><strong>inventus</strong></span> <span class='ocrx_word' id='word_1_531' title='bbox 2627 5197 2711 5243; x_wconf 89' lang='lat' dir='ltr'><strong>est</strong></span> <span class='ocrx_word' id='word_1_532' title='bbox 2741 5189 2794 5243; x_wconf 92' lang='lat' dir='ltr'><strong>in</strong></span> <span class='ocrx_word' id='word_1_533' title='bbox 2833 5205 2930 5246; x_wconf 90' lang='lat' dir='ltr'><strong>ore</strong></span> <span class='ocrx_word' id='word_1_534' title='bbox 2957 5191 3072 5259; x_wconf 83' lang='lat' dir='ltr'><strong>ejus</strong></span> <span class='ocrx_word' id='word_1_535' title='bbox 3099 5191 3149 5261; x_wconf 90' lang='grc'><strong>(1</strong></span> <span class='ocrx_word' id='word_1_536' title='bbox 3181 5191 3328 5246; x_wconf 72' lang='lat' dir='ltr'><strong>Patr.</strong></span> <span class='ocrx_word' id='word_1_537' title='bbox 3359 5194 3444 5263; x_wconf 86' lang='grc' dir='ltr'>ιι).</span> <span class='ocrx_word' id='word_1_538' title='bbox 3481 5213 3500 5244; x_wconf 75' lang='grc' dir='ltr'><strong>ι</strong></span> 
     </span>
    </p>
   </div>
   <div class='ocr_carea' id='block_1_70' title="bbox 2101 5279 3612 5352">
    <p class='ocr_par' dir='ltr' id='par_1_70' title="bbox 2101 5279 3612 5352">
     <span class='ocr_line' id='line_1_70' title="bbox 2101 5279 3612 5352; baseline 0.004 -18"><span class='ocrx_word' id='word_1_539' title='bbox 2101 5279 2211 5334; x_wconf 80' lang='lat' dir='ltr'><strong>Nec</strong></span> <span class='ocrx_word' id='word_1_540' title='bbox 2232 5281 2661 5348; x_wconf 65' lang='lat' dir='ltr'><strong>praetereundum</strong></span> <span class='ocrx_word' id='word_1_541' title='bbox 2683 5289 2768 5334; x_wconf 89' lang='lat' dir='ltr'><strong>est</strong></span> <span class='ocrx_word' id='word_1_542' title='bbox 2799 5284 2942 5350; x_wconf 85' lang='lat' dir='ltr'><strong>quod</strong></span> <span class='ocrx_word' id='word_1_543' title='bbox 2972 5297 3212 5352; x_wconf 87' lang='lat' dir='ltr'><strong>congrue</strong></span> <span class='ocrx_word' id='word_1_544' title='bbox 3245 5285 3378 5339; x_wconf 89' lang='lat' dir='ltr'><strong>satis</strong></span> <span class='ocrx_word' id='word_1_545' title='bbox 3404 5286 3612 5341; x_wconf 88' lang='lat' dir='ltr'><strong>mansio</strong></span> 
     </span>
    </p>
   </div>
   <div class='ocr_carea' id='block_1_71' title="bbox 2030 5371 3608 5447">
    <p class='ocr_par' dir='ltr' id='par_1_71' title="bbox 2030 5371 3608 5447">
     <span class='ocr_line' id='line_1_71' title="bbox 2030 5371 3608 5447; baseline 0.003 -19"><span class='ocrx_word' id='word_1_546' title='bbox 2030 5372 2124 5428; x_wconf 87' lang='lat' dir='ltr'><strong>illa</strong></span> <span class='ocrx_word' id='word_1_547' title='bbox 2166 5371 2256 5424; x_wconf 89' lang='lat' dir='ltr'><strong>ubi</strong></span> <span class='ocrx_word' id='word_1_548' title='bbox 2299 5372 2414 5426; x_wconf 72' lang='lat' dir='ltr'><strong>haec</strong></span> <span class='ocrx_word' id='word_1_549' title='bbox 2449 5373 2588 5427; x_wconf 81' lang='lat' dir='ltr'><strong>facta</strong></span> <span class='ocrx_word' id='word_1_550' title='bbox 2613 5382 2741 5426; x_wconf 89' lang='lat' dir='ltr'><strong>sunt</strong></span> <span class='ocrx_word' id='word_1_551' title='bbox 2774 5372 3028 5428; x_wconf 88' lang='lat' dir='ltr'><strong>Salmona</strong></span> <span class='ocrx_word' id='word_1_552' title='bbox 3059 5376 3277 5441; x_wconf 92' lang='lat' dir='ltr'><strong>dicitur,</strong></span> <span class='ocrx_word' id='word_1_553' title='bbox 3308 5393 3430 5447; x_wconf 76' lang='lat' dir='ltr'><strong>qua:</strong></span> <span class='ocrx_word' id='word_1_554' title='bbox 3458 5379 3608 5432; x_wconf 88' lang='lat' dir='ltr'><strong>vide-</strong></span> 
     </span>
    </p>
   </div>
   <div class='ocr_carea' id='block_1_72' title="bbox 2030 5461 3613 5536">
    <p class='ocr_par' dir='ltr' id='par_1_72' title="bbox 2030 5461 3613 5536">
     <span class='ocr_line' id='line_1_72' title="bbox 2030 5461 3613 5536; baseline 0.003 -19"><span class='ocrx_word' id='word_1_555' title='bbox 2030 5461 2160 5518; x_wconf 89' lang='lat' dir='ltr'><strong>licet</strong></span> <span class='ocrx_word' id='word_1_556' title='bbox 2191 5463 2527 5533; x_wconf 81' lang='lat' dir='ltr'><strong>imaguncula</strong></span> <span class='ocrx_word' id='word_1_557' title='bbox 2569 5468 2975 5534; x_wconf 86' lang='lat' dir='ltr'><strong>interpretatur,</strong></span> <span class='ocrx_word' id='word_1_558' title='bbox 3019 5469 3142 5536; x_wconf 90' lang='lat' dir='ltr'><strong>quia</strong></span> <span class='ocrx_word' id='word_1_559' title='bbox 3186 5467 3294 5523; x_wconf 92' lang='lat' dir='ltr'><strong>illic</strong></span> <span class='ocrx_word' id='word_1_560' title='bbox 3357 5470 3613 5524; x_wconf 91' lang='lat' dir='ltr'><strong>nimirum</strong></span> 
     </span>
    </p>
   </div>
   <div class='ocr_carea' id='block_1_73' title="bbox 2035 5551 3614 5628">
    <p class='ocr_par' dir='ltr' id='par_1_73' title="bbox 2035 5551 3614 5628">
     <span class='ocr_line' id='line_1_73' title="bbox 2035 5551 3614 5628; baseline 0.005 -22"><span class='ocrx_word' id='word_1_561' title='bbox 2035 5551 2090 5608; x_wconf 90' lang='lat' dir='ltr'><strong>in</strong></span> <span class='ocrx_word' id='word_1_562' title='bbox 2124 5552 2286 5620; x_wconf 85' lang='lat' dir='ltr'><strong>hujus</strong></span> <span class='ocrx_word' id='word_1_563' title='bbox 2335 5557 2469 5611; x_wconf 74' lang='lat' dir='ltr'><strong>aenei</strong></span> <span class='ocrx_word' id='word_1_564' title='bbox 2520 5559 2788 5627; x_wconf 89' lang='lat' dir='ltr'><strong>serpentis</strong></span> <span class='ocrx_word' id='word_1_565' title='bbox 2833 5557 3032 5621; x_wconf 89' lang='lat' dir='ltr'><strong>forma,</strong></span> <span class='ocrx_word' id='word_1_566' title='bbox 3077 5560 3254 5628; x_wconf 84' lang='lat' dir='ltr'><strong>imago</strong></span> <span class='ocrx_word' id='word_1_567' title='bbox 3307 5571 3392 5616; x_wconf 88' lang='lat' dir='ltr'><strong>est</strong></span> <span class='ocrx_word' id='word_1_568' title='bbox 3445 5562 3614 5615; x_wconf 88' lang='lat' dir='ltr'><strong>nostri</strong></span> 
     </span>
    </p>
   </div>
   <div class='ocr_carea' id='block_1_74' title="bbox 2038 5639 3616 5715">
    <p class='ocr_par' dir='ltr' id='par_1_74' title="bbox 2038 5639 3616 5715">
     <span class='ocr_line' id='line_1_74' title="bbox 2038 5639 3616 5715; baseline 0.005 -19"><span class='ocrx_word' id='word_1_569' title='bbox 2038 5639 2333 5698; x_wconf 81' lang='lat' dir='ltr'><strong>Salvatoris</strong></span> <span class='ocrx_word' id='word_1_570' title='bbox 2379 5659 2654 5715; x_wconf 77' lang='lat' dir='ltr'><strong>expressa.</strong></span> <span class='ocrx_word' id='word_1_571' title='bbox 2711 5646 2863 5703; x_wconf 84' lang='lat' dir='ltr'><strong>Unde</strong></span> <span class='ocrx_word' id='word_1_572' title='bbox 2918 5657 2974 5701; x_wconf 88' lang='lat' dir='ltr'><strong>et</strong></span> <span class='ocrx_word' id='word_1_573' title='bbox 3020 5648 3159 5703; x_wconf 88' lang='lat' dir='ltr'><strong>idem</strong></span> <span class='ocrx_word' id='word_1_574' title='bbox 3206 5648 3451 5706; x_wconf 85' lang='lat' dir='ltr'><strong>Salvator</strong></span> <span class='ocrx_word' id='word_1_575' title='bbox 3494 5651 3616 5704; x_wconf 91' lang='lat' dir='ltr'><strong>ait:</strong></span> 
     </span>
    </p>
   </div>
   <div class='ocr_carea' id='block_1_75' title="bbox 2046 5731 3618 5812">
    <p class='ocr_par' dir='ltr' id='par_1_75' title="bbox 2046 5731 3618 5812">
     <span class='ocr_line' id='line_1_75' title="bbox 2046 5731 3618 5812; baseline 0.008 -26"><span class='ocrx_word' id='word_1_576' title='bbox 2046 5751 2065 5784; x_wconf 84' lang='grc' dir='ltr'><strong>ι</strong></span> <span class='ocrx_word' id='word_1_577' title='bbox 2100 5731 2254 5789; x_wconf 87' lang='lat' dir='ltr'><strong>Sicut</strong></span> <span class='ocrx_word' id='word_1_578' title='bbox 2295 5737 2552 5795; x_wconf 73' lang='lat' dir='ltr'><strong>exultavit</strong></span> <span class='ocrx_word' id='word_1_579' title='bbox 2592 5737 2802 5812; x_wconf 74' lang='lat' dir='ltr'><strong>Moyses</strong></span> <span class='ocrx_word' id='word_1_580' title='bbox 2839 5749 3148 5810; x_wconf 85' lang='lat' dir='ltr'><strong>serpentem</strong></span> <span class='ocrx_word' id='word_1_581' title='bbox 3187 5743 3238 5796; x_wconf 92' lang='lat' dir='ltr'><strong>in</strong></span> <span class='ocrx_word' id='word_1_582' title='bbox 3273 5742 3514 5809; x_wconf 88' lang='lat' dir='ltr'><strong>deserto,</strong></span> <span class='ocrx_word' id='word_1_583' title='bbox 3546 5744 3618 5799; x_wconf 89' lang='lat' dir='ltr'><strong>ita</strong></span> 
     </span>
    </p>
   </div>
   <div class='ocr_carea' id='block_1_76' title="bbox 3710 1918 5315 1992">
    <p class='ocr_par' dir='ltr' id='par_1_76' title="bbox 3710 1918 5315 1992">
     <span class='ocr_line' id='line_1_76' title="bbox 3710 1918 5315 1992; baseline -0.004 -15"><span class='ocrx_word' id='word_1_584' title='bbox 3710 1924 3971 1992; x_wconf 89' lang='lat' dir='ltr'><strong>sapientia</strong></span> <span class='ocrx_word' id='word_1_585' title='bbox 3997 1922 4349 1985; x_wconf 77' lang='lat' dir='ltr'><strong>contradixit,</strong></span> <span class='ocrx_word' id='word_1_586' title='bbox 4378 1922 4471 1976; x_wconf 90' lang='lat' dir='ltr'><strong>sed</strong></span> <span class='ocrx_word' id='word_1_587' title='bbox 4496 1920 4624 1990; x_wconf 87' lang='lat' dir='ltr'><strong>Regi</strong></span> <span class='ocrx_word' id='word_1_588' title='bbox 4649 1935 4746 1990; x_wconf 92' lang='lat' dir='ltr'><strong>per</strong></span> <span class='ocrx_word' id='word_1_589' title='bbox 4768 1934 4887 1974; x_wconf 90' lang='lat' dir='ltr'><strong>eam</strong></span> <span class='ocrx_word' id='word_1_590' title='bbox 4911 1919 5104 1990; x_wconf 68' lang='lat' dir='ltr'><strong>gloriae</strong></span> <span class='ocrx_word' id='word_1_591' title='bbox 5128 1918 5315 1972; x_wconf 87' lang='lat' dir='ltr'><strong>trium-</strong></span> 
     </span>
    </p>
   </div>
   <div class='ocr_carea' id='block_1_77' title="bbox 3711 2010 5313 2085">
    <p class='ocr_par' dir='ltr' id='par_1_77' title="bbox 3711 2010 5313 2085">
     <span class='ocr_line' id='line_1_77' title="bbox 3711 2010 5313 2085; baseline -0.003 -18"><span class='ocrx_word' id='word_1_592' title='bbox 3711 2015 3895 2085; x_wconf 86' lang='lat' dir='ltr'><strong>phanti</strong></span> <span class='ocrx_word' id='word_1_593' title='bbox 3951 2014 4166 2068; x_wconf 89' lang='lat' dir='ltr'><strong>tandem</strong></span> <span class='ocrx_word' id='word_1_594' title='bbox 4217 2013 4428 2068; x_wconf 80' lang='lat' dir='ltr'><strong>devicta</strong></span> <span class='ocrx_word' id='word_1_595' title='bbox 4464 2011 4767 2067; x_wconf 87' lang='lat' dir='ltr'><strong>succubuit.</strong></span> <span class='ocrx_word' id='word_1_596' title='bbox 4812 2010 4968 2065; x_wconf 89' lang='lat' dir='ltr'><strong>Sicut</strong></span> <span class='ocrx_word' id='word_1_597' title='bbox 5002 2013 5057 2064; x_wconf 89' lang='lat' dir='ltr'><strong>in</strong></span> <span class='ocrx_word' id='word_1_598' title='bbox 5087 2010 5313 2063; x_wconf 87' lang='lat' dir='ltr'><strong>Actibus</strong></span> 
     </span>
    </p>
   </div>
   <div class='ocr_carea' id='block_1_78' title="bbox 3713 2103 5310 2174">
    <p class='ocr_par' dir='ltr' id='par_1_78' title="bbox 3713 2103 5310 2174">
     <span class='ocr_line' id='line_1_78' title="bbox 3713 2103 5310 2174; baseline -0.003 -15"><span class='ocrx_word' id='word_1_599' title='bbox 3713 2107 4078 2174; x_wconf 85' lang='lat' dir='ltr'><strong>apostolorum</strong></span> <span class='ocrx_word' id='word_1_600' title='bbox 4111 2106 4347 2159; x_wconf 91' lang='lat' dir='ltr'><strong>dicitur:</strong></span> <span class='ocrx_word' id='word_1_601' title='bbox 4394 2123 4411 2156; x_wconf 80' lang='grc' dir='ltr'><strong>ι</strong></span> <span class='ocrx_word' id='word_1_602' title='bbox 4448 2103 4524 2158; x_wconf 91' lang='lat' dir='ltr'><strong>De</strong></span> <span class='ocrx_word' id='word_1_603' title='bbox 4561 2114 4708 2159; x_wconf 88' lang='lat' dir='ltr'><strong>secta</strong></span> <span class='ocrx_word' id='word_1_604' title='bbox 4736 2114 4916 2157; x_wconf 81' lang='lat' dir='ltr'><strong>autem</strong></span> <span class='ocrx_word' id='word_1_605' title='bbox 4944 2105 5048 2157; x_wconf 78' lang='lat' dir='ltr'><strong>liae</strong></span> <span class='ocrx_word' id='word_1_606' title='bbox 5083 2104 5310 2163; x_wconf 88' lang='lat' dir='ltr'><strong>scimus,</strong></span> 
     </span>
    </p>
   </div>
   <div class='ocr_carea' id='block_1_79' title="bbox 3711 2194 5308 2267">
    <p class='ocr_par' dir='ltr' id='par_1_79' title="bbox 3711 2194 5308 2267">
     <span class='ocr_line' id='line_1_79' title="bbox 3711 2194 5308 2267; baseline -0.002 -17"><span class='ocrx_word' id='word_1_607' title='bbox 3711 2199 3836 2267; x_wconf 89' lang='lat' dir='ltr'><strong>quia</strong></span> <span class='ocrx_word' id='word_1_608' title='bbox 3867 2199 4064 2266; x_wconf 92' lang='lat' dir='ltr'><strong>ubique</strong></span> <span class='ocrx_word' id='word_1_609' title='bbox 4092 2198 4140 2251; x_wconf 90' lang='lat' dir='ltr'><strong>ei</strong></span> <span class='ocrx_word' id='word_1_610' title='bbox 4177 2196 4570 2251; x_wconf 89' lang='lat' dir='ltr'><strong>contradicitur</strong></span> <span class='ocrx_word' id='word_1_611' title='bbox 4594 2195 4732 2264; x_wconf 80' lang='lat' dir='ltr'><strong>(Act.</strong></span> <span class='ocrx_word' id='word_1_612' title='bbox 4760 2194 4873 2264; x_wconf 75' lang='grc' dir='ltr'>ιι).</span> <span class='ocrx_word' id='word_1_613' title='bbox 4906 2215 4922 2247; x_wconf 83' lang='grc' dir='ltr'><strong>ι</strong></span> <span class='ocrx_word' id='word_1_614' title='bbox 4967 2195 5032 2247; x_wconf 84' lang='lat' dir='ltr'><strong>Et</strong></span> <span class='ocrx_word' id='word_1_615' title='bbox 5065 2194 5270 2248; x_wconf 79' lang='lat' dir='ltr'><strong>Paulus</strong></span> <span class='ocrx_word' id='word_1_616' title='bbox 5299 2215 5308 2247; x_wconf 90' lang='lat'>:</span> 
     </span>
    </p>
   </div>
   <div class='ocr_carea' id='block_1_80' title="bbox 3717 2281 5312 2354">
    <p class='ocr_par' dir='ltr' id='par_1_80' title="bbox 3717 2281 5312 2354">
     <span class='ocr_line' id='line_1_80' title="bbox 3717 2281 5312 2354; baseline -0.001 -14"><span class='ocrx_word' id='word_1_617' title='bbox 3717 2307 3735 2340; x_wconf 84' lang='grc' dir='ltr'><strong>ι</strong></span> <span class='ocrx_word' id='word_1_618' title='bbox 3769 2287 4152 2350; x_wconf 67' lang='lat' dir='ltr'><strong>Praedieamus,</strong></span> <span class='ocrx_word' id='word_1_619' title='bbox 4199 2285 4405 2354; x_wconf 90' lang='lat' dir='ltr'><strong>inquit,</strong></span> <span class='ocrx_word' id='word_1_620' title='bbox 4461 2283 4644 2339; x_wconf 70' lang='lat' dir='ltr'><strong>Iesum</strong></span> <span class='ocrx_word' id='word_1_621' title='bbox 4700 2284 5055 2346; x_wconf 80' lang='lat' dir='ltr'><strong>cruciﬁxum,</strong></span> <span class='ocrx_word' id='word_1_622' title='bbox 5108 2281 5312 2339; x_wconf 67' lang='lat' dir='ltr'><strong>Judais</strong></span> 
     </span>
    </p>
   </div>
   <div class='ocr_carea' id='block_1_81' title="bbox 3712 2373 5310 2447">
    <p class='ocr_par' dir='ltr' id='par_1_81' title="bbox 3712 2373 5310 2447">
     <span class='ocr_line' id='line_1_81' title="bbox 3712 2373 5310 2447; baseline -0.002 -18"><span class='ocrx_word' id='word_1_623' title='bbox 3712 2378 3929 2447; x_wconf 86' lang='lat' dir='ltr'><strong>quidem</strong></span> <span class='ocrx_word' id='word_1_624' title='bbox 3961 2377 4298 2441; x_wconf 87' lang='lat' dir='ltr'><strong>scandalum,</strong></span> <span class='ocrx_word' id='word_1_625' title='bbox 4323 2377 4570 2446; x_wconf 88' lang='lat' dir='ltr'><strong>gentibus</strong></span> <span class='ocrx_word' id='word_1_626' title='bbox 4590 2385 4769 2429; x_wconf 90' lang='lat' dir='ltr'><strong>autem</strong></span> <span class='ocrx_word' id='word_1_627' title='bbox 4794 2375 5083 2428; x_wconf 89' lang='lat' dir='ltr'><strong>stultitiam</strong></span> <span class='ocrx_word' id='word_1_628' title='bbox 5111 2373 5158 2444; x_wconf 86' lang='grc'><strong>(1</strong></span> <span class='ocrx_word' id='word_1_629' title='bbox 5185 2373 5310 2428; x_wconf 88' lang='lat' dir='ltr'><strong>Cor.</strong></span> 
     </span>
    </p>
   </div>
   <div class='ocr_carea' id='block_1_82' title="bbox 3715 2465 5310 2538">
    <p class='ocr_par' dir='ltr' id='par_1_82' title="bbox 3715 2465 5310 2538">
     <span class='ocr_line' id='line_1_82' title="bbox 3715 2465 5310 2538; baseline -0.004 -15"><span class='ocrx_word' id='word_1_630' title='bbox 3715 2473 3773 2538; x_wconf 90' lang='lat' dir='ltr'><strong>t).</strong></span> <span class='ocrx_word' id='word_1_631' title='bbox 3813 2490 3829 2521; x_wconf 82' lang='grc' dir='ltr'><strong>ι</strong></span> <span class='ocrx_word' id='word_1_632' title='bbox 3875 2469 3977 2522; x_wconf 85' lang='lat' dir='ltr'><strong>Sed</strong></span> <span class='ocrx_word' id='word_1_633' title='bbox 4006 2470 4260 2536; x_wconf 90' lang='lat' dir='ltr'><strong>quoniam</strong></span> <span class='ocrx_word' id='word_1_634' title='bbox 4288 2467 4431 2535; x_wconf 93' lang='lat' dir='ltr'><strong>quod</strong></span> <span class='ocrx_word' id='word_1_635' title='bbox 4471 2466 4694 2520; x_wconf 88' lang='lat' dir='ltr'><strong>stultum</strong></span> <span class='ocrx_word' id='word_1_636' title='bbox 4725 2474 4810 2519; x_wconf 90' lang='lat' dir='ltr'><strong>est</strong></span> <span class='ocrx_word' id='word_1_637' title='bbox 4846 2465 4963 2527; x_wconf 89' lang='lat' dir='ltr'><strong>Dei,</strong></span> <span class='ocrx_word' id='word_1_638' title='bbox 5005 2465 5310 2532; x_wconf 83' lang='lat' dir='ltr'><strong>sapientius</strong></span> 
     </span>
    </p>
   </div>
   <div class='ocr_carea' id='block_1_83' title="bbox 3712 2556 5314 2628">
    <p class='ocr_par' dir='ltr' id='par_1_83' title="bbox 3712 2556 5314 2628">
     <span class='ocr_line' id='line_1_83' title="bbox 3712 2556 5314 2628; baseline -0.003 -13"><span class='ocrx_word' id='word_1_639' title='bbox 3712 2571 3795 2615; x_wconf 74' lang='lat' dir='ltr'><strong>est</strong></span> <span class='ocrx_word' id='word_1_640' title='bbox 3826 2561 4159 2622; x_wconf 86' lang='lat' dir='ltr'><strong>hominibus,</strong></span> <span class='ocrx_word' id='word_1_641' title='bbox 4191 2570 4245 2614; x_wconf 92' lang='lat' dir='ltr'><strong>et</strong></span> <span class='ocrx_word' id='word_1_642' title='bbox 4271 2558 4412 2628; x_wconf 87' lang='lat' dir='ltr'><strong>quod</strong></span> <span class='ocrx_word' id='word_1_643' title='bbox 4445 2557 4720 2612; x_wconf 77' lang='lat' dir='ltr'><strong>infirmum</strong></span> <span class='ocrx_word' id='word_1_644' title='bbox 4750 2565 4831 2612; x_wconf 78' lang='lat' dir='ltr'><strong>est</strong></span> <span class='ocrx_word' id='word_1_645' title='bbox 4861 2556 4953 2610; x_wconf 92' lang='lat' dir='ltr'><strong>Dei</strong></span> <span class='ocrx_word' id='word_1_646' title='bbox 4987 2557 5189 2610; x_wconf 81' lang='lat' dir='ltr'><strong>fortius</strong></span> <span class='ocrx_word' id='word_1_647' title='bbox 5233 2567 5314 2610; x_wconf 83' lang='lat' dir='ltr'><strong>est</strong></span> 
     </span>
    </p>
   </div>
   <div class='ocr_carea' id='block_1_84' title="bbox 3715 2648 5313 2722">
    <p class='ocr_par' dir='ltr' id='par_1_84' title="bbox 3715 2648 5313 2722">
     <span class='ocr_line' id='line_1_84' title="bbox 3715 2648 5313 2722; baseline -0.004 -14"><span class='ocrx_word' id='word_1_648' title='bbox 3715 2655 4042 2712; x_wconf 88' lang='lat' dir='ltr'><strong>hominibus.</strong></span> <span class='ocrx_word' id='word_1_649' title='bbox 4080 2652 4408 2722; x_wconf 77' lang='lat' dir='ltr'><strong>Redemptor</strong></span> <span class='ocrx_word' id='word_1_650' title='bbox 4433 2660 4634 2714; x_wconf 89' lang='lat' dir='ltr'><strong>noster,</strong></span> <span class='ocrx_word' id='word_1_651' title='bbox 4665 2649 4755 2717; x_wconf 92' lang='lat' dir='ltr'><strong>qui</strong></span> <span class='ocrx_word' id='word_1_652' title='bbox 4783 2663 4888 2702; x_wconf 91' lang='lat' dir='ltr'><strong>non</strong></span> <span class='ocrx_word' id='word_1_653' title='bbox 4913 2649 5060 2701; x_wconf 87' lang='lat' dir='ltr'><strong>venit</strong></span> <span class='ocrx_word' id='word_1_654' title='bbox 5092 2648 5313 2702; x_wconf 83' lang='lat' dir='ltr'><strong>mittere</strong></span> 
     </span>
    </p>
   </div>
   <div class='ocr_carea' id='block_1_85' title="bbox 3714 2736 5310 2812">
    <p class='ocr_par' dir='ltr' id='par_1_85' title="bbox 3714 2736 5310 2812">
     <span class='ocr_line' id='line_1_85' title="bbox 3714 2736 5310 2812; baseline -0.003 -19"><span class='ocrx_word' id='word_1_655' title='bbox 3714 2759 3922 2812; x_wconf 78' lang='lat' dir='ltr'><strong>pacem,</strong></span> <span class='ocrx_word' id='word_1_656' title='bbox 3951 2743 4045 2797; x_wconf 86' lang='lat' dir='ltr'><strong>sed</strong></span> <span class='ocrx_word' id='word_1_657' title='bbox 4072 2741 4307 2811; x_wconf 89' lang='lat' dir='ltr'><strong>gladium</strong></span> <span class='ocrx_word' id='word_1_658' title='bbox 4341 2739 4555 2810; x_wconf 69' lang='lat' dir='ltr'><strong>(Matth.</strong></span> <span class='ocrx_word' id='word_1_659' title='bbox 4592 2738 4667 2802; x_wconf 76' lang='grc' dir='ltr'><strong>ι).</strong></span> <span class='ocrx_word' id='word_1_660' title='bbox 4694 2736 4858 2791; x_wconf 85' lang='lat' dir='ltr'><strong>lorica</strong></span> <span class='ocrx_word' id='word_1_661' title='bbox 4899 2737 5083 2790; x_wconf 86' lang='lat' dir='ltr'><strong>carnis</strong></span> <span class='ocrx_word' id='word_1_662' title='bbox 5130 2737 5310 2790; x_wconf 88' lang='lat' dir='ltr'><strong>accin-</strong></span> 
     </span>
    </p>
   </div>
   <div class='ocr_carea' id='block_1_86' title="bbox 3714 2828 5310 2900">
    <p class='ocr_par' dir='ltr' id='par_1_86' title="bbox 3714 2828 5310 2900">
     <span class='ocr_line' id='line_1_86' title="bbox 3714 2828 5310 2900; baseline -0.004 -12"><span class='ocrx_word' id='word_1_663' title='bbox 3714 2845 3856 2897; x_wconf 91' lang='lat' dir='ltr'><strong>ctus,</strong></span> <span class='ocrx_word' id='word_1_664' title='bbox 3896 2835 3948 2887; x_wconf 90' lang='lat' dir='ltr'><strong>in</strong></span> <span class='ocrx_word' id='word_1_665' title='bbox 3981 2834 4136 2900; x_wconf 80' lang='lat' dir='ltr'><strong>hujus</strong></span> <span class='ocrx_word' id='word_1_666' title='bbox 4169 2832 4354 2886; x_wconf 89' lang='lat' dir='ltr'><strong>mundt</strong></span> <span class='ocrx_word' id='word_1_667' title='bbox 4388 2845 4637 2899; x_wconf 88' lang='lat' dir='ltr'><strong>campum</strong></span> <span class='ocrx_word' id='word_1_668' title='bbox 4675 2828 5018 2898; x_wconf 65' lang='lat' dir='ltr'><strong>praeliaturus</strong></span> <span class='ocrx_word' id='word_1_669' title='bbox 5051 2829 5310 2888; x_wconf 79' lang='lat' dir='ltr'><strong>accessit,</strong></span> 
     </span>
    </p>
   </div>
   <div class='ocr_carea' id='block_1_87' title="bbox 3715 2920 5313 2992">
    <p class='ocr_par' dir='ltr' id='par_1_87' title="bbox 3715 2920 5313 2992">
     <span class='ocr_line' id='line_1_87' title="bbox 3715 2920 5313 2992; baseline -0.004 -13"><span class='ocrx_word' id='word_1_670' title='bbox 3715 2937 3768 2979; x_wconf 89' lang='lat' dir='ltr'><strong>et</strong></span> <span class='ocrx_word' id='word_1_671' title='bbox 3791 2924 4045 2977; x_wconf 78' lang='lat' dir='ltr'><strong>vexillum</strong></span> <span class='ocrx_word' id='word_1_672' title='bbox 4075 2923 4369 2992; x_wconf 67' lang='lat' dir='ltr'><strong>prmferens</strong></span> <span class='ocrx_word' id='word_1_673' title='bbox 4401 2922 4602 2983; x_wconf 87' lang='lat' dir='ltr'><strong>crucis,</strong></span> <span class='ocrx_word' id='word_1_674' title='bbox 4633 2921 4874 2974; x_wconf 89' lang='lat' dir='ltr'><strong>omnium</strong></span> <span class='ocrx_word' id='word_1_675' title='bbox 4915 2920 5017 2973; x_wconf 84' lang='lat' dir='ltr'><strong>sibi</strong></span> <span class='ocrx_word' id='word_1_676' title='bbox 5048 2921 5313 2973; x_wconf 83' lang='lat' dir='ltr'><strong>resisten-</strong></span> 
     </span>
    </p>
   </div>
   <div class='ocr_carea' id='block_1_88' title="bbox 3717 3007 5314 3081">
    <p class='ocr_par' dir='ltr' id='par_1_88' title="bbox 3717 3007 5314 3081">
     <span class='ocr_line' id='line_1_88' title="bbox 3717 3007 5314 3081; baseline -0.001 -15"><span class='ocrx_word' id='word_1_677' title='bbox 3717 3016 3850 3068; x_wconf 90' lang='lat' dir='ltr'><strong>tium</strong></span> <span class='ocrx_word' id='word_1_678' title='bbox 3882 3014 4017 3067; x_wconf 89' lang='lat' dir='ltr'><strong>colla</strong></span> <span class='ocrx_word' id='word_1_679' title='bbox 4049 3014 4298 3067; x_wconf 86' lang='lat' dir='ltr'><strong>calcavit.</strong></span> <span class='ocrx_word' id='word_1_680' title='bbox 4333 3012 4422 3067; x_wconf 91' lang='lat' dir='ltr'><strong>Sic</strong></span> <span class='ocrx_word' id='word_1_681' title='bbox 4447 3013 4536 3081; x_wconf 49' lang='lat' dir='ltr'><strong>.sic</strong></span> <span class='ocrx_word' id='word_1_682' title='bbox 4581 3010 4831 3064; x_wconf 90' lang='lat' dir='ltr'><strong>videlicet</strong></span> <span class='ocrx_word' id='word_1_683' title='bbox 4879 3007 5077 3063; x_wconf 85' lang='lat' dir='ltr'><strong>Potens</strong></span> <span class='ocrx_word' id='word_1_684' title='bbox 5128 3020 5314 3064; x_wconf 87' lang='lat' dir='ltr'><strong>noster</strong></span> 
     </span>
    </p>
   </div>
   <div class='ocr_carea' id='block_1_89' title="bbox 3717 3105 5314 3177">
    <p class='ocr_par' dir='ltr' id='par_1_89' title="bbox 3717 3105 5314 3177">
     <span class='ocr_line' id='line_1_89' title="bbox 3717 3105 5314 3177; baseline -0.002 -17"><span class='ocrx_word' id='word_1_685' title='bbox 3717 3109 3769 3160; x_wconf 93' lang='lat' dir='ltr'><strong>in</strong></span> <span class='ocrx_word' id='word_1_686' title='bbox 3800 3107 3984 3176; x_wconf 78' lang='lat' dir='ltr'><strong>prrelio</strong></span> <span class='ocrx_word' id='word_1_687' title='bbox 4015 3116 4069 3162; x_wconf 91' lang='lat' dir='ltr'><strong>et</strong></span> <span class='ocrx_word' id='word_1_688' title='bbox 4092 3108 4313 3161; x_wconf 83' lang='lat' dir='ltr'><strong>hostiles</strong></span> <span class='ocrx_word' id='word_1_689' title='bbox 4336 3107 4660 3177; x_wconf 88' lang='lat' dir='ltr'><strong>quandoque</strong></span> <span class='ocrx_word' id='word_1_690' title='bbox 4695 3105 4842 3159; x_wconf 88' lang='lat' dir='ltr'><strong>acies</strong></span> <span class='ocrx_word' id='word_1_691' title='bbox 4864 3105 4928 3158; x_wconf 89' lang='lat' dir='ltr'><strong>ad</strong></span> <span class='ocrx_word' id='word_1_692' title='bbox 4959 3120 5053 3158; x_wconf 90' lang='lat' dir='ltr'><strong>sua</strong></span> <span class='ocrx_word' id='word_1_693' title='bbox 5082 3120 5314 3158; x_wconf 83' lang='lat' dir='ltr'><strong>conver-</strong></span> 
     </span>
    </p>
   </div>
   <div class='ocr_carea' id='block_1_90' title="bbox 3718 3195 5311 3263">
    <p class='ocr_par' dir='ltr' id='par_1_90' title="bbox 3718 3195 5311 3263">
     <span class='ocr_line' id='line_1_90' title="bbox 3718 3195 5311 3263; baseline -0.002 -14"><span class='ocrx_word' id='word_1_694' title='bbox 3718 3198 3799 3258; x_wconf 86' lang='lat' dir='ltr'><strong>tit,</strong></span> <span class='ocrx_word' id='word_1_695' title='bbox 3833 3205 3887 3250; x_wconf 92' lang='lat' dir='ltr'><strong>et</strong></span> <span class='ocrx_word' id='word_1_696' title='bbox 3917 3212 4024 3249; x_wconf 88' lang='lat' dir='ltr'><strong>non</strong></span> <span class='ocrx_word' id='word_1_697' title='bbox 4057 3197 4227 3251; x_wconf 90' lang='lat' dir='ltr'><strong>solum</strong></span> <span class='ocrx_word' id='word_1_698' title='bbox 4260 3206 4508 3255; x_wconf 89' lang='lat' dir='ltr'><strong>mortem.</strong></span> <span class='ocrx_word' id='word_1_699' title='bbox 4538 3195 4632 3249; x_wconf 90' lang='lat' dir='ltr'><strong>sed</strong></span> <span class='ocrx_word' id='word_1_700' title='bbox 4660 3204 4714 3248; x_wconf 89' lang='lat' dir='ltr'><strong>et</strong></span> <span class='ocrx_word' id='word_1_701' title='bbox 4740 3195 4911 3262; x_wconf 89' lang='lat' dir='ltr'><strong>ipsum</strong></span> <span class='ocrx_word' id='word_1_702' title='bbox 4936 3195 5132 3248; x_wconf 89' lang='lat' dir='ltr'><strong>mortis</strong></span> <span class='ocrx_word' id='word_1_703' title='bbox 5159 3195 5311 3263; x_wconf 89' lang='lat' dir='ltr'><strong>prin-</strong></span> 
     </span>
    </p>
   </div>
   <div class='ocr_carea' id='block_1_91' title="bbox 3713 3283 5317 3356">
    <p class='ocr_par' dir='ltr' id='par_1_91' title="bbox 3713 3283 5317 3356">
     <span class='ocr_line' id='line_1_91' title="bbox 3713 3283 5317 3356; baseline -0.001 -17"><span class='ocrx_word' id='word_1_704' title='bbox 3713 3289 3888 3356; x_wconf 85' lang='lat' dir='ltr'><strong>cipem</strong></span> <span class='ocrx_word' id='word_1_705' title='bbox 3920 3303 4090 3355; x_wconf 90' lang='lat' dir='ltr'><strong>usque</strong></span> <span class='ocrx_word' id='word_1_706' title='bbox 4131 3288 4196 3340; x_wconf 90' lang='lat' dir='ltr'><strong>ad</strong></span> <span class='ocrx_word' id='word_1_707' title='bbox 4225 3288 4440 3340; x_wconf 91' lang='lat' dir='ltr'><strong>inferna</strong></span> <span class='ocrx_word' id='word_1_708' title='bbox 4478 3295 4802 3354; x_wconf 87' lang='lat' dir='ltr'><strong>persecutus</strong></span> <span class='ocrx_word' id='word_1_709' title='bbox 4831 3284 5118 3338; x_wconf 78' lang='lat' dir='ltr'><strong>exstinxit.</strong></span> <span class='ocrx_word' id='word_1_710' title='bbox 5144 3283 5317 3353; x_wconf 76' lang='lat' dir='ltr'><strong>Hujus</strong></span> 
     </span>
    </p>
   </div>
   <div class='ocr_carea' id='block_1_92' title="bbox 3711 3374 5314 3445">
    <p class='ocr_par' dir='ltr' id='par_1_92' title="bbox 3711 3374 5314 3445">
     <span class='ocr_line' id='line_1_92' title="bbox 3711 3374 5314 3445; baseline -0.003 -13"><span class='ocrx_word' id='word_1_711' title='bbox 3711 3394 3840 3432; x_wconf 86' lang='lat' dir='ltr'><strong>sane</strong></span> <span class='ocrx_word' id='word_1_712' title='bbox 3869 3379 3995 3432; x_wconf 89' lang='lat' dir='ltr'><strong>belli</strong></span> <span class='ocrx_word' id='word_1_713' title='bbox 4029 3378 4139 3445; x_wconf 87' lang='lat' dir='ltr'><strong>jam</strong></span> <span class='ocrx_word' id='word_1_714' title='bbox 4174 3387 4302 3433; x_wconf 90' lang='lat' dir='ltr'><strong>tunc</strong></span> <span class='ocrx_word' id='word_1_715' title='bbox 4352 3377 4603 3430; x_wconf 88' lang='lat' dir='ltr'><strong>minister</strong></span> <span class='ocrx_word' id='word_1_716' title='bbox 4637 3383 4756 3429; x_wconf 90' lang='lat' dir='ltr'><strong>erat</strong></span> <span class='ocrx_word' id='word_1_717' title='bbox 4797 3374 5006 3444; x_wconf 74' lang='lat' dir='ltr'><strong>Moyses</strong></span> <span class='ocrx_word' id='word_1_718' title='bbox 5040 3390 5167 3429; x_wconf 92' lang='lat' dir='ltr'><strong>cum</strong></span> <span class='ocrx_word' id='word_1_719' title='bbox 5212 3390 5314 3444; x_wconf 86' lang='lat' dir='ltr'><strong>pu-</strong></span> 
     </span>
    </p>
   </div>
   <div class='ocr_carea' id='block_1_93' title="bbox 3712 3466 5316 3537">
    <p class='ocr_par' dir='ltr' id='par_1_93' title="bbox 3712 3466 5316 3537">
     <span class='ocr_line' id='line_1_93' title="bbox 3712 3466 5316 3537; baseline 0.002 -18"><span class='ocrx_word' id='word_1_720' title='bbox 3712 3478 3900 3537; x_wconf 85' lang='lat' dir='ltr'><strong>gnaret</strong></span> <span class='ocrx_word' id='word_1_721' title='bbox 3929 3478 4115 3521; x_wconf 90' lang='lat' dir='ltr'><strong>contra</strong></span> <span class='ocrx_word' id='word_1_722' title='bbox 4145 3468 4401 3521; x_wconf 80' lang='lat' dir='ltr'><strong>Amalech</strong></span> <span class='ocrx_word' id='word_1_723' title='bbox 4430 3466 4629 3536; x_wconf 66' lang='lat' dir='ltr'><strong>(Exod.</strong></span> <span class='ocrx_word' id='word_1_724' title='bbox 4688 3468 4846 3536; x_wconf 79' lang='lat' dir='ltr'><strong>xvn).</strong></span> <span class='ocrx_word' id='word_1_725' title='bbox 4871 3468 4950 3522; x_wconf 85' lang='lat' dir='ltr'><strong>Ad</strong></span> <span class='ocrx_word' id='word_1_726' title='bbox 4977 3468 5122 3536; x_wconf 84' lang='lat' dir='ltr'><strong>quod</strong></span> <span class='ocrx_word' id='word_1_727' title='bbox 5167 3469 5316 3522; x_wconf 81' lang='lat' dir='ltr'><strong>vide-</strong></span> 
     </span>
    </p>
   </div>
   <div class='ocr_carea' id='block_1_94' title="bbox 3713 3554 5316 3625">
    <p class='ocr_par' dir='ltr' id='par_1_94' title="bbox 3713 3554 5316 3625">
     <span class='ocr_line' id='line_1_94' title="bbox 3713 3554 5316 3625; baseline 0.001 -17"><span class='ocrx_word' id='word_1_728' title='bbox 3713 3556 3836 3610; x_wconf 91' lang='lat' dir='ltr'><strong>licet</strong></span> <span class='ocrx_word' id='word_1_729' title='bbox 3880 3557 4076 3610; x_wconf 90' lang='lat' dir='ltr'><strong>bellum</strong></span> <span class='ocrx_word' id='word_1_730' title='bbox 4106 3571 4209 3609; x_wconf 91' lang='lat' dir='ltr'><strong>non</strong></span> <span class='ocrx_word' id='word_1_731' title='bbox 4235 3555 4460 3625; x_wconf 86' lang='lat' dir='ltr'><strong>gladios,</strong></span> <span class='ocrx_word' id='word_1_732' title='bbox 4479 3571 4582 3608; x_wconf 91' lang='lat' dir='ltr'><strong>non</strong></span> <span class='ocrx_word' id='word_1_733' title='bbox 4600 3554 4702 3609; x_wconf 88' lang='lat' dir='ltr'><strong>tela</strong></span> <span class='ocrx_word' id='word_1_734' title='bbox 4717 3556 5075 3617; x_wconf 84' lang='lat' dir='ltr'><strong>vibravit,sed</strong></span> <span class='ocrx_word' id='word_1_735' title='bbox 5103 3557 5316 3625; x_wconf 81' lang='lat' dir='ltr'><strong>virgam</strong></span> 
     </span>
    </p>
   </div>
   <div class='ocr_carea' id='block_1_95' title="bbox 3714 3645 5316 3717">
    <p class='ocr_par' dir='ltr' id='par_1_95' title="bbox 3714 3645 5316 3717">
     <span class='ocr_line' id='line_1_95' title="bbox 3714 3645 5316 3717; baseline -0.001 -16"><span class='ocrx_word' id='word_1_736' title='bbox 3714 3649 3806 3701; x_wconf 90' lang='lat' dir='ltr'><strong>Dei</strong></span> <span class='ocrx_word' id='word_1_737' title='bbox 3841 3650 3890 3700; x_wconf 91' lang='lat' dir='ltr'><strong>in</strong></span> <span class='ocrx_word' id='word_1_738' title='bbox 3922 3665 4080 3700; x_wconf 88' lang='lat' dir='ltr'><strong>manu</strong></span> <span class='ocrx_word' id='word_1_739' title='bbox 4103 3649 4315 3708; x_wconf 85' lang='lat' dir='ltr'><strong>detulit,</strong></span> <span class='ocrx_word' id='word_1_740' title='bbox 4347 3663 4467 3715; x_wconf 65' lang='lat' dir='ltr'><strong>quae</strong></span> <span class='ocrx_word' id='word_1_741' title='bbox 4500 3647 4682 3716; x_wconf 89' lang='lat' dir='ltr'><strong>procul</strong></span> <span class='ocrx_word' id='word_1_742' title='bbox 4709 3645 4872 3700; x_wconf 88' lang='lat' dir='ltr'><strong>dubio</strong></span> <span class='ocrx_word' id='word_1_743' title='bbox 4903 3645 5106 3717; x_wconf 86' lang='lat' dir='ltr'><strong>lignum</strong></span> <span class='ocrx_word' id='word_1_744' title='bbox 5135 3649 5316 3701; x_wconf 89' lang='lat' dir='ltr'><strong>crucis</strong></span> 
     </span>
    </p>
   </div>
   <div class='ocr_carea' id='block_1_96' title="bbox 3713 3737 5316 3808">
    <p class='ocr_par' dir='ltr' id='par_1_96' title="bbox 3713 3737 5316 3808">
     <span class='ocr_line' id='line_1_96' title="bbox 3713 3737 5316 3808; baseline -0.002 -15"><span class='ocrx_word' id='word_1_745' title='bbox 3713 3740 4007 3793; x_wconf 69' lang='lat' dir='ltr'><strong>Dominica:</strong></span> <span class='ocrx_word' id='word_1_746' title='bbox 4037 3739 4306 3808; x_wconf 79' lang='lat' dir='ltr'><strong>figuravit.</strong></span> <span class='ocrx_word' id='word_1_747' title='bbox 4335 3738 4440 3793; x_wconf 87' lang='lat' dir='ltr'><strong>Sed</strong></span> <span class='ocrx_word' id='word_1_748' title='bbox 4483 3751 4602 3792; x_wconf 81' lang='lat' dir='ltr'><strong>esto</strong></span> <span class='ocrx_word' id='word_1_749' title='bbox 4637 3749 4694 3791; x_wconf 90' lang='lat' dir='ltr'><strong>ut</strong></span> <span class='ocrx_word' id='word_1_750' title='bbox 4735 3740 4942 3808; x_wconf 83' lang='lat' dir='ltr'><strong>virgam</strong></span> <span class='ocrx_word' id='word_1_751' title='bbox 4986 3737 5214 3798; x_wconf 86' lang='lat' dir='ltr'><strong>deferat,</strong></span> <span class='ocrx_word' id='word_1_752' title='bbox 5259 3749 5316 3791; x_wconf 92' lang='lat' dir='ltr'><strong>ut</strong></span> 
     </span>
    </p>
   </div>
   <div class='ocr_carea' id='block_1_97' title="bbox 3717 3830 5311 3898">
    <p class='ocr_par' dir='ltr' id='par_1_97' title="bbox 3717 3830 5311 3898">
     <span class='ocr_line' id='line_1_97' title="bbox 3717 3830 5311 3898; baseline 0.001 -16"><span class='ocrx_word' id='word_1_753' title='bbox 3717 3831 3770 3882; x_wconf 92' lang='lat' dir='ltr'><strong>in</strong></span> <span class='ocrx_word' id='word_1_754' title='bbox 3821 3830 3944 3898; x_wconf 87' lang='lat' dir='ltr'><strong>ligni</strong></span> <span class='ocrx_word' id='word_1_755' title='bbox 3998 3842 4342 3883; x_wconf 88' lang='lat' dir='ltr'><strong>sacramento</strong></span> <span class='ocrx_word' id='word_1_756' title='bbox 4385 3830 4642 3892; x_wconf 86' lang='lat' dir='ltr'><strong>confidat.</strong></span> <span class='ocrx_word' id='word_1_757' title='bbox 4701 3839 4757 3885; x_wconf 92' lang='lat' dir='ltr'><strong>et</strong></span> <span class='ocrx_word' id='word_1_758' title='bbox 4802 3845 4908 3883; x_wconf 91' lang='lat' dir='ltr'><strong>non</strong></span> <span class='ocrx_word' id='word_1_759' title='bbox 4965 3831 5163 3892; x_wconf 86' lang='lat' dir='ltr'><strong>armis,</strong></span> <span class='ocrx_word' id='word_1_760' title='bbox 5213 3833 5311 3884; x_wconf 85' lang='lat' dir='ltr'><strong>sed</strong></span> 
     </span>
    </p>
   </div>
   <div class='ocr_carea' id='block_1_98' title="bbox 3717 3919 5314 3989">
    <p class='ocr_par' dir='ltr' id='par_1_98' title="bbox 3717 3919 5314 3989">
     <span class='ocr_line' id='line_1_98' title="bbox 3717 3919 5314 3989; baseline 0.002 -17"><span class='ocrx_word' id='word_1_761' title='bbox 3717 3919 3862 3989; x_wconf 89' lang='lat' dir='ltr'><strong>ligno</strong></span> <span class='ocrx_word' id='word_1_762' title='bbox 3891 3921 4069 3989; x_wconf 89' lang='lat' dir='ltr'><strong>potius</strong></span> <span class='ocrx_word' id='word_1_763' title='bbox 4103 3931 4346 3974; x_wconf 86' lang='lat' dir='ltr'><strong>armatus</strong></span> <span class='ocrx_word' id='word_1_764' title='bbox 4381 3921 4618 3974; x_wconf 87' lang='lat' dir='ltr'><strong>hostium</strong></span> <span class='ocrx_word' id='word_1_765' title='bbox 4655 3936 4856 3975; x_wconf 88' lang='lat' dir='ltr'><strong>cuneos</strong></span> <span class='ocrx_word' id='word_1_766' title='bbox 4907 3921 5314 3976; x_wconf 87' lang='lat' dir='ltr'><strong>debellaturum</strong></span> 
     </span>
    </p>
   </div>
   <div class='ocr_carea' id='block_1_99' title="bbox 3719 4011 5312 4080">
    <p class='ocr_par' dir='ltr' id='par_1_99' title="bbox 3719 4011 5312 4080">
     <span class='ocr_line' id='line_1_99' title="bbox 3719 4011 5312 4080; baseline 0.002 -18"><span class='ocrx_word' id='word_1_767' title='bbox 3719 4025 3776 4063; x_wconf 87' lang='lat' dir='ltr'><strong>se</strong></span> <span class='ocrx_word' id='word_1_768' title='bbox 3807 4025 3928 4064; x_wconf 89' lang='lat' dir='ltr'><strong>esse</strong></span> <span class='ocrx_word' id='word_1_769' title='bbox 3959 4025 4060 4064; x_wconf 92' lang='lat' dir='ltr'><strong>non</strong></span> <span class='ocrx_word' id='word_1_770' title='bbox 4085 4011 4347 4080; x_wconf 87' lang='lat' dir='ltr'><strong>ambigat,</strong></span> <span class='ocrx_word' id='word_1_771' title='bbox 4379 4011 4479 4064; x_wconf 90' lang='lat' dir='ltr'><strong>nisi</strong></span> <span class='ocrx_word' id='word_1_772' title='bbox 4515 4019 4691 4064; x_wconf 86' lang='lat' dir='ltr'><strong>tamen</strong></span> <span class='ocrx_word' id='word_1_773' title='bbox 4729 4012 4964 4080; x_wconf 85' lang='lat' dir='ltr'><strong>speciem</strong></span> <span class='ocrx_word' id='word_1_774' title='bbox 4996 4013 5183 4065; x_wconf 91' lang='lat' dir='ltr'><strong>crucis</strong></span> <span class='ocrx_word' id='word_1_775' title='bbox 5217 4028 5312 4067; x_wconf 81' lang='lat' dir='ltr'><strong>ex-</strong></span> 
     </span>
    </p>
   </div>
   <div class='ocr_carea' id='block_1_100' title="bbox 3721 4100 5310 4170">
    <p class='ocr_par' dir='ltr' id='par_1_100' title="bbox 3721 4100 5310 4170">
     <span class='ocr_line' id='line_1_100' title="bbox 3721 4100 5310 4170; baseline 0.004 -21"><span class='ocrx_word' id='word_1_776' title='bbox 3721 4101 3997 4166; x_wconf 69' lang='lat' dir='ltr'><strong>presserit.</strong></span> <span class='ocrx_word' id='word_1_777' title='bbox 4032 4101 4132 4153; x_wconf 91' lang='lat' dir='ltr'><strong>nisi</strong></span> <span class='ocrx_word' id='word_1_778' title='bbox 4169 4100 4496 4170; x_wconf 87' lang='lat' dir='ltr'><strong>triumphale</strong></span> <span class='ocrx_word' id='word_1_779' title='bbox 4520 4101 4774 4154; x_wconf 74' lang='lat' dir='ltr'><strong>vexillum</strong></span> <span class='ocrx_word' id='word_1_780' title='bbox 4809 4102 4861 4155; x_wconf 92' lang='lat' dir='ltr'><strong>in</strong></span> <span class='ocrx_word' id='word_1_781' title='bbox 4894 4101 5126 4156; x_wconf 88' lang='lat' dir='ltr'><strong>sublime</strong></span> <span class='ocrx_word' id='word_1_782' title='bbox 5159 4102 5310 4157; x_wconf 85' lang='lat' dir='ltr'><strong>leva-</strong></span> 
     </span>
    </p>
   </div>
   <div class='ocr_carea' id='block_1_101' title="bbox 3717 4193 5314 4262">
    <p class='ocr_par' dir='ltr' id='par_1_101' title="bbox 3717 4193 5314 4262">
     <span class='ocr_line' id='line_1_101' title="bbox 3717 4193 5314 4262; baseline 0.004 -20"><span class='ocrx_word' id='word_1_783' title='bbox 3717 4195 3873 4254; x_wconf 79' lang='lat' dir='ltr'><strong>verit,</strong></span> <span class='ocrx_word' id='word_1_784' title='bbox 3916 4193 4114 4246; x_wconf 84' lang='lat' dir='ltr'><strong>nullam</strong></span> <span class='ocrx_word' id='word_1_785' title='bbox 4150 4204 4298 4248; x_wconf 90' lang='lat' dir='ltr'><strong>certe</strong></span> <span class='ocrx_word' id='word_1_786' title='bbox 4332 4194 4614 4248; x_wconf 82' lang='lat' dir='ltr'><strong>victoriam</strong></span> <span class='ocrx_word' id='word_1_787' title='bbox 4643 4195 4709 4248; x_wconf 90' lang='lat' dir='ltr'><strong>de</strong></span> <span class='ocrx_word' id='word_1_788' title='bbox 4735 4195 5024 4262; x_wconf 86' lang='lat' dir='ltr'><strong>prostratis</strong></span> <span class='ocrx_word' id='word_1_789' title='bbox 5062 4197 5314 4250; x_wconf 86' lang='lat' dir='ltr'><strong>hostibus</strong></span> 
     </span>
    </p>
   </div>
   <div class='ocr_carea' id='block_1_102' title="bbox 3722 4287 4010 4339">
    <p class='ocr_par' dir='ltr' id='par_1_102' title="bbox 3722 4287 4010 4339">
     <span class='ocr_line' id='line_1_102' title="bbox 3722 4287 4010 4339; baseline -0.007 0"><span class='ocrx_word' id='word_1_790' title='bbox 3722 4287 4010 4339; x_wconf 84' lang='lat' dir='ltr'><strong>obtinebit.</strong></span> 
     </span>
    </p>
   </div>
   <div class='ocr_carea' id='block_1_103' title="bbox 3790 4375 5313 4446">
    <p class='ocr_par' dir='ltr' id='par_1_103' title="bbox 3790 4375 5313 4446">
     <span class='ocr_line' id='line_1_103' title="bbox 3790 4375 5313 4446; baseline 0.003 -18"><span class='ocrx_word' id='word_1_791' title='bbox 3790 4376 4008 4430; x_wconf 83' lang='lat' dir='ltr'><strong>Habens</strong></span> <span class='ocrx_word' id='word_1_792' title='bbox 4032 4376 4212 4445; x_wconf 83' lang='lat' dir='ltr'><strong>itaque</strong></span> <span class='ocrx_word' id='word_1_793' title='bbox 4246 4375 4454 4446; x_wconf 73' lang='lat' dir='ltr'><strong>Moyses</strong></span> <span class='ocrx_word' id='word_1_794' title='bbox 4479 4376 4690 4446; x_wconf 89' lang='lat' dir='ltr'><strong>virgam</strong></span> <span class='ocrx_word' id='word_1_795' title='bbox 4724 4377 4777 4430; x_wconf 90' lang='lat' dir='ltr'><strong>in</strong></span> <span class='ocrx_word' id='word_1_796' title='bbox 4815 4392 5000 4437; x_wconf 87' lang='lat' dir='ltr'><strong>manu.</strong></span> <span class='ocrx_word' id='word_1_797' title='bbox 5031 4377 5136 4431; x_wconf 87' lang='lat' dir='ltr'><strong>hoc</strong></span> <span class='ocrx_word' id='word_1_798' title='bbox 5168 4377 5313 4432; x_wconf 85' lang='lat' dir='ltr'><strong>insu-</strong></span> 
     </span>
    </p>
   </div>
   <div class='ocr_carea' id='block_1_104' title="bbox 3720 4467 5316 4535">
    <p class='ocr_par' dir='ltr' id='par_1_104' title="bbox 3720 4467 5316 4535">
     <span class='ocr_line' id='line_1_104' title="bbox 3720 4467 5316 4535; baseline 0.001 -16"><span class='ocrx_word' id='word_1_799' title='bbox 3720 4481 3818 4532; x_wconf 89' lang='lat' dir='ltr'><strong>per</strong></span> <span class='ocrx_word' id='word_1_800' title='bbox 3847 4467 4053 4519; x_wconf 89' lang='lat' dir='ltr'><strong>addidit</strong></span> <span class='ocrx_word' id='word_1_801' title='bbox 4084 4477 4142 4519; x_wconf 91' lang='lat' dir='ltr'><strong>ut</strong></span> <span class='ocrx_word' id='word_1_802' title='bbox 4173 4468 4397 4520; x_wconf 90' lang='lat' dir='ltr'><strong>brachia</strong></span> <span class='ocrx_word' id='word_1_803' title='bbox 4428 4484 4522 4520; x_wconf 86' lang='lat' dir='ltr'><strong>sua</strong></span> <span class='ocrx_word' id='word_1_804' title='bbox 4559 4468 4611 4520; x_wconf 91' lang='lat' dir='ltr'><strong>in</strong></span> <span class='ocrx_word' id='word_1_805' title='bbox 4645 4468 4861 4521; x_wconf 90' lang='lat' dir='ltr'><strong>modum</strong></span> <span class='ocrx_word' id='word_1_806' title='bbox 4900 4468 5080 4521; x_wconf 87' lang='lat' dir='ltr'><strong>crucis</strong></span> <span class='ocrx_word' id='word_1_807' title='bbox 5108 4484 5316 4535; x_wconf 56' lang='lat' dir='ltr'><strong>exparte</strong></span> 
     </span>
    </p>
   </div>
   <div class='ocr_carea' id='block_1_105' title="bbox 3720 4557 5312 4626">
    <p class='ocr_par' dir='ltr' id='par_1_105' title="bbox 3720 4557 5312 4626">
     <span class='ocr_line' id='line_1_105' title="bbox 3720 4557 5312 4626; baseline 0.001 -15"><span class='ocrx_word' id='word_1_808' title='bbox 3720 4557 3892 4622; x_wconf 87' lang='lat' dir='ltr'><strong>deret,</strong></span> <span class='ocrx_word' id='word_1_809' title='bbox 3929 4559 4115 4626; x_wconf 90' lang='lat' dir='ltr'><strong>sicque</strong></span> <span class='ocrx_word' id='word_1_810' title='bbox 4137 4557 4250 4624; x_wconf 84' lang='lat' dir='ltr'><strong>jam</strong></span> <span class='ocrx_word' id='word_1_811' title='bbox 4286 4557 4619 4620; x_wconf 85' lang='lat' dir='ltr'><strong>factum&#39;est.</strong></span> <span class='ocrx_word' id='word_1_812' title='bbox 4650 4569 4709 4613; x_wconf 91' lang='lat' dir='ltr'><strong>ut</strong></span> <span class='ocrx_word' id='word_1_813' title='bbox 4735 4569 5078 4613; x_wconf 87' lang='lat' dir='ltr'><strong>catervarum</strong></span> <span class='ocrx_word' id='word_1_814' title='bbox 5112 4561 5312 4613; x_wconf 81' lang='lat' dir='ltr'><strong>adver-</strong></span> 
     </span>
    </p>
   </div>
   <div class='ocr_carea' id='block_1_106' title="bbox 3720 4648 5315 4721">
    <p class='ocr_par' dir='ltr' id='par_1_106' title="bbox 3720 4648 5315 4721">
     <span class='ocr_line' id='line_1_106' title="bbox 3720 4648 5315 4721; baseline 0 -17"><span class='ocrx_word' id='word_1_815' title='bbox 3720 4650 3954 4704; x_wconf 90' lang='lat' dir='ltr'><strong>santium</strong></span> <span class='ocrx_word' id='word_1_816' title='bbox 3985 4650 4130 4703; x_wconf 90' lang='lat' dir='ltr'><strong>acies</strong></span> <span class='ocrx_word' id='word_1_817' title='bbox 4159 4649 4304 4716; x_wconf 88' lang='lat' dir='ltr'><strong>ligno</strong></span> <span class='ocrx_word' id='word_1_818' title='bbox 4334 4659 4388 4703; x_wconf 89' lang='lat' dir='ltr'><strong>et</strong></span> <span class='ocrx_word' id='word_1_819' title='bbox 4410 4650 4564 4719; x_wconf 89' lang='lat' dir='ltr'><strong>signo</strong></span> <span class='ocrx_word' id='word_1_820' title='bbox 4595 4651 4696 4704; x_wconf 90' lang='lat' dir='ltr'><strong>hoc</strong></span> <span class='ocrx_word' id='word_1_821' title='bbox 4721 4648 4877 4719; x_wconf 91' lang='lat' dir='ltr'><strong>pleno</strong></span> <span class='ocrx_word' id='word_1_822' title='bbox 4899 4651 5078 4704; x_wconf 89' lang='lat' dir='ltr'><strong>crucis</strong></span> <span class='ocrx_word' id='word_1_823' title='bbox 5107 4662 5315 4721; x_wconf 83' lang='lat' dir='ltr'><strong>myste-</strong></span> 
     </span>
    </p>
   </div>
   <div class='ocr_carea' id='block_1_107' title="bbox 3719 4739 5314 4810">
    <p class='ocr_par' dir='ltr' id='par_1_107' title="bbox 3719 4739 5314 4810">
     <span class='ocr_line' id='line_1_107' title="bbox 3719 4739 5314 4810; baseline 0 -17"><span class='ocrx_word' id='word_1_824' title='bbox 3719 4740 3800 4796; x_wconf 90' lang='lat' dir='ltr'><strong>rio</strong></span> <span class='ocrx_word' id='word_1_825' title='bbox 3824 4749 4121 4810; x_wconf 85' lang='lat' dir='ltr'><strong>superaret.</strong></span> <span class='ocrx_word' id='word_1_826' title='bbox 4147 4739 4260 4794; x_wconf 82' lang='lat' dir='ltr'><strong>Hoc</strong></span> <span class='ocrx_word' id='word_1_827' title='bbox 4286 4741 4432 4794; x_wconf 89' lang='lat' dir='ltr'><strong>enim</strong></span> <span class='ocrx_word' id='word_1_828' title='bbox 4467 4755 4620 4794; x_wconf 88' lang='lat' dir='ltr'><strong>sacra</strong></span> <span class='ocrx_word' id='word_1_829' title='bbox 4651 4750 4884 4794; x_wconf 86' lang='lat' dir='ltr'><strong>testatur</strong></span> <span class='ocrx_word' id='word_1_830' title='bbox 4904 4740 5131 4795; x_wconf 88' lang='lat' dir='ltr'><strong>historia</strong></span> <span class='ocrx_word' id='word_1_831' title='bbox 5156 4783 5168 4804; x_wconf 89' lang='lat'><strong>,</strong></span> <span class='ocrx_word' id='word_1_832' title='bbox 5194 4757 5314 4795; x_wconf 86' lang='lat' dir='ltr'><strong>cum</strong></span> 
     </span>
    </p>
   </div>
   <div class='ocr_carea' id='block_1_108' title="bbox 3716 4831 5311 4901">
    <p class='ocr_par' dir='ltr' id='par_1_108' title="bbox 3716 4831 5311 4901">
     <span class='ocr_line' id='line_1_108' title="bbox 3716 4831 5311 4901; baseline -0.003 -16"><span class='ocrx_word' id='word_1_833' title='bbox 3716 4831 3887 4886; x_wconf 89' lang='lat' dir='ltr'><strong>dicit:</strong></span> <span class='ocrx_word' id='word_1_834' title='bbox 3921 4850 3938 4880; x_wconf 90' lang='grc' dir='ltr'><strong>ι</strong></span> <span class='ocrx_word' id='word_1_835' title='bbox 3971 4832 4105 4884; x_wconf 89' lang='lat' dir='ltr'><strong>Dum</strong></span> <span class='ocrx_word' id='word_1_836' title='bbox 4138 4831 4341 4886; x_wconf 88' lang='lat' dir='ltr'><strong>levaret</strong></span> <span class='ocrx_word' id='word_1_837' title='bbox 4368 4847 4558 4884; x_wconf 89' lang='lat' dir='ltr'><strong>manus</strong></span> <span class='ocrx_word' id='word_1_838' title='bbox 4585 4831 4812 4901; x_wconf 76' lang='lat' dir='ltr'><strong>Moyses,</strong></span> <span class='ocrx_word' id='word_1_839' title='bbox 4843 4831 5093 4886; x_wconf 87' lang='lat' dir='ltr'><strong>vincebat</strong></span> <span class='ocrx_word' id='word_1_840' title='bbox 5118 4832 5311 4890; x_wconf 62' lang='lat' dir='ltr'><strong>[sv-uel;</strong></span> 
     </span>
    </p>
   </div>
   <div class='ocr_carea' id='block_1_109' title="bbox 3715 4919 5312 4989">
    <p class='ocr_par' dir='ltr' id='par_1_109' title="bbox 3715 4919 5312 4989">
     <span class='ocr_line' id='line_1_109' title="bbox 3715 4919 5312 4989; baseline 0 -15"><span class='ocrx_word' id='word_1_841' title='bbox 3715 4922 3798 4974; x_wconf 88' lang='lat' dir='ltr'><strong>sin</strong></span> <span class='ocrx_word' id='word_1_842' title='bbox 3836 4931 4014 4974; x_wconf 88' lang='lat' dir='ltr'><strong>autem</strong></span> <span class='ocrx_word' id='word_1_843' title='bbox 4043 4919 4318 4988; x_wconf 91' lang='lat' dir='ltr'><strong>paululum</strong></span> <span class='ocrx_word' id='word_1_844' title='bbox 4348 4921 4678 4986; x_wconf 89' lang='lat' dir='ltr'><strong>remisisset,</strong></span> <span class='ocrx_word' id='word_1_845' title='bbox 4709 4920 5000 4989; x_wconf 89' lang='lat' dir='ltr'><strong>superabat</strong></span> <span class='ocrx_word' id='word_1_846' title='bbox 5052 4922 5312 4975; x_wconf 79' lang='lat' dir='ltr'><strong>Amalech</strong></span> 
     </span>
    </p>
   </div>
   <div class='ocr_carea' id='block_1_110' title="bbox 3719 5009 5311 5080">
    <p class='ocr_par' dir='ltr' id='par_1_110' title="bbox 3719 5009 5311 5080">
     <span class='ocr_line' id='line_1_110' title="bbox 3719 5009 5311 5080; baseline -0.001 -17"><span class='ocrx_word' id='word_1_847' title='bbox 3719 5010 3917 5080; x_wconf 71' lang='lat' dir='ltr'><strong>(Exod.</strong></span> <span class='ocrx_word' id='word_1_848' title='bbox 3949 5012 4104 5078; x_wconf 76' lang='lat' dir='ltr'><strong>xvn).</strong></span> <span class='ocrx_word' id='word_1_849' title='bbox 4141 5030 4157 5060; x_wconf 74' lang='grc' dir='ltr'><strong>ι</strong></span> <span class='ocrx_word' id='word_1_850' title='bbox 4196 5009 4307 5064; x_wconf 88' lang='lat' dir='ltr'><strong>Hoc</strong></span> <span class='ocrx_word' id='word_1_851' title='bbox 4347 5010 4505 5080; x_wconf 88' lang='lat' dir='ltr'><strong>plane</strong></span> <span class='ocrx_word' id='word_1_852' title='bbox 4542 5009 4767 5073; x_wconf 89' lang='lat' dir='ltr'><strong>factum,</strong></span> <span class='ocrx_word' id='word_1_853' title='bbox 4796 5009 4998 5064; x_wconf 82' lang='lat' dir='ltr'><strong>fratres</strong></span> <span class='ocrx_word' id='word_1_854' title='bbox 5041 5013 5174 5072; x_wconf 87' lang='lat' dir='ltr'><strong>mei,</strong></span> <span class='ocrx_word' id='word_1_855' title='bbox 5210 5027 5311 5065; x_wconf 84' lang='lat' dir='ltr'><strong>non</strong></span> 
     </span>
    </p>
   </div>
   <div class='ocr_carea' id='block_1_111' title="bbox 3720 5100 5312 5170">
    <p class='ocr_par' dir='ltr' id='par_1_111' title="bbox 3720 5100 5312 5170">
     <span class='ocr_line' id='line_1_111' title="bbox 3720 5100 5312 5170; baseline 0 -16"><span class='ocrx_word' id='word_1_856' title='bbox 3720 5101 3894 5154; x_wconf 81' lang='lat' dir='ltr'><strong>Solum</strong></span> <span class='ocrx_word' id='word_1_857' title='bbox 3937 5101 4200 5170; x_wconf 88' lang='lat' dir='ltr'><strong>spiritalis</strong></span> <span class='ocrx_word' id='word_1_858' title='bbox 4243 5100 4619 5170; x_wconf 71' lang='lat' dir='ltr'><strong>intelligentiae</strong></span> <span class='ocrx_word' id='word_1_859' title='bbox 4660 5110 5087 5162; x_wconf 84' lang='lat' dir='ltr'><strong>sacramentum,</strong></span> <span class='ocrx_word' id='word_1_860' title='bbox 5126 5102 5221 5154; x_wconf 81' lang='lat' dir='ltr'><strong>sed</strong></span> <span class='ocrx_word' id='word_1_861' title='bbox 5261 5111 5312 5154; x_wconf 85' lang='lat' dir='ltr'><strong>et</strong></span> 
     </span>
    </p>
   </div>
   <div class='ocr_carea' id='block_1_112' title="bbox 3718 5191 5308 5259">
    <p class='ocr_par' dir='ltr' id='par_1_112' title="bbox 3718 5191 5308 5259">
     <span class='ocr_line' id='line_1_112' title="bbox 3718 5191 5308 5259; baseline -0.001 -15"><span class='ocrx_word' id='word_1_862' title='bbox 3718 5193 3937 5246; x_wconf 84' lang='lat' dir='ltr'><strong>virtutis</strong></span> <span class='ocrx_word' id='word_1_863' title='bbox 3978 5191 4134 5244; x_wconf 88' lang='lat' dir='ltr'><strong>nobis</strong></span> <span class='ocrx_word' id='word_1_864' title='bbox 4181 5191 4600 5246; x_wconf 89' lang='lat' dir='ltr'><strong>saluberrimum</strong></span> <span class='ocrx_word' id='word_1_865' title='bbox 4651 5199 4932 5247; x_wconf 91' lang='lat' dir='ltr'><strong>convectat</strong></span> <span class='ocrx_word' id='word_1_866' title='bbox 4976 5192 5308 5259; x_wconf 75' lang='lat' dir='ltr'><strong>exemplum.</strong></span> 
     </span>
    </p>
   </div>
   <div class='ocr_carea' id='block_1_113' title="bbox 3721 5281 5308 5353">
    <p class='ocr_par' dir='ltr' id='par_1_113' title="bbox 3721 5281 5308 5353">
     <span class='ocr_line' id='line_1_113' title="bbox 3721 5281 5308 5353; baseline -0.003 -17"><span class='ocrx_word' id='word_1_867' title='bbox 3721 5284 3885 5353; x_wconf 68' lang='lat'><strong>250</strong></span> <span class='ocrx_word' id='word_1_868' title='bbox 3921 5282 4053 5336; x_wconf 65' lang='lat' dir='ltr'><strong>ham</strong></span> <span class='ocrx_word' id='word_1_869' title='bbox 4096 5283 4221 5337; x_wconf 89' lang='lat' dir='ltr'><strong>dum</strong></span> <span class='ocrx_word' id='word_1_870' title='bbox 4268 5298 4486 5338; x_wconf 87' lang='lat' dir='ltr'><strong>crucem</strong></span> <span class='ocrx_word' id='word_1_871' title='bbox 4534 5291 4658 5352; x_wconf 90' lang='lat' dir='ltr'><strong>post</strong></span> <span class='ocrx_word' id='word_1_872' title='bbox 4711 5281 4998 5337; x_wconf 90' lang='lat' dir='ltr'><strong>Dominum</strong></span> <span class='ocrx_word' id='word_1_873' title='bbox 5047 5282 5308 5341; x_wconf 80' lang='lat' dir='ltr'><strong>tollimus,</strong></span> 
     </span>
    </p>
   </div>
   <div class='ocr_carea' id='block_1_114' title="bbox 3721 5369 5304 5430">
    <p class='ocr_par' dir='ltr' id='par_1_114' title="bbox 3721 5369 5304 5430">
     <span class='ocr_line' id='line_1_114' title="bbox 3721 5369 5304 5430; baseline -0.004 -4"><span class='ocrx_word' id='word_1_874' title='bbox 3721 5375 3847 5427; x_wconf 91' lang='lat' dir='ltr'><strong>dum</strong></span> <span class='ocrx_word' id='word_1_875' title='bbox 3881 5375 4042 5426; x_wconf 91' lang='lat' dir='ltr'><strong>corda</strong></span> <span class='ocrx_word' id='word_1_876' title='bbox 4074 5383 4258 5426; x_wconf 90' lang='lat' dir='ltr'><strong>nostra</strong></span> <span class='ocrx_word' id='word_1_877' title='bbox 4293 5387 4417 5426; x_wconf 92' lang='lat' dir='ltr'><strong>cum</strong></span> <span class='ocrx_word' id='word_1_878' title='bbox 4459 5371 4708 5426; x_wconf 87' lang='lat' dir='ltr'><strong>manibus</strong></span> <span class='ocrx_word' id='word_1_879' title='bbox 4736 5372 4801 5426; x_wconf 89' lang='lat' dir='ltr'><strong>ad</strong></span> <span class='ocrx_word' id='word_1_880' title='bbox 4836 5371 5000 5424; x_wconf 86' lang='lat' dir='ltr'><strong>Deum</strong></span> <span class='ocrx_word' id='word_1_881' title='bbox 5033 5369 5304 5430; x_wconf 86' lang='lat' dir='ltr'><strong>levamus,</strong></span> 
     </span>
    </p>
   </div>
   <div class='ocr_carea' id='block_1_115' title="bbox 3724 5460 5308 5534">
    <p class='ocr_par' dir='ltr' id='par_1_115' title="bbox 3724 5460 5308 5534">
     <span class='ocr_line' id='line_1_115' title="bbox 3724 5460 5308 5534; baseline -0.004 -15"><span class='ocrx_word' id='word_1_882' title='bbox 3724 5474 3960 5519; x_wconf 90' lang='lat' dir='ltr'><strong>rectores</strong></span> <span class='ocrx_word' id='word_1_883' title='bbox 3991 5467 4333 5518; x_wconf 82' lang='lat' dir='ltr'><strong>tenebrarum</strong></span> <span class='ocrx_word' id='word_1_884' title='bbox 4373 5464 4619 5534; x_wconf 88' lang='lat' dir='ltr'><strong>protinus</strong></span> <span class='ocrx_word' id='word_1_885' title='bbox 4646 5469 4927 5523; x_wconf 88' lang='lat' dir='ltr'><strong>corruunt,</strong></span> <span class='ocrx_word' id='word_1_886' title='bbox 4961 5461 5015 5514; x_wconf 93' lang='lat' dir='ltr'><strong>in</strong></span> <span class='ocrx_word' id='word_1_887' title='bbox 5046 5460 5154 5513; x_wconf 86' lang='lat' dir='ltr'><strong>ima</strong></span> <span class='ocrx_word' id='word_1_888' title='bbox 5186 5475 5308 5528; x_wconf 90' lang='lat' dir='ltr'><strong>pro-</strong></span> 
     </span>
    </p>
   </div>
   <div class='ocr_carea' id='block_1_116' title="bbox 3722 5551 5308 5610">
    <p class='ocr_par' dir='ltr' id='par_1_116' title="bbox 3722 5551 5308 5610">
     <span class='ocr_line' id='line_1_116' title="bbox 3722 5551 5308 5610; baseline -0.006 0"><span class='ocrx_word' id='word_1_889' title='bbox 3722 5557 3874 5610; x_wconf 89' lang='lat' dir='ltr'><strong>strati</strong></span> <span class='ocrx_word' id='word_1_890' title='bbox 3917 5556 4102 5609; x_wconf 87' lang='lat' dir='ltr'><strong>fractis</strong></span> <span class='ocrx_word' id='word_1_891' title='bbox 4133 5554 4336 5608; x_wconf 90' lang='lat' dir='ltr'><strong>viribus</strong></span> <span class='ocrx_word' id='word_1_892' title='bbox 4384 5554 4678 5608; x_wconf 90' lang='lat' dir='ltr'><strong>eliduntur.</strong></span> <span class='ocrx_word' id='word_1_893' title='bbox 4726 5551 4784 5606; x_wconf 90' lang='lat' dir='ltr'><strong>Si</strong></span> <span class='ocrx_word' id='word_1_894' title='bbox 4821 5567 4948 5607; x_wconf 90' lang='lat' dir='ltr'><strong>vero</strong></span> <span class='ocrx_word' id='word_1_895' title='bbox 4993 5564 5186 5603; x_wconf 88' lang='lat' dir='ltr'><strong>manus</strong></span> <span class='ocrx_word' id='word_1_896' title='bbox 5219 5562 5308 5601; x_wconf 82' lang='lat' dir='ltr'><strong>re-</strong></span> 
     </span>
    </p>
   </div>
   <div class='ocr_carea' id='block_1_117' title="bbox 3726 5644 5303 5708">
    <p class='ocr_par' dir='ltr' id='par_1_117' title="bbox 3726 5644 5303 5708">
     <span class='ocr_line' id='line_1_117' title="bbox 3726 5644 5303 5708; baseline -0.003 -7"><span class='ocrx_word' id='word_1_897' title='bbox 3726 5648 4018 5708; x_wconf 90' lang='lat' dir='ltr'><strong>mittimus,</strong></span> <span class='ocrx_word' id='word_1_898' title='bbox 4067 5655 4120 5700; x_wconf 89' lang='lat' dir='ltr'><strong>et</strong></span> <span class='ocrx_word' id='word_1_899' title='bbox 4165 5645 4318 5699; x_wconf 91' lang='lat' dir='ltr'><strong>obliti</strong></span> <span class='ocrx_word' id='word_1_900' title='bbox 4378 5644 4710 5708; x_wconf 74' lang='lat' dir='ltr'><strong>omlestium,</strong></span> <span class='ocrx_word' id='word_1_901' title='bbox 4755 5653 4963 5698; x_wconf 90' lang='lat' dir='ltr'><strong>terrena</strong></span> <span class='ocrx_word' id='word_1_902' title='bbox 5012 5649 5303 5696; x_wconf 79' lang='lat' dir='ltr'><strong>sectamur.</strong></span> 
     </span>
    </p>
   </div>
   <div class='ocr_carea' id='block_1_118' title="bbox 3726 5733 5299 5810">
    <p class='ocr_par' dir='ltr' id='par_1_118' title="bbox 3726 5733 5299 5810">
     <span class='ocr_line' id='line_1_118' title="bbox 3726 5733 5299 5810; baseline -0.005 -18"><span class='ocrx_word' id='word_1_903' title='bbox 3726 5741 3972 5810; x_wconf 89' lang='lat' dir='ltr'><strong>protinus</strong></span> <span class='ocrx_word' id='word_1_904' title='bbox 4022 5739 4194 5794; x_wconf 88' lang='lat' dir='ltr'><strong>hostis</strong></span> <span class='ocrx_word' id='word_1_905' title='bbox 4245 5737 4415 5791; x_wconf 86' lang='lat' dir='ltr'><strong>victor</strong></span> <span class='ocrx_word' id='word_1_906' title='bbox 4461 5736 4799 5808; x_wconf 88' lang='lat' dir='ltr'><strong>insequitur,</strong></span> <span class='ocrx_word' id='word_1_907' title='bbox 4854 5746 4909 5790; x_wconf 92' lang='lat' dir='ltr'><strong>et</strong></span> <span class='ocrx_word' id='word_1_908' title='bbox 4960 5748 5058 5787; x_wconf 86' lang='lat' dir='ltr'><strong>nos</strong></span> <span class='ocrx_word' id='word_1_909' title='bbox 5107 5733 5299 5788; x_wconf 81' lang='lat' dir='ltr'><strong>amisss</strong></span> 
     </span>
    </p>
   </div>
  </div>
