5450 6370
818 353 916 418 769

2210 334 2449 394 δειλιιο
2479 334 2713 391 XLVIII.

4030 333 4142 393 770

811 470 1029 529 victoria
1052 469 1493 542 persequentium
1517 466 1713 540 gladiis
1735 465 2153 521 obtruncamur.
2178 459 2235 514 In
2256 457 2408 514 omni
2437 459 2487 521 Α
2525 453 2752 509 dextera
2782 466 2956 523 usque
3001 449 3067 505 ad
3099 448 3404 514 sinistram,
3433 456 3488 504 et
3520 447 3703 542 decies
3735 455 3948 542 tantum
3979 461 4146 518 quam

810 581 935 624 sane
986 563 1215 634 spiritali
1271 563 1574 619 certamine
1621 559 1806 616 crucis
1842 557 2106 612 debemus
2148 551 2414 624 praeferre

809 656 1076 721 vexillum,
1126 655 1268 724 quod
1308 652 1569 708 nimirum
1607 651 1650 706 si
1687 648 1921 703 viriliter
1959 654 2183 718 agentes
2209 643 2414 726 attolli-

807 763 944 811 mus,
976 744 1164 816 procul
1214 742 1378 799 dubio
1425 743 1666 797 victores
1709 739 2022 801 existimus;
2075 735 2318 804 alioquin
2364 732 2410 787 si

807 838 1041 908 segniter
1069 835 1302 890 vivendo
1331 833 1678 903 deponimus,
1719 829 1788 884 ad
1831 829 2040 898 primos
2073 839 2413 894 persequen-

808 931 937 984 tium
993 928 1229 996 impetus
1281 939 1507 980 necesse
1563 929 1647 976 est
1700 919 1980 974 enerviter
2031 916 2410 972 concidamus.
2457 971 2462 974 _

808 1017 960 1076 Unde
1007 1025 1065 1070 et
1117 1015 1345 1085 insignis
1395 1011 1485 1067 ille
1537 1010 1744 1065 militia:
1798 1006 2063 1079 spiritalis
2113 1006 2414 1060 instructor

805 1106 1001 1165 Paulus
1036 1105 1119 1160 ait
1149 1123 1163 1159 :
1197 1123 1216 1157 ι
1249 1103 1542 1160 Remissas
1575 1117 1790 1168 manus,
1831 1111 1886 1156 et
1928 1099 2194 1155 dissoluta
2235 1113 2412 1168 genua

804 1196 1016 1269 erigite,
1053 1206 1109 1253 et
1145 1209 1366 1267 gressus
1397 1203 1581 1250 rectos
1620 1192 1785 1248 facite
1819 1192 2054 1262 pedibus
2083 1191 2308 1256 vestris,
2345 1202 2415 1244 ne

805 1291 1118 1347 claudicans
1140 1289 1266 1365 quis
1295 1295 1443 1343 erret
1467 1285 1658 1356 (Hebr.
1692 1284 1818 1353 xu).
1858 1303 1876 1336 ι

870 1380 986 1437 Hoc
1033 1394 1232 1449 nempe
1290 1377 1551 1432 vexillum
1612 1386 1669 1432 et
1715 1375 1936 1432 Gedeon
1995 1374 2133 1438 sibi,
2189 1373 2414 1442 suisque

804 1472 1269 1530 commilitonibus
1285 1468 1736 1542 typicepraetulit,
1750 1469 1842 1538 qui
1857 1477 2048 1523 contra
2065 1481 2244 1531 arma,
2260 1482 2413 1520 arma

798 1564 1070 1627 deseruit,
1095 1562 1320 1617 inermis
1345 1570 1589 1615 armatos
1612 1560 1833 1622 invasit.
1857 1569 1910 1613 et
1931 1560 1999 1613 ad
2025 1557 2413 1612 debellandum

807 1652 1226 1708 Madianitarum
1296 1649 1700 1705 multitudinem
1768 1649 1996 1703 dimissa
2065 1646 2416 1702 multitudine

806 1762 928 1801 cum
979 1744 1171 1815 paucis
1212 1743 1365 1798 venit
1411 1743 1563 1812 (Jud.
1591 1742 1712 1812 vn).
1748 1741 1945 1795 Divina
1991 1740 2260 1810 siquidem
2309 1739 2413 1794 sibi

2521 546 2784 610 altitudo,
2821 559 2943 614 qua:
2990 551 3074 598 est
3118 551 3247 596 ante
3281 551 3336 597 et
3383 550 3551 596 retro.
3601 539 3699 595 Sic
3724 539 3986 595 nimirum
4017 555 4149 600 arca

2519 645 2578 692 et
2617 636 2671 690 in
2717 632 3120 690 trecentenario
3170 630 3526 701 longitudinis
3579 646 3692 685 suae
3747 645 3980 686 numero
4028 645 4149 701 spe-

2521 727 2661 780 ciem
2716 725 2930 790 crucis,
2971 722 3119 777 etin
3163 723 3331 775 totius
3394 736 3508 775 sum
3573 720 3931 776 dimensionis
3988 721 4151 777 habi-

2523 817 2714 870 tudine
2755 813 2986 886 {iguram
3029 822 3178 868 tenet
3229 813 3498 867 Dominici
3554 813 3823 883 corporis.
3886 814 3955 868 Et
4007 814 4151 868 sicut

2526 919 2735 978 septem
2788 907 2985 984 animae
3032 906 3307 960 donantur
3337 904 3473 972 Noe,
3519 913 3579 959 ut
3619 920 3718 974 per
3773 903 3977 976 lignum
4038 904 4148 962 sal-

2519 1006 2717 1054 ventur
2756 998 2809 1053 in
2853 998 3050 1063 undis,
3103 997 3185 1052 sic
3248 1005 3457 1066 septem
3523 995 3786 1052 Ecclesia:
3837 996 4148 1067 septiformi

2536 1088 2745 1159 Spiritu
2795 1089 3019 1160 repleta:
3072 1087 3355 1145 salvantur
3409 1088 3463 1144 in
3509 1087 3731 1144 Christo
3788 1104 3888 1160 per
3941 1089 4147 1159 lignum

2526 1180 2712 1235 crucis
2734 1188 2791 1235 et
2825 1194 3025 1249 aquam
3051 1177 3421 1249 baptismatis.
3456 1177 3562 1234 Per
3584 1177 3789 1250 lignum
3822 1193 4018 1248 nempe
4046 1193 4150 1236 nos

2522 1270 2781 1326 servituti
2837 1270 3097 1340 princeps
3147 1269 3419 1338 superbiae
3469 1268 3735 1336 subdidit,
3795 1285 3894 1340 per
3938 1269 4162 1341 lignum.

2518 1378 2620 1417 nos
2651 1362 2977 1417 humilitatis
3006 1368 3200 1416 auctor
3229 1361 3282 1415 in
3317 1360 3590 1416 libertatis
3622 1359 3811 1416 titulos
3840 1365 4146 1417 revocavit.

2521 1457 2626 1512 Per
2664 1457 2869 1528 lignum
2910 1472 3010 1511 nos
3040 1465 3307 1528 tyrannus
3336 1464 3601 1526 perpetuo
3632 1457 3896 1528 relegavit
3923 1457 4142 1524 essilio,

2517 1547 2839 1618 perlignum
2865 1547 3193 1602 mitissimus
3217 1547 3335 1602 Rex
3355 1547 3602 1603 han-edes
3625 1549 3862 1603 decrevit
3881 1550 3934 1604 in
3951 1564 4146 1620 regno.

2520 1640 2625 1696 Per
2661 1641 2868 1711 lignum
2899 1656 3090 1695 sumus
3119 1641 3187 1695 ad
3238 1653 3533 1710 porcorum
3575 1643 3883 1697 custodiam
3930 1653 3986 1698 et
4031 1643 4148 1697 sili-

2519 1746 2755 1801 quarum
2804 1729 3166 1809 indigentiam
3200 1729 3485 1798 devoluti;
3543 1745 3640 1800 per
3673 1730 3880 1800 lignum
3929 1747 4150 1802 quoque

807 1834 1172 1890 admonitione
1220 1841 1551 1903 praeceptum
1592 1841 1678 1887 est
1708 1842 1768 1887 ut
1806 1832 1874 1886 ad
1901 1830 2124 1886 ﬂuvium
2156 1830 2412 1895 veniens,
2445 1821 2491 1881 Β
2520 1820 2766 1890 palemis
2822 1835 2959 1876 80ml

1999 1832 2124 1886 rium
2156 1830 2412 1895 veniens,
2445 1821 2491 1881 Β
2520 1820 2766 1890 paternis
2822 1835 3015 1876 sumus
3078 1819 3423 1891 amplexibus
3483 1820 3715 1887 redditi,
3750 1831 4151 1892 .perceptaque

806 1940 994 1980 omnes
1020 1939 1160 1993 quos
1187 1922 1347 1978 ﬂexis
1391 1922 1624 1994 genibus
1662 1939 1834 1993 aquas
1878 1923 2103 1977 haurire
2134 1922 2416 1992 conspice-

808 2025 889 2069 ret
905 2031 937 2070 a
958 2014 1224 2069 bellorum
1248 2014 1731 2084 congressionibus
1751 2021 2051 2068 amoveret.
2077 2009 2415 2082 Factumque

804 2113 908 2172 est,
937 2115 993 2160 et
1028 2105 1254 2160 trecenti
1281 2103 1387 2158 viri
1430 2103 1828 2166 tantummodo,
1866 2103 1958 2172 qui
1992 2111 2203 2156 stantes
2240 2103 2416 2155 mani-

803 2196 906 2252 bus
930 2211 1105 2266 aquas
1133 2196 1460 2258 hauserant,
1494 2203 1898 2249 remanserunt.
1933 2193 2073 2260 Quid
2109 2203 2194 2247 est
2230 2202 2412 2246 autem

803 2287 943 2358 quod
986 2286 1207 2342 Gedeon
1247 2285 1508 2340 trecentis
1535 2293 1830 2339 contentus
1867 2283 2134 2338 militibus
2161 2283 2230 2336 ad
2271 2281 2414 2336 bella

803 2376 1172 2446 progreditur,
1198 2375 1301 2430 nisi
1332 2375 1458 2444 quia
1491 2374 1579 2428 hic
1615 2388 1880 2428 numerus
1914 2375 1970 2427 in
2005 2371 2160 2427 Thau
2202 2371 2411 2434 littera,

803 2480 923 2535 qua:
962 2465 1216 2521 videlicet
1243 2464 1428 2520 crucis
1461 2465 1723 2535 exprimit
1760 2464 2024 2534 speciem,
2065 2464 2417 2518 continetur?

795 2555 901 2612 Cui
945 2556 1194 2627 profecto
1222 2556 1420 2610 litterae
1451 2556 1496 2610 si
1529 2571 1693 2626 super
1723 2565 2097 2611 transversam
2132 2555 2332 2609 lineam
2363 2555 2416 2610 id

804 2647 1118 2711 adderetur,
1149 2646 1293 2716 quod
1337 2645 1392 2699 in
1421 2660 1588 2701 cruce
1625 2645 1882 2716 superius
1913 2647 2136 2709 eminet,
2165 2659 2283 2698 non.
2295 2642 2414 2712 jam

803 2739 985 2793 crucis
1020 2739 1252 2808 species,
1281 2737 1378 2792 sed
1421 2737 1601 2807 potius
1633 2735 1748 2806 ipsa
1777 2751 1912 2792 crux
1940 2746 2109 2791 esset.
2141 2735 2281 2802 Quia
2316 2737 2418 2807 igi-

805 2839 893 2884 tur
925 2829 1386 2885 trecentenarium
1421 2842 1710 2882 numerum
1747 2826 1901 2882 Thau
1935 2827 2114 2882 littera
2147 2827 2415 2894 continet,

804 2938 925 2993 quae
976 2900 1206 2994 ﬁguram
1252 2920 1433 2977 crucis
1480 2920 1725 2985 exhibet,
1769 2934 1880 2974 non
1931 2920 2208 2974 immerito
2246 2919 2298 2974 in
2332 2921 2418 2976 his

802 3015 1072 3070 trecentis
1109 3012 1420 3070 Gedeonem
1470 3012 1859 3083 sequentibus,
1907 3011 1986 3066 illi
2033 3026 2229 3066 omnes
2273 3013 2418 3067 desi-

805 3111 953 3180 gnati
999 3117 1156 3171 sunt,
1211 3109 1409 3178 quibus
1455 3108 1655 3164 dicitur
1687 3124 1701 3161 :
1741 3125 1759 3158 ι
1796 3106 1858 3163 Si
1895 3106 2020 3177 quis
2067 3104 2185 3160 vult
2225 3105 2418 3160 venire

2520 1912 2658 1968 stola
2714 1927 2840 1968 cum
2890 1912 3093 1968 annulo
3149 1914 3204 1967 in
3264 1915 3607 1969 consortium
3654 1915 3905 1983 pristinae
3958 1931 4152 1973 sumus

2518 2005 2861 2062 hzereditatis
2906 2006 3123 2062 adsciti.
3172 2006 3406 2077 Lignmn
3451 2023 3554 2063 nos
3600 2007 3853 2078 improbo
3901 2011 4150 2068 exactori

2517 2098 2760 2153 censitos
2815 2097 3075 2164 reddidit,
3120 2097 3330 2168 lignum
3383 2099 3568 2153 omnia
3613 2098 3778 2152 simul
3831 2099 4148 2156 inexhausti

2498 2189 2751 2244 faenoris
2781 2189 2954 2244 nostri
2991 2189 3193 2244 tributa
3228 2188 3523 2260 persolvit.
3574 2189 3681 2245 Per
3727 2189 3937 2260 lignum
3984 2205 4152 2259 porro

2520 2283 2588 2338 ab
2620 2283 2819 2337 haustu
2852 2281 3114 2352 perennis
3144 2280 3313 2337 fontis
3336 2282 3605 2347 aruimus,
3646 2297 3747 2353 per
3779 2281 3990 2354 lignum
4020 2297 4146 2338 rore

2518 2373 2764 2428 ccelestis
2795 2373 2986 2443 gratia:
3009 2372 3288 2442 copiosius
3317 2372 3670 2426 inundamur.

2594 2463 2750 2520 Hanc
2795 2463 2956 2534 plane
2983 2463 3295 2519 cmlestium
3326 2461 3724 2518 charismatum
3761 2461 4145 2518 inundantiam

2520 2555 2740 2628 Moyses
2777 2557 2957 2628 typice
3006 2555 3286 2627 ﬁguravit,
3333 2555 3556 2625 quando
3586 2556 3640 2610 in
3685 2555 3882 2623 Cades,
3912 2572 4034 2627 quce
4064 2565 4152 2612 est

2523 2645 2576 2698 in
2624 2646 2843 2700 deserto
2896 2643 2993 2699 Sin
3045 2643 3247 2697 divinae
3277 2642 3660 2712 promissionis
3690 2642 4153 2698 addubitanslar-

2520 2734 2782 2805 gissimas
2805 2747 2977 2803 aquas
3003 2732 3212 2788 silicem
3240 2731 3626 2802 percutienda,
3656 2733 3918 2801 produxit
3951 2731 4148 2802 (Num.

2521 2828 2602 2897 x).
2637 2825 2872 2894 Propter
2903 2831 3127 2895 peccata
3153 2822 3368 2879 scilicet
3396 2821 3605 2892 populi,
3634 2823 3779 2892 quod
3809 2831 3868 2878 et
3892 2824 4008 2893 ipse
4028 2822 4146 2890 jam

2528 2917 2735 2974 fecerat
2781 2932 2979 2973 rursus
3026 2930 3086 2972 se
3123 2916 3309 2972 facere
3352 2930 3516 2986 posse
3553 2913 3770 2980 dillldit,
3824 2926 3992 2987 atque
4024 2917 4152 2973 ideo

2522 3010 2577 3063 in
2610 3007 3059 3080 repromissionis
3086 3016 3291 3062 terram
3319 3007 3573 3062 eumdem
3607 3006 3868 3077 populum
3912 3007 4152 3075 Domino

2523 3101 2852 3172 prohibente
2908 3099 3225 3155 nullatenus
3275 3098 3600 3153 introduxit.
3659 3097 3836 3166 Quam
3895 3099 4152 3156 videlicet

800 3213 926 3270 post
981 3215 1095 3264 me,
1154 3200 1388 3271 abneget
1435 3199 1824 3269 semetipsum,
1877 3206 1934 3253 et
1991 3197 2146 3253 tollat
2193 3212 2414 3253 crucem
2445 3183 2492 3244 C
2525 3193 2884 3256 dubietatem.
2931 3201 2988 3248 et
3034 3189 3450 3262 ipsiusMoysis
3477 3190 3647 3246 verba
3685 3201 3986 3259 testantur,
4020 3207 4151 3248 cum

805 3309 962 3348 suam
1008 3293 1270 3365 quotidie,
1327 3303 1384 3349 et
1432 3303 1698 3364 sequatur
1753 3306 1842 3347 me
1890 3289 2055 3362 (Luc.
2101 3292 2211 3362 rx).
2249 3311 2269 3344 ι
2315 3290 2420 3358 Qui

800 3384 1069 3438 nimirum
1098 3392 1392 3454 sequentes
1430 3384 1725 3440 Dominum
1769 3390 1923 3437 tanto
1967 3382 2150 3437 verius
2196 3397 2422 3437 crucem

809 3473 1028 3538 tollunt,
1076 3484 1286 3546 quanto
1331 3483 1390 3530 et
1437 3474 1541 3544 ipsi
1592 3474 1777 3530 acrius
1816 3473 2158 3544 alniguntur,
2199 3481 2255 3528 et
2291 3487 2422 3543 erga
2462 3495 2465 3499 ·

807 3565 1188 3637 delinquentes
1214 3567 1525 3638 proximos,
1559 3566 1647 3622 vel
1675 3575 1902 3638 egentes
1935 3567 2039 3636 piae
2079 3566 2420 3636 compassio-

809 3655 898 3711 nis
935 3657 1190 3712 incendio
1230 3666 1676 3713 ooncremantur.
1725 3656 1881 3713 Unde
1925 3671 2026 3727 per
2077 3655 2421 3713 Ezechielem

808 3746 1013 3802 dicitur
1040 3765 1053 3802 :
1083 3768 1101 3800 ι
1132 3747 1298 3820 Signa
1329 3747 1484 3804 Thau
1512 3764 1676 3820 super
1697 3747 1906 3804 frontes
1929 3750 2172 3805 virorum
2201 3764 2423 3820 gemen-

807 3837 948 3891 tium
988 3847 1043 3891 et
1085 3838 1386 3895 dolentium
1441 3854 1608 3910 super
1644 3839 1860 3894 cunctis
1894 3838 2420 3904 abominationibus,

809 3941 935 3995 quae
973 3927 1108 3983 fiunt
1155 3929 1210 3984 in
1250 3929 1431 3985 medio
1480 3928 2093 4002 Hierusalem.(Ezeclt.
2127 3928 2240 4000 rx).
2272 3947 2292 3981 ι
2326 3928 2420 3985 Vel

809 4029 966 4074 certe
989 4019 1042 4074 in
1072 4019 1159 4075 his
1186 4019 1471 4085 trecentis,
1502 4020 1596 4090 qui
1630 4019 1784 4076 Thau
1817 4020 2004 4076 littera
2045 4021 2420 4087 continentur,

811 4109 920 4165 hoc
952 4108 1301 4178 exprimitur,
1349 4110 1495 4179 quOd
1543 4108 1750 4165 ferrum
1786 4109 2028 4164 hostium
2058 4109 2242 4174 crucis
2275 4108 2423 4180 ligno

813 4212 1124 4274 superetur.
1183 4202 1242 4257 ln
1295 4203 1490 4258 eodem
1539 4216 1759 4273 quoque
1805 4201 1987 4258 crucis
2047 4201 2331 4273 mysterio,
2369 4209 2425 4256 et

811 4293 1092 4347 Abraham
1144 4293 1482 4363 triumphum
1534 4294 1712 4348 victor
1757 4292 2016 4358 obtinuit,
2055 4293 2149 4363 qui
2178 4292 2425 4364 quinque

812 4399 973 4455 reges
1015 4400 1138 4440 cum
1191 4387 1454 4441 trecentis
1495 4386 1681 4443 decem
1721 4395 1778 4443 et
1816 4395 1944 4442 octo
1970 4386 2279 4443 vernaculis
2323 4387 2424 4443 de-

812 4476 1036 4532 bellavit
1068 4475 1225 4548 (Gen.
1259 4480 1396 4549 xlv).
1431 4477 1622 4536 Crucis
1659 4480 1981 4551 mysterium
2019 4489 2076 4536 et
2117 4479 2209 4535 illa
2257 4480 2312 4534 in
2362 4495 2423 4536 se

815 4568 1004 4624 diluvii
1035 4585 1164 4626 arca
1192 4571 1491 4646 continuit,
1523 4571 1682 4641 cujus
1710 4571 2106 4645 longitudinem
2140 4582 2420 4630 trecento-

814 4675 939 4715 rum
975 4659 1142 4717 fnisse
1172 4664 1481 4718 cubitorum
1511 4663 1794 4734 Scriptura
1828 4663 2021 4720 deﬁnit
2055 4661 2212 4736 (Gen.
2246 4666 2348 4736 vt).

891 4749 1061 4805 Porro
1093 4751 1233 4806 sicut
1262 4750 1373 4807 Noe
1426 4769 1550 4808 cum
1588 4755 1704 4810 suis
1734 4770 1834 4825 per
1871 4771 2070 4825 aquam
2109 4755 2426 4828 lignumque

817 4842 1080 4909 salvatur,
1128 4845 1209 4899 sic
1264 4852 1322 4900 et
1370 4843 1577 4900 Christi
1638 4845 1844 4901 familia
1899 4862 2046 4917 aqua
2093 4847 2338 4903 salvatur
2371 4856 2427 4904 et

817 4932 988 5003 ligno,
1025 4934 1154 4988 dmn
1195 4942 1251 4989 et
1281 4935 1554 5004 baptismo
1581 4936 1774 4992 salutis
1801 4937 2077 5004 abluitur,
2109 4946 2165 4994 et
2194 4938 2429 4996 viviﬁcte

817 5023 1002 5078 crucis
1044 5023 1404 5093 impressione
1441 5027 1722 5097 signatur:
1750 5028 1883 5096 Quae
1919 5030 2175 5087 videlicet
2202 5039 2333 5086 arca
2365 5040 2426 5087 ut

819 5111 879 5166 in
913 5123 1275 5170 sacramento
1330 5114 1537 5173 Christi
1599 5119 1822 5174 humani
1878 5121 2129 5192 corporis
2174 5122 2428 5179 videatur

820 5205 1162 5275 aequiparare
1209 5221 1549 5275 mensuram,
1583 5219 1862 5267 trecentos
1910 5214 2170 5270 habuisse
2213 5215 2430 5272 cubitos

822 5296 882 5350 in
924 5297 1282 5367 longitudine,
1319 5301 1712 5374 quinquaginta
1754 5305 1811 5360 in
1852 5305 2161 5373 latitudine,
2205 5308 2430 5380 triginta

825 5402 958 5442 vero
1017 5390 1072 5444 in
1140 5391 1426 5448 altitudine
1481 5394 1816 5465 perhibetur.
1879 5397 2130 5454 Trecenti
2193 5415 2430 5471 namque

825 5482 1354 5556 quinquagenarium
1396 5505 1683 5546 numerum
1733 5493 1937 5558 sexies,
1975 5503 2026 5548 et
2082 5493 2435 5552 tricenarium

827 5572 886 5628 in
934 5589 992 5630 se
1031 5576 1210 5633 decies
1259 5580 1559 5636 includunt.
1613 5582 1686 5637 Et
1736 5583 1960 5640 humani
2024 5574 2272 5657 corporis
2320 5586 2437 5642 lou-

827 5663 1037 5734 gitudo,
1065 5682 1095 5721 a
1146 5671 1354 5727 vertice
1396 5671 1556 5743 251
1607 5674 1858 5730 videlicet
1909 5692 2083 5747 usque
2127 5679 2197 5733 ad
2246 5679 2432 5749 pedes,

829 5758 1007 5813 sexies
1067 5767 1278 5816 tantum
1335 5763 1500 5820 habet
1551 5780 1716 5835 quam
1777 5766 2038 5835 latitudo,
2094 5784 2217 5839 qua
2275 5777 2358 5825 est
2403 5783 2433 5824 a

2525 3283 2604 3337 ait
2635 3301 2648 3335 :
2680 3302 2698 3334 ‹
2732 3283 2957 3346 Audite,
2991 3281 3227 3338 rebelles
3272 3290 3328 3335 et
3373 3281 3661 3346 increduli,
3695 3297 3826 3336 num
3881 3283 3949 3338 de
3989 3290 4152 3354 petra

2524 3375 2634 3430 hac
2657 3374 2813 3430 vobis
2833 3389 3036 3444 aquam
3077 3373 3382 3444 poterimus
3407 3372 3612 3430 elicere
3642 3392 3663 3426 ι
3689 3373 3714 3428 ‘l
3757 3372 3954 3446 (Ibid.)
4005 3373 4158 3432 Tan-

2524 3482 2690 3538 quam
2721 3467 2976 3535 diceret,
3013 3478 3115 3522 nos
3160 3481 3269 3523 non
3315 3465 3598 3522 valeamus
3639 3469 3786 3537 quod
3835 3483 4002 3539 supra
4047 3468 4154 3524 htt-

2525 3559 2810 3614 manitatis
2831 3559 2980 3614 vires
3005 3567 3110 3621 est.
3139 3557 3346 3621 facere,
3373 3559 3504 3628 quia
3529 3573 3630 3613 vos
3653 3573 3762 3612 non
3788 3560 4152 3630 acquiescitis

2525 3651 2672 3722 quod
2708 3635 3012 3707 humanum
3060 3657 3147 3706 est
3190 3650 3526 3721 adimplere;
3572 3667 3674 3706 nec
3705 3651 3924 3721 signum
3959 3669 4157 3725 possu-

2528 3757 2649 3798 mus
2685 3757 2756 3798 ex
2787 3741 2991 3797 virtute
3030 3739 3339 3797 divinitatis
3367 3740 3683 3811 ostendere,
3713 3744 3840 3813 quia
3877 3759 3974 3799 vos
4003 3761 4148 3799 nun-

2525 3849 2693 3904 quam
2749 3833 3002 3891 desinitis
3051 3831 3166 3889 Deo
3218 3848 3318 3903 per
3372 3833 3690 3890 rebellionis
3742 3837 4151 3892 contumaciam

2525 3926 2824 3983 contraire.
2857 3924 2965 3981 Sed
2995 3933 3154 3995 petra
3179 3924 3294 3991 illa,
3325 3924 3485 3995 juxta
3512 3925 3863 3996 Apostolum,
3897 3926 4155 3984 Christus

2524 4024 2646 4070 erat
2675 4013 2727 4087 (ι
2753 4014 2880 4070 Cor.
2907 4015 2991 4085 x).
3019 4053 3022 4057 η

2600 4107 2832 4163 Accedit
2871 4106 3040 4178 igitur
3074 4104 3226 4177 virga
3255 4103 3325 4160 ad
3351 4103 3588 4172 silicem,
3626 4113 3684 4160 et
3712 4104 4020 4162 haurienda
4051 4121 4152 4179 po-

2528 4200 2670 4272 pulis
2701 4213 2841 4270 aqua
2885 4198 3237 4269 producitur;
3289 4196 3588 4255 adhibetur
3629 4213 3769 4255 crux
3800 4198 4048 4268 Christo,
4095 4209 4155 4256 et

2529 4290 2775 4345 omnium
2821 4288 2991 4345 corda
3039 4288 3384 4344 credentium
3441 4288 3620 4360 gratia
3676 4286 3856 4345 sancti
3912 4289 4159 4360 Spiritus

2530 4379 2854 4451 irrigantur.
2902 4378 3005 4437 Hic
3043 4388 3130 4435 est
3164 4379 3312 4436 enim
3357 4378 3520 4449 lapis,
3554 4381 3622 4436 de
3662 4395 3773 4452 quo
3808 4396 3909 4452 per
3933 4382 4152 4438 Zacha-

2532 4476 2674 4528 riam
2727 4475 2930 4530 dicitur
2977 4491 2990 4527 :
3049 4491 3069 4526 ι
3124 4472 3305 4543 Super
3363 4472 3640 4544 lapidem,
3706 4475 3922 4545 inquit,
3982 4490 4156 4530 unum

2531 4578 2741 4638 septem
2780 4567 2926 4624 oculi
2961 4577 3090 4624 sunt
3134 4564 3324 4640 (ΖαεΙι.
3355 4568 3464 4634 ιιι).
3503 4587 3523 4620 ›
3564 4567 3722 4635 Quod
3766 4569 4026 4625 videlicet
4064 4585 4154 4624 sa-

2534 4671 2875 4718 cramentum
2911 4672 2968 4717 et
3012 4661 3127 4733 ipse
3172 4660 3389 4734 Moyses
3429 4678 3530 4733 per
3560 4663 3812 4734 spiritum
3852 4679 3961 4720 non
4001 4667 4159 4736 igno-

2533 4769 2688 4810 rasse
2725 4754 3096 4825 cognoscitur,
3135 4754 3178 4808 si
3210 4754 3457 4824 ejusdem
3495 4753 3771 4810 subtiliter
3817 4755 3986 4810 verba
4021 4770 4158 4825 pen-

2534 4855 2771 4902 santur:
2808 4865 2828 4899 ‹
2857 4846 3046 4916 Aperi,
3089 4845 3290 4917 inquit,
3335 4844 3589 4911 Domine,
3634 4845 3954 4901 thesaurum
3997 4856 4155 4903 tuum

2535 4938 2744 4995 fontem
2774 4952 2930 5008 aqua:
2975 4938 3134 5004 vivae,
3193 4947 3252 4993 ut
3299 4938 3507 5002 satiati,
3559 4947 3741 4993 cesset
3789 4937 4159 4993 murtnurauu

2532 5046 2726 5087 eorum
2772 5028 2970 5102 (Nunt.
3015 5027 3144 5101 xx).
3181 5048 3200 5081 ι
3249 5028 3441 5100 Neque
3487 5029 3633 5084 enim
3687 5037 3798 5083 tam
3848 5029 4162 5102 magniﬁcis

2535 5132 2700 5194 atque
2729 5121 2929 5178 divinis
2969 5122 3156 5176 verbis
3205 5120 3540 5177 elementum
3586 5121 3932 5178 describeret
3962 5137 4032 5177 ex
4066 5137 4161 5178 ca-

2534 5215 2720 5270 vernis
2745 5213 2999 5271 videlicet
3024 5223 3186 5268 terrte
3214 5213 3517 5285 proﬂuunt,
3553 5229 3618 5270 ac
3654 5214 3916 5285 deinceps
3944 5215 3999 5269 in
4034 5229 4160 5271 suc-

2536 5324 2789 5365 cessuum
2830 5308 3113 5366 cuniculos
3163 5309 3522 5380 egerendum.
3575 5307 3835 5379 Nunquid
3875 5309 4025 5364 enim
4068 5308 4156 5364 di-

2540 5417 2706 5473 gnum
2755 5399 2875 5465 fuit,
2909 5400 3043 5456 viles
3089 5417 3260 5472 aquas
3313 5402 3408 5458 Dei
3462 5401 3742 5472 appellare
3795 5400 4161 5459 thesaurum?

2541 5492 2650 5549 Sed
2680 5492 2778 5548 Dei
2809 5491 3129 5548 thesaurum
3157 5493 3307 5549 illum
3343 5494 3537 5564 procul
3573 5495 3742 5550 dubio
3792 5495 4061 5560 nominat,
4090 5494 4160 5550 de

2540 5598 2650 5654 quo
2700 5581 2996 5652 Apostolus
3052 5581 3186 5638 dicit
3226 5601 3238 5637 :
3273 5582 3412 5652 Quia
3463 5585 3517 5639 ia
3546 5595 3798 5656 -pectore
3848 5583 3977 5641 Iesu
4031 5593 4163 5640 sunt

2539 5689 2734 5730 omnes
2762 5673 3010 5729 thesauri
3045 5675 3330 5746 sapientite
3346 5684 3403 5732 et
3421 5677 3666 5734 scientia:
3688 5676 3997 5734 absconditi
4016 5675 4160 5748 (Col.

2539 5768 2635 5842 ιι).
2697 5767 2924 5826 Fontem
2979 5769 3149 5826 etiam
3187 5785 3344 5840 aquae
3384 5771 3523 5828 viva:
3570 5771 3723 5827 illum
3769 5772 4046 5844 perhibet,
4093 5769 4166 5827 de
