5450 6408
2027 416 2122 470 771

2593 413 2650 469 5.
2698 412 2897 466 PETRI
2932 410 3215 466 DAXIANI
3252 411 3400 467 OPP.
3459 409 3639 466 PARS
3677 411 3808 468 SEU
3852 412 4084 471 TOMUS
4119 412 4181 468 ιι.
4217 443 4285 454 —
4325 411 4712 475 δειιιιυκεδ.

5198 414 5302 469 ττι

2024 547 2133 602 quo
2162 530 2360 586 dicitur
2394 547 2405 580 :
2445 547 2462 578 ι
2500 525 2599 592 Qui
2634 526 2829 579 biberit
2871 540 3092 593 aquam,
3125 540 3284 593 quam
3329 540 3428 592 ego
3474 523 3612 576 dabo
3644 533 3687 589 Α
3719 524 3875 588 uelo,
3909 535 3962 577 ut
4004 540 4187 578 revera
4220 524 4302 579 sui
4331 525 4535 580 fructus
4567 525 4855 594 primitias.
4887 523 5090 587 intulit.
5125 535 5181 579 et
5209 540 5306 593 per

2024 623 2096 688 el,
2126 620 2218 676 fiet
2251 621 2302 674 in
2354 633 2420 670 eo
2455 617 2574 670 fons
2612 631 2767 684 aqua:
2797 614 3041 669 salientis
3076 616 3127 667 in
3164 617 3324 667 vitam
3356 625 3611 666 teternam

2025 711 2203 778 (Joan.
2237 709 2331 778 tv).
2370 728 2386 760 ι
2425 707 2672 775 Alioquin
2711 722 2814 773 qua
2850 707 3076 759 rationis
3115 704 3500 773 consequentia
3533 704 3611 756 di-

2022 813 2168 858 ceret
2206 820 2217 854 :
2265 824 2280 850 ο
2335 812 2388 854 ιιι
2431 800 2643 860 satiati,
2679 797 2842 867 252
2883 806 3058 850 cesset
3096 795 3454 849 murmuratio
3514 808 3603 846 eo-

2024 891 2184 945 rum?
2231 910 2247 941 ι
2300 905 2421 944 cum
2489 887 2830 956 postmodum
2883 887 3022 939 idem
3085 883 3314 952 populus
3369 898 3610 936 murmu-

2023 997 2170 1043 rans.
2209 982 2348 1034 dicat
2390 996 2405 1034 :
2449 980 2561 1032 Cur
2589 978 2821 1030 eduxisti
2856 992 2953 1029 nos
2982 975 3044 1028 de
3092 974 3348 1043 Egyptti,
3399 984 3457 1025 nt
3495 988 3606 1026 mo-

2020 1086 2266 1126 rercmur
2291 1071 2342 1123 in
2369 1067 2698 1122 solitudine?
2728 1063 2918 1135 (Num.
2949 1067 3059 1134 xxi)
3093 1064 3251 1116 Deest
3281 1065 3435 1133 panis
3459 1103 3471 1124 .
3502 1078 3606 1115 non

2019 1173 2140 1219 sunt
2173 1178 2347 1232 aquae,
2384 1172 2440 1216 et
2468 1161 2572 1214 alia
2617 1160 2780 1213 multa
2827 1175 2948 1228 quae
2986 1159 3291 1228 prodigiosa
3335 1159 3602 1210 dementia

2017 1254 2379 1307 tumultuatus
2399 1250 2656 1304 evomuit.
2686 1249 2791 1302 Sed
2834 1248 3056 1302 affectus
3079 1249 3237 1300 talio
3261 1247 3467 1316 Moyses
3499 1257 3603 1298 tam

2017 1345 2183 1404 durae.
2247 1358 2311 1399 ac
2362 1342 2632 1396 seditiosa:
2681 1340 3066 1401 multitudinis,
3116 1339 3407 1391 adventum
3447 1336 3605 1389 anxie

2015 1437 2220 1506 flagitat
2249 1434 2569 1489 Salvatoris.
2605 1432 2757 1487 Sicut
2785 1441 2838 1485 et
2868 1442 2995 1484 tunc
3022 1431 3274 1499 petierat,
3309 1445 3431 1482 cum
3467 1429 3605 1481 dice-

2011 1525 2146 1580 bat:
2179 1545 2197 1577 ι
2232 1525 2494 1587 Obsecro.
2538 1523 2785 1584 Domine.
2830 1521 2982 1574 mitte
3025 1536 3184 1589 quem
3236 1520 3504 1572 missurus
3546 1533 3603 1571 es

2011 1615 2206 1687 (Exod.
2239 1618 2333 1687 iv).
2369 1637 2387 1669 ι
2416 1616 2568 1683 Quod
2601 1625 2781 1670 autem
2814 1623 3022 1683 petram
3052 1631 3157 1667 non
3185 1614 3452 1667 credendo
3481 1630 3601 1682 per-

2008 1709 2199 1770 cussit,
2233 1716 2397 1776 atque
2427 1705 2546 1759 ideo
2573 1706 2639 1758 ad
2672 1706 2992 1772 promissam
3031 1713 3230 1756 terram
3261 1719 3383 1755 cum
3407 1703 3601 1768 populo

2010 1813 2114 1852 non
2165 1800 2446 1868 pervenit,
2507 1796 2763 1866 populum
2808 1790 3079 1862 signiﬁcat
3123 1792 3463 1855 Iudaeorum,
3510 1793 3597 1859 qui

3719 615 3858 668 hunc
3889 615 4117 683 paradisi
4163 616 4376 684 januas.
4426 632 4560 685 quas
4595 617 4850 684 deinceps
4899 615 5056 670 elr-cti
5110 631 5304 670 omnes

3713 707 4063 766 scanderent,
4097 707 4382 773 patefecit?
4411 707 4697 761 Enimvero
4727 709 5011 761 cherubim
5051 709 5168 769 ille.
5209 707 5302 776 qui

3715 799 4023 864 romplieam
4057 797 4386 851 exelusionis
4420 809 4724 868 acceperat.
4762 800 5103 869 signaculum
5149 800 5202 852 in
5239 814 5305 854 eo

3712 888 3890 938 crucis
3920 887 4143 954 aspexit.
4175 889 4258 940 cui
4287 903 4345 942 se
4369 903 4708 958 nequaquam
4732 890 5106 943 contradictor
5133 904 5306 957 oppo-

3711 982 3838 1044 suit;
3868 997 3964 1035 nec
3992 983 4108 1051 ejus
4138 984 4316 1036 crucis
4359 993 4523 1046 certe,
4559 998 4718 1052 quam
4753 981 4996 1052 pertulit.
5022 982 5122 1036 sed
5157 982 5306 1036 illius

3707 1072 3906 1140 potius.
3953 1072 4108 1139 cujus
4158 1074 4473 1141 mysterium
4517 1073 4766 1136 credidit,
4809 1073 4863 1125 in
4903 1073 5062 1143 cujus
5097 1073 5306 1126 virtute

3707 1164 3962 1229 speravit.
3983 1165 4165 1217 dicens
4188 1181 4200 1215 :
4226 1164 4383 1234 353
4413 1184 4429 1214 ι
4456 1164 4720 1219 Memento
4742 1166 4866 1228 mei.
4892 1164 5148 1226 Domine.
5174 1165 5305 1218 dum

3706 1255 3920 1306 veneris
3969 1255 4017 1307 in
4071 1271 4292 1324 regnum
4340 1266 4487 1308 tuum
4526 1253 4677 1324 (Luc.
4713 1257 4871 1324 xxiii)
4924 1274 4940 1305 ι
4979 1255 5046 1309 Et
5094 1271 5130 1309 o
5179 1255 5306 1307 talis

3706 1344 3946 1397 damnati
3987 1345 4122 1398 mira
4171 1344 4426 1398 libertas!
4463 1347 4868 1415 ojustilicautis
4907 1347 4981 1398 tui
5030 1346 5303 1399 immensa

3704 1435 3979 1500 potentia!
4041 1432 4322 1489 Judicatus
4362 1434 4596 1502 judicat.
4639 1446 4695 1490 et
4743 1437 4991 1489 addictus
5043 1436 5300 1497 crimini.

3703 1525 3906 1576 crimen
3936 1542 4000 1578 ex
4027 1535 4292 1594 potestate
4322 1529 4546 1580 relaxat.
4579 1528 4939 1597 Ipsam‘porro
4965 1542 5215 1588 crucem.
5251 1529 5301 1580 in

3701 1630 3804 1682 qua
3837 1617 4054 1684 pendet,
4085 1627 4138 1669 et
4186 1620 4581 1686 quodammodo
4626 1620 4880 1673 dictantis
4929 1635 5186 1674 censum:
5218 1635 5305 1673 so-

3704 1706 3832 1758 lium
3887 1709 4034 1770 facit.
4098 1720 4152 1762 et
4204 1711 4346 1763 inter
4405 1711 4666 1765 latronem
4719 1721 4773 1766 et
4820 1712 5114 1776 latronem,
5157 1713 5307 1766 velut

3699 1795 3809 1863 jam
3848 1799 3986 1851 inter
4013 1816 4179 1869 agnos
4209 1809 4262 1855 et
4307 1802 4506 1863 hedos.
4543 1805 4812 1872 aequitatis
4849 1803 4973 1871 jura
5006 1805 5301 1858 discernit.

2008 1888 2252 1958 profecto
2281 1887 2558 1941 Christum
2607 1885 2699 1938 Dei
2739 1886 2992 1936 virtutem
3032 1898 3153 1937 esse
3198 1898 3303 1936 non
3349 1883 3593 1939 credens.
3632 1877 3674 1935 Β
3707 1889 3923 1939 Dixerat
3950 1889 4206 1941 Dominus
4242 1908 4251 1940 :
4294 1910 4311 1941 ι
4351 1893 4461 1961 Ego
4491 1894 4534 1946 si
4567 1894 4835 1949 exaltatus
4873 1896 5025 1949 fuero
5063 1911 5095 1948 a
5130 1907 5301 1956 terra.

2009 1981 2064 2034 in
2108 1980 2252 2049 ligno
2293 1979 2606 2047 suspendit.
2654 1987 2815 2045 atque
2858 1975 2979 2029 ideo
3026 1976 3078 2028 in
3121 1984 3265 2028 terra
3303 1973 3596 2027 viventium

2010 2071 2213 2126 intrare
2241 2084 2344 2122 non
2379 2069 2596 2122 meruit.

2079 2161 2186 2216 Sed
2213 2177 2322 2231 quo
2361 2171 2522 2229 pacto
2548 2169 2820 2212 tentamus
2845 2173 2908 2212 ea
2942 2173 3060 2224 qua:
3091 2156 3142 2208 in
3172 2156 3370 2209 divinis
3404 2154 3599 2206 litteris

2009 2254 2358 2308 continentur
2379 2253 2560 2307 crucis
2597 2252 2649 2304 in
2687 2267 2851 2302 unum
2893 2250 3140 2318 exempla
3182 2249 3451 2316 colligere,
3477 2263 3596 2299 cum

2007 2345 2290 2399 videamus
2324 2358 2540 2398 omnem
2575 2342 2715 2396 sacri
2747 2341 2944 2408 eloquii
2981 2343 3176 2394 seriem
3206 2341 3330 2393 huic
3375 2340 3596 2392 lt'rrilnli

2011 2433 2167 2501 signo
2195 2432 2427 2502 quadam
2461 2431 2687 2498 spiritus
2729 2429 3031 2483 intentione
3080 2427 3325 2481 servire?
3371 2427 3481 2479 lloc
3518 2434 3601 2479 cst

2009 2522 2152 2575 enim
2180 2519 2638 2590 propitiatoriutn,
2687 2521 2832 2588 quod
2862 2520 2970 2571 duo
3014 2519 3296 2572 cherubim
3337 2519 3508 2575 versis
3546 2518 3596 2569 in

2008 2624 2067 2666 se
2095 2610 2325 2664 invicem
2356 2609 2597 2664 vultibus
2640 2610 2929 2680 aspiciunt,
2962 2612 3088 2678 quia
3132 2613 3185 2662 in
3224 2624 3372 2670 eum.
3422 2611 3512 2675 qni
3544 2609 3596 2662 in

2008 2715 2170 2757 cruce
2198 2715 2496 2771 suspensus
2533 2710 2636 2763 est,
2664 2701 2770 2753 duo
2813 2699 3185 2762 Testamenta.
3213 2698 3420 2751 Novum
3453 2697 3598 2750 scili-

2007 2801 2093 2848 cet
2118 2802 2174 2846 et
2202 2791 2390 2855 Vetus.
2437 2791 2782 2846 concorditer
2809 2800 2863 2844 et
2890 2789 3260 2844 indifferenter
3288 2791 3594 2842 intendunt.

2007 2884 2148 2938 Dicit
2179 2883 2322 2936 enim
2351 2880 2589 2935 Joannes
2617 2896 2633 2935 :
2674 2879 2809 2947 Quia
2840 2899 2857 2931 ι
2893 2880 3007 2950 ipse
3035 2890 3118 2935 est
3155 2880 3467 2950 propitiatin
3499 2894 3596 2947 pro

2004 2973 2244 3040 peccatis
2275 2971 2476 3025 nostris
2504 2969 2554 3038 (Ι
2585 2968 2750 3023 Joari.
2782 2972 2863 3038 ιι).
2882 2989 2899 3020 ι
2936 2969 3004 3023 Et
3031 2969 3224 3024 Petrus
3253 2973 3318 3022 de
3347 2967 3598 3024 Patribus

2003 3062 2252 3132 loquens,
2280 3060 2400 3115 ait:
2439 3078 2458 3112 ι
2490 3058 2599 3114 Per
2634 3061 2867 3132 gratiam
2915 3060 3119 3136 Christi
3168 3062 3442 3116 credimus
3492 3061 3597 3114 sal-

1999 3149 2143 3215 vari,
2174 3149 2631 3220 quemadmodum
2669 3158 2726 3204 et
2754 3149 2828 3204 illi
2859 3149 2996 3220 (Act.
3037 3151 3150 3220 xv).
3192 3168 3210 3202 ι
3251 3150 3394 3205 Crux
3432 3151 3595 3220 igitur

2003 3248 2089 3294 est
2115 3240 2404 3294 concordia
2445 3239 2876 3309 Scripturarum.
2907 3250 2961 3295 et
2991 3241 3146 3296 limes
3182 3243 3400 3310 quidam
3432 3251 3595 3311 atque

2005 3329 2331 3387 cannuvium
2376 3339 2620 3384 veterum
2661 3341 2717 3385 et
2755 3347 3040 3386 novorum.
3076 3334 3220 3387 Crux
3254 3333 3497 3388 caelestia
3541 3343 3594 3389 et

2005 3409 2223 3473 terrena
2257 3417 2630 3485 confiederat;
2660 3435 2795 3475 crux
2823 3423 3071 3477 homines
3101 3423 3262 3477 simul
3287 3435 3341 3476 et
3377 3425 3596 3494 angelos

2006 3507 2060 3564 in
2093 3509 2329 3577 antiqua:
2375 3513 2678 3565 concordiae
2731 3515 3090 3567 unanimitate
3130 3513 3408 3569 reformat.
3449 3518 3591 3570 Crux

2009 3599 2244 3667 denique
2275 3614 2422 3652 mors
2456 3610 2539 3653 est
2574 3601 2852 3664 vitiorum,
2881 3613 2936 3654 et
2962 3605 3204 3656 omnium
3241 3604 3362 3658 fons
3391 3619 3454 3658 ac
3488 3607 3594 3657 vita

2007 3690 2290 3742 virtutum.
2345 3688 2489 3742 Crux
2538 3690 2921 3758 insipientibus
2971 3695 3196 3759 semita,
3247 3697 3595 3749 currentibus

2007 3779 2123 3844 via,
2178 3781 2617 3848 pervenientibus
2660 3782 2885 3850 requies
2931 3794 3013 3837 est
3059 3800 3268 3839 secura.
3321 3787 3465 3840 Crux
3513 3795 3595 3840 est

2006 3870 2291 3941 tyronibus
2330 3872 2668 3935 donativum,
2714 3873 3073 3929 militantibus
3119 3877 3306 3941 robur,
3351 3879 3594 3932 emeritis

2007 3959 2383 4026 municipium.
2442 3961 2587 4014 Crux
2639 3971 2721 4014 est
2772 3961 2986 4042 fortiter
3033 3968 3340 4034 agentium,
3399 3969 3592 4028 virtus.

2007 4051 2349 4119 recuperatio
2380 4049 2699 4115 labentium,
2726 4068 2927 4107 corona
2961 4056 3252 4108 victorum.
3281 4058 3426 4110 Crux
3452 4075 3591 4110 niur-

2007 4148 2118 4195 tem
2166 4143 2364 4212 ingerit
2413 4155 2892 4211 mumentaneain,
2947 4158 3004 4203 et
3059 4150 3225 4202 vitam
3279 4164 3596 4221 compensat

2007 4241 2292 4288 ctemain.
2321 4235 2464 4288 Crux
2492 4251 2590 4288 nos
2615 4239 2846 4292 terrenis
2875 4240 3162 4308 exspoliat,
3197 4251 3253 4294 ut
3282 4243 3595 4297 cmlestibus

2004 4326 2166 4390 ditet;
2197 4326 2408 4381 esurire
2435 4328 2617 4391 docet,
2642 4338 2700 4381 ut
2728 4331 2908 4394 saliet;
2943 4333 3299 4387 humilitatem
3329 4335 3592 4404 praecipit,

2005 4427 2066 4472 ut
2101 4418 2341 4481 exultet;
2391 4419 2708 4486 patientiam
2758 4423 3000 4485 adhibet,
3041 4433 3101 4475 ut
3145 4434 3387 4478 coronet.
3447 4426 3592 4480 Crux

2007 4517 2088 4562 est
2119 4509 2173 4560 in
2208 4508 2427 4561 Christo
2479 4509 2785 4562 viventibus
2831 4512 3035 4580 regula,
3075 4529 3329 4582 expressa
3373 4514 3593 4581 justitiie

3702 1982 3879 2032 omnia
3908 1982 4115 2032 traham
4146 1983 4211 2034 ad
4238 1984 4501 2053 meipsum
4529 1985 4709 2054 (lauri.
4749 1987 4866 2056 ιιι).
4903 2007 4920 2037 ι

3777 2073 3975 2123 Eorum
4008 2073 4205 2140 itaque.
4237 2077 4324 2142 qui
4360 2075 4607 2130 trahendi
4631 2089 4805 2139 erant.
4860 2078 5001 2133 latro
5053 2081 5299 2149 pravius

3703 2162 3819 2224 fuit.
3858 2164 3940 2214 cui
3976 2179 4096 2215 mox
4128 2165 4289 2218 dicit:
4326 2183 4343 2216 ι
4377 2165 4544 2221 llodie
4575 2183 4782 2222 mecum
4815 2170 4924 2223 eris
4951 2171 5004 2223 in
5037 2173 5304 2240 paradiso

3703 2250 3864 2316 (Luc.
3902 2255 4091 2322 xxiii).
4133 2273 4149 2304 ι
4181 2254 4349 2319 Quem
4373 2271 4502 2325 ergo
4553 2259 4618 2313 de
4649 2271 4921 2327 perpetua:
4973 2263 5176 2315 mortis
5225 2264 5302 2314 la-

3703 2359 3842 2413 queo
3874 2346 4105 2413 primum
4140 2349 4320 2411 traxit,
4356 2349 4499 2402 hunc
4529 2352 4595 2403 ad
4621 2353 4784 2404 vitam
4814 2354 5073 2420 primitus
5122 2356 5298 2408 intro-

3701 2437 3872 2488 duxit.
3907 2435 4009 2490 Per
4032 2455 4247 2490 crucem
4281 2441 4462 2509 igitur,
4488 2442 4594 2494 imo
4622 2458 4718 2511 per
4740 2459 4885 2508 eum,
4917 2445 5006 2512 qui
5032 2449 5300 2514 suspendi

3703 2526 3754 2577 in
3796 2540 3957 2579 cruce
3986 2525 4239 2597 dignatus
4269 2539 4370 2590 est.
4395 2530 4574 2583 omnia
4600 2543 4725 2585 sunt
4755 2533 5086 2598 instaurata,
5111 2537 5298 2588 omnia

3701 2613 4009 2678 benedicta.
4038 2618 4222 2671 omnia
4253 2619 4494 2674 cmlestis
4516 2622 4705 2691 gratia:
4736 2639 4857 2678 rore
4878 2624 5124 2692 perfusa.
5153 2625 5302 2681 Pra-

3701 2706 3889 2757 sertim
3921 2706 4154 2760 humana
4191 2724 4358 2769 mens,
4392 2724 4512 2778 qua
4539 2713 4740 2766 sterilis
4767 2724 4905 2778 erat,
4937 2730 5150 2779 amara,
5215 2727 5299 2769 at-

3701 2811 3807 2864 que
3854 2797 4109 2865 insipida.
4162 2801 4228 2851 ad
4285 2799 4586 2856 Salvatoris
4629 2803 4921 2858 adventum
4973 2804 5200 2871 fertilis,
5245 2819 5302 2862 et

3703 2883 3874 2936 dulcis
3916 2883 4126 2946 enecta.
4183 2887 4379 2942 divinae
4442 2888 4662 2958 insuper
4709 2901 4794 2945 est
4840 2892 5125 2961 sapientia
5177 2896 5300 2950 sale

3703 2973 3936 3027 condita.
3967 2973 4118 3040 Quod
4147 2977 4402 3031 n'mirum
4439 2980 4570 3034 satis
4591 2994 4845 3051 expresse
4876 2983 5131 3054 ﬁguravit
5160 2986 5298 3041 illud

3702 3063 3860 3117 Elisei
3894 3067 4173 3134 propheta:
4203 3068 4545 3123 miraculum.
4580 3071 4714 3125 Nam
4751 3088 4873 3127 cum
4921 3075 5025 3128 viri
5065 3074 5299 3132 Jerichn

3700 3154 3801 3206 sibi
3833 3169 4317 3224 coitqucrerentur.
4364 3163 4506 3229 quod
4533 3176 4685 3232 aqua:
4715 3174 4899 3219 essent
4955 3168 5212 3236 pessima:
5244 3181 5301 3223 et

3623 3228 3668 3288 C
3702 3254 3847 3299 terra
3867 3247 4101 3301 sterilis:
4149 3268 4167 3300 ι
4201 3228 4426 3313 Afferte.
4462 3228 4656 3323 inquit.
4685 3257 4814 3310 mihi
4852 3228 5205 3323 vas-novum,
5239 3273 5296 3316 et

3701 3336 3895 3390 mittite
3924 3337 3974 3390 in
4009 3337 4137 3391 illud
4167 3339 4246 3394 sal
4275 3340 4391 3410 (IV
4426 3341 4551 3413 Reg.
4601 3347 4698 3417 ιι).
4734 3366 4752 3398 ι
4790 3347 4995 3404 Deinde
5020 3364 5294 3420 aquarum

3699 3424 3831 3480 fonti
3853 3428 3932 3481 sal
3969 3428 4094 3482 illud
4119 3431 4402 3494 immersit,
4429 3435 4616 3504 sicque
4641 3452 4808 3507 aquas
4833 3440 4901 3492 ab
4928 3441 5074 3495 omni
5115 3453 5297 3498 morte

3700 3528 3753 3572 et
3778 3521 4064 3577 sterilitate
4093 3527 4324 3578 sanavit.
4349 3526 4500 3592 Quot
4527 3529 4806 3595 nimirum.
4841 3542 4898 3586 ut
4933 3541 5106 3588 totum
5139 3537 5293 3591 brevi

3701 3625 3952 3666 sermo;.c
3976 3614 4315 3680 concludam,
4373 3619 4504 3670 nihil
4535 3619 4678 3674 aliud
4706 3622 4964 3687 insinuat,
5013 3626 5119 3678 nisi
5148 3633 5294 3695 qqu

3701 3699 3938 3755 Verbum
3965 3718 4093 3757 caro
4123 3704 4296 3768 ﬂeret.
4323 3716 4378 3760 et
4401 3709 4671 3764 habitaret
4702 3711 4753 3765 in
4778 3713 4953 3767 nobis.
4978 3713 5121 3781 Quid
5146 3719 5296 3770 enim

3697 3807 3727 3843 a
3752 3808 3870 3857 με,
3902 3794 4004 3847 nisi
4045 3795 4301 3850 mundani
4331 3808 4456 3851 sunt
4480 3801 4698 3867 populi?
4745 3801 4884 3868 Quid
4921 3820 5016 3859 vas
5061 3822 5291 3872 novum.

3698 3885 3799 3937 nisx
3833 3900 4030 3954 corpus
4070 3887 4432 3951 Domimcum.
4472 3890 4616 3944 nulla
4648 3893 4858 3948 scilicet
4881 3899 5293 3962 prevaricatio-

3700 3973 3783 4025 nis
3829 3979 4068 4044 antiqua:
4122 3977 4242 4030 labe
4296 3974 4586 4047 nigratuni.
4622 3982 4764 4036 nulla
4817 3987 5020 4039 veteris
5053 3988 5296 4043 hominis

3700 4063 3962 4119 abusione
4011 4067 4307 4121 detritum?
4353 4067 4494 4135 Quid
4525 4085 4689 4140 porro
4733 4074 4834 4138 sal.
4890 4078 4993 4132 nisi
5048 4081 5297 4136 cmlestis

3698 4156 3998 4225 sapientia?

3769 4247 4046 4316 Sapientia
4074 4250 4238 4317 igitur
4264 4250 4443 4308 Patris
4467 4255 4519 4308 in
4548 4269 4746 4324 corpus
4778 4255 5065 4314 descendit
5095 4262 5295 4318 huma-

3697 4355 3850 4403 num,
3891 4353 3945 4394 et
3984 4343 4063 4396 sic
4093 4344 4158 4395 ad
4202 4343 4535 4400 fertilitatem
4591 4357 4645 4401 et
4688 4348 4869 4401 vitalis
4914 4351 5296 4423 intelligentiz

3697 4434 4035 4486 dulcedinem
4061 4436 4300 4489 omnium
4331 4441 4598 4494 convertit
4627 4439 4865 4495 fidelium
4891 4454 5122 4500 mentes.
5163 4448 5297 4513 Qua:

3700 4523 3952 4576 nimirum
3980 4525 4202 4578 dulcedo
4235 4528 4415 4580 tandiu
4433 4529 4607 4594 latuit,
4638 4546 4808 4598 usque
4828 4531 4953 4584 dum
4977 4535 5294 4606 salmerge-

2008 4614 2220 4661 norma,
2249 4613 2312 4652 ac
2341 4599 2594 4653 omnibus
2625 4601 2810 4669 probis
2840 4603 3082 4658 moribus
3111 4606 3418 4675 disciplina.
3448 4605 3592 4662 Crux
3627 4599 3672 4654 D
3703 4625 3848 4665 retur
3880 4613 3930 4665 in
3963 4627 4179 4682 aquam,
4212 4617 4261 4670 id
4287 4627 4388 4680 est.
4424 4635 4595 4690 usque
4640 4621 4765 4675 dum
4796 4623 4886 4677 ille
4921 4599 5296 4693 penderet'in

2010 4689 2279 4741 diabolum
2323 4699 2513 4753 terret,
2558 4699 2618 4743 nt
2647 4689 2900 4759 eﬂ'ugiat;
2934 4695 3174 4762 angelos.
3207 4706 3265 4750 ut
3291 4699 3356 4750 ad
3385 4713 3483 4752 nos
3514 4702 3595 4752 in-

2006 4781 2344 4848 grediantur,
2385 4780 2607 4846 invitat;
2651 4783 3037 4852 cogitationum
3083 4789 3462 4856 phantasmata
3507 4807 3591 4844 re-

2007 4870 2216 4938 primit.
2257 4881 2312 4923 et
2357 4870 2619 4940 Spiritum
2660 4885 2905 4928 sanctum
2943 4880 3131 4942 castis,
3165 4897 3228 4933 ac
3261 4883 3475 4934 mundis
3502 4897 3596 4951 pe-

2006 4960 2246 5014 ctoribus
2294 4959 2610 5016 introducit.
2671 4963 2818 5020 Crux
2872 4967 3102 5037 denique
3145 4970 3316 5026 lassos
3360 4985 3590 5037 recreat.

2009 5049 2254 5105 infirmos
2301 5052 2546 5115 roborat.
2595 5061 2650 5108 et
2711 5055 2998 5111 titubantia
3047 5061 3346 5129 desperata:
3394 5067 3592 5118 mentis

2009 5147 2204 5188 arcana
2235 5134 2524 5190 wnfortat.

2081 5223 2149 5276 Et
2179 5222 2309 5291 quid
2351 5225 2580 5295 amplius
2617 5227 2832 5282 dicam?
2873 5229 3316 5304 Quandoquidem
3353 5253 3448 5307 per
3473 5254 3594 5293 cru-

2009 5327 2124 5368 cem
2158 5313 2275 5368 Rex
2318 5314 2500 5384 gloriae
2539 5327 2594 5372 et
2637 5335 2736 5375 nos
2773 5322 2840 5375 de
2865 5331 3056 5378 catena
3087 5327 3297 5382 cruenti
3325 5331 3596 5398 praedonis

2008 5405 2239 5475 eripuit"
2264 5415 2320 5459 et
2353 5415 2582 5463 tartarea
2615 5410 2850 5468 claustra
2880 5415 3146 5472 violentus
3175 5435 3432 5488 pervasor
3456 5425 3596 5479 irru-

2009 5496 2104 5563 pit.
2157 5495 2360 5550 Omnes
2411 5497 2632 5569 insuper
2685 5503 2888 5560 electos
2947 5508 3014 5562 de
3075 5511 3303 5567 vinculis
3359 5516 3594 5586 antiqua:

2010 5583 2379 5641 damnationis
2407 5588 2663 5658 absolvit,
2700 5610 2838 5664 quos
2864 5599 3028 5654 etiam
3059 5616 3242 5657 secum
3277 5620 3372 5674 per
3409 5583 3592 5662 resur-

2011 5673 2269 5730 rectionis
2298 5678 2528 5745 gloriam
2550 5686 2850 5743 suscitavit.
2875 5688 3035 5760 Quid,
3066 5673 3304 5766 inquam,
3332 5699 3402 5753 de
3421 5701 3592 5757 beata:

2017 5764 2191 5817 crucis
2237 5769 2513 5833 praeconio
2553 5769 2828 5832 referam?
2878 5793 3000 5838 cum
3047 5794 3104 5840 et
3139 5764 3276 5858 ipsa
3326 5789 3588 5846 latronem

3700 4719 3881 4765 cruce.
3920 4707 4010 4773 qui
4039 4708 4204 4762 dixit:
4263 4730 4280 4761 ι
4311 4710 4531 4767 Salvum
4561 4729 4644 4767 me
4678 4714 4782 4774 fac.
4817 4715 4979 4780 Deus.
5027 4724 5296 4788 quoniam

3701 4794 4024 4848 introierunt
4086 4814 4240 4868 aqua:
4292 4816 4463 4870 usque
4512 4804 4577 4856 ad
4612 4806 4849 4859 animam
4882 4815 5061 4861 meam
5096 4809 5294 4879 (Paci.

3699 4889 3918 4952 vatu).
3957 4906 3974 4936 ι
4011 4888 4084 4941 Ex
4119 4899 4246 4945 tunc
4291 4894 4438 4947 enim
4489 4896 4650 4950 homo
4695 4899 4882 4953 didicit
4907 4900 5037 4969 quid
5066 4904 5297 4960 deberet

3698 4989 3968 5045 appetere.
3998 4983 4124 5048 quid
4157 4985 4329 5039 vitare

3765 5070 3998 5137 Interea,
4022 5075 4218 5130 fratres
4241 5078 4368 5142 mei.
4395 5095 4502 5135 non
4528 5096 4623 5136 vos
4648 5084 4828 5154 pigeat
4854 5086 4921 5141 de
4941 5100 5295 5146 sacramento

3696 5161 3991 5218 Dominicze
4022 5167 4311 5235 passionis.
4359 5171 4442 5224 vel
4489 5172 4886 5231 incarnationis
4913 5178 5124 5248 aliquid
5162 5185 5293 5237 sub-

3701 5255 3794 5308 tile
3822 5271 4170 5324 cognoscere.
4192 5270 4247 5314 et
4277 5262 4516 5318 breviter
4538 5267 4741 5322 dictum
4773 5270 4981 5325 arctius
5010 5279 5294 5329 memoria:

3699 5347 4095 5401 commendare.
4156 5348 4260 5405 Sex
4312 5368 4505 5425 nempe
4555 5357 4746 5412 diebus
4769 5361 5118 5430 omnipotens
5152 5365 5293 5420 Deus

3700 5439 3880 5492 omnia
3905 5454 4000 5494 sua
4031 5455 4196 5511 Opera
4225 5444 4485 5510 condidit.
4518 5458 4571 5502 et
4601 5460 4756 5506 sexto
4785 5452 4875 5508 die
4909 5452 5196 5511 hominem
5228 5460 5289 5511 ad

3700 5540 3854 5580 suam
3911 5530 4218 5600 imaginem,
4272 5537 4792 5611 similitudinemque
4824 5541 5080 5599 formavit
5125 5545 5289 5617 (Cen.

3699 5633 3736 5678 ι.
3772 5619 3867 5690 ιι).
3913 5621 4077 5676 Sexta
4100 5640 4314 5696 quoque
4346 5639 4505 5683 atate
4553 5633 4737 5687 seculi
4769 5633 4942 5689 Filius
4975 5638 5068 5693 Dei
5113 5640 5289 5694 factus

3695 5719 3776 5764 est
3804 5711 3970 5768 Filius
3999 5717 4254 5779 hominis.
4303 5731 4362 5776 ut
4407 5738 4505 5776 nos
4527 5723 4852 5783 reformaret
4875 5730 4942 5782 ad
4996 5731 5285 5804 imaginem

3700 5799 3814 5855 Dci.
3846 5802 4010 5858 Sexta
4042 5807 4258 5878 insuper
4288 5809 4421 5867 feria
4451 5813 4562 5884 ipse
4589 5815 4852 5873 Dominus
4872 5835 5069 5888 passus
5101 5799 5207 5886 est.
5234 5833 5282 5877 ιιι
