5450 6342
769 369 872 426 ’175

2197 336 2436 398 8ΕΒΜΟ
2476 333 2710 392 XLVIII.

3979 321 4087 378 ἐἴη

764 496 824 539 ea
848 476 1102 534 nimirum
1133 471 1222 528 die
1269 469 1434 526 homo
1456 464 1614 521 ﬂeret
1661 459 1779 528 eius
1817 465 1996 514 morte
2022 455 2360 525 redemptus,
2393 459 2438 518 Α
2469 448 2817 512 aedificatum,
2839 458 2963 500 eum
2990 441 3180 512 etipse
3211 439 3483 539 senarius,
3545 436 3691 539 sicut
3721 449 3809 524 .ex
3839 434 4084 539 ternario

764 585 868 642 quo
894 567 1093 623 dudum
1122 562 1303 617 fuerat
1331 557 1502 629 ipsius
1533 553 1856 624 operatione
1901 547 2229 642 plasmatns.

764 636 880 718 dem
909 675 1073 732 porro
1102 657 1189 711 die
1211 654 1277 708 de
1302 661 1452 707 costa
1477 649 1579 703 viri
1605 645 1839 700 formata
1875 652 1960 698 est
1981 641 2133 732 Eva,
2163 651 2296 732 qut:
2297 636 2365 689 de

762 724 930 806 latere
976 745 1182 804 Christi
1215 758 1312 814 per
1340 755 1539 811 aquam
1583 745 1636 790 et
1690 733 2010 802 sanguinem
2046 728 2218 783 exivit
2256 724 2362 778 Ec-

796 841 942 894 lesia.

796 855 810 894 l
875 855 942 894 ta.

762 855 792 896 ε
813 855 1124 984 ccideamus
1151 923 1336 992 itaque
1364 917 1639 991 quomodo
1661 930 1760 988 per
1781 913 2032 968 eumdem
2082 905 2364 964 senarium

763 1035 1047 1078 numerum
1074 1015 1346 1072 Dominisi
1372 1010 1623 1082 corporis
1659 1007 1918 1076 templum
1950 1003 2149 1060 divina:
2181 1002 2366 1073 provi-

765 1112 958 1168 dentia:
983 1111 1056 1166 sit
1100 1118 1218 1163 arte
1272 1112 1671 1161 constructum.
1719 1098 2006 1168 Templum
2051 1109 2184 1151 sane
2234 1093 2366 1148 illud

765 1201 1102 1261 Hierusalem
1132 1214 1228 1270 per
1270 1195 1629 1266 quadraginta
1669 1200 1725 1246 et
1759 1205 1853 1244 sex
1884 1203 2151 1241 annorum
2184 1184 2366 1239 curri-

765 1293 884 1348 cula
907 1293 1088 1346 fuerat
1114 1288 1465 1349 fabricatum;
1498 1285 1640 1337 unde
1665 1290 1721 1335 et
1742 1297 1770 1332 a
1804 1277 2007 1333 Jndaais
2031 1276 2260 1331 Domino
2285 1274 2367 1329 di-

765 1382 937 1436 citur:
969 1399 987 1431 ι
1025 1377 1397 1448 Quadraginta
1438 1383 1491 1429 et
1521 1369 1687 1443 254
1715 1385 1808 1424 sex
1840 1367 1998 1420 annis
2038 1360 2366 1428 indiiicatuyn

764 1482 848 1529 est
877 1473 1137 1543 templum
1169 1471 1294 1533 hoc,
1320 1477 1377 1522 et
1423 1476 1478 1522 tu
1509 1468 1561 1524 in
1595 1465 1775 1518 triduo
1809 1457 2108 1514 reaedilicas
2147 1455 2320 1509 illud?
2343 1473 2363 1508 ι

765 1562 960 1634 (Joan.
989 1562 1145 1631 vttt.)
1187 1559 1288 1626 Qui
1329 1557 1581 1614 videlicet
1612 1568 1872 1608 numerus
1899 1550 1944 1604 si
1969 1564 2065 1618 per
2090 1548 2378 1634 senarium

767 1631 999 1718 ducitur,
1033 1665 1197 1708 omne
1229 1659 1464 1720 tempus,
1497 1661 1604 1718 quo
1637 1645 1898 1698 Dominus
1927 1642 1979 1695 in
2015 1640 2210 1694 matris
2250 1631 2370 1692 ule-

769 1758 829 1798 ro
858 1743 1078 1808 mansit,
1145 1739 1420 1811 impletur.
1475 1736 1612 1792 Nam
1643 1733 1973 1806 quadragies
2018 1731 2200 1785 sexies
2229 1728 2368 1792 seni,

2468 542 2694 605 crescit,
2726 540 2800 594 ita
2828 535 3184 593 nihilominus
3220 542 3278 590 et
3308 533 3360 588 in
3414 517 3729 586 ternarium.
3750 524 4080 582 resolvatur.

2473 632 2623 689 Unus
2653 632 2821 696 enim,
2851 637 2909 684 et
2937 627 3070 694 duo,
3101 623 3321 689 et'tres,
3368 638 3463 678 sex
3525 621 3696 676 ﬁunt:
3724 629 3778 675 et
3801 618 4086 688 reciproco

2469 722 2754 777 dimidium
2784 718 2988 774 senarii
3039 725 3155 772 tres
3199 723 3356 779 sunt,
3395 713 3554 767 tertia
3590 726 3718 782 pars
3769 711 3900 775 duo,
3930 717 4087 764 sexta

2473 829 2660 868 unum.
2715 811 2817 879 Qui
2870 808 3122 865 videlicet
3155 821 3419 862 numerus
3454 804 3664 861 idcirco
3696 801 3975 873 perfectus
4005 801 4092 855 di-

2470 905 2634 966 citur,
2661 903 2789 973 quia
2821 902 2903 957 sic
2929 916 2998 956 ex
3039 899 3157 955 suis
3203 897 3456 968 partibus
3482 903 3720 952 constat.
3768 894 3891 952 Uio
3933 895 4095 966 plane

2472 995 2560 1050 die
2586 995 2822 1065 integro,
2848 1002 2904 1048 et
2928 992 3141 1047 duabus
3173 990 3428 1046 noctibus
3463 989 3514 1043 in
3537 986 3794 1058 sepulcro
3827 987 4095 1043 Dominus

2466 1085 2670 1156 iacuit;
2702 1084 2828 1154 quia
2873 1098 2980 1137 una
3005 1082 3088 1138 sui
3115 1080 3366 1150 corporis
3410 1088 3588 1134 morte
3632 1094 3665 1134 a
3711 1077 3924 1133 duabus
3971 1092 4092 1144 nos,

2473 1176 2671 1231 animae
2698 1174 2950 1230 videlicet
2996 1182 3054 1230 et
3082 1173 3331 1242 corporis
3386 1170 3675 1236 mortibus,
3724 1170 3993 1226 liberavit.
4029 1169 4098 1225 Et

2471 1260 2622 1324 recte
2646 1283 2742 1336 per
2769 1266 2913 1322 diem
2947 1282 3096 1322 mors
3127 1265 3345 1320 Domini
3371 1264 3718 1334 designatur,
3752 1277 3858 1331 qua
3893 1277 3993 1318 nos
4025 1261 4094 1316 ad

2473 1357 2654 1412 lucem
2687 1357 3024 1412 reducimur.
3060 1354 3258 1410 Nostra
3306 1365 3494 1409 autem
3527 1368 3678 1408 mors
3718 1363 3953 1422 utraque
3999 1367 4099 1422 per

2477 1457 2720 1512 noctem,
2770 1462 2894 1516 qua:
2940 1447 3203 1501 nimirum
3241 1444 3402 1500 nobis
3443 1460 3511 1498 ex
3563 1451 3792 1512 peccato
3839 1442 4097 1502 debetur.

2476 1538 2672 1598 Totum
2705 1548 2887 1594 autem
2913 1539 3015 1595 hoc
3042 1538 3284 1592 triduum
3313 1538 3366 1591 in
3402 1537 3656 1591 humanae
3678 1536 3874 1592 salutis
3895 1550 4100 1605 expen-

2474 1631 2624 1686 ditur
2651 1630 3063 1686 evidentissime
3103 1638 3534 1684 sacramentum.
3577 1628 3712 1682 Nam
3765 1639 3922 1685 sexta
3957 1628 4098 1687 feria

2475 1721 2641 1794 255
2673 1737 2893 1792 passus,
2921 1721 3166 1778 Sabbato
3195 1721 3249 1776 in
3271 1721 3528 1791 sepulcro
3583 1721 3816 1790 quievit,
3861 1721 3949 1776 die
3989 1720 4101 1778 Do-

767 1838 982 1893 duceuti
1009 1837 1350 1908 septuaginta
1376 1850 1474 1890 sex
1509 1833 1627 1888 dies
1671 1832 1826 1886 fiunt.
1875 1830 1978 1897 Qui
2011 1829 2222 1882 dierum
2271 1842 2374 1880 nu-
2407 1825 2450 1884 Β
2478 1814 2680 1908 minico
2707 1828 2919 1908 resurre

1945 1830 1978 1881 ,ί
2011 1829 2222 1882 diem."
2271 1842 2374 1880 ηιι-
2407 1825 2450 1884 Β
2478 1814 2680 1870 minico
2707 1814 3026 1873 resurrexit.
3058 1814 3195 1868 Tota
3223 1824 3408 1868 autem
3432 1813 3551 1868 haec
3585 1815 3692 1868 vita
3748 1815 3906 1870 nobis
3934 1823 4091 1869 sexta

769 1943 952 1984 merus
981 1927 1216 1998 complet
1239 1941 1434 1981 novem
1462 1938 1701 1988 menses,
1729 1931 1782 1975 et
1808 1935 1900 1974 sex
1934 1918 2075 1980 dies,
2103 1917 2195 1987 qui
2226 1916 2367 1970 vide-

770 2020 896 2078 licet
927 2029 1189 2091 tanquam
1240 2020 1428 2075 decem
1481 2031 1699 2073 menses
1757 2012 2098 2083 parientibus
2156 2009 2384 2065 feminis

769 2111 1126 2182 imputantur.
1154 2108 1271 2166 Non
1305 2110 1430 2179 quia
1476 2122 1666 2162 omnes
1722 2105 1981 2160 mulieres
2029 2105 2097 2158 ad
2158 2111 2377 2157 sextum

771 2191 910 2260 diem
941 2213 1067 2274 post
1087 2218 1292 2259 nonum
1325 2217 1567 2256 mensem
1596 2200 1861 2272 pariturae
1903 2195 2250 2265 perveniant,
2283 2195 2378 2249 sed

771 2295 894 2367 quia
925 2304 1005 2351 tot
1031 2295 1242 2359 diebus,
1275 2293 1342 2348 ad
1391 2301 1608 2364 partum
1655 2290 1913 2361 perducta
1948 2287 2063 2358 ipsa
2114 2283 2380 2356 perfectio

773 2385 1040 2442 Dominici
1093 2384 1340 2455 corporis
1398 2381 1760 2454 eomperitur,
1793 2380 1940 2435 sicut
1989 2393 2019 2432 a
2074 2376 2382 2446 majoribus

774 2475 1033 2542 traditur,
1086 2483 1141 2529 et
1191 2473 1348 2530 ﬁrma
1391 2473 1723 2528 auctoritate
1763 2468 2023 2526 Ecclesia:
2049 2468 2378 2524 custoditur.

773 2564 974 2624 Octavo
997 2581 1233 2636 namque
1255 2564 1528 2621 Kalendas
1550 2563 1754 2634 Aprilis
1785 2569 2086 2632 conceptus
2113 2556 2380 2625 cieditnr,

775 2671 882 2728 quo
903 2666 958 2714 et
1004 2672 1219 2728 passus.
1247 2655 1326 2711 Eo
1357 2654 1612 2711 videlicet
1660 2652 1750 2710 die
1778 2653 2024 2724 sepultus
2060 2659 2145 2706 est
2175 2651 2229 2705 in
2263 2665 2382 2704 mo-

776 2759 1040 2805 numento
1067 2762 1227 2812 novo,
1255 2746 1348 2802 ubi
1376 2761 1476 2802 nec
1509 2755 1659 2811 ante,
1682 2759 1786 2800 nec
1807 2752 1931 2815 post
1958 2743 2250 2814 quisquam
2296 2749 2382 2797 est

776 2837 984 2909 positus
1011 2846 1374 2902 mortuorum,
1401 2851 1511 2907 quo
1540 2842 1841 2904 conceptus
1865 2841 1950 2889 est
1984 2833 2037 2888 in
2068 2842 2226 2888 utero
2253 2831 2380 2887 Vir-

774 2926 938 2998 ginis,
959 2927 1053 2981 ubi
1102 2935 1321 2983 constat
1365 2925 1574 2982 nullum
1616 2927 1946 2980 seminatum
1971 2922 2145 2977 fuisse
2171 2928 2382 2976 morta-

778 3015 929 3073 lium.
997 3017 1168 3073 Natus
1224 3028 1407 3073 autem
1458 3014 1698 3072 traditur
1749 3021 1947 3071 octavo
1995 3011 2268 3067 Kalendas
2293 3010 2384 3066 Ja-

776 3110 1018 3164 nuntias.

2481 1906 2617 1984 feria
2645 1917 2761 1972 est;
2789 1907 2916 1976 quia
2943 1905 3197 1961 videlicet
3217 1921 3440 1962 crucem
3465 1913 3590 1975 post
3619 1907 3910 1960 Dominum
3938 1905 4098 1976 baju-

2481 2001 2597 2055 lare
2634 2001 2915 2070 jubemur.
2959 2000 3002 2075 ᾼ
3030 2000 3119 2054 die
3157 2009 3342 2054 autem
3393 1999 3575 2054 exitus
3622 1999 3796 2054 nostri
3828 2013 4003 2070 usque
4032 1998 4104 2055 ad

2476 2090 2743 2162 judicium
2774 2091 2929 2163 quasi
2957 2089 3258 2158 Sabbatum
3276 2088 3516 2155 ducitur,
3535 2090 3662 2158 quia
3686 2088 3906 2144 interim
3933 2089 4098 2144 beata

2483 2182 2675 2253 requie
2696 2192 2905 2236 sancta;
2937 2180 3134 2239 anima“:
3164 2179 3548 2251 perfruuntur.
3601 2178 3660 2233 lu
3692 2179 4099 2236 resurrectione

2484 2283 2670 2328 autem
2727 2288 3024 2343 corporum
3084 2271 3359 2343 paschalis
3398 2272 3558 2327 nobis
3613 2271 3790 2326 oritur
3822 2271 3960 2338 dies,
4006 2269 4100 2344 qui

2484 2364 2636 2419 nullo
2661 2364 2768 2420 fine
2800 2363 3172 2430 concluditur,
3200 2363 3296 2420 sed
3320 2374 3600 2435 perpetua:
3626 2356 3980 2433 jucunditute
4001 2363 4098 2420 lte-

2485 2455 2620 2528 titia:
2648 2455 2898 2530 feriatur.

2563 2544 2631 2602 Ut
2652 2562 2784 2618 ergo
2813 2549 2882 2603 ad
2902 2547 3046 2601 hanc
3071 2545 3412 2603 Dominicam
3445 2561 3546 2619 per
3567 2545 3871 2604 Sabbatum
3909 2547 4098 2604 valea-

2486 2653 2609 2693 mus
2635 2647 3002 2711 congruenter
3032 2640 3330 2718 attingere,
3375 2656 3605 2698 necesse
3649 2651 3756 2706 est,
3810 2655 3913 2697 nos
3957 2656 4105 2697 nunc

2486 2745 2706 2787 crucem
2738 2741 2861 2801 post
2883 2729 3070 2787 Iesum
3098 2730 3426 2801 baiulantes,
3450 2742 3662 2789 sextam
3681 2732 3892 2804 iugiter
3907 2733 4101 2791 feriam

2487 2823 2694 2882 celebra
2710 2839 2787 2878 re.
2821 2823 3075 2895 Alioquin
3111 2825 3156 2878 si
3215 2833 3555 2895 praepostero
3588 2825 3785 2882 ordine
3813 2840 3959 2881 nunc
4001 2825 4105 2880 sub

2487 2917 2672 2974 carnis
2696 2915 2814 2986 lege
2833 2916 3083 2973 viventes
3107 2917 3264 2987 quasi
3305 2916 3649 2972 Dominicam
3672 2917 3949 2983 ducimus,
3976 2932 4105 2988 prn-

2489 3006 2576 3064 cul
2608 3008 2772 3062 dubio
2805 3009 3152 3078 postmodum
3179 3023 3287 3066 non
3313 3009 3573 3081 gaudium
3597 3009 3818 3080 gaudio,
3852 3009 3948 3064 sed
4001 3009 4105 3065 tri-

2489 3101 2773 3157 bulatione
2832 3108 3128 3154 mutamus.
3183 3097 3324 3153 Hinc
3355 3107 3442 3154 est
3469 3102 3620 3154 enim
3667 3101 3814 3170 quod
3843 3098 4109 3158 Dominus

857 3200 942 3256 Ab
961 3200 1082 3271 ipso
1103 3214 1233 3271 ergo
1261 3198 1641 3270 conceptionis
1667 3197 1757 3253 die
1783 3210 1957 3266 usque
1987 3197 2054 3251 ad
2080 3196 2224 3252 diem
2269 3193 2381 3250 Na-
2411 3189 2456 3252 C
2489 3192 2632 3246 sicut
2655 3189 3020 3260 quadraginta
3048 3189 3243 3244 diebus
3275 3189 3328 3242 in
3359 3203 3548 3246 eremo
3579 3189 3736 3257 vixit,
3769 3191 4108 3263 totidemque

781 3289 1010 3345 tivitatis
1045 3291 1266 3348 ducenti
1293 3289 1640 3361 septuaginta
1690 3303 1787 3345 sex
1846 3277 2198 3358 reperiuntur
2241 3287 2382 3352 dies,

778 3381 874 3450 qui
900 3381 1178 3436 senarium
1209 3395 1497 3458 numerum
1519 3379 1848 3451 quadragies
1875 3379 2055 3434 sexies
2080 3377 2382 3442 continent.

779 3468 899 3537 Quo
957 3459 1126 3540 igitur
1171 3484 1401 3525 numero
1446 3468 1718 3540 lapideum
1756 3468 1886 3523 illud
1941 3467 2200 3542 templum
2250 3469 2391 3522 an'i-

782 3560 967 3628 quitus
1013 3570 1097 3615 est
1139 3560 1491 3628 aedificatum,
1550 3561 1741 3616 eodem
1792 3576 2012 3630 quoque
2063 3575 2293 3614 numero
2333 3567 2389 3612 et

782 3651 1045 3727 templum
1098 3649 1365 3706 Dominici
1396 3651 1642 3723 carperis
1670 3665 1768 3720 per
1803 3652 2081 3706 senarium
2140 3646 2236 3704 est
2265 3641 2392 3720 per-
2437 3695 2441 3699 .

779 3730 1008 3796 fectum.
1040 3741 1154 3797 Hae
1182 3744 1559 3798 tantummodo
1587 3743 1923 3798 discretione
1978 3750 2218 3806 servata,
2243 3735 2390 3811 quod

780 3833 838 3888 in
864 3835 1274 3889 constructione
1303 3833 1487 3902 templi
1526 3848 1798 3888 annorum
1827 3849 1979 3887 ntnnr
1995 3849 2089 3887 rus
2143 3833 2389 3902 ponitur,

783 3923 839 3977 in
863 3922 1226 3979 adificatione
1253 3938 1384 3979 vero
1408 3923 1654 3995 corporis
1679 3922 1898 3980 Domini
1950 3924 2165 3979 dierum
2208 3924 2396 3978 calcu-

784 4012 868 4068 lus
889 4023 1233 4083 supputatur.

852 4108 1138 4185 Annorum
1198 4109 1364 4180 igitur
1405 4123 1672 4166 numerus
1696 4108 1879 4178 templi
1913 4109 2056 4165 illius
2104 4109 2314 4182 antiqui
2347 4111 2394 4166 si

782 4215 884 4272 per
921 4201 1202 4256 senarium
1236 4201 1478 4266 ducitur,
1525 4216 1716 4256 omnes
1759 4202 1901 4268 dies,
1942 4203 2144 4272 quibus
2193 4203 2397 4258 mansit

788 4296 1052 4350 Dominus
1109 4295 1163 4349 in
1205 4295 1452 4365 virgineo
1497 4307 1689 4348 ventre
1736 4293 2061 4364 completur.
2091 4291 2396 4363 Conjuncto

789 4387 976 4458 itaque
999 4403 1248 4454 numero,
1285 4404 1393 4459 quo
1423 4389 1564 4444 Deus
1593 4403 1760 4457 opera
1809 4404 1904 4442 sua
1940 4387 2089 4454 fecit,
2147 4405 2270 4443 cum
2303 4389 2396 4443 illo

786 4493 897 4546 quo
920 4479 1182 4550 templum
1209 4489 1292 4536 est
1315 4462 1614 4542 conditum,
1652 4480 1864 4533 domini
1906 4495 2105 4548 corpus
2134 4477 2391 4545 efficitur,

2488 3291 2610 3354 post
2638 3280 3104 3342 resurrectionem
3131 3294 3256 3335 cum
3279 3279 3560 3352 discipulis
3582 3280 3716 3346 fuit;
3751 3282 3826 3337 ita
3852 3281 4019 3344 etiam
4038 3283 4110 3341 ab

2490 3375 2608 3445 ipso
2639 3367 2753 3431 sua:
2780 3373 2975 3428 mortis
3005 3372 3265 3440 articulo,
3289 3389 3464 3444 usque
3485 3373 3555 3438 ad
3591 3374 3891 3430 diluculum
3918 3391 4110 3432 resur-

2491 3467 2750 3526 rectionis
2780 3466 3146 3538 quadraginta
3178 3467 3343 3521 horas
3366 3467 3580 3524 habuit.
3611 3466 3766 3524 Sicut
3790 3469 3958 3538 igitur
3986 3469 4108 3529 illo-

2492 3574 2614 3614 rum
2641 3559 2854 3612 dierum
2909 3571 3160 3629 numero,
3214 3557 3287 3610 ita
3347 3556 3706 3618 nihilominus
3737 3569 3793 3614 ct
3823 3559 4109 3629 horarum,

2492 3664 2632 3720 quas
2653 3649 2917 3714 diximus,
2945 3647 3120 3704 totius
3143 3647 3269 3703 vitae
3287 3656 3490 3703 nostra:
3514 3657 3730 3720 tempus
3758 3651 4112 3722 exprimitur,

2495 3731 2726 3796 utsicut
2783 3739 2871 3794 ille
2913 3739 3356 3819 quadragenario'
3383 3739 3648 3796 horarum
3692 3757 3927 3799 numero
3967 3758 4114 3804 mor-

2497 3842 2624 3903 tuus
2646 3832 2870 3895 mansit,
2908 3831 2983 3886 ita
3015 3838 3068 3886 et
3095 3845 3195 3886 nos
3247 3830 3322 3887 illi
3377 3834 3710 3888 commortui
3740 3835 3983 3905 quandiu
4022 3835 4114 3898 hic

2496 3926 2758 3986 vivimus,
2789 3925 2841 3978 in
2862 3925 3046 3980 'carnis
3067 3911 3286 3995 semper
3303 3909 4038 4002 pmortificatione'vivamus.

2569 4018 2650 4074 Ad
2699 4017 3068 4088 superandum
3119 4031 3254 4088 ergo
3307 4017 3610 4082 diabolum,
3671 4018 3855 4074 crucis
3905 4019 4122 4092 insigne

2498 4110 2658 4165 nobis
2682 4119 2872 4165 noster
2900 4109 3203 4179 imperator
3235 4109 3520 4175 exhibuit;
3557 4117 3613 4165 et
3647 4125 3732 4164 :ne
3761 4111 3922 4166 nobis
3951 4126 4121 4182 grave

2498 4200 2802 4265 videretur,
2863 4201 3020 4272 prius
3047 4200 3164 4272 ipse
3218 4202 3474 4271 gestavit.
3511 4201 3626 4256 iloc
3657 4201 3896 4273 denique
3926 4203 4126 4261 salutis

2500 4305 2704 4350 nostra:
2725 4293 3068 4366 signaculum
3106 4309 3214 4349 non
3243 4293 3418 4350 solum
3466 4295 3664 4361 sacris,
3695 4295 3810 4351 sive
3833 4296 4122 4353 sacrandis

2500 4387 2666 4442 rebus
2698 4386 3083 4456 imprimimus.
3115 4385 3214 4442 sed
3244 4385 3410 4440 etiam
3427 4385 3721 4451 alimentis,
3751 4386 3870 4444 sive
3891 4388 4121 4458 quibus-

2502 4481 2632 4536 libet
2695 4482 2862 4535 etiam
2889 4481 3054 4534 rebus
3072 4478 3395 4534 domesticis
3425 4477 3787 4545 adhibemus;
3817 4487 3878 4534 ut
3899 4480 4127 4536 eviden-

787 4577 849 4622 ιιι
899 4569 1055 4625 nobis
1105 4569 1266 4624 detur
1308 4569 1558 4640 intelligi,
1601 4569 1730 4639 quia
1759 4585 1859 4638 per
1899 4567 2028 4622 illud
2084 4570 2392 4626 divinitatis
2421 4552 2473 4612 Ῑ)
2501 4583 2585 4629 ter
2613 4583 2896 4642 appareat.
2928 4570 3074 4642 quod
3099 4579 3153 4625 et
3179 4571 3443 4634 homo,et
3463 4585 3696 4640 qumque
3727 4571 3970 4626 humano
3998 4578 4129 4628 sunt

789 4660 1075 4730 templum,
1106 4650 1249 4731 quod
1293 4662 1346 4716 in
1378 4662 1617 4732 Virginis
1649 4672 1805 4716 utero
1855 4671 2231 4716 constructum
2283 4674 2391 4731 est,

790 4753 1045 4808 universa
1081 4762 1209 4808 sunt
1229 4754 1322 4809 Dei
1347 4769 1510 4824 opera
1537 4762 1869 4808 restaurata.
1906 4752 2061 4809 Sicut
2090 4754 2224 4808 dicit
2247 4755 2395 4823 Apo-

791 4841 994 4898 stolus:
1033 4861 1050 4895 ι
1090 4843 1226 4911 Quia
1256 4845 1540 4914 proposuit
1569 4846 1714 4900 Deus
1741 4844 1796 4899 in
1821 4845 2228 4914 dispensatione
2275 4846 2396 4916 ple-

793 4935 1061 4991 nitudinis
1107 4947 1411 5009 temporum
1464 4937 1770 4992 instaurare
1814 4938 1993 4992 omnia
2049 4937 2100 4990 in
2153 4936 2394 5002 Christo,

793 5042 918 5098 quae
946 5029 999 5081 in
1022 5029 1199 5084 caelis.
1221 5040 1277 5085 et
1303 5030 1362 5086 in
1386 5029 1553 5086 terris
1597 5037 1727 5084 sunt
1757 5030 1810 5084 in
1843 5031 1958 5100 ipso
1986 5030 2006 5098 (
2027 5029 2221 5100 Ep/ies.
2254 5032 2328 5101 ι).
2373 5051 2392 5084 ι

793 5115 908 5184 Sed
932 5119 1033 5174 hoc
1059 5120 1304 5188 corporis
1343 5119 1625 5190 templum,
1679 5119 1824 5188 quod
1854 5133 1952 5188 per
1987 5121 2264 5174 senarium
2295 5136 2401 5174 nu-

797 5223 1010 5265 merum
1040 5208 1155 5264 lleri
1203 5210 1382 5264 divina
1434 5210 1771 5279 providentia
1801 5211 1993 5272 voluit,
2047 5210 2222 5264 tribus
2254 5210 2406 5264 horis

797 5297 1020 5355 Iudaica
1035 5301 1314 5370 impietate
1341 5300 1657 5362 resolutum,
1697 5300 1876 5354 triduo
1899 5299 2266 5363 medilicavit,
2297 5301 2404 5354 sic--

800 5404 863 5449 ut
905 5395 1024 5465 ipse
1073 5397 1236 5450 dicit:
1296 5413 1314 5446 ι
1356 5392 1562 5450 Solvite
1593 5394 1852 5463 templum
1886 5395 2012 5458 hoc,
2036 5403 2092 5448 et
2142 5403 2265 5464 post
2308 5395 2409 5446 tri-

804 5487 970 5543 duum
999 5486 1512 5541 rezedificaboillud.
1551 5485 1666 5541 Hoc
1693 5496 1896 5549 autem,
1946 5486 2124 5554 inquit
2177 5499 2412 5555 evange-

805 5579 951 5646 lists,
1002 5581 1220 5636 dicebat
1257 5579 1327 5634 de
1382 5579 1582 5650 templo
1625 5579 1876 5649 corporis
1908 5579 1990 5634 sui
2019 5577 2220 5648 (Joan.
2256 5577 2350 5647 ιι).
2387 5593 2404 5628 ι

807 5667 920 5727 Nec
949 5671 1171 5734 mirum,
1198 5670 1241 5724 si
1279 5671 1430 5740 quod
1468 5684 1565 5739 per
1619 5669 1898 5725 senarium
1941 5668 2144 5724 factum
2173 5677 2281 5734 est,
2313 5681 2413 5737 per

809 5759 1111 5819 tenariam
1141 5761 1212 5816 sit
1246 5759 1497 5817 solutum.
1529 5775 1626 5832 per
1655 5760 1958 5817 ternarium
1976 5772 2196 5833 quoque
2218 5771 2412 5816 rursus

2502 4663 2624 4718 usui
2650 4661 2982 4725 necessaria,
3013 4657 3174 4732 hujus
3190 4661 3394 4716 virtute
3420 4661 3563 4732 signi
3589 4677 3616 4714 a
3635 4662 3760 4733 jure
3777 4669 3904 4718 sunt
3925 4664 4128 4717 damo-

2505 4769 2636 4809 num
2663 4753 2932 4808 absoluta.
2962 4751 3097 4806 Nam
3131 4761 3186 4807 et
3233 4752 3288 4807 in
3331 4751 3452 4823 ipso
3511 4751 3900 4823 Redemptoris
3948 4753 4125 4809 nostri

2504 4846 2768 4918 patibulo,
2806 4854 2960 4901 tanto
2987 4860 3094 4900 non
3110 4845 3392 4909 humanae,
3423 4845 3518 4900 sed
3556 4845 3754 4900 divina:
3799 4846 3937 4900 artis
3961 4845 4126 4902 beata

2506 4951 2643 4990 crux
2677 4935 2873 4990 librata
2923 4943 3008 4990 est
3057 4933 3423 5006 magisterio;
3477 4943 3539 4990 ut
3593 4943 3759 5004 caput
3809 4935 4026 4989 Domini
4058 4935 4128 4991 ad

2505 5030 2799 5094 orientem,
2814 5027 2983 5100 pedes
2997 5027 3065 5083 ad
3078 5027 3444 5093 occidentem,
3463 5031 3689 5083 dextera
3706 5028 3772 5082 ad
3787 5029 4125 5097 aquilonem,

2510 5121 2733 5176 sinistra
2767 5120 3018 5176 tenderet
3041 5119 3108 5173 ad
3133 5119 3416 5174 meridiem
3436 5137 3450 5183 ;
3468 5128 3741 5188 quatenus
3765 5119 3949 5172 mundi
3976 5119 4132 5190 prin-

2511 5211 2687 5282 cipetn
2718 5211 2787 5264 ab
2837 5210 3092 5265 omnibus
3123 5209 3366 5279 undique
3415 5209 3587 5280 plagis
3615 5208 3956 5276 excluderet,
4000 5210 4132 5265 dum

2512 5302 2805 5373 quadrilidi
2845 5300 2997 5357 orbis
3032 5302 3251 5357 climata
3283 5316 3380 5372 per
3410 5301 3737 5372 quadratam
3789 5305 3968 5359 crucis
4001 5317 4129 5374 spe-

2515 5395 2653 5449 ciem
2683 5403 2998 5463 oecuparet.
3028 5393 3185 5450 Unde
3206 5403 3260 5449 et
3293 5394 3408 5464 ipse
3429 5394 3596 5449 dicit:
3626 5414 3644 5446 ι
3683 5392 3839 5450 Nune
3860 5393 4131 5464 judieittm

2513 5493 2598 5540 est
2627 5478 2834 5548 mundi,
2868 5501 3011 5540 nunc
3037 5484 3472 5556 princepshnjus
3503 5485 3689 5541 mundi
3713 5484 4135 5556 ejicieturforas

2513 5575 2711 5649 (Ioan.
2749 5576 2882 5647 xu).
2925 5597 2943 5630 ι
2979 5578 3069 5631 Sic
3101 5576 3182 5631 sic
3210 5592 3408 5647 nempe
3438 5579 3619 5633 decuit
3655 5593 3765 5634 om:
3793 5595 3900 5633 vum.
3936 5595 4133 5650 perva-

2514 5682 2694 5724 sorem
2725 5669 2794 5724 ab
2824 5669 3083 5724 omnibus
3107 5668 3269 5724 simul
3294 5668 3441 5737 ejici,
3471 5669 3592 5724 talis
3613 5685 3712 5741 pro
3746 5671 3916 5726 totius
3942 5671 4131 5728 mundi

2513 5760 2696 5817 salute
2720 5760 2904 5819 hostia
2940 5759 3130 5820 debuit
3149 5760 3446 5829 immolari,
3469 5777 3588 5834 quae
3620 5773 3673 5819 et
3703 5778 3804 5836 per
3823 5777 4124 5822 sacrameu
