  <div class='ocr_page' id='page_1' title='image "/cluster/home/n/w/nwhite01/storage/ocr_20150623/144-145/uc1.31175001639262/395.png"; bbox 0 0 4300 6368; ppageno 0'>
   <div class='ocr_carea' id='block_1_1' title="bbox 813 345 918 402">
    <p class='ocr_par' dir='ltr' id='par_1_1' title="bbox 813 345 918 402">
     <span class='ocr_line' id='line_1_1' title="bbox 813 345 918 402; baseline 0 -1"><span class='ocrx_word' id='word_1_1' title='bbox 813 345 918 402; x_wconf 74' lang='grc'><strong>778</strong></span> 
     </span>
    </p>
   </div>
   <div class='ocr_carea' id='block_1_2' title="bbox 1389 323 3087 397">
    <p class='ocr_par' dir='ltr' id='par_1_2' title="bbox 1389 323 3087 397">
     <span class='ocr_line' id='line_1_2' title="bbox 1389 323 3087 397; baseline -0.009 -2"><span class='ocrx_word' id='word_1_2' title='bbox 1389 335 1446 395; x_wconf 86' lang='lat' dir='ltr'><strong>S.</strong></span> <span class='ocrx_word' id='word_1_3' title='bbox 1489 337 1692 397; x_wconf 80' lang='lat' dir='ltr'><strong>PETRI</strong></span> <span class='ocrx_word' id='word_1_4' title='bbox 1733 332 2017 392; x_wconf 74' lang='lat' dir='ltr'><strong>DAMIANI</strong></span> <span class='ocrx_word' id='word_1_5' title='bbox 2056 330 2211 390; x_wconf 91' lang='lat' dir='ltr'><strong>OPP.</strong></span> <span class='ocrx_word' id='word_1_6' title='bbox 2249 326 2428 382; x_wconf 88' lang='lat' dir='ltr'><strong>PARS</strong></span> <span class='ocrx_word' id='word_1_7' title='bbox 2468 324 2597 384; x_wconf 79' lang='lat' dir='ltr'><strong>SEU</strong></span> <span class='ocrx_word' id='word_1_8' title='bbox 2648 323 2889 382; x_wconf 71' lang='grc' dir='ltr'><strong>τοκυε</strong></span> <span class='ocrx_word' id='word_1_9' title='bbox 2924 327 2986 380; x_wconf 88' lang='grc' dir='ltr'><strong>ιι.</strong></span> <span class='ocrx_word' id='word_1_10' title='bbox 3030 355 3087 366; x_wconf 95' lang='grc'><strong><em>-</em></strong></span> 
     </span>
    </p>
   </div>
   <div class='ocr_carea' id='block_1_3' title="bbox 1835 323 3533 397">
    <p class='ocr_par' dir='ltr' id='par_1_3' title="bbox 1835 323 3533 390">
     <span class='ocr_line' id='line_1_3' title="bbox 1835 323 3533 390; baseline -0.005 0"><span class='ocrx_word' id='word_1_11' title='bbox 1835 332 2017 390; x_wconf 75' lang='grc' dir='ltr'><strong>ΜΙΑΝΙ</strong></span> <span class='ocrx_word' id='word_1_12' title='bbox 2056 330 2211 390; x_wconf 91' lang='lat' dir='ltr'><strong>OPP.</strong></span> <span class='ocrx_word' id='word_1_13' title='bbox 2249 326 2428 382; x_wconf 89' lang='lat' dir='ltr'><strong>PARS</strong></span> <span class='ocrx_word' id='word_1_14' title='bbox 2468 324 2597 384; x_wconf 79' lang='lat' dir='ltr'><strong>SEU</strong></span> <span class='ocrx_word' id='word_1_15' title='bbox 2648 323 2889 382; x_wconf 71' lang='grc' dir='ltr'><strong>τοκυε</strong></span> <span class='ocrx_word' id='word_1_16' title='bbox 2924 327 2986 380; x_wconf 88' lang='grc' dir='ltr'><strong>ιι.</strong></span> <span class='ocrx_word' id='word_1_17' title='bbox 3030 355 3100 366; x_wconf 92' lang='grc'><strong><em>-</em></strong></span> <span class='ocrx_word' id='word_1_18' title='bbox 3140 323 3533 383; x_wconf 63' lang='grc' dir='ltr'><strong>δεκυοηεε.</strong></span> 
     </span>
    </p>
   </div>
   <div class='ocr_carea' id='block_1_4' title="bbox 4013 325 4112 382">
    <p class='ocr_par' dir='ltr' id='par_1_4' title="bbox 4013 325 4112 382">
     <span class='ocr_line' id='line_1_4' title="bbox 4013 325 4112 382; baseline 0.02 -2"><span class='ocrx_word' id='word_1_19' title='bbox 4013 325 4112 382; x_wconf 65' lang='lat'><strong>77¢</strong></span> 
     </span>
    </p>
   </div>
   <div class='ocr_carea' id='block_1_5' title="bbox 810 441 4114 528">
    <p class='ocr_par' dir='ltr' id='par_1_5' title="bbox 810 441 4114 528">
     <span class='ocr_line' id='line_1_5' title="bbox 810 441 4114 528; baseline -0.008 -10"><span class='ocrx_word' id='word_1_20' title='bbox 810 473 926 518; x_wconf 88' lang='lat' dir='ltr'><strong>tum</strong></span> <span class='ocrx_word' id='word_1_21' title='bbox 948 465 1142 516; x_wconf 82' lang='lat' dir='ltr'><strong>cuncta</strong></span> <span class='ocrx_word' id='word_1_22' title='bbox 1172 456 1490 528; x_wconf 84' lang='lat' dir='ltr'><strong>respiceret,</strong></span> <span class='ocrx_word' id='word_1_23' title='bbox 1519 464 1575 510; x_wconf 91' lang='lat' dir='ltr'><strong>et</strong></span> <span class='ocrx_word' id='word_1_24' title='bbox 1601 457 1666 510; x_wconf 87' lang='lat' dir='ltr'><strong>e&#39;x</strong></span> <span class='ocrx_word' id='word_1_25' title='bbox 1692 454 1893 509; x_wconf 92' lang='lat' dir='ltr'><strong>virtute</strong></span> <span class='ocrx_word' id='word_1_26' title='bbox 1920 452 2104 508; x_wconf 92' lang='lat' dir='ltr'><strong>omnia</strong></span> <span class='ocrx_word' id='word_1_27' title='bbox 2132 450 2408 504; x_wconf 73' lang='lat' dir='ltr'><strong>liberaret.</strong></span> <span class='ocrx_word' id='word_1_28' title='bbox 2441 450 2488 510; x_wconf 76' lang='grc' dir='ltr'><strong>Α</strong></span> <span class='ocrx_word' id='word_1_29' title='bbox 2519 446 2666 500; x_wconf 87' lang='lat' dir='ltr'><strong>tione</strong></span> <span class='ocrx_word' id='word_1_30' title='bbox 2695 443 3048 514; x_wconf 87' lang='lat' dir='ltr'><strong>suspendere,</strong></span> <span class='ocrx_word' id='word_1_31' title='bbox 3074 456 3237 513; x_wconf 83' lang='lat' dir='ltr'><strong>quem</strong></span> <span class='ocrx_word' id='word_1_32' title='bbox 3289 441 3488 498; x_wconf 70' lang='lat' dir='ltr'><strong>celem</strong></span> <span class='ocrx_word' id='word_1_33' title='bbox 3539 446 3598 494; x_wconf 89' lang='lat' dir='ltr'><strong>ct</strong></span> <span class='ocrx_word' id='word_1_34' title='bbox 3641 448 3790 493; x_wconf 88' lang='lat' dir='ltr'><strong>terra</strong></span> <span class='ocrx_word' id='word_1_35' title='bbox 3843 448 4114 508; x_wconf 75' lang='lat' dir='ltr'><strong>nequeut</strong></span> 
     </span>
    </p>
   </div>
   <div class='ocr_carea' id='block_1_6' title="bbox 813 543 2406 624">
    <p class='ocr_par' dir='ltr' id='par_1_6' title="bbox 813 543 2406 624">
     <span class='ocr_line' id='line_1_6' title="bbox 813 543 2406 624; baseline -0.009 -16"><span class='ocrx_word' id='word_1_36' title='bbox 813 551 966 610; x_wconf 81' lang='lat' dir='ltr'><strong>Tunc</strong></span> <span class='ocrx_word' id='word_1_37' title='bbox 987 551 1144 624; x_wconf 80' lang='lat' dir='ltr'><strong>plane</strong></span> <span class='ocrx_word' id='word_1_38' title='bbox 1168 559 1288 604; x_wconf 90' lang='lat' dir='ltr'><strong>erat</strong></span> <span class='ocrx_word' id='word_1_39' title='bbox 1329 563 1463 604; x_wconf 90' lang='lat' dir='ltr'><strong>crux</strong></span> <span class='ocrx_word' id='word_1_40' title='bbox 1513 546 1793 601; x_wconf 88' lang='lat' dir='ltr'><strong>humiliata</strong></span> <span class='ocrx_word' id='word_1_41' title='bbox 1822 559 1948 601; x_wconf 91' lang='lat' dir='ltr'><strong>cum</strong></span> <span class='ocrx_word' id='word_1_42' title='bbox 1981 543 2231 607; x_wconf 87' lang='lat' dir='ltr'><strong>Domino,</strong></span> <span class='ocrx_word' id='word_1_43' title='bbox 2277 554 2406 595; x_wconf 85' lang='lat' dir='ltr'><strong>ecce</strong></span> 
     </span>
    </p>
   </div>
   <div class='ocr_carea' id='block_1_7' title="bbox 813 639 1690 699">
    <p class='ocr_par' dir='ltr' id='par_1_7' title="bbox 813 639 1690 699">
     <span class='ocr_line' id='line_1_7' title="bbox 813 639 1690 699; baseline -0.009 -3"><span class='ocrx_word' id='word_1_44' title='bbox 813 643 994 699; x_wconf 91' lang='lat' dir='ltr'><strong>veniet</strong></span> <span class='ocrx_word' id='word_1_45' title='bbox 1014 641 1249 695; x_wconf 87' lang='lat' dir='ltr'><strong>exaltata</strong></span> <span class='ocrx_word' id='word_1_46' title='bbox 1289 654 1412 692; x_wconf 91' lang='lat' dir='ltr'><strong>cum</strong></span> <span class='ocrx_word' id='word_1_47' title='bbox 1444 639 1690 692; x_wconf 89' lang='lat' dir='ltr'><strong>Domino.</strong></span> 
     </span>
    </p>
   </div>
   <div class='ocr_carea' id='block_1_8' title="bbox 887 722 2410 796">
    <p class='ocr_par' dir='ltr' id='par_1_8' title="bbox 887 722 2410 796">
     <span class='ocr_line' id='line_1_8' title="bbox 887 722 2410 796; baseline -0.008 -10"><span class='ocrx_word' id='word_1_48' title='bbox 887 730 1020 786; x_wconf 79' lang='lat' dir='ltr'><strong>Nolo</strong></span> <span class='ocrx_word' id='word_1_49' title='bbox 1043 746 1139 784; x_wconf 84' lang='lat' dir='ltr'><strong>vos</strong></span> <span class='ocrx_word' id='word_1_50' title='bbox 1165 731 1346 794; x_wconf 88' lang='lat' dir='ltr'><strong>lateat,</strong></span> <span class='ocrx_word' id='word_1_51' title='bbox 1375 727 1570 782; x_wconf 76' lang='lat' dir='ltr'><strong>fratres</strong></span> <span class='ocrx_word' id='word_1_52' title='bbox 1598 727 1724 789; x_wconf 90' lang='lat' dir='ltr'><strong>mei,</strong></span> <span class='ocrx_word' id='word_1_53' title='bbox 1748 726 1874 796; x_wconf 87' lang='lat' dir='ltr'><strong>quia</strong></span> <span class='ocrx_word' id='word_1_54' title='bbox 1900 727 1954 780; x_wconf 92' lang='lat' dir='ltr'><strong>in</strong></span> <span class='ocrx_word' id='word_1_55' title='bbox 1985 722 2248 779; x_wconf 88' lang='lat' dir='ltr'><strong>tremendi</strong></span> <span class='ocrx_word' id='word_1_56' title='bbox 2278 736 2410 776; x_wconf 87' lang='lat' dir='ltr'><strong>exa-</strong></span> 
     </span>
    </p>
   </div>
   <div class='ocr_carea' id='block_1_9' title="bbox 812 813 2410 885">
    <p class='ocr_par' dir='ltr' id='par_1_9' title="bbox 812 813 2410 885">
     <span class='ocr_line' id='line_1_9' title="bbox 812 813 2410 885; baseline -0.008 -6"><span class='ocrx_word' id='word_1_57' title='bbox 812 823 978 879; x_wconf 87' lang='lat' dir='ltr'><strong>minis</strong></span> <span class='ocrx_word' id='word_1_58' title='bbox 1011 822 1100 880; x_wconf 86' lang='lat' dir='ltr'><strong>die</strong></span> <span class='ocrx_word' id='word_1_59' title='bbox 1123 823 1275 876; x_wconf 86' lang='lat' dir='ltr'><strong>beata</strong></span> <span class='ocrx_word' id='word_1_60' title='bbox 1305 835 1435 874; x_wconf 90' lang='lat' dir='ltr'><strong>crux</strong></span> <span class='ocrx_word' id='word_1_61' title='bbox 1467 819 1611 873; x_wconf 85' lang='lat' dir='ltr'><strong>ulnis</strong></span> <span class='ocrx_word' id='word_1_62' title='bbox 1654 818 1938 873; x_wconf 87' lang='lat' dir='ltr'><strong>advehitur</strong></span> <span class='ocrx_word' id='word_1_63' title='bbox 1969 813 2307 885; x_wconf 75' lang='lat' dir='ltr'><strong>angelorum,</strong></span> <span class='ocrx_word' id='word_1_64' title='bbox 2353 822 2410 868; x_wconf 90' lang='lat' dir='ltr'><strong>et</strong></span> 
     </span>
    </p>
   </div>
   <div class='ocr_carea' id='block_1_10' title="bbox 815 901 2409 979">
    <p class='ocr_par' dir='ltr' id='par_1_10' title="bbox 815 901 2409 979">
     <span class='ocr_line' id='line_1_10' title="bbox 815 901 2409 979; baseline -0.007 -13"><span class='ocrx_word' id='word_1_65' title='bbox 815 919 948 966; x_wconf 90' lang='lat' dir='ltr'><strong>ante</strong></span> <span class='ocrx_word' id='word_1_66' title='bbox 973 911 1215 966; x_wconf 90' lang='lat' dir='ltr'><strong>omnium</strong></span> <span class='ocrx_word' id='word_1_67' title='bbox 1246 910 1466 979; x_wconf 77' lang='lat' dir='ltr'><strong>ponitur</strong></span> <span class='ocrx_word' id='word_1_68' title='bbox 1489 923 1581 962; x_wconf 90' lang='lat' dir='ltr'><strong>ora</strong></span> <span class='ocrx_word' id='word_1_69' title='bbox 1615 907 1943 961; x_wconf 91' lang='lat' dir='ltr'><strong>mortalium.</strong></span> <span class='ocrx_word' id='word_1_70' title='bbox 1973 903 2088 958; x_wconf 80' lang='lat' dir='ltr'><strong>Non</strong></span> <span class='ocrx_word' id='word_1_71' title='bbox 2114 918 2249 957; x_wconf 88' lang='lat' dir='ltr'><strong>auro</strong></span> <span class='ocrx_word' id='word_1_72' title='bbox 2269 901 2409 970; x_wconf 91' lang='lat' dir='ltr'><strong>jam,</strong></span> 
     </span>
    </p>
   </div>
   <div class='ocr_carea' id='block_1_11' title="bbox 815 991 2409 1070">
    <p class='ocr_par' dir='ltr' id='par_1_11' title="bbox 815 991 2409 1070">
     <span class='ocr_line' id='line_1_11' title="bbox 815 991 2409 1070; baseline -0.004 -20"><span class='ocrx_word' id='word_1_73' title='bbox 815 1001 898 1055; x_wconf 84' lang='lat' dir='ltr'><strong>vel</strong></span> <span class='ocrx_word' id='word_1_74' title='bbox 921 999 1152 1070; x_wconf 88' lang='lat' dir='ltr'><strong>gemmis</strong></span> <span class='ocrx_word' id='word_1_75' title='bbox 1189 1007 1400 1057; x_wconf 85' lang='lat' dir='ltr'><strong>ornata,</strong></span> <span class='ocrx_word' id='word_1_76' title='bbox 1434 998 1529 1052; x_wconf 90' lang='lat' dir='ltr'><strong>sed</strong></span> <span class='ocrx_word' id='word_1_77' title='bbox 1552 996 1850 1050; x_wconf 90' lang='lat' dir='ltr'><strong>radiantior</strong></span> <span class='ocrx_word' id='word_1_78' title='bbox 1870 994 1977 1049; x_wconf 90' lang='lat' dir='ltr'><strong>erit</strong></span> <span class='ocrx_word' id='word_1_79' title='bbox 2000 993 2138 1058; x_wconf 90' lang='lat' dir='ltr'><strong>sole,</strong></span> <span class='ocrx_word' id='word_1_80' title='bbox 2164 991 2250 1045; x_wconf 90' lang='lat' dir='ltr'><strong>vel</strong></span> <span class='ocrx_word' id='word_1_81' title='bbox 2276 991 2409 1046; x_wconf 86' lang='lat' dir='ltr'><strong>stel-</strong></span> 
     </span>
    </p>
   </div>
   <div class='ocr_carea' id='block_1_12' title="bbox 814 1085 2409 1159">
    <p class='ocr_par' dir='ltr' id='par_1_12' title="bbox 814 1085 2409 1159">
     <span class='ocr_line' id='line_1_12' title="bbox 814 1085 2409 1159; baseline -0.006 -11"><span class='ocrx_word' id='word_1_82' title='bbox 814 1094 882 1150; x_wconf 89' lang='lat' dir='ltr'><strong>lis</strong></span> <span class='ocrx_word' id='word_1_83' title='bbox 907 1109 976 1150; x_wconf 89' lang='lat' dir='ltr'><strong>ex</strong></span> <span class='ocrx_word' id='word_1_84' title='bbox 1001 1093 1198 1147; x_wconf 89' lang='lat' dir='ltr'><strong>virtute</strong></span> <span class='ocrx_word' id='word_1_85' title='bbox 1224 1091 1428 1146; x_wconf 86' lang='lat' dir='ltr'><strong>divina.</strong></span> <span class='ocrx_word' id='word_1_86' title='bbox 1455 1089 1734 1159; x_wconf 85' lang='lat' dir='ltr'><strong>Proposita</strong></span> <span class='ocrx_word' id='word_1_87' title='bbox 1762 1095 1910 1142; x_wconf 87' lang='lat' dir='ltr'><strong>certe</strong></span> <span class='ocrx_word' id='word_1_88' title='bbox 1952 1096 2080 1141; x_wconf 93' lang='lat' dir='ltr'><strong>tunc</strong></span> <span class='ocrx_word' id='word_1_89' title='bbox 2103 1085 2207 1140; x_wconf 89' lang='lat' dir='ltr'><strong>erit</strong></span> <span class='ocrx_word' id='word_1_90' title='bbox 2233 1085 2285 1139; x_wconf 92' lang='lat' dir='ltr'><strong>in</strong></span> <span class='ocrx_word' id='word_1_91' title='bbox 2314 1099 2409 1139; x_wconf 88' lang='lat' dir='ltr'><strong>eo-</strong></span> 
     </span>
    </p>
   </div>
   <div class='ocr_carea' id='block_1_13' title="bbox 815 1177 2411 1254">
    <p class='ocr_par' dir='ltr' id='par_1_13' title="bbox 815 1177 2411 1254">
     <span class='ocr_line' id='line_1_13' title="bbox 815 1177 2411 1254; baseline -0.006 -15"><span class='ocrx_word' id='word_1_92' title='bbox 815 1196 935 1239; x_wconf 91' lang='lat' dir='ltr'><strong>rum</strong></span> <span class='ocrx_word' id='word_1_93' title='bbox 961 1183 1213 1254; x_wconf 91' lang='lat' dir='ltr'><strong>gloriam,</strong></span> <span class='ocrx_word' id='word_1_94' title='bbox 1239 1182 1330 1251; x_wconf 93' lang='lat' dir='ltr'><strong>qui</strong></span> <span class='ocrx_word' id='word_1_95' title='bbox 1378 1196 1496 1234; x_wconf 89' lang='lat' dir='ltr'><strong>eam</strong></span> <span class='ocrx_word' id='word_1_96' title='bbox 1547 1179 1836 1250; x_wconf 74' lang='lat' dir='ltr'><strong>diligentes</strong></span> <span class='ocrx_word' id='word_1_97' title='bbox 1875 1191 1941 1232; x_wconf 86' lang='lat' dir='ltr'><strong>ex</strong></span> <span class='ocrx_word' id='word_1_98' title='bbox 1973 1177 2242 1232; x_wconf 85' lang='lat' dir='ltr'><strong>cltaritate</strong></span> <span class='ocrx_word' id='word_1_99' title='bbox 2268 1189 2411 1230; x_wconf 84' lang='lat' dir='ltr'><strong>com-</strong></span> 
     </span>
    </p>
   </div>
   <div class='ocr_carea' id='block_1_14' title="bbox 813 1265 2408 1345">
    <p class='ocr_par' dir='ltr' id='par_1_14' title="bbox 813 1265 2408 1345">
     <span class='ocr_line' id='line_1_14' title="bbox 813 1265 2408 1345; baseline -0.006 -18"><span class='ocrx_word' id='word_1_100' title='bbox 813 1273 958 1345; x_wconf 70' lang='lat' dir='ltr'><strong>pleri</strong></span> <span class='ocrx_word' id='word_1_101' title='bbox 985 1281 1135 1336; x_wconf 89' lang='lat' dir='ltr'><strong>sunt,</strong></span> <span class='ocrx_word' id='word_1_102' title='bbox 1161 1282 1215 1325; x_wconf 88' lang='lat' dir='ltr'><strong>et</strong></span> <span class='ocrx_word' id='word_1_103' title='bbox 1259 1286 1290 1326; x_wconf 90' lang='lat' dir='ltr'><strong>e</strong></span> <span class='ocrx_word' id='word_1_104' title='bbox 1334 1269 1549 1324; x_wconf 87' lang='lat' dir='ltr'><strong>diverso</strong></span> <span class='ocrx_word' id='word_1_105' title='bbox 1596 1269 1650 1323; x_wconf 91' lang='lat' dir='ltr'><strong>in</strong></span> <span class='ocrx_word' id='word_1_106' title='bbox 1679 1283 1868 1323; x_wconf 87' lang='lat' dir='ltr'><strong>eorum</strong></span> <span class='ocrx_word' id='word_1_107' title='bbox 1909 1266 2286 1336; x_wconf 84' lang='lat' dir='ltr'><strong>opprobrium,</strong></span> <span class='ocrx_word' id='word_1_108' title='bbox 2317 1265 2408 1334; x_wconf 91' lang='lat' dir='ltr'><strong>qui</strong></span> 
     </span>
    </p>
   </div>
   <div class='ocr_carea' id='block_1_15' title="bbox 813 1357 2407 1435">
    <p class='ocr_par' dir='ltr' id='par_1_15' title="bbox 813 1357 2407 1435">
     <span class='ocr_line' id='line_1_15' title="bbox 813 1357 2407 1435; baseline -0.005 -17"><span class='ocrx_word' id='word_1_109' title='bbox 813 1382 934 1420; x_wconf 79' lang='lat' dir='ltr'><strong>eam</strong></span> <span class='ocrx_word' id='word_1_110' title='bbox 979 1375 1099 1435; x_wconf 87' lang='lat' dir='ltr'><strong>post</strong></span> <span class='ocrx_word' id='word_1_111' title='bbox 1149 1363 1569 1432; x_wconf 86' lang='lat' dir='ltr'><strong>Redemptorem</strong></span> <span class='ocrx_word' id='word_1_112' title='bbox 1623 1375 1781 1415; x_wconf 87' lang='lat' dir='ltr'><strong>suum</strong></span> <span class='ocrx_word' id='word_1_113' title='bbox 1830 1367 2048 1429; x_wconf 79' lang='lat' dir='ltr'><strong>portare</strong></span> <span class='ocrx_word' id='word_1_114' title='bbox 2098 1357 2407 1412; x_wconf 90' lang='lat' dir='ltr'><strong>noluerunt.</strong></span> 
     </span>
    </p>
   </div>
   <div class='ocr_carea' id='block_1_16' title="bbox 817 1447 2412 1517">
    <p class='ocr_par' dir='ltr' id='par_1_16' title="bbox 817 1447 2412 1517">
     <span class='ocr_line' id='line_1_16' title="bbox 817 1447 2412 1517; baseline -0.004 -10"><span class='ocrx_word' id='word_1_115' title='bbox 817 1453 970 1517; x_wconf 80' lang='lat' dir='ltr'><strong>Nam,</strong></span> <span class='ocrx_word' id='word_1_116' title='bbox 999 1461 1059 1506; x_wconf 90' lang='lat' dir='ltr'><strong>ut</strong></span> <span class='ocrx_word' id='word_1_117' title='bbox 1087 1461 1364 1506; x_wconf 86' lang='lat' dir='ltr'><strong>taceamus</strong></span> <span class='ocrx_word' id='word_1_118' title='bbox 1391 1450 1609 1505; x_wconf 83' lang='lat' dir='ltr'><strong>interim</strong></span> <span class='ocrx_word' id='word_1_119' title='bbox 1635 1449 1701 1503; x_wconf 90' lang='lat' dir='ltr'><strong>dc</strong></span> <span class='ocrx_word' id='word_1_120' title='bbox 1727 1449 1837 1513; x_wconf 88' lang='lat' dir='ltr'><strong>his,</strong></span> <span class='ocrx_word' id='word_1_121' title='bbox 1869 1447 1959 1516; x_wconf 87' lang='lat' dir='ltr'><strong>qui</strong></span> <span class='ocrx_word' id='word_1_122' title='bbox 2003 1461 2128 1501; x_wconf 92' lang='lat' dir='ltr'><strong>eum</strong></span> <span class='ocrx_word' id='word_1_123' title='bbox 2173 1461 2412 1516; x_wconf 87' lang='lat' dir='ltr'><strong>pupuge-</strong></span> 
     </span>
    </p>
   </div>
   <div class='ocr_carea' id='block_1_17' title="bbox 817 1539 2412 1611">
    <p class='ocr_par' dir='ltr' id='par_1_17' title="bbox 817 1539 2412 1611">
     <span class='ocr_line' id='line_1_17' title="bbox 817 1539 2412 1611; baseline -0.002 -16"><span class='ocrx_word' id='word_1_124' title='bbox 817 1552 967 1607; x_wconf 84' lang='lat' dir='ltr'><strong>runt,</strong></span> <span class='ocrx_word' id='word_1_125' title='bbox 1027 1551 1083 1596; x_wconf 89' lang='lat' dir='ltr'><strong>et</strong></span> <span class='ocrx_word' id='word_1_126' title='bbox 1113 1543 1238 1611; x_wconf 82' lang='lat' dir='ltr'><strong>quia</strong></span> <span class='ocrx_word' id='word_1_127' title='bbox 1287 1542 1544 1610; x_wconf 84' lang='lat' dir='ltr'><strong>plangent</strong></span> <span class='ocrx_word' id='word_1_128' title='bbox 1589 1555 1649 1594; x_wconf 88' lang='lat' dir='ltr'><strong>se</strong></span> <span class='ocrx_word' id='word_1_129' title='bbox 1699 1553 1862 1608; x_wconf 82' lang='lat' dir='ltr'><strong>super</strong></span> <span class='ocrx_word' id='word_1_130' title='bbox 1891 1553 1951 1594; x_wconf 89' lang='lat' dir='ltr'><strong>se</strong></span> <span class='ocrx_word' id='word_1_131' title='bbox 2009 1553 2200 1593; x_wconf 92' lang='lat' dir='ltr'><strong>omnes</strong></span> <span class='ocrx_word' id='word_1_132' title='bbox 2238 1539 2412 1592; x_wconf 85' lang='lat' dir='ltr'><strong>tribus</strong></span> 
     </span>
    </p>
   </div>
   <div class='ocr_carea' id='block_1_18' title="bbox 816 1628 2410 1703">
    <p class='ocr_par' dir='ltr' id='par_1_18' title="bbox 816 1628 2410 1703">
     <span class='ocr_line' id='line_1_18' title="bbox 816 1628 2410 1703; baseline -0.003 -17"><span class='ocrx_word' id='word_1_133' title='bbox 816 1647 1012 1700; x_wconf 66' lang='lat' dir='ltr'><strong>terrae,</strong></span> <span class='ocrx_word' id='word_1_134' title='bbox 1060 1635 1240 1688; x_wconf 90' lang='lat' dir='ltr'><strong>omnis</strong></span> <span class='ocrx_word' id='word_1_135' title='bbox 1298 1634 1350 1687; x_wconf 90' lang='lat' dir='ltr'><strong>in</strong></span> <span class='ocrx_word' id='word_1_136' title='bbox 1402 1647 1510 1703; x_wconf 92' lang='lat' dir='ltr'><strong>quo</strong></span> <span class='ocrx_word' id='word_1_137' title='bbox 1569 1641 1697 1686; x_wconf 91' lang='lat' dir='ltr'><strong>tunc</strong></span> <span class='ocrx_word' id='word_1_138' title='bbox 1750 1630 1912 1699; x_wconf 87' lang='lat' dir='ltr'><strong>hujus</strong></span> <span class='ocrx_word' id='word_1_139' title='bbox 1958 1629 2226 1684; x_wconf 78' lang='lat' dir='ltr'><strong>salutiferi</strong></span> <span class='ocrx_word' id='word_1_140' title='bbox 2271 1628 2410 1698; x_wconf 90' lang='lat' dir='ltr'><strong>signi</strong></span> 
     </span>
    </p>
   </div>
   <div class='ocr_carea' id='block_1_19' title="bbox 817 1718 2413 1795">
    <p class='ocr_par' dir='ltr' id='par_1_19' title="bbox 817 1718 2413 1795">
     <span class='ocr_line' id='line_1_19' title="bbox 817 1718 2413 1795; baseline -0.005 -17"><span class='ocrx_word' id='word_1_141' title='bbox 817 1723 989 1795; x_wconf 88' lang='lat' dir='ltr'><strong>figura</strong></span> <span class='ocrx_word' id='word_1_142' title='bbox 1019 1738 1126 1779; x_wconf 89' lang='lat' dir='ltr'><strong>non</strong></span> <span class='ocrx_word' id='word_1_143' title='bbox 1150 1723 1418 1786; x_wconf 83' lang='lat' dir='ltr'><strong>cernitur,</strong></span> <span class='ocrx_word' id='word_1_144' title='bbox 1442 1721 1591 1776; x_wconf 90' lang='lat' dir='ltr'><strong>velut</strong></span> <span class='ocrx_word' id='word_1_145' title='bbox 1628 1729 1924 1774; x_wconf 88' lang='lat' dir='ltr'><strong>extraneus</strong></span> <span class='ocrx_word' id='word_1_146' title='bbox 1950 1728 2006 1773; x_wconf 88' lang='lat' dir='ltr'><strong>et</strong></span> <span class='ocrx_word' id='word_1_147' title='bbox 2032 1718 2246 1789; x_wconf 90' lang='lat' dir='ltr'><strong>ignotus</strong></span> <span class='ocrx_word' id='word_1_148' title='bbox 2272 1719 2413 1772; x_wconf 90' lang='lat' dir='ltr'><strong>inter</strong></span> 
     </span>
    </p>
   </div>
   <div class='ocr_carea' id='block_1_20' title="bbox 2511 530 4117 604">
    <p class='ocr_par' dir='ltr' id='par_1_20' title="bbox 2511 530 4117 604">
     <span class='ocr_line' id='line_1_20' title="bbox 2511 530 4117 604; baseline -0.006 -10"><span class='ocrx_word' id='word_1_149' title='bbox 2511 537 2811 594; x_wconf 87' lang='lat' dir='ltr'><strong>sustinere!</strong></span> <span class='ocrx_word' id='word_1_150' title='bbox 2843 535 2888 591; x_wconf 99' lang='lat'><strong>0</strong></span> <span class='ocrx_word' id='word_1_151' title='bbox 2908 550 3040 589; x_wconf 79' lang='lat' dir='ltr'><strong>crux</strong></span> <span class='ocrx_word' id='word_1_152' title='bbox 3064 533 3257 604; x_wconf 92' lang='lat' dir='ltr'><strong>purior</strong></span> <span class='ocrx_word' id='word_1_153' title='bbox 3277 533 3440 596; x_wconf 89' lang='lat' dir='ltr'><strong>vitro,</strong></span> <span class='ocrx_word' id='word_1_154' title='bbox 3471 530 3793 586; x_wconf 85' lang='lat' dir='ltr'><strong>rutilantior</strong></span> <span class='ocrx_word' id='word_1_155' title='bbox 3819 545 3980 594; x_wconf 73' lang='lat' dir='ltr'><strong>auro,</strong></span> <span class='ocrx_word' id='word_1_156' title='bbox 4001 544 4117 599; x_wconf 74' lang='lat' dir='ltr'><strong>qua</strong></span> 
     </span>
    </p>
   </div>
   <div class='ocr_carea' id='block_1_21' title="bbox 2512 622 4116 704">
    <p class='ocr_par' dir='ltr' id='par_1_21' title="bbox 2512 622 4116 704">
     <span class='ocr_line' id='line_1_21' title="bbox 2512 622 4116 704; baseline -0.004 -22"><span class='ocrx_word' id='word_1_157' title='bbox 2512 639 2770 698; x_wconf 84' lang='lat' dir='ltr'><strong>tanquam</strong></span> <span class='ocrx_word' id='word_1_158' title='bbox 2798 627 3152 682; x_wconf 86' lang='lat' dir='ltr'><strong>vcrnantihus</strong></span> <span class='ocrx_word' id='word_1_159' title='bbox 3171 625 3402 696; x_wconf 90' lang='lat' dir='ltr'><strong>gemmis</strong></span> <span class='ocrx_word' id='word_1_160' title='bbox 3424 623 3836 704; x_wconf 71' lang='lat' dir='ltr'><strong>etmargaritis,</strong></span> <span class='ocrx_word' id='word_1_161' title='bbox 3859 622 4116 676; x_wconf 86' lang='lat' dir='ltr'><strong>membris</strong></span> 
     </span>
    </p>
   </div>
   <div class='ocr_carea' id='block_1_22' title="bbox 2510 715 4118 779">
    <p class='ocr_par' dir='ltr' id='par_1_22' title="bbox 2510 715 4118 779">
     <span class='ocr_line' id='line_1_22' title="bbox 2510 715 4118 779; baseline -0.004 -4"><span class='ocrx_word' id='word_1_162' title='bbox 2510 731 2704 776; x_wconf 86' lang='lat' dir='ltr'><strong>ornata</strong></span> <span class='ocrx_word' id='word_1_163' title='bbox 2732 737 2793 776; x_wconf 88' lang='lat' dir='ltr'><strong>es</strong></span> <span class='ocrx_word' id='word_1_164' title='bbox 2816 718 3159 775; x_wconf 82' lang='lat' dir='ltr'><strong>Salvatoris!</strong></span> <span class='ocrx_word' id='word_1_165' title='bbox 3210 718 3256 774; x_wconf 94' lang='lat'><strong>0</strong></span> <span class='ocrx_word' id='word_1_166' title='bbox 3304 733 3439 772; x_wconf 88' lang='lat' dir='ltr'><strong>crux</strong></span> <span class='ocrx_word' id='word_1_167' title='bbox 3488 716 3614 770; x_wconf 88' lang='lat' dir='ltr'><strong>luna</strong></span> <span class='ocrx_word' id='word_1_168' title='bbox 3659 716 3982 779; x_wconf 86' lang='lat' dir='ltr'><strong>micantior,</strong></span> <span class='ocrx_word' id='word_1_169' title='bbox 4012 715 4118 770; x_wconf 85' lang='lat' dir='ltr'><strong>sole</strong></span> 
     </span>
    </p>
   </div>
   <div class='ocr_carea' id='block_1_23' title="bbox 2511 806 4116 882">
    <p class='ocr_par' dir='ltr' id='par_1_23' title="bbox 2511 806 4116 882">
     <span class='ocr_line' id='line_1_23' title="bbox 2511 806 4116 882; baseline -0.005 -16"><span class='ocrx_word' id='word_1_170' title='bbox 2511 811 2868 882; x_wconf 89' lang='lat' dir='ltr'><strong>splendidior,</strong></span> <span class='ocrx_word' id='word_1_171' title='bbox 2931 825 3051 879; x_wconf 68' lang='lat' dir='ltr'><strong>qua:</strong></span> <span class='ocrx_word' id='word_1_172' title='bbox 3072 825 3184 879; x_wconf 70' lang='lat' dir='ltr'><strong>prae</strong></span> <span class='ocrx_word' id='word_1_173' title='bbox 3232 808 3397 864; x_wconf 80' lang='lat' dir='ltr'><strong>divini</strong></span> <span class='ocrx_word' id='word_1_174' title='bbox 3447 807 3829 878; x_wconf 90' lang='lat' dir='ltr'><strong>magnitudine</strong></span> <span class='ocrx_word' id='word_1_175' title='bbox 3882 806 4116 870; x_wconf 89' lang='lat' dir='ltr'><strong>luminis,</strong></span> 
     </span>
    </p>
   </div>
   <div class='ocr_carea' id='block_1_24' title="bbox 2513 894 4118 970">
    <p class='ocr_par' dir='ltr' id='par_1_24' title="bbox 2513 894 4118 970">
     <span class='ocr_line' id='line_1_24' title="bbox 2513 894 4118 970; baseline -0.004 -13"><span class='ocrx_word' id='word_1_176' title='bbox 2513 901 2797 957; x_wconf 86' lang='lat' dir='ltr'><strong>stellarum</strong></span> <span class='ocrx_word' id='word_1_177' title='bbox 2816 899 3006 970; x_wconf 89' lang='lat' dir='ltr'><strong>jubar,</strong></span> <span class='ocrx_word' id='word_1_178' title='bbox 3029 909 3085 953; x_wconf 92' lang='lat' dir='ltr'><strong>et</strong></span> <span class='ocrx_word' id='word_1_179' title='bbox 3111 897 3292 954; x_wconf 88' lang='lat' dir='ltr'><strong>omnia</strong></span> <span class='ocrx_word' id='word_1_180' title='bbox 3340 898 3466 953; x_wconf 77' lang='lat' dir='ltr'><strong>cteli</strong></span> <span class='ocrx_word' id='word_1_181' title='bbox 3517 902 3665 952; x_wconf 81' lang='lat' dir='ltr'><strong>astra</strong></span> <span class='ocrx_word' id='word_1_182' title='bbox 3701 897 4004 967; x_wconf 70' lang='lat' dir='ltr'><strong>prtecedis!</strong></span> <span class='ocrx_word' id='word_1_183' title='bbox 4042 894 4118 950; x_wconf 84' lang='lat' dir='ltr'><strong>Tu</strong></span> 
     </span>
    </p>
   </div>
   <div class='ocr_carea' id='block_1_25' title="bbox 2511 987 4121 1072">
    <p class='ocr_par' dir='ltr' id='par_1_25' title="bbox 2511 987 4121 1072">
     <span class='ocr_line' id='line_1_25' title="bbox 2511 987 4121 1072; baseline -0.004 -25"><span class='ocrx_word' id='word_1_184' title='bbox 2511 993 2624 1047; x_wconf 82' lang='lat' dir='ltr'><strong>sola</strong></span> <span class='ocrx_word' id='word_1_185' title='bbox 2649 992 2791 1048; x_wconf 90' lang='lat' dir='ltr'><strong>inter</strong></span> <span class='ocrx_word' id='word_1_186' title='bbox 2809 992 2989 1072; x_wconf 77' lang='lat' dir='ltr'><strong>omnia</strong></span> <span class='ocrx_word' id='word_1_187' title='bbox 3018 990 3160 1060; x_wconf 87' lang='lat' dir='ltr'><strong>ligna</strong></span> <span class='ocrx_word' id='word_1_188' title='bbox 3191 989 3453 1044; x_wconf 81' lang='lat' dir='ltr'><strong>silvarum</strong></span> <span class='ocrx_word' id='word_1_189' title='bbox 3479 987 3654 1043; x_wconf 90' lang='lat' dir='ltr'><strong>electa</strong></span> <span class='ocrx_word' id='word_1_190' title='bbox 3681 1003 3744 1042; x_wconf 90' lang='lat' dir='ltr'><strong>es</strong></span> <span class='ocrx_word' id='word_1_191' title='bbox 3775 989 3848 1042; x_wconf 92' lang='lat' dir='ltr'><strong>ad</strong></span> <span class='ocrx_word' id='word_1_192' title='bbox 3871 987 4121 1041; x_wconf 67' lang='lat' dir='ltr'><strong>humana</strong></span> 
     </span>
    </p>
   </div>
   <div class='ocr_carea' id='block_1_26' title="bbox 2513 1079 4123 1154">
    <p class='ocr_par' dir='ltr' id='par_1_26' title="bbox 2513 1079 4123 1154">
     <span class='ocr_line' id='line_1_26' title="bbox 2513 1079 4123 1154; baseline 0.002 -18"><span class='ocrx_word' id='word_1_193' title='bbox 2513 1081 2902 1152; x_wconf 76' lang='lat' dir='ltr'><strong>redemptionis</strong></span> <span class='ocrx_word' id='word_1_194' title='bbox 2948 1079 3208 1136; x_wconf 80' lang='lat' dir='ltr'><strong>officium.</strong></span> <span class='ocrx_word' id='word_1_195' title='bbox 3271 1081 3352 1138; x_wconf 82' lang='lat' dir='ltr'><strong>Tu</strong></span> <span class='ocrx_word' id='word_1_196' title='bbox 3407 1085 3620 1154; x_wconf 89' lang='lat' dir='ltr'><strong>pondus</strong></span> <span class='ocrx_word' id='word_1_197' title='bbox 3658 1082 3791 1140; x_wconf 92' lang='lat' dir='ltr'><strong>illud</strong></span> <span class='ocrx_word' id='word_1_198' title='bbox 3851 1084 4123 1140; x_wconf 71' lang='lat' dir='ltr'><strong>sustinere</strong></span> 
     </span>
    </p>
   </div>
   <div class='ocr_carea' id='block_1_27' title="bbox 2512 1172 4118 1243">
    <p class='ocr_par' dir='ltr' id='par_1_27' title="bbox 2512 1172 4118 1243">
     <span class='ocr_line' id='line_1_27' title="bbox 2512 1172 4118 1243; baseline 0.001 -14"><span class='ocrx_word' id='word_1_199' title='bbox 2512 1173 2780 1238; x_wconf 86' lang='lat' dir='ltr'><strong>meruisti,</strong></span> <span class='ocrx_word' id='word_1_200' title='bbox 2810 1172 2964 1242; x_wconf 77' lang='lat' dir='ltr'><strong>cujus</strong></span> <span class='ocrx_word' id='word_1_201' title='bbox 3002 1175 3205 1229; x_wconf 82' lang='lat' dir='ltr'><strong>virtute</strong></span> <span class='ocrx_word' id='word_1_202' title='bbox 3247 1175 3447 1231; x_wconf 78' lang='lat' dir='ltr'><strong>etelum</strong></span> <span class='ocrx_word' id='word_1_203' title='bbox 3499 1175 3762 1243; x_wconf 77' lang='lat' dir='ltr'><strong>volvitur,</strong></span> <span class='ocrx_word' id='word_1_204' title='bbox 3802 1186 3955 1231; x_wconf 91' lang='lat' dir='ltr'><strong>terra</strong></span> <span class='ocrx_word' id='word_1_205' title='bbox 3992 1190 4118 1230; x_wconf 88' lang='lat' dir='ltr'><strong>sus-</strong></span> 
     </span>
    </p>
   </div>
   <div class='ocr_carea' id='block_1_28' title="bbox 2510 1262 4121 1334">
    <p class='ocr_par' dir='ltr' id='par_1_28' title="bbox 2510 1262 4121 1334">
     <span class='ocr_line' id='line_1_28' title="bbox 2510 1262 4121 1334; baseline 0.001 -19"><span class='ocrx_word' id='word_1_206' title='bbox 2510 1262 2794 1333; x_wconf 87' lang='lat' dir='ltr'><strong>penditur,</strong></span> <span class='ocrx_word' id='word_1_207' title='bbox 2824 1272 2884 1318; x_wconf 90' lang='lat' dir='ltr'><strong>et</strong></span> <span class='ocrx_word' id='word_1_208' title='bbox 2926 1263 3180 1317; x_wconf 89' lang='lat' dir='ltr'><strong>universa</strong></span> <span class='ocrx_word' id='word_1_209' title='bbox 3213 1265 3400 1319; x_wconf 91' lang='lat' dir='ltr'><strong>mundi</strong></span> <span class='ocrx_word' id='word_1_210' title='bbox 3431 1265 3684 1319; x_wconf 86' lang='lat' dir='ltr'><strong>machina</strong></span> <span class='ocrx_word' id='word_1_211' title='bbox 3716 1280 4002 1334; x_wconf 91' lang='lat' dir='ltr'><strong>nunquam</strong></span> <span class='ocrx_word' id='word_1_212' title='bbox 4034 1279 4121 1317; x_wconf 84' lang='lat' dir='ltr'><strong>ca-</strong></span> 
     </span>
    </p>
   </div>
   <div class='ocr_carea' id='block_1_29' title="bbox 2510 1356 4121 1428">
    <p class='ocr_par' dir='ltr' id='par_1_29' title="bbox 2510 1356 4121 1428">
     <span class='ocr_line' id='line_1_29' title="bbox 2510 1356 4121 1428; baseline -0.001 -16"><span class='ocrx_word' id='word_1_213' title='bbox 2510 1371 2637 1412; x_wconf 86' lang='lat' dir='ltr'><strong>sura</strong></span> <span class='ocrx_word' id='word_1_214' title='bbox 2665 1356 2916 1412; x_wconf 82' lang='lat' dir='ltr'><strong>libratur.</strong></span> <span class='ocrx_word' id='word_1_215' title='bbox 2953 1357 3031 1412; x_wconf 85' lang='lat' dir='ltr'><strong>Te</strong></span> <span class='ocrx_word' id='word_1_216' title='bbox 3082 1365 3288 1412; x_wconf 84' lang='lat' dir='ltr'><strong>tartara</strong></span> <span class='ocrx_word' id='word_1_217' title='bbox 3330 1371 3602 1422; x_wconf 73' lang='lat' dir='ltr'><strong>metuunt.</strong></span> <span class='ocrx_word' id='word_1_218' title='bbox 3630 1359 3811 1428; x_wconf 87' lang='lat' dir='ltr'><strong>angeli</strong></span> <span class='ocrx_word' id='word_1_219' title='bbox 3856 1372 4121 1413; x_wconf 62' lang='lat' dir='ltr'><strong>venerant</strong></span> 
     </span>
    </p>
   </div>
   <div class='ocr_carea' id='block_1_30' title="bbox 2513 1447 3681 1512">
    <p class='ocr_par' dir='ltr' id='par_1_30' title="bbox 2513 1447 3681 1512">
     <span class='ocr_line' id='line_1_30' title="bbox 2513 1447 3681 1512; baseline 0.003 -13"><span class='ocrx_word' id='word_1_220' title='bbox 2513 1456 2619 1512; x_wconf 92' lang='lat' dir='ltr'><strong>tur,</strong></span> <span class='ocrx_word' id='word_1_221' title='bbox 2648 1456 2704 1502; x_wconf 91' lang='lat' dir='ltr'><strong>et</strong></span> <span class='ocrx_word' id='word_1_222' title='bbox 2727 1447 2905 1502; x_wconf 91' lang='lat' dir='ltr'><strong>omnis</strong></span> <span class='ocrx_word' id='word_1_223' title='bbox 2937 1462 3118 1502; x_wconf 89' lang='lat' dir='ltr'><strong>rerum</strong></span> <span class='ocrx_word' id='word_1_224' title='bbox 3143 1458 3394 1504; x_wconf 80' lang='lat' dir='ltr'><strong>creatura</strong></span> <span class='ocrx_word' id='word_1_225' title='bbox 3426 1449 3681 1506; x_wconf 82' lang='lat' dir='ltr'><strong>miratur.</strong></span> 
     </span>
    </p>
   </div>
   <div class='ocr_carea' id='block_1_31' title="bbox 2582 1539 4125 1611">
    <p class='ocr_par' dir='ltr' id='par_1_31' title="bbox 2582 1539 4125 1611">
     <span class='ocr_line' id='line_1_31' title="bbox 2582 1539 4125 1611; baseline 0.001 -17"><span class='ocrx_word' id='word_1_226' title='bbox 2582 1539 2628 1594; x_wconf 95' lang='lat'><strong>0</strong></span> <span class='ocrx_word' id='word_1_227' title='bbox 2654 1554 2779 1594; x_wconf 88' lang='lat' dir='ltr'><strong>vere</strong></span> <span class='ocrx_word' id='word_1_228' title='bbox 2809 1539 3004 1594; x_wconf 87' lang='lat' dir='ltr'><strong>nobilis</strong></span> <span class='ocrx_word' id='word_1_229' title='bbox 3035 1541 3221 1605; x_wconf 86' lang='lat' dir='ltr'><strong>arbor,</strong></span> <span class='ocrx_word' id='word_1_230' title='bbox 3249 1556 3370 1611; x_wconf 70' lang='lat' dir='ltr'><strong>qua:</strong></span> <span class='ocrx_word' id='word_1_231' title='bbox 3413 1543 3482 1596; x_wconf 91' lang='lat' dir='ltr'><strong>de</strong></span> <span class='ocrx_word' id='word_1_232' title='bbox 3533 1553 3756 1597; x_wconf 89' lang='lat' dir='ltr'><strong>terreno</strong></span> <span class='ocrx_word' id='word_1_233' title='bbox 3785 1542 4011 1611; x_wconf 86' lang='lat' dir='ltr'><strong>quidem</strong></span> <span class='ocrx_word' id='word_1_234' title='bbox 4035 1555 4125 1595; x_wconf 56' lang='lat' dir='ltr'><strong>oce</strong></span> 
     </span>
    </p>
   </div>
   <div class='ocr_carea' id='block_1_32' title="bbox 2511 1630 4120 1700">
    <p class='ocr_par' dir='ltr' id='par_1_32' title="bbox 2511 1630 4120 1700">
     <span class='ocr_line' id='line_1_32' title="bbox 2511 1630 4120 1700; baseline 0.001 -16"><span class='ocrx_word' id='word_1_235' title='bbox 2511 1630 2654 1698; x_wconf 89' lang='lat' dir='ltr'><strong>spite</strong></span> <span class='ocrx_word' id='word_1_236' title='bbox 2681 1639 2802 1684; x_wconf 90' lang='lat' dir='ltr'><strong>orta</strong></span> <span class='ocrx_word' id='word_1_237' title='bbox 2837 1630 3089 1698; x_wconf 86' lang='lat' dir='ltr'><strong>procedis</strong></span> <span class='ocrx_word' id='word_1_238' title='bbox 3114 1669 3129 1695; x_wconf 89' lang='lat'><strong>,</strong></span> <span class='ocrx_word' id='word_1_239' title='bbox 3175 1631 3268 1685; x_wconf 90' lang='lat' dir='ltr'><strong>sed</strong></span> <span class='ocrx_word' id='word_1_240' title='bbox 3297 1645 3463 1700; x_wconf 86' lang='lat' dir='ltr'><strong>super</strong></span> <span class='ocrx_word' id='word_1_241' title='bbox 3486 1641 3636 1685; x_wconf 88' lang='lat' dir='ltr'><strong>astra</strong></span> <span class='ocrx_word' id='word_1_242' title='bbox 3661 1631 3786 1686; x_wconf 72' lang='lat' dir='ltr'><strong>caeli</strong></span> <span class='ocrx_word' id='word_1_243' title='bbox 3815 1630 4005 1686; x_wconf 82' lang='lat' dir='ltr'><strong>felices</strong></span> <span class='ocrx_word' id='word_1_244' title='bbox 4032 1646 4120 1685; x_wconf 88' lang='lat' dir='ltr'><strong>ra-</strong></span> 
     </span>
    </p>
   </div>
   <div class='ocr_carea' id='block_1_33' title="bbox 2515 1717 4124 1792">
    <p class='ocr_par' dir='ltr' id='par_1_33' title="bbox 2515 1717 4124 1792">
     <span class='ocr_line' id='line_1_33' title="bbox 2515 1717 4124 1792; baseline 0.002 -20"><span class='ocrx_word' id='word_1_245' title='bbox 2515 1732 2634 1772; x_wconf 88' lang='lat' dir='ltr'><strong>mos</strong></span> <span class='ocrx_word' id='word_1_246' title='bbox 2664 1717 2928 1788; x_wconf 88' lang='lat' dir='ltr'><strong>expandis</strong></span> <span class='ocrx_word' id='word_1_247' title='bbox 2953 1718 2967 1771; x_wconf 86' lang='lat' dir='ltr'><strong>l</strong></span> <span class='ocrx_word' id='word_1_248' title='bbox 2997 1717 3139 1774; x_wconf 90' lang='lat' dir='ltr'><strong>Olim</strong></span> <span class='ocrx_word' id='word_1_249' title='bbox 3170 1719 3391 1789; x_wconf 84' lang='lat' dir='ltr'><strong>quidem</strong></span> <span class='ocrx_word' id='word_1_250' title='bbox 3437 1720 3650 1775; x_wconf 91' lang='lat' dir='ltr'><strong>fructus</strong></span> <span class='ocrx_word' id='word_1_251' title='bbox 3687 1731 3812 1776; x_wconf 90' lang='lat' dir='ltr'><strong>tuus</strong></span> <span class='ocrx_word' id='word_1_252' title='bbox 3858 1722 4124 1792; x_wconf 70' lang='lat' dir='ltr'><strong>gehenna</strong></span> 
     </span>
    </p>
   </div>
   <div class='ocr_carea' id='block_1_34' title="bbox 817 1807 4126 1884">
    <p class='ocr_par' dir='ltr' id='par_1_34' title="bbox 817 1807 4126 1884">
     <span class='ocr_line' id='line_1_34' title="bbox 817 1807 4126 1884; baseline -0.002 -16"><span class='ocrx_word' id='word_1_253' title='bbox 817 1815 1096 1884; x_wconf 86' lang='lat' dir='ltr'><strong>reprobos,</strong></span> <span class='ocrx_word' id='word_1_254' title='bbox 1113 1812 1326 1880; x_wconf 90' lang='lat' dir='ltr'><strong>justitia</strong></span> <span class='ocrx_word' id='word_1_255' title='bbox 1353 1811 1517 1883; x_wconf 62' lang='lat'><strong>356</strong></span> <span class='ocrx_word' id='word_1_256' title='bbox 1545 1810 1803 1874; x_wconf 92' lang='lat' dir='ltr'><strong>dictante,</strong></span> <span class='ocrx_word' id='word_1_257' title='bbox 1835 1807 2115 1878; x_wconf 83' lang='lat' dir='ltr'><strong>repellitur</strong></span> <span class='ocrx_word' id='word_1_258' title='bbox 2150 1825 2166 1862; x_wconf 75' lang='grc' dir='ltr'><strong><em>ι</em></strong></span> <span class='ocrx_word' id='word_1_259' title='bbox 2194 1808 2283 1876; x_wconf 94' lang='lat' dir='ltr'><strong>qui</strong></span> <span class='ocrx_word' id='word_1_260' title='bbox 2313 1823 2412 1862; x_wconf 90' lang='lat' dir='ltr'><strong>au-</strong></span> <span class='ocrx_word' id='word_1_261' title='bbox 2442 1809 2491 1869; x_wconf 81' lang='grc' dir='ltr'><strong>Β</strong></span> <span class='ocrx_word' id='word_1_262' title='bbox 2517 1816 2640 1861; x_wconf 88' lang='lat' dir='ltr'><strong>erat</strong></span> <span class='ocrx_word' id='word_1_263' title='bbox 2684 1807 2954 1863; x_wconf 87' lang='lat' dir='ltr'><strong>obnoxius</strong></span> <span class='ocrx_word' id='word_1_264' title='bbox 2978 1848 2993 1873; x_wconf 91' lang='lat'><strong>,</strong></span> <span class='ocrx_word' id='word_1_265' title='bbox 3027 1819 3157 1863; x_wconf 87' lang='lat' dir='ltr'><strong>tunc</strong></span> <span class='ocrx_word' id='word_1_266' title='bbox 3203 1810 3400 1864; x_wconf 88' lang='lat' dir='ltr'><strong>cedros</strong></span> <span class='ocrx_word' id='word_1_267' title='bbox 3441 1811 3720 1880; x_wconf 88' lang='lat' dir='ltr'><strong>germinas</strong></span> <span class='ocrx_word' id='word_1_268' title='bbox 3748 1811 4042 1878; x_wconf 84' lang='lat' dir='ltr'><strong>paradiso;</strong></span> <span class='ocrx_word' id='word_1_269' title='bbox 4070 1818 4126 1863; x_wconf 90' lang='lat' dir='ltr'><strong>et</strong></span> 
     </span>
    </p>
   </div>
   <div class='ocr_carea' id='block_1_35' title="bbox 818 1898 2414 1970">
    <p class='ocr_par' dir='ltr' id='par_1_35' title="bbox 818 1898 2414 1970">
     <span class='ocr_line' id='line_1_35' title="bbox 818 1898 2414 1970; baseline -0.003 -14"><span class='ocrx_word' id='word_1_270' title='bbox 818 1913 926 1956; x_wconf 87' lang='lat' dir='ltr'><strong>tem</strong></span> <span class='ocrx_word' id='word_1_271' title='bbox 959 1901 1120 1970; x_wconf 84' lang='lat' dir='ltr'><strong>hujus</strong></span> <span class='ocrx_word' id='word_1_272' title='bbox 1153 1902 1319 1957; x_wconf 81' lang='lat' dir='ltr'><strong>divini</strong></span> <span class='ocrx_word' id='word_1_273' title='bbox 1361 1901 1501 1956; x_wconf 92' lang='lat' dir='ltr'><strong>tituli</strong></span> <span class='ocrx_word' id='word_1_274' title='bbox 1549 1900 1897 1970; x_wconf 89' lang='lat' dir='ltr'><strong>reperiuntur</strong></span> <span class='ocrx_word' id='word_1_275' title='bbox 1955 1899 2312 1968; x_wconf 79' lang='lat' dir='ltr'><strong>impressione</strong></span> <span class='ocrx_word' id='word_1_276' title='bbox 2339 1898 2414 1952; x_wconf 88' lang='lat' dir='ltr'><strong>si-</strong></span> 
     </span>
    </p>
   </div>
   <div class='ocr_carea' id='block_1_36' title="bbox 817 1988 2413 2062">
    <p class='ocr_par' dir='ltr' id='par_1_36' title="bbox 817 1988 2413 2062">
     <span class='ocr_line' id='line_1_36' title="bbox 817 1988 2413 2062; baseline -0.001 -16"><span class='ocrx_word' id='word_1_277' title='bbox 817 1992 988 2062; x_wconf 83' lang='lat' dir='ltr'><strong>gnati,</strong></span> <span class='ocrx_word' id='word_1_278' title='bbox 1021 1991 1145 2062; x_wconf 85' lang='lat' dir='ltr'><strong>quia</strong></span> <span class='ocrx_word' id='word_1_279' title='bbox 1176 1991 1560 2062; x_wconf 85' lang='lat' dir='ltr'><strong>Redemptoris</strong></span> <span class='ocrx_word' id='word_1_280' title='bbox 1580 1990 1662 2044; x_wconf 91' lang='lat' dir='ltr'><strong>sui</strong></span> <span class='ocrx_word' id='word_1_281' title='bbox 1683 1988 1810 2044; x_wconf 89' lang='lat' dir='ltr'><strong>facti</strong></span> <span class='ocrx_word' id='word_1_282' title='bbox 1859 1997 1983 2043; x_wconf 90' lang='lat' dir='ltr'><strong>sunt</strong></span> <span class='ocrx_word' id='word_1_283' title='bbox 2010 1989 2314 2044; x_wconf 85' lang='lat' dir='ltr'><strong>imitatores</strong></span> <span class='ocrx_word' id='word_1_284' title='bbox 2358 1991 2413 2046; x_wconf 91' lang='lat' dir='ltr'><strong>in</strong></span> 
     </span>
    </p>
   </div>
   <div class='ocr_carea' id='block_1_37' title="bbox 821 2077 2418 2151">
    <p class='ocr_par' dir='ltr' id='par_1_37' title="bbox 821 2077 2418 2151">
     <span class='ocr_line' id='line_1_37' title="bbox 821 2077 2418 2151; baseline 0.001 -18"><span class='ocrx_word' id='word_1_285' title='bbox 821 2095 1008 2150; x_wconf 69' lang='lat' dir='ltr'><strong>pirus,</strong></span> <span class='ocrx_word' id='word_1_286' title='bbox 1034 2090 1160 2135; x_wconf 91' lang='lat' dir='ltr'><strong>tunc</strong></span> <span class='ocrx_word' id='word_1_287' title='bbox 1182 2079 1356 2136; x_wconf 88' lang='lat' dir='ltr'><strong>eidem</strong></span> <span class='ocrx_word' id='word_1_288' title='bbox 1379 2079 1556 2136; x_wconf 76' lang='lat' dir='ltr'><strong>Judici</strong></span> <span class='ocrx_word' id='word_1_289' title='bbox 1577 2078 1874 2150; x_wconf 85' lang='lat' dir='ltr'><strong>participes</strong></span> <span class='ocrx_word' id='word_1_290' title='bbox 1899 2077 2202 2134; x_wconf 76' lang='lat' dir='ltr'><strong>eﬂicientur</strong></span> <span class='ocrx_word' id='word_1_291' title='bbox 2222 2079 2279 2134; x_wconf 92' lang='lat' dir='ltr'><strong>in</strong></span> <span class='ocrx_word' id='word_1_292' title='bbox 2299 2079 2418 2151; x_wconf 78' lang='lat' dir='ltr'><strong>glo-</strong></span> 
     </span>
    </p>
   </div>
   <div class='ocr_carea' id='block_1_38' title="bbox 828 2185 930 2224">
    <p class='ocr_par' dir='ltr' id='par_1_38' title="bbox 828 2185 930 2224">
     <span class='ocr_line' id='line_1_38' title="bbox 828 2185 930 2224; baseline -0.02 0"><span class='ocrx_word' id='word_1_293' title='bbox 828 2185 930 2224; x_wconf 88' lang='lat' dir='ltr'><strong>rta.</strong></span> 
     </span>
    </p>
   </div>
   <div class='ocr_carea' id='block_1_39' title="bbox 891 2257 2415 2330">
    <p class='ocr_par' dir='ltr' id='par_1_39' title="bbox 891 2257 2415 2330">
     <span class='ocr_line' id='line_1_39' title="bbox 891 2257 2415 2330; baseline 0.003 -18"><span class='ocrx_word' id='word_1_294' title='bbox 891 2257 1041 2313; x_wconf 84' lang='lat' dir='ltr'><strong>Tunc</strong></span> <span class='ocrx_word' id='word_1_295' title='bbox 1065 2258 1248 2329; x_wconf 89' lang='lat' dir='ltr'><strong>itaque</strong></span> <span class='ocrx_word' id='word_1_296' title='bbox 1273 2259 1364 2314; x_wconf 86' lang='lat' dir='ltr'><strong>flet</strong></span> <span class='ocrx_word' id='word_1_297' title='bbox 1392 2260 1536 2329; x_wconf 91' lang='lat' dir='ltr'><strong>quod</strong></span> <span class='ocrx_word' id='word_1_298' title='bbox 1566 2258 1860 2330; x_wconf 83' lang='lat' dir='ltr'><strong>Apostolus</strong></span> <span class='ocrx_word' id='word_1_299' title='bbox 1909 2260 2016 2314; x_wconf 88' lang='lat' dir='ltr'><strong>ait:</strong></span> <span class='ocrx_word' id='word_1_300' title='bbox 2048 2278 2067 2312; x_wconf 69' lang='grc' dir='ltr'><em>ς</em></span> <span class='ocrx_word' id='word_1_301' title='bbox 2123 2258 2261 2328; x_wconf 83' lang='lat' dir='ltr'><strong>Quia</strong></span> <span class='ocrx_word' id='word_1_302' title='bbox 2289 2276 2415 2317; x_wconf 92' lang='lat' dir='ltr'><strong>cum</strong></span> 
     </span>
    </p>
   </div>
   <div class='ocr_carea' id='block_1_40' title="bbox 821 2351 2419 2422">
    <p class='ocr_par' dir='ltr' id='par_1_40' title="bbox 821 2351 2419 2422">
     <span class='ocr_line' id='line_1_40' title="bbox 821 2351 2419 2422; baseline 0.005 -18"><span class='ocrx_word' id='word_1_303' title='bbox 821 2351 1112 2406; x_wconf 85' lang='lat' dir='ltr'><strong>tradiderit</strong></span> <span class='ocrx_word' id='word_1_304' title='bbox 1135 2367 1358 2422; x_wconf 87' lang='lat' dir='ltr'><strong>regnum</strong></span> <span class='ocrx_word' id='word_1_305' title='bbox 1382 2353 1494 2408; x_wconf 86' lang='lat' dir='ltr'><strong>Deo</strong></span> <span class='ocrx_word' id='word_1_306' title='bbox 1521 2353 1694 2419; x_wconf 82' lang='lat' dir='ltr'><strong>Patri,</strong></span> <span class='ocrx_word' id='word_1_307' title='bbox 1731 2370 1855 2410; x_wconf 90' lang='lat' dir='ltr'><strong>cum</strong></span> <span class='ocrx_word' id='word_1_308' title='bbox 1905 2360 2259 2414; x_wconf 86' lang='lat' dir='ltr'><strong>evacuaverit</strong></span> <span class='ocrx_word' id='word_1_309' title='bbox 2300 2373 2419 2412; x_wconf 54' lang='lat' dir='ltr'><strong>omo</strong></span> 
     </span>
    </p>
   </div>
   <div class='ocr_carea' id='block_1_41' title="bbox 822 2442 2416 2516">
    <p class='ocr_par' dir='ltr' id='par_1_41' title="bbox 822 2442 2416 2516">
     <span class='ocr_line' id='line_1_41' title="bbox 822 2442 2416 2516; baseline 0.005 -20"><span class='ocrx_word' id='word_1_310' title='bbox 822 2456 948 2496; x_wconf 82' lang='lat' dir='ltr'><strong>nem</strong></span> <span class='ocrx_word' id='word_1_311' title='bbox 978 2442 1360 2511; x_wconf 88' lang='lat' dir='ltr'><strong>principatum,</strong></span> <span class='ocrx_word' id='word_1_312' title='bbox 1389 2452 1444 2498; x_wconf 91' lang='lat' dir='ltr'><strong>et</strong></span> <span class='ocrx_word' id='word_1_313' title='bbox 1465 2459 1684 2500; x_wconf 91' lang='lat' dir='ltr'><strong>omnem</strong></span> <span class='ocrx_word' id='word_1_314' title='bbox 1699 2455 2045 2516; x_wconf 87' lang='lat' dir='ltr'><strong>potestatem.</strong></span> <span class='ocrx_word' id='word_1_315' title='bbox 2066 2450 2416 2516; x_wconf 73' lang='lat' dir='ltr'><strong>etvirtutem,</strong></span> 
     </span>
    </p>
   </div>
   <div class='ocr_carea' id='block_1_42' title="bbox 819 2531 2418 2608">
    <p class='ocr_par' dir='ltr' id='par_1_42' title="bbox 819 2531 2418 2608">
     <span class='ocr_line' id='line_1_42' title="bbox 819 2531 2418 2608; baseline 0.004 -21"><span class='ocrx_word' id='word_1_316' title='bbox 819 2531 1123 2588; x_wconf 69' lang='lat' dir='ltr'><strong>azvissima</strong></span> <span class='ocrx_word' id='word_1_317' title='bbox 1150 2532 1462 2589; x_wconf 86' lang='lat' dir='ltr'><strong>destruetur</strong></span> <span class='ocrx_word' id='word_1_318' title='bbox 1493 2549 1640 2591; x_wconf 90' lang='lat' dir='ltr'><strong>mors</strong></span> <span class='ocrx_word' id='word_1_319' title='bbox 1670 2535 1734 2606; x_wconf 91' lang='grc' dir='ltr'><strong>(Ι</strong></span> <span class='ocrx_word' id='word_1_320' title='bbox 1783 2536 1908 2606; x_wconf 73' lang='lat' dir='ltr'><strong>qu.</strong></span> <span class='ocrx_word' id='word_1_321' title='bbox 1936 2538 2063 2608; x_wconf 91' lang='lat' dir='ltr'><strong>xv).</strong></span> <span class='ocrx_word' id='word_1_322' title='bbox 2102 2557 2121 2590; x_wconf 85' lang='grc'><strong>›</strong></span> <span class='ocrx_word' id='word_1_323' title='bbox 2173 2540 2418 2608; x_wconf 82' lang='lat' dir='ltr'><strong>Regnum</strong></span> 
     </span>
    </p>
   </div>
   <div class='ocr_carea' id='block_1_43' title="bbox 821 2619 2417 2698">
    <p class='ocr_par' dir='ltr' id='par_1_43' title="bbox 821 2619 2417 2698">
     <span class='ocr_line' id='line_1_43' title="bbox 821 2619 2417 2698; baseline 0.004 -22"><span class='ocrx_word' id='word_1_324' title='bbox 821 2631 1005 2677; x_wconf 89' lang='lat' dir='ltr'><strong>autem</strong></span> <span class='ocrx_word' id='word_1_325' title='bbox 1049 2619 1198 2678; x_wconf 85' lang='lat' dir='ltr'><strong>Patri</strong></span> <span class='ocrx_word' id='word_1_326' title='bbox 1227 2624 1443 2679; x_wconf 87' lang='lat' dir='ltr'><strong>tradere</strong></span> <span class='ocrx_word' id='word_1_327' title='bbox 1492 2624 1738 2695; x_wconf 90' lang='lat' dir='ltr'><strong>profecto</strong></span> <span class='ocrx_word' id='word_1_328' title='bbox 1767 2627 1903 2681; x_wconf 88' lang='lat' dir='ltr'><strong>nihil</strong></span> <span class='ocrx_word' id='word_1_329' title='bbox 1951 2637 2035 2682; x_wconf 86' lang='lat' dir='ltr'><strong>est</strong></span> <span class='ocrx_word' id='word_1_330' title='bbox 2065 2627 2231 2692; x_wconf 82' lang='lat' dir='ltr'><strong>aliud,</strong></span> <span class='ocrx_word' id='word_1_331' title='bbox 2255 2645 2417 2698; x_wconf 91' lang='lat' dir='ltr'><strong>quam</strong></span> 
     </span>
    </p>
   </div>
   <div class='ocr_carea' id='block_1_44' title="bbox 823 2713 2418 2788">
    <p class='ocr_par' dir='ltr' id='par_1_44' title="bbox 823 2713 2418 2788">
     <span class='ocr_line' id='line_1_44' title="bbox 823 2713 2418 2788; baseline 0.005 -20"><span class='ocrx_word' id='word_1_332' title='bbox 823 2713 1113 2769; x_wconf 83' lang='lat' dir='ltr'><strong>credentes</strong></span> <span class='ocrx_word' id='word_1_333' title='bbox 1140 2713 1193 2768; x_wconf 91' lang='lat' dir='ltr'><strong>in</strong></span> <span class='ocrx_word' id='word_1_334' title='bbox 1222 2729 1282 2769; x_wconf 92' lang='lat' dir='ltr'><strong>se</strong></span> <span class='ocrx_word' id='word_1_335' title='bbox 1333 2715 1399 2768; x_wconf 92' lang='lat' dir='ltr'><strong>ad</strong></span> <span class='ocrx_word' id='word_1_336' title='bbox 1441 2714 1641 2770; x_wconf 66' lang='lat' dir='ltr'><strong>divinat</strong></span> <span class='ocrx_word' id='word_1_337' title='bbox 1685 2717 2162 2788; x_wconf 87' lang='lat' dir='ltr'><strong>contemplationis</strong></span> <span class='ocrx_word' id='word_1_338' title='bbox 2214 2713 2418 2776; x_wconf 79' lang='lat' dir='ltr'><strong>arcana</strong></span> 
     </span>
    </p>
   </div>
   <div class='ocr_carea' id='block_1_45' title="bbox 2514 1896 4125 1968">
    <p class='ocr_par' dir='ltr' id='par_1_45' title="bbox 2514 1896 4125 1968">
     <span class='ocr_line' id='line_1_45' title="bbox 2514 1896 4125 1968; baseline 0 -18"><span class='ocrx_word' id='word_1_339' title='bbox 2514 1897 2622 1950; x_wconf 89' lang='lat' dir='ltr'><strong>vivi</strong></span> <span class='ocrx_word' id='word_1_340' title='bbox 2650 1910 2717 1951; x_wconf 87' lang='lat' dir='ltr'><strong>ex</strong></span> <span class='ocrx_word' id='word_1_341' title='bbox 2749 1906 2801 1951; x_wconf 87' lang='lat' dir='ltr'><strong>te</strong></span> <span class='ocrx_word' id='word_1_342' title='bbox 2841 1897 3049 1966; x_wconf 87' lang='lat' dir='ltr'><strong>lapides</strong></span> <span class='ocrx_word' id='word_1_343' title='bbox 3079 1896 3371 1967; x_wconf 88' lang='lat' dir='ltr'><strong>prodeunt,</strong></span> <span class='ocrx_word' id='word_1_344' title='bbox 3405 1899 3607 1968; x_wconf 85' lang='lat' dir='ltr'><strong>quibus</strong></span> <span class='ocrx_word' id='word_1_345' title='bbox 3638 1914 3889 1968; x_wconf 72' lang='lat' dir='ltr'><strong>superna:</strong></span> <span class='ocrx_word' id='word_1_346' title='bbox 3924 1897 4125 1952; x_wconf 81' lang='lat' dir='ltr'><strong>Hieru-</strong></span> 
     </span>
    </p>
   </div>
   <div class='ocr_carea' id='block_1_46' title="bbox 2514 1985 4124 2056">
    <p class='ocr_par' dir='ltr' id='par_1_46' title="bbox 2514 1985 4124 2056">
     <span class='ocr_line' id='line_1_46' title="bbox 2514 1985 4124 2056; baseline 0 -16"><span class='ocrx_word' id='word_1_347' title='bbox 2514 1986 2684 2040; x_wconf 87' lang='lat' dir='ltr'><strong>salem</strong></span> <span class='ocrx_word' id='word_1_348' title='bbox 2728 1985 2958 2040; x_wconf 64' lang='lat' dir='ltr'><strong>adificia</strong></span> <span class='ocrx_word' id='word_1_349' title='bbox 3011 1995 3425 2041; x_wconf 88' lang='lat' dir='ltr'><strong>construuntur.</strong></span> <span class='ocrx_word' id='word_1_350' title='bbox 3480 1985 3527 2042; x_wconf 90' lang='lat'><strong>0</strong></span> <span class='ocrx_word' id='word_1_351' title='bbox 3579 1988 3740 2042; x_wconf 87' lang='lat' dir='ltr'><strong>beata</strong></span> <span class='ocrx_word' id='word_1_352' title='bbox 3787 2002 3964 2052; x_wconf 90' lang='lat' dir='ltr'><strong>crux,</strong></span> <span class='ocrx_word' id='word_1_353' title='bbox 3994 1987 4124 2056; x_wconf 83' lang='lat' dir='ltr'><strong>quia</strong></span> 
     </span>
    </p>
   </div>
   <div class='ocr_carea' id='block_1_47' title="bbox 2516 2075 4121 2148">
    <p class='ocr_par' dir='ltr' id='par_1_47' title="bbox 2516 2075 4121 2148">
     <span class='ocr_line' id='line_1_47' title="bbox 2516 2075 4121 2148; baseline -0.001 -17"><span class='ocrx_word' id='word_1_354' title='bbox 2516 2091 2640 2131; x_wconf 92' lang='lat' dir='ltr'><strong>cum</strong></span> <span class='ocrx_word' id='word_1_355' title='bbox 2663 2075 2742 2131; x_wconf 89' lang='lat' dir='ltr'><strong>sol</strong></span> <span class='ocrx_word' id='word_1_356' title='bbox 2768 2076 2950 2131; x_wconf 87' lang='lat' dir='ltr'><strong>radios</strong></span> <span class='ocrx_word' id='word_1_357' title='bbox 2975 2075 3360 2142; x_wconf 85' lang='lat' dir='ltr'><strong>absconderet,</strong></span> <span class='ocrx_word' id='word_1_358' title='bbox 3392 2091 3460 2131; x_wconf 90' lang='lat' dir='ltr'><strong>ne</strong></span> <span class='ocrx_word' id='word_1_359' title='bbox 3485 2077 3839 2148; x_wconf 84' lang='lat' dir='ltr'><strong>sacrilegium</strong></span> <span class='ocrx_word' id='word_1_360' title='bbox 3869 2077 4121 2143; x_wconf 83' lang='lat' dir='ltr'><strong>videret;</strong></span> 
     </span>
    </p>
   </div>
   <div class='ocr_carea' id='block_1_48' title="bbox 2516 2166 4125 2237">
    <p class='ocr_par' dir='ltr' id='par_1_48' title="bbox 2516 2166 4125 2237">
     <span class='ocr_line' id='line_1_48' title="bbox 2516 2166 4125 2237; baseline 0.001 -16"><span class='ocrx_word' id='word_1_361' title='bbox 2516 2181 2643 2222; x_wconf 92' lang='lat' dir='ltr'><strong>cum</strong></span> <span class='ocrx_word' id='word_1_362' title='bbox 2678 2174 2822 2220; x_wconf 89' lang='lat' dir='ltr'><strong>terra</strong></span> <span class='ocrx_word' id='word_1_363' title='bbox 2851 2176 3152 2232; x_wconf 86' lang='lat' dir='ltr'><strong>tremeret,</strong></span> <span class='ocrx_word' id='word_1_364' title='bbox 3180 2166 3343 2237; x_wconf 64' lang='lat'><strong>257</strong></span> <span class='ocrx_word' id='word_1_365' title='bbox 3389 2181 3513 2222; x_wconf 90' lang='lat' dir='ltr'><strong>cum</strong></span> <span class='ocrx_word' id='word_1_366' title='bbox 3542 2167 3814 2222; x_wconf 90' lang='lat' dir='ltr'><strong>elementa</strong></span> <span class='ocrx_word' id='word_1_367' title='bbox 3872 2167 4125 2223; x_wconf 81' lang='lat' dir='ltr'><strong>nutantia</strong></span> 
     </span>
    </p>
   </div>
   <div class='ocr_carea' id='block_1_49' title="bbox 2517 2255 4124 2326">
    <p class='ocr_par' dir='ltr' id='par_1_49' title="bbox 2517 2255 4124 2326">
     <span class='ocr_line' id='line_1_49' title="bbox 2517 2255 4124 2326; baseline 0 -15"><span class='ocrx_word' id='word_1_368' title='bbox 2517 2255 2810 2311; x_wconf 78' lang='lat' dir='ltr'><strong>formidine</strong></span> <span class='ocrx_word' id='word_1_369' title='bbox 2835 2255 3193 2326; x_wconf 72' lang='lat' dir='ltr'><strong>palpitat-ent;</strong></span> <span class='ocrx_word' id='word_1_370' title='bbox 3225 2265 3283 2309; x_wconf 92' lang='lat' dir='ltr'><strong>tu</strong></span> <span class='ocrx_word' id='word_1_371' title='bbox 3305 2256 3561 2311; x_wconf 90' lang='lat' dir='ltr'><strong>morienti</strong></span> <span class='ocrx_word' id='word_1_372' title='bbox 3586 2256 3819 2312; x_wconf 88' lang='lat' dir='ltr'><strong>Domino</strong></span> <span class='ocrx_word' id='word_1_373' title='bbox 3841 2257 4124 2312; x_wconf 82' lang='lat' dir='ltr'><strong>individua</strong></span> 
     </span>
    </p>
   </div>
   <div class='ocr_carea' id='block_1_50' title="bbox 2517 2348 4130 2413">
    <p class='ocr_par' dir='ltr' id='par_1_50' title="bbox 2517 2348 4130 2413">
     <span class='ocr_line' id='line_1_50' title="bbox 2517 2348 4130 2413; baseline -0.001 -10"><span class='ocrx_word' id='word_1_374' title='bbox 2517 2348 2764 2404; x_wconf 86' lang='lat' dir='ltr'><strong>meruisti</strong></span> <span class='ocrx_word' id='word_1_375' title='bbox 2793 2361 2979 2404; x_wconf 88' lang='lat' dir='ltr'><strong>comes</strong></span> <span class='ocrx_word' id='word_1_376' title='bbox 3007 2348 3266 2404; x_wconf 85' lang='lat' dir='ltr'><strong>assistere</strong></span> <span class='ocrx_word' id='word_1_377' title='bbox 3295 2387 3311 2413; x_wconf 90' lang='lat'><strong>,</strong></span> <span class='ocrx_word' id='word_1_378' title='bbox 3361 2348 3588 2404; x_wconf 89' lang='lat' dir='ltr'><strong>bracbia</strong></span> <span class='ocrx_word' id='word_1_379' title='bbox 3633 2351 3830 2405; x_wconf 91' lang='lat' dir='ltr'><strong>devota</strong></span> <span class='ocrx_word' id='word_1_380' title='bbox 3879 2350 4130 2404; x_wconf 75' lang='lat' dir='ltr'><strong>subster-</strong></span> 
     </span>
    </p>
   </div>
   <div class='ocr_carea' id='block_1_51' title="bbox 2519 2440 4125 2512">
    <p class='ocr_par' dir='ltr' id='par_1_51' title="bbox 2519 2440 4125 2512">
     <span class='ocr_line' id='line_1_51' title="bbox 2519 2440 4125 2512; baseline 0.001 -18"><span class='ocrx_word' id='word_1_381' title='bbox 2519 2455 2679 2505; x_wconf 88' lang='lat' dir='ltr'><strong>nere,</strong></span> <span class='ocrx_word' id='word_1_382' title='bbox 2711 2448 2768 2495; x_wconf 90' lang='lat' dir='ltr'><strong>et</strong></span> <span class='ocrx_word' id='word_1_383' title='bbox 2789 2450 2881 2495; x_wconf 94' lang='lat' dir='ltr'><strong>tuo</strong></span> <span class='ocrx_word' id='word_1_384' title='bbox 2900 2441 3124 2511; x_wconf 89' lang='lat' dir='ltr'><strong>insuper</strong></span> <span class='ocrx_word' id='word_1_385' title='bbox 3153 2441 3270 2496; x_wconf 90' lang='lat' dir='ltr'><strong>miti</strong></span> <span class='ocrx_word' id='word_1_386' title='bbox 3297 2442 3509 2512; x_wconf 86' lang='lat' dir='ltr'><strong>gremio</strong></span> <span class='ocrx_word' id='word_1_387' title='bbox 3538 2440 3853 2498; x_wconf 86' lang='lat' dir='ltr'><strong>confovere!</strong></span> <span class='ocrx_word' id='word_1_388' title='bbox 3889 2441 3936 2494; x_wconf 81' lang='grc' dir='ltr'><strong>Ο</strong></span> <span class='ocrx_word' id='word_1_389' title='bbox 3964 2443 4125 2498; x_wconf 88' lang='lat' dir='ltr'><strong>beata</strong></span> 
     </span>
    </p>
   </div>
   <div class='ocr_carea' id='block_1_52' title="bbox 2518 2527 4128 2602">
    <p class='ocr_par' dir='ltr' id='par_1_52' title="bbox 2518 2527 4128 2602">
     <span class='ocr_line' id='line_1_52' title="bbox 2518 2527 4128 2602; baseline -0.001 -16"><span class='ocrx_word' id='word_1_390' title='bbox 2518 2545 2650 2586; x_wconf 83' lang='lat' dir='ltr'><strong>crux</strong></span> <span class='ocrx_word' id='word_1_391' title='bbox 2679 2570 2694 2594; x_wconf 89' lang='lat'><strong>,</strong></span> <span class='ocrx_word' id='word_1_392' title='bbox 2727 2544 2849 2600; x_wconf 61' lang='lat' dir='ltr'><strong>qua</strong></span> <span class='ocrx_word' id='word_1_393' title='bbox 2888 2527 3269 2600; x_wconf 79' lang='lat' dir='ltr'><strong>Redemptoris</strong></span> <span class='ocrx_word' id='word_1_394' title='bbox 3312 2530 3502 2585; x_wconf 92' lang='lat' dir='ltr'><strong>mundi</strong></span> <span class='ocrx_word' id='word_1_395' title='bbox 3543 2547 3602 2586; x_wconf 83' lang='lat' dir='ltr'><strong>es</strong></span> <span class='ocrx_word' id='word_1_396' title='bbox 3631 2528 3886 2586; x_wconf 80' lang='lat' dir='ltr'><strong>aflxione</strong></span> <span class='ocrx_word' id='word_1_397' title='bbox 3906 2533 4128 2602; x_wconf 81' lang='lat' dir='ltr'><strong>conspi-</strong></span> 
     </span>
    </p>
   </div>
   <div class='ocr_carea' id='block_1_53' title="bbox 2516 2618 4129 2692">
    <p class='ocr_par' dir='ltr' id='par_1_53' title="bbox 2516 2618 4129 2692">
     <span class='ocr_line' id='line_1_53' title="bbox 2516 2618 4129 2692; baseline 0.001 -18"><span class='ocrx_word' id='word_1_398' title='bbox 2516 2635 2622 2674; x_wconf 88' lang='lat' dir='ltr'><strong>cua</strong></span> <span class='ocrx_word' id='word_1_399' title='bbox 2651 2659 2666 2682; x_wconf 92' lang='lat'><strong>,</strong></span> <span class='ocrx_word' id='word_1_400' title='bbox 2699 2627 2752 2673; x_wconf 86' lang='lat' dir='ltr'><strong>et</strong></span> <span class='ocrx_word' id='word_1_401' title='bbox 2784 2619 3025 2689; x_wconf 83' lang='lat' dir='ltr'><strong>pretioso</strong></span> <span class='ocrx_word' id='word_1_402' title='bbox 3077 2618 3412 2672; x_wconf 88' lang='lat' dir='ltr'><strong>immaculati</strong></span> <span class='ocrx_word' id='word_1_403' title='bbox 3460 2620 3600 2690; x_wconf 87' lang='lat' dir='ltr'><strong>Agni</strong></span> <span class='ocrx_word' id='word_1_404' title='bbox 3653 2622 3820 2675; x_wconf 87' lang='lat' dir='ltr'><strong>rubes</strong></span> <span class='ocrx_word' id='word_1_405' title='bbox 3863 2622 4129 2692; x_wconf 82' lang='lat' dir='ltr'><strong>sanguine</strong></span> 
     </span>
    </p>
   </div>
   <div class='ocr_carea' id='block_1_54' title="bbox 2523 2709 4129 2781">
    <p class='ocr_par' dir='ltr' id='par_1_54' title="bbox 2523 2709 4129 2781">
     <span class='ocr_line' id='line_1_54' title="bbox 2523 2709 4129 2781; baseline 0.003 -20"><span class='ocrx_word' id='word_1_406' title='bbox 2523 2709 2971 2781; x_wconf 68' lang='lat' dir='ltr'><strong>purpuratal&#39;Tu</strong></span> <span class='ocrx_word' id='word_1_407' title='bbox 3000 2709 3148 2764; x_wconf 87' lang='lat' dir='ltr'><strong>salus</strong></span> <span class='ocrx_word' id='word_1_408' title='bbox 3171 2709 3366 2765; x_wconf 78' lang='lat' dir='ltr'><strong>mundi</strong></span> <span class='ocrx_word' id='word_1_409' title='bbox 3399 2711 3594 2781; x_wconf 90' lang='lat' dir='ltr'><strong>perditi</strong></span> <span class='ocrx_word' id='word_1_410' title='bbox 3621 2749 3638 2775; x_wconf 93' lang='lat'><strong>,</strong></span> <span class='ocrx_word' id='word_1_411' title='bbox 3672 2720 3728 2765; x_wconf 93' lang='lat' dir='ltr'><strong>tu</strong></span> <span class='ocrx_word' id='word_1_412' title='bbox 3763 2710 3857 2767; x_wconf 91' lang='lat' dir='ltr'><strong>lux</strong></span> <span class='ocrx_word' id='word_1_413' title='bbox 3889 2713 3943 2767; x_wconf 91' lang='lat' dir='ltr'><strong>in</strong></span> <span class='ocrx_word' id='word_1_414' title='bbox 3978 2724 4129 2768; x_wconf 58' lang='lat' dir='ltr'><strong>tenes</strong></span> 
     </span>
    </p>
   </div>
   <div class='ocr_carea' id='block_1_55' title="bbox 828 2798 4129 2880">
    <p class='ocr_par' dir='ltr' id='par_1_55' title="bbox 828 2798 4129 2880">
     <span class='ocr_line' id='line_1_55' title="bbox 828 2798 4129 2880; baseline 0.003 -33"><span class='ocrx_word' id='word_1_415' title='bbox 828 2803 1150 2872; x_wconf 68' lang='lat' dir='ltr'><strong>perducere,</strong></span> <span class='ocrx_word' id='word_1_416' title='bbox 1183 2803 1336 2860; x_wconf 76' lang='lat' dir='ltr'><strong>Tunc</strong></span> <span class='ocrx_word' id='word_1_417' title='bbox 1363 2804 1669 2876; x_wconf 67' lang='lat' dir='ltr'><strong>completur</strong></span> <span class='ocrx_word' id='word_1_418' title='bbox 1691 2805 1780 2860; x_wconf 73' lang='lat' dir='ltr'><strong>illa</strong></span> <span class='ocrx_word' id='word_1_419' title='bbox 1833 2808 2116 2862; x_wconf 63' lang='grc' dir='ltr'><strong>Ζῃοιηι-ίω</strong></span> <span class='ocrx_word' id='word_1_420' title='bbox 2142 2810 2424 2880; x_wconf 62' lang='grc' dir='ltr'><strong>ριιοριιειω</strong></span> <span class='ocrx_word' id='word_1_421' title='bbox 2522 2799 2639 2854; x_wconf 79' lang='lat' dir='ltr'><strong>bris</strong></span> <span class='ocrx_word' id='word_1_422' title='bbox 2665 2799 2944 2855; x_wconf 77' lang='lat' dir='ltr'><strong>constituti</strong></span> <span class='ocrx_word' id='word_1_423' title='bbox 2970 2838 2987 2866; x_wconf 88' lang='lat'><strong>,</strong></span> <span class='ocrx_word' id='word_1_424' title='bbox 3012 2806 3072 2852; x_wconf 94' lang='lat' dir='ltr'><strong>tu</strong></span> <span class='ocrx_word' id='word_1_425' title='bbox 3100 2798 3370 2854; x_wconf 85' lang='lat' dir='ltr'><strong>medicina</strong></span> <span class='ocrx_word' id='word_1_426' title='bbox 3405 2798 3802 2870; x_wconf 82' lang='lat' dir='ltr'><strong>languentium,</strong></span> <span class='ocrx_word' id='word_1_427' title='bbox 3837 2809 3895 2854; x_wconf 93' lang='lat' dir='ltr'><strong>tu</strong></span> <span class='ocrx_word' id='word_1_428' title='bbox 3921 2816 4129 2857; x_wconf 81' lang='lat' dir='ltr'><strong>conva-</strong></span> 
     </span>
    </p>
   </div>
   <div class='ocr_carea' id='block_1_56' title="bbox 826 2890 2423 2967">
    <p class='ocr_par' dir='ltr' id='par_1_56' title="bbox 826 2890 2423 2967">
     <span class='ocr_line' id='line_1_56' title="bbox 826 2890 2423 2967; baseline 0.008 -25"><span class='ocrx_word' id='word_1_429' title='bbox 826 2892 968 2948; x_wconf 90' lang='lat' dir='ltr'><strong>visio</strong></span> <span class='ocrx_word' id='word_1_430' title='bbox 993 2890 1178 2963; x_wconf 68' lang='lat' dir='ltr'><strong>(lacn.</strong></span> <span class='ocrx_word' id='word_1_431' title='bbox 1204 2895 1311 2964; x_wconf 86' lang='lat' dir='ltr'><strong>Ill),</strong></span> <span class='ocrx_word' id='word_1_432' title='bbox 1349 2910 1455 2964; x_wconf 91' lang='lat' dir='ltr'><strong>qua</strong></span> <span class='ocrx_word' id='word_1_433' title='bbox 1504 2894 1756 2951; x_wconf 88' lang='lat' dir='ltr'><strong>videlicet</strong></span> <span class='ocrx_word' id='word_1_434' title='bbox 1800 2897 2202 2967; x_wconf 88' lang='lat' dir='ltr'><strong>contemplatus</strong></span> <span class='ocrx_word' id='word_1_435' title='bbox 2223 2898 2423 2955; x_wconf 78' lang='lat' dir='ltr'><strong>estJe-</strong></span> 
     </span>
    </p>
   </div>
   <div class='ocr_carea' id='block_1_57' title="bbox 823 2978 2424 3058">
    <p class='ocr_par' dir='ltr' id='par_1_57' title="bbox 823 2978 2424 3058">
     <span class='ocr_line' id='line_1_57' title="bbox 823 2978 2424 3058; baseline 0.005 -23"><span class='ocrx_word' id='word_1_436' title='bbox 823 2995 978 3046; x_wconf 85' lang='lat' dir='ltr'><strong>sum,</strong></span> <span class='ocrx_word' id='word_1_437' title='bbox 1005 2983 1340 3039; x_wconf 85' lang='lat' dir='ltr'><strong>sacerdotem</strong></span> <span class='ocrx_word' id='word_1_438' title='bbox 1387 2998 1641 3056; x_wconf 88' lang='lat' dir='ltr'><strong>magnum</strong></span> <span class='ocrx_word' id='word_1_439' title='bbox 1675 2985 1732 3040; x_wconf 93' lang='lat' dir='ltr'><strong>in</strong></span> <span class='ocrx_word' id='word_1_440' title='bbox 1763 2978 1996 3058; x_wconf 79' lang='lat' dir='ltr'><strong>sordido]</strong></span> <span class='ocrx_word' id='word_1_441' title='bbox 2019 2987 2207 3042; x_wconf 88' lang='lat' dir='ltr'><strong>habitu</strong></span> <span class='ocrx_word' id='word_1_442' title='bbox 2233 3005 2248 3054; x_wconf 86' lang='lat'><strong>;</strong></span> <span class='ocrx_word' id='word_1_443' title='bbox 2274 2989 2424 3045; x_wconf 85' lang='lat' dir='ltr'><strong>devi-</strong></span> 
     </span>
    </p>
   </div>
   <div class='ocr_carea' id='block_1_58' title="bbox 825 3071 2424 3145">
    <p class='ocr_par' dir='ltr' id='par_1_58' title="bbox 825 3071 2424 3145">
     <span class='ocr_line' id='line_1_58' title="bbox 825 3071 2424 3145; baseline 0.005 -19"><span class='ocrx_word' id='word_1_444' title='bbox 825 3081 1026 3141; x_wconf 82' lang='lat' dir='ltr'><strong>ctoque</strong></span> <span class='ocrx_word' id='word_1_445' title='bbox 1051 3081 1213 3142; x_wconf 88' lang='lat' dir='ltr'><strong>atque</strong></span> <span class='ocrx_word' id='word_1_446' title='bbox 1246 3073 1531 3144; x_wconf 75' lang='lat' dir='ltr'><strong>inc&#39;rep‘ato</strong></span> <span class='ocrx_word' id='word_1_447' title='bbox 1549 3071 1788 3138; x_wconf 82' lang='lat' dir='ltr'><strong>diabolo,</strong></span> <span class='ocrx_word' id='word_1_448' title='bbox 1818 3075 1909 3145; x_wconf 92' lang='lat' dir='ltr'><strong>qui</strong></span> <span class='ocrx_word' id='word_1_449' title='bbox 1939 3073 2008 3130; x_wconf 90' lang='lat' dir='ltr'><strong>ad</strong></span> <span class='ocrx_word' id='word_1_450' title='bbox 2053 3074 2170 3145; x_wconf 81' lang='lat' dir='ltr'><strong>ejus</strong></span> <span class='ocrx_word' id='word_1_451' title='bbox 2201 3091 2424 3134; x_wconf 84' lang='lat' dir='ltr'><strong>accusa-</strong></span> 
     </span>
    </p>
   </div>
   <div class='ocr_carea' id='block_1_59' title="bbox 2526 2891 4128 2964">
    <p class='ocr_par' dir='ltr' id='par_1_59' title="bbox 2526 2891 4128 2964">
     <span class='ocr_line' id='line_1_59' title="bbox 2526 2891 4128 2964; baseline 0.002 -17"><span class='ocrx_word' id='word_1_452' title='bbox 2526 2892 2844 2948; x_wconf 85' lang='lat' dir='ltr'><strong>lescentium</strong></span> <span class='ocrx_word' id='word_1_453' title='bbox 2872 2891 3069 2958; x_wconf 90' lang='lat' dir='ltr'><strong>virtus,</strong></span> <span class='ocrx_word' id='word_1_454' title='bbox 3094 2903 3159 2947; x_wconf 84' lang='lat' dir='ltr'><strong>°.u</strong></span> <span class='ocrx_word' id='word_1_455' title='bbox 3187 2891 3622 2964; x_wconf 85' lang='lat' dir='ltr'><strong>periclitantibus</strong></span> <span class='ocrx_word' id='word_1_456' title='bbox 3651 2902 3844 2964; x_wconf 91' lang='lat' dir='ltr'><strong>portus</strong></span> <span class='ocrx_word' id='word_1_457' title='bbox 3868 2934 3885 2961; x_wconf 88' lang='lat'><strong>,</strong></span> <span class='ocrx_word' id='word_1_458' title='bbox 3919 2903 3976 2950; x_wconf 94' lang='lat' dir='ltr'><strong>tu</strong></span> <span class='ocrx_word' id='word_1_459' title='bbox 4002 2910 4128 2952; x_wconf 87' lang='lat' dir='ltr'><strong>eva-</strong></span> 
     </span>
    </p>
   </div>
   <div class='ocr_carea' id='block_1_60' title="bbox 2524 2981 4127 3060">
    <p class='ocr_par' dir='ltr' id='par_1_60' title="bbox 2524 2981 4127 3060">
     <span class='ocr_line' id='line_1_60' title="bbox 2524 2981 4127 3060; baseline 0.004 -23"><span class='ocrx_word' id='word_1_460' title='bbox 2524 2981 2777 3040; x_wconf 78' lang='lat' dir='ltr'><strong>dentibus</strong></span> <span class='ocrx_word' id='word_1_461' title='bbox 2803 2984 2870 3039; x_wconf 90' lang='lat' dir='ltr'><strong>de</strong></span> <span class='ocrx_word' id='word_1_462' title='bbox 2890 2983 3050 3040; x_wconf 86' lang='lat' dir='ltr'><strong>fauce</strong></span> <span class='ocrx_word' id='word_1_463' title='bbox 3075 2986 3268 3040; x_wconf 90' lang='lat' dir='ltr'><strong>mortis</strong></span> <span class='ocrx_word' id='word_1_464' title='bbox 3297 2984 3604 3057; x_wconf 82' lang='lat' dir='ltr'><strong>aufugium.</strong></span> <span class='ocrx_word' id='word_1_465' title='bbox 3627 2986 3735 3042; x_wconf 83' lang='lat' dir='ltr'><strong>Per</strong></span> <span class='ocrx_word' id='word_1_466' title='bbox 3765 2997 3818 3042; x_wconf 91' lang='lat' dir='ltr'><strong>te</strong></span> <span class='ocrx_word' id='word_1_467' title='bbox 3847 2991 4127 3060; x_wconf 86' lang='lat' dir='ltr'><strong>peregrini</strong></span> 
     </span>
    </p>
   </div>
   <div class='ocr_carea' id='block_1_61' title="bbox 2527 3072 4130 3147">
    <p class='ocr_par' dir='ltr' id='par_1_61' title="bbox 2527 3072 4130 3147">
     <span class='ocr_line' id='line_1_61' title="bbox 2527 3072 4130 3147; baseline 0.003 -20"><span class='ocrx_word' id='word_1_468' title='bbox 2527 3083 2809 3129; x_wconf 88' lang='lat' dir='ltr'><strong>transeunt</strong></span> <span class='ocrx_word' id='word_1_469' title='bbox 2836 3072 2889 3128; x_wconf 90' lang='lat' dir='ltr'><strong>in</strong></span> <span class='ocrx_word' id='word_1_470' title='bbox 2929 3074 3285 3141; x_wconf 78' lang='lat' dir='ltr'><strong>domesticos,</strong></span> <span class='ocrx_word' id='word_1_471' title='bbox 3312 3083 3370 3130; x_wconf 93' lang='lat' dir='ltr'><strong>et</strong></span> <span class='ocrx_word' id='word_1_472' title='bbox 3396 3090 3518 3141; x_wconf 90' lang='lat' dir='ltr'><strong>eos,</strong></span> <span class='ocrx_word' id='word_1_473' title='bbox 3555 3077 3649 3147; x_wconf 93' lang='lat' dir='ltr'><strong>qui</strong></span> <span class='ocrx_word' id='word_1_474' title='bbox 3681 3078 3885 3132; x_wconf 91' lang='lat' dir='ltr'><strong>dudum</strong></span> <span class='ocrx_word' id='word_1_475' title='bbox 3913 3077 4130 3134; x_wconf 87' lang='lat' dir='ltr'><strong>fuerant</strong></span> 
     </span>
    </p>
   </div>
   <div class='ocr_carea' id='block_1_62' title="bbox 822 3155 4128 3242">
    <p class='ocr_par' dir='ltr' id='par_1_62' title="bbox 822 3155 4128 3242">
     <span class='ocr_line' id='line_1_62' title="bbox 822 3155 4128 3242; baseline 0.002 -25"><span class='ocrx_word' id='word_1_476' title='bbox 822 3163 1027 3220; x_wconf 87' lang='lat' dir='ltr'><strong>tionem</strong></span> <span class='ocrx_word' id='word_1_477' title='bbox 1051 3165 1268 3228; x_wconf 85' lang='lat' dir='ltr'><strong>stabat.</strong></span> <span class='ocrx_word' id='word_1_478' title='bbox 1293 3164 1512 3220; x_wconf 89' lang='lat' dir='ltr'><strong>sordida</strong></span> <span class='ocrx_word' id='word_1_479' title='bbox 1548 3181 1672 3220; x_wconf 90' lang='lat' dir='ltr'><strong>mox</strong></span> <span class='ocrx_word' id='word_1_480' title='bbox 1696 3176 1849 3222; x_wconf 83' lang='lat' dir='ltr'><strong>veste</strong></span> <span class='ocrx_word' id='word_1_481' title='bbox 1873 3165 2034 3222; x_wconf 72' lang='lat' dir='ltr'><strong>Iesus</strong></span> <span class='ocrx_word' id='word_1_482' title='bbox 2082 3169 2321 3234; x_wconf 78' lang='lat' dir='ltr'><strong>exuitur,</strong></span> <span class='ocrx_word' id='word_1_483' title='bbox 2365 3155 2491 3223; x_wconf 88' lang='lat' dir='ltr'><strong>etC</strong></span> <span class='ocrx_word' id='word_1_484' title='bbox 2522 3164 2788 3234; x_wconf 86' lang='lat' dir='ltr'><strong>hospites,</strong></span> <span class='ocrx_word' id='word_1_485' title='bbox 2838 3165 3207 3236; x_wconf 86' lang='lat' dir='ltr'><strong>apostolorum</strong></span> <span class='ocrx_word' id='word_1_486' title='bbox 3261 3166 3446 3242; x_wconf 75' lang='lat' dir='ltr'><strong>reddis</strong></span> <span class='ocrx_word' id='word_1_487' title='bbox 3490 3181 3616 3223; x_wconf 88' lang='lat' dir='ltr'><strong>esse</strong></span> <span class='ocrx_word' id='word_1_488' title='bbox 3657 3168 3936 3237; x_wconf 82' lang='lat' dir='ltr'><strong>concives.</strong></span> <span class='ocrx_word' id='word_1_489' title='bbox 3965 3169 4023 3223; x_wconf 87' lang='lat' dir='ltr'><strong>In</strong></span> <span class='ocrx_word' id='word_1_490' title='bbox 4073 3177 4128 3223; x_wconf 88' lang='lat' dir='ltr'><strong>te</strong></span> 
     </span>
    </p>
   </div>
   <div class='ocr_carea' id='block_1_63' title="bbox 823 3255 2420 3336">
    <p class='ocr_par' dir='ltr' id='par_1_63' title="bbox 823 3255 2420 3336">
     <span class='ocr_line' id='line_1_63' title="bbox 823 3255 2420 3336; baseline 0.004 -27"><span class='ocrx_word' id='word_1_491' title='bbox 823 3255 1049 3310; x_wconf 73' lang='lat' dir='ltr'><strong>honoris</strong></span> <span class='ocrx_word' id='word_1_492' title='bbox 1072 3269 1136 3310; x_wconf 88' lang='lat' dir='ltr'><strong>ac</strong></span> <span class='ocrx_word' id='word_1_493' title='bbox 1157 3255 1343 3326; x_wconf 71' lang='lat' dir='ltr'><strong>gloriae</strong></span> <span class='ocrx_word' id='word_1_494' title='bbox 1371 3256 1686 3336; x_wconf 85' lang='lat' dir='ltr'><strong>indumento</strong></span> <span class='ocrx_word' id='word_1_495' title='bbox 1711 3257 1960 3312; x_wconf 82' lang='lat' dir='ltr'><strong>vestitur.</strong></span> <span class='ocrx_word' id='word_1_496' title='bbox 1989 3257 2201 3328; x_wconf 86' lang='lat' dir='ltr'><strong>Corpus</strong></span> <span class='ocrx_word' id='word_1_497' title='bbox 2225 3275 2420 3330; x_wconf 88' lang='lat' dir='ltr'><strong>nempe</strong></span> 
     </span>
    </p>
   </div>
   <div class='ocr_carea' id='block_1_64' title="bbox 822 3341 2420 3421">
    <p class='ocr_par' dir='ltr' id='par_1_64' title="bbox 822 3341 2420 3421">
     <span class='ocr_line' id='line_1_64' title="bbox 822 3341 2420 3421; baseline 0.005 -23"><span class='ocrx_word' id='word_1_498' title='bbox 822 3341 953 3398; x_wconf 77' lang='lat' dir='ltr'><strong>Jesu</strong></span> <span class='ocrx_word' id='word_1_499' title='bbox 1005 3343 1246 3399; x_wconf 79' lang='lat' dir='ltr'><strong>Ecclesia</strong></span> <span class='ocrx_word' id='word_1_500' title='bbox 1276 3345 1496 3410; x_wconf 89' lang='lat' dir='ltr'><strong>dicitur,</strong></span> <span class='ocrx_word' id='word_1_501' title='bbox 1527 3361 1649 3415; x_wconf 71' lang='lat' dir='ltr'><strong>qua:</strong></span> <span class='ocrx_word' id='word_1_502' title='bbox 1680 3346 1935 3403; x_wconf 89' lang='lat' dir='ltr'><strong>videlicet</strong></span> <span class='ocrx_word' id='word_1_503' title='bbox 1965 3365 2134 3421; x_wconf 76' lang='lat' dir='ltr'><strong>nunc</strong></span> <span class='ocrx_word' id='word_1_504' title='bbox 2177 3349 2232 3404; x_wconf 79' lang='lat' dir='ltr'><strong>in</strong></span> <span class='ocrx_word' id='word_1_505' title='bbox 2261 3351 2420 3421; x_wconf 86' lang='lat' dir='ltr'><strong>hujus</strong></span> 
     </span>
    </p>
   </div>
   <div class='ocr_carea' id='block_1_65' title="bbox 821 3418 2420 3504">
    <p class='ocr_par' dir='ltr' id='par_1_65' title="bbox 821 3418 2420 3504">
     <span class='ocr_line' id='line_1_65' title="bbox 821 3418 2420 3504; baseline 0.006 -19"><span class='ocrx_word' id='word_1_506' title='bbox 821 3434 1280 3504; x_wconf 81' lang='lat' dir='ltr'><strong>peregrinationis</strong></span> <span class='ocrx_word' id='word_1_507' title='bbox 1308 3450 1548 3490; x_wconf 69' lang='lat' dir='ltr'><strong>arrumna</strong></span> <span class='ocrx_word' id='word_1_508' title='bbox 1572 3437 1730 3500; x_wconf 84' lang='lat' dir='ltr'><strong>quasi</strong></span> <span class='ocrx_word' id='word_1_509' title='bbox 1760 3418 1980 3492; x_wconf 72' lang='lat' dir='ltr'><strong>sordida</strong></span> <span class='ocrx_word' id='word_1_510' title='bbox 2009 3418 2420 3495; x_wconf 85' lang='lat' dir='ltr'><strong>tribulationum</strong></span> 
     </span>
    </p>
   </div>
   <div class='ocr_carea' id='block_1_66' title="bbox 825 3525 2423 3595">
    <p class='ocr_par' dir='ltr' id='par_1_66' title="bbox 825 3525 2423 3595">
     <span class='ocr_line' id='line_1_66' title="bbox 825 3525 2423 3595; baseline 0.004 -17"><span class='ocrx_word' id='word_1_511' title='bbox 825 3539 892 3581; x_wconf 87' lang='lat' dir='ltr'><strong>ac</strong></span> <span class='ocrx_word' id='word_1_512' title='bbox 921 3540 1298 3595; x_wconf 83' lang='lat' dir='ltr'><strong>pressurarum</strong></span> <span class='ocrx_word' id='word_1_513' title='bbox 1350 3535 1502 3582; x_wconf 87' lang='lat' dir='ltr'><strong>veste</strong></span> <span class='ocrx_word' id='word_1_514' title='bbox 1553 3525 1809 3582; x_wconf 69' lang='lat' dir='ltr'><strong>findatur.</strong></span> <span class='ocrx_word' id='word_1_515' title='bbox 1856 3528 1962 3583; x_wconf 88' lang='lat' dir='ltr'><strong>Sed</strong></span> <span class='ocrx_word' id='word_1_516' title='bbox 1993 3539 2137 3591; x_wconf 89' lang='lat' dir='ltr'><strong>tunc,</strong></span> <span class='ocrx_word' id='word_1_517' title='bbox 2167 3531 2423 3585; x_wconf 87' lang='lat' dir='ltr'><strong>damnato</strong></span> 
     </span>
    </p>
   </div>
   <div class='ocr_carea' id='block_1_67' title="bbox 823 3615 2418 3685">
    <p class='ocr_par' dir='ltr' id='par_1_67' title="bbox 823 3615 2418 3685">
     <span class='ocr_line' id='line_1_67' title="bbox 823 3615 2418 3685; baseline 0.003 -15"><span class='ocrx_word' id='word_1_518' title='bbox 823 3623 881 3670; x_wconf 83' lang='lat' dir='ltr'><strong>et</strong></span> <span class='ocrx_word' id='word_1_519' title='bbox 908 3617 1198 3685; x_wconf 80' lang='lat' dir='ltr'><strong>reprobato</strong></span> <span class='ocrx_word' id='word_1_520' title='bbox 1251 3615 1489 3681; x_wconf 87' lang='lat' dir='ltr'><strong>diabolo,</strong></span> <span class='ocrx_word' id='word_1_521' title='bbox 1541 3627 1730 3672; x_wconf 88' lang='lat' dir='ltr'><strong>sancta</strong></span> <span class='ocrx_word' id='word_1_522' title='bbox 1779 3617 2019 3674; x_wconf 81' lang='lat' dir='ltr'><strong>Ecclesia</strong></span> <span class='ocrx_word' id='word_1_523' title='bbox 2052 3618 2211 3675; x_wconf 79' lang='lat' dir='ltr'><strong>ftedis</strong></span> <span class='ocrx_word' id='word_1_524' title='bbox 2235 3630 2418 3685; x_wconf 76' lang='lat' dir='ltr'><strong>exuta,</strong></span> 
     </span>
    </p>
   </div>
   <div class='ocr_carea' id='block_1_68' title="bbox 823 3703 2420 3781">
    <p class='ocr_par' dir='ltr' id='par_1_68' title="bbox 823 3703 2420 3781">
     <span class='ocr_line' id='line_1_68' title="bbox 823 3703 2420 3781; baseline 0.002 -20"><span class='ocrx_word' id='word_1_525' title='bbox 823 3707 964 3762; x_wconf 87' lang='lat' dir='ltr'><strong>stola</strong></span> <span class='ocrx_word' id='word_1_526' title='bbox 997 3709 1166 3762; x_wconf 64' lang='lat' dir='ltr'><strong>beatae</strong></span> <span class='ocrx_word' id='word_1_527' title='bbox 1196 3703 1621 3762; x_wconf 87' lang='lat' dir='ltr'><strong>immortalitatis</strong></span> <span class='ocrx_word' id='word_1_528' title='bbox 1649 3707 1910 3770; x_wconf 91' lang='lat' dir='ltr'><strong>induitur.</strong></span> <span class='ocrx_word' id='word_1_529' title='bbox 1938 3719 1994 3763; x_wconf 90' lang='lat' dir='ltr'><strong>et</strong></span> <span class='ocrx_word' id='word_1_530' title='bbox 2013 3709 2079 3763; x_wconf 90' lang='lat' dir='ltr'><strong>de</strong></span> <span class='ocrx_word' id='word_1_531' title='bbox 2107 3711 2420 3781; x_wconf 78' lang='lat' dir='ltr'><strong>pcregrina-</strong></span> 
     </span>
    </p>
   </div>
   <div class='ocr_carea' id='block_1_69' title="bbox 827 3791 2415 3869">
    <p class='ocr_par' dir='ltr' id='par_1_69' title="bbox 827 3791 2415 3869">
     <span class='ocr_line' id='line_1_69' title="bbox 827 3791 2415 3869; baseline 0.004 -19"><span class='ocrx_word' id='word_1_532' title='bbox 827 3797 996 3852; x_wconf 86' lang='lat' dir='ltr'><strong>tionis</strong></span> <span class='ocrx_word' id='word_1_533' title='bbox 1023 3797 1169 3852; x_wconf 90' lang='lat' dir='ltr'><strong>luctu</strong></span> <span class='ocrx_word' id='word_1_534' title='bbox 1197 3799 1264 3852; x_wconf 89' lang='lat' dir='ltr'><strong>ad</strong></span> <span class='ocrx_word' id='word_1_535' title='bbox 1289 3799 1523 3869; x_wconf 87' lang='lat' dir='ltr'><strong>patriam</strong></span> <span class='ocrx_word' id='word_1_536' title='bbox 1574 3791 1775 3867; x_wconf 74' lang='lat' dir='ltr'><strong>q&#39;uietis</strong></span> <span class='ocrx_word' id='word_1_537' title='bbox 1819 3810 2038 3854; x_wconf 64' lang='grc' dir='ltr'><strong>πίει-ηε</strong></span> <span class='ocrx_word' id='word_1_538' title='bbox 2069 3801 2415 3856; x_wconf 88' lang='lat' dir='ltr'><strong>transfertur.</strong></span> 
     </span>
    </p>
   </div>
   <div class='ocr_carea' id='block_1_70' title="bbox 828 3887 2414 3962">
    <p class='ocr_par' dir='ltr' id='par_1_70' title="bbox 828 3887 2414 3962">
     <span class='ocr_line' id='line_1_70' title="bbox 828 3887 2414 3962; baseline 0.004 -20"><span class='ocrx_word' id='word_1_539' title='bbox 828 3888 982 3942; x_wconf 76' lang='lat' dir='ltr'><strong>Sicut</strong></span> <span class='ocrx_word' id='word_1_540' title='bbox 1050 3887 1103 3940; x_wconf 94' lang='lat' dir='ltr'><strong>in</strong></span> <span class='ocrx_word' id='word_1_541' title='bbox 1159 3888 1518 3944; x_wconf 88' lang='lat' dir='ltr'><strong>dedicationis</strong></span> <span class='ocrx_word' id='word_1_542' title='bbox 1562 3889 1770 3960; x_wconf 91' lang='lat' dir='ltr'><strong>psalmo</strong></span> <span class='ocrx_word' id='word_1_543' title='bbox 1830 3893 2113 3962; x_wconf 89' lang='lat' dir='ltr'><strong>perspicue</strong></span> <span class='ocrx_word' id='word_1_544' title='bbox 2169 3895 2414 3950; x_wconf 88' lang='lat' dir='ltr'><strong>canitur:</strong></span> 
     </span>
    </p>
   </div>
   <div class='ocr_carea' id='block_1_71' title="bbox 828 3977 2418 4055">
    <p class='ocr_par' dir='ltr' id='par_1_71' title="bbox 828 3977 2418 4055">
     <span class='ocr_line' id='line_1_71' title="bbox 828 3977 2418 4055; baseline 0.006 -24"><span class='ocrx_word' id='word_1_545' title='bbox 828 3995 850 4031; x_wconf 83' lang='lat' dir='ltr'><strong>t</strong></span> <span class='ocrx_word' id='word_1_546' title='bbox 887 3977 1238 4044; x_wconf 88' lang='lat' dir='ltr'><strong>Convertisti,</strong></span> <span class='ocrx_word' id='word_1_547' title='bbox 1267 3981 1463 4050; x_wconf 87' lang='lat' dir='ltr'><strong>inquit,</strong></span> <span class='ocrx_word' id='word_1_548' title='bbox 1510 3981 1790 4051; x_wconf 86' lang='lat' dir='ltr'><strong>planctum</strong></span> <span class='ocrx_word' id='word_1_549' title='bbox 1840 3998 2020 4037; x_wconf 85' lang='lat' dir='ltr'><strong>nicum</strong></span> <span class='ocrx_word' id='word_1_550' title='bbox 2061 3985 2114 4038; x_wconf 92' lang='lat' dir='ltr'><strong>in</strong></span> <span class='ocrx_word' id='word_1_551' title='bbox 2162 3986 2418 4055; x_wconf 90' lang='lat' dir='ltr'><strong>gaudium</strong></span> 
     </span>
    </p>
   </div>
   <div class='ocr_carea' id='block_1_72' title="bbox 824 4068 2420 4145">
    <p class='ocr_par' dir='ltr' id='par_1_72' title="bbox 824 4068 2420 4145">
     <span class='ocr_line' id='line_1_72' title="bbox 824 4068 2420 4145; baseline 0.006 -21"><span class='ocrx_word' id='word_1_552' title='bbox 824 4068 992 4135; x_wconf 82' lang='lat' dir='ltr'><strong>mihi;</strong></span> <span class='ocrx_word' id='word_1_553' title='bbox 1019 4071 1582 4128; x_wconf 86' lang='lat' dir='ltr'><strong>conscidistisaccum</strong></span> <span class='ocrx_word' id='word_1_554' title='bbox 1625 4089 1828 4138; x_wconf 90' lang='lat' dir='ltr'><strong>meum,</strong></span> <span class='ocrx_word' id='word_1_555' title='bbox 1873 4084 1927 4129; x_wconf 91' lang='lat' dir='ltr'><strong>et</strong></span> <span class='ocrx_word' id='word_1_556' title='bbox 1957 4076 2292 4145; x_wconf 64' lang='lat' dir='ltr'><strong>preciuxisti</strong></span> <span class='ocrx_word' id='word_1_557' title='bbox 2333 4093 2420 4134; x_wconf 90' lang='lat' dir='ltr'><strong>me</strong></span> 
     </span>
    </p>
   </div>
   <div class='ocr_carea' id='block_1_73' title="bbox 826 4158 2417 4237">
    <p class='ocr_par' dir='ltr' id='par_1_73' title="bbox 826 4158 2417 4237">
     <span class='ocr_line' id='line_1_73' title="bbox 826 4158 2417 4237; baseline 0.006 -23"><span class='ocrx_word' id='word_1_558' title='bbox 826 4158 1012 4216; x_wconf 73' lang='lat' dir='ltr'><strong>ltetitia</strong></span> <span class='ocrx_word' id='word_1_559' title='bbox 1043 4160 1228 4229; x_wconf 84' lang='lat' dir='ltr'><strong>(Psal.</strong></span> <span class='ocrx_word' id='word_1_560' title='bbox 1258 4178 1386 4217; x_wconf 79' lang='lat' dir='ltr'><strong>xxix</strong></span> <span class='ocrx_word' id='word_1_561' title='bbox 1407 4165 1444 4233; x_wconf 94' lang='lat'><strong>).</strong></span> <span class='ocrx_word' id='word_1_562' title='bbox 1478 4183 1497 4216; x_wconf 72' lang='grc' dir='ltr'><strong>ο</strong></span> <span class='ocrx_word' id='word_1_563' title='bbox 1535 4165 1610 4219; x_wconf 87' lang='lat' dir='ltr'><strong>De</strong></span> <span class='ocrx_word' id='word_1_564' title='bbox 1631 4166 1878 4234; x_wconf 89' lang='lat' dir='ltr'><strong>reprobis</strong></span> <span class='ocrx_word' id='word_1_565' title='bbox 1894 4180 2110 4237; x_wconf 90' lang='lat' dir='ltr'><strong>quoque</strong></span> <span class='ocrx_word' id='word_1_566' title='bbox 2137 4177 2263 4222; x_wconf 90' lang='lat' dir='ltr'><strong>tunc</strong></span> <span class='ocrx_word' id='word_1_567' title='bbox 2291 4168 2417 4224; x_wconf 89' lang='lat' dir='ltr'><strong>illud</strong></span> 
     </span>
    </p>
   </div>
   <div class='ocr_carea' id='block_1_74' title="bbox 827 4248 2419 4322">
    <p class='ocr_par' dir='ltr' id='par_1_74' title="bbox 827 4248 2419 4322">
     <span class='ocr_line' id='line_1_74' title="bbox 827 4248 2419 4322; baseline 0.005 -16"><span class='ocrx_word' id='word_1_568' title='bbox 827 4248 1111 4321; x_wconf 82' lang='lat' dir='ltr'><strong>impletur,</strong></span> <span class='ocrx_word' id='word_1_569' title='bbox 1141 4251 1283 4321; x_wconf 89' lang='lat' dir='ltr'><strong>quod</strong></span> <span class='ocrx_word' id='word_1_570' title='bbox 1314 4267 1412 4322; x_wconf 90' lang='lat' dir='ltr'><strong>per</strong></span> <span class='ocrx_word' id='word_1_571' title='bbox 1436 4252 1775 4310; x_wconf 78' lang='lat' dir='ltr'><strong>Ezechielem</strong></span> <span class='ocrx_word' id='word_1_572' title='bbox 1821 4255 2049 4312; x_wconf 91' lang='lat' dir='ltr'><strong>dicitur:</strong></span> <span class='ocrx_word' id='word_1_573' title='bbox 2089 4275 2109 4309; x_wconf 71' lang='grc' dir='ltr'>ι</span> <span class='ocrx_word' id='word_1_574' title='bbox 2167 4254 2419 4314; x_wconf 85' lang='lat' dir='ltr'><strong>Transite</strong></span> 
     </span>
    </p>
   </div>
   <div class='ocr_carea' id='block_1_75' title="bbox 825 4341 2416 4418">
    <p class='ocr_par' dir='ltr' id='par_1_75' title="bbox 825 4341 2416 4418">
     <span class='ocr_line' id='line_1_75' title="bbox 825 4341 2416 4418; baseline 0.007 -23"><span class='ocrx_word' id='word_1_575' title='bbox 825 4345 927 4412; x_wconf 83' lang='lat' dir='ltr'><strong>per</strong></span> <span class='ocrx_word' id='word_1_576' title='bbox 945 4341 1247 4407; x_wconf 89' lang='lat' dir='ltr'><strong>civitatem,</strong></span> <span class='ocrx_word' id='word_1_577' title='bbox 1269 4351 1324 4397; x_wconf 90' lang='lat' dir='ltr'><strong>et</strong></span> <span class='ocrx_word' id='word_1_578' title='bbox 1344 4346 1608 4414; x_wconf 90' lang='lat' dir='ltr'><strong>percutite</strong></span> <span class='ocrx_word' id='word_1_579' title='bbox 1631 4361 1646 4410; x_wconf 89' lang='lat'><strong>;</strong></span> <span class='ocrx_word' id='word_1_580' title='bbox 1673 4361 1779 4400; x_wconf 90' lang='lat' dir='ltr'><strong>non</strong></span> <span class='ocrx_word' id='word_1_581' title='bbox 1803 4349 2196 4417; x_wconf 86' lang='lat' dir='ltr'><strong>parcatoculus</strong></span> <span class='ocrx_word' id='word_1_582' title='bbox 2216 4361 2416 4418; x_wconf 87' lang='lat' dir='ltr'><strong>vester,</strong></span> 
     </span>
    </p>
   </div>
   <div class='ocr_carea' id='block_1_76' title="bbox 828 4433 2416 4512">
    <p class='ocr_par' dir='ltr' id='par_1_76' title="bbox 828 4433 2416 4512">
     <span class='ocr_line' id='line_1_76' title="bbox 828 4433 2416 4512; baseline 0.008 -27"><span class='ocrx_word' id='word_1_583' title='bbox 828 4446 899 4486; x_wconf 90' lang='lat' dir='ltr'><strong>ne</strong></span> <span class='ocrx_word' id='word_1_584' title='bbox 915 4433 1280 4487; x_wconf 87' lang='lat' dir='ltr'><strong>misereamini</strong></span> <span class='ocrx_word' id='word_1_585' title='bbox 1300 4449 1314 4499; x_wconf 90' lang='lat'><strong>;</strong></span> <span class='ocrx_word' id='word_1_586' title='bbox 1334 4449 1518 4490; x_wconf 91' lang='lat' dir='ltr'><strong>senem</strong></span> <span class='ocrx_word' id='word_1_587' title='bbox 1535 4445 1590 4490; x_wconf 91' lang='lat' dir='ltr'><strong>et</strong></span> <span class='ocrx_word' id='word_1_588' title='bbox 1611 4436 2032 4503; x_wconf 88' lang='lat' dir='ltr'><strong>adolescentem,</strong></span> <span class='ocrx_word' id='word_1_589' title='bbox 2055 4448 2110 4495; x_wconf 91' lang='lat' dir='ltr'><strong>et</strong></span> <span class='ocrx_word' id='word_1_590' title='bbox 2128 4441 2416 4512; x_wconf 80' lang='lat' dir='ltr'><strong>virginem&#39;,</strong></span> 
     </span>
    </p>
   </div>
   <div class='ocr_carea' id='block_1_77' title="bbox 843 4523 2421 4599">
    <p class='ocr_par' dir='ltr' id='par_1_77' title="bbox 843 4523 2421 4599">
     <span class='ocr_line' id='line_1_77' title="bbox 843 4523 2421 4599; baseline 0.008 -23"><span class='ocrx_word' id='word_1_591' title='bbox 843 4525 1089 4578; x_wconf 66' lang='lat' dir='ltr'><strong>iarvulos</strong></span> <span class='ocrx_word' id='word_1_592' title='bbox 1115 4534 1171 4578; x_wconf 90' lang='lat' dir='ltr'><strong>et</strong></span> <span class='ocrx_word' id='word_1_593' title='bbox 1200 4523 1456 4581; x_wconf 81' lang='lat' dir='ltr'><strong>mulieres</strong></span> <span class='ocrx_word' id='word_1_594' title='bbox 1481 4526 1773 4582; x_wconf 82' lang='lat' dir='ltr'><strong>interficite</strong></span> <span class='ocrx_word' id='word_1_595' title='bbox 1805 4543 1974 4599; x_wconf 88' lang='lat' dir='ltr'><strong>usque</strong></span> <span class='ocrx_word' id='word_1_596' title='bbox 1995 4531 2062 4584; x_wconf 88' lang='lat' dir='ltr'><strong>ad</strong></span> <span class='ocrx_word' id='word_1_597' title='bbox 2093 4530 2421 4588; x_wconf 85' lang='lat' dir='ltr'><strong>internecio-</strong></span> 
     </span>
    </p>
   </div>
   <div class='ocr_carea' id='block_1_78' title="bbox 867 4622 2422 4692">
    <p class='ocr_par' dir='ltr' id='par_1_78' title="bbox 867 4622 2422 4692">
     <span class='ocr_line' id='line_1_78' title="bbox 867 4622 2422 4692; baseline 0.009 -23"><span class='ocrx_word' id='word_1_598' title='bbox 867 4630 985 4676; x_wconf 82' lang='lat' dir='ltr'><strong>em;</strong></span> <span class='ocrx_word' id='word_1_599' title='bbox 1018 4631 1232 4672; x_wconf 90' lang='lat' dir='ltr'><strong>omnem</strong></span> <span class='ocrx_word' id='word_1_600' title='bbox 1257 4629 1459 4684; x_wconf 89' lang='lat' dir='ltr'><strong>autem,</strong></span> <span class='ocrx_word' id='word_1_601' title='bbox 1487 4635 1652 4688; x_wconf 90' lang='lat' dir='ltr'><strong>super</strong></span> <span class='ocrx_word' id='word_1_602' title='bbox 1673 4636 1832 4690; x_wconf 85' lang='lat' dir='ltr'><strong>quem</strong></span> <span class='ocrx_word' id='word_1_603' title='bbox 1864 4622 2108 4678; x_wconf 82' lang='lat' dir='ltr'><strong>videritis</strong></span> <span class='ocrx_word' id='word_1_604' title='bbox 2150 4624 2324 4692; x_wconf 82' lang='lat' dir='ltr'><strong>Tliau,</strong></span> <span class='ocrx_word' id='word_1_605' title='bbox 2354 4643 2422 4683; x_wconf 93' lang='lat' dir='ltr'><strong>ne</strong></span> 
     </span>
    </p>
   </div>
   <div class='ocr_carea' id='block_1_79' title="bbox 875 4703 2420 4781">
    <p class='ocr_par' dir='ltr' id='par_1_79' title="bbox 875 4703 2420 4781">
     <span class='ocr_line' id='line_1_79' title="bbox 875 4703 2420 4781; baseline 0.007 -21"><span class='ocrx_word' id='word_1_606' title='bbox 875 4703 1093 4760; x_wconf 74' lang='lat' dir='ltr'><strong>:cidatis</strong></span> <span class='ocrx_word' id='word_1_607' title='bbox 1118 4705 1347 4776; x_wconf 64' lang='lat' dir='ltr'><strong>(Each.</strong></span> <span class='ocrx_word' id='word_1_608' title='bbox 1381 4710 1487 4778; x_wconf 82' lang='lat' dir='ltr'><strong>Ix).</strong></span> <span class='ocrx_word' id='word_1_609' title='bbox 1527 4729 1544 4760; x_wconf 79' lang='grc' dir='ltr'><strong><em>ι</em></strong></span> <span class='ocrx_word' id='word_1_610' title='bbox 1575 4708 1803 4779; x_wconf 85' lang='lat' dir='ltr'><strong>Expleto</strong></span> <span class='ocrx_word' id='word_1_611' title='bbox 1827 4711 2009 4780; x_wconf 84' lang='lat' dir='ltr'><strong>itaque</strong></span> <span class='ocrx_word' id='word_1_612' title='bbox 2042 4711 2270 4781; x_wconf 87' lang='lat' dir='ltr'><strong>judicio,</strong></span> <span class='ocrx_word' id='word_1_613' title='bbox 2299 4732 2420 4771; x_wconf 88' lang='lat' dir='ltr'><strong>cum</strong></span> 
     </span>
    </p>
   </div>
   <div class='ocr_carea' id='block_1_80' title="bbox 893 4797 2419 4876">
    <p class='ocr_par' dir='ltr' id='par_1_80' title="bbox 893 4797 2419 4876">
     <span class='ocr_line' id='line_1_80' title="bbox 893 4797 2419 4876; baseline 0.007 -27"><span class='ocrx_word' id='word_1_614' title='bbox 893 4811 947 4850; x_wconf 81' lang='lat' dir='ltr'><strong>ta</strong></span> <span class='ocrx_word' id='word_1_615' title='bbox 973 4809 1134 4850; x_wconf 85' lang='lat' dir='ltr'><strong>cruce</strong></span> <span class='ocrx_word' id='word_1_616' title='bbox 1162 4812 1351 4853; x_wconf 88' lang='lat' dir='ltr'><strong>omnes</strong></span> <span class='ocrx_word' id='word_1_617' title='bbox 1365 4797 1495 4868; x_wconf 86' lang='lat' dir='ltr'><strong>justi</strong></span> <span class='ocrx_word' id='word_1_618' title='bbox 1517 4799 1678 4852; x_wconf 89' lang='lat' dir='ltr'><strong>simul</strong></span> <span class='ocrx_word' id='word_1_619' title='bbox 1702 4801 2073 4869; x_wconf 82' lang='lat' dir='ltr'><strong>provehuntur</strong></span> <span class='ocrx_word' id='word_1_620' title='bbox 2085 4805 2151 4858; x_wconf 92' lang='lat' dir='ltr'><strong>ad</strong></span> <span class='ocrx_word' id='word_1_621' title='bbox 2172 4819 2419 4876; x_wconf 87' lang='lat' dir='ltr'><strong>regnum,</strong></span> 
     </span>
    </p>
   </div>
   <div class='ocr_carea' id='block_1_81' title="bbox 905 4885 2422 4967">
    <p class='ocr_par' dir='ltr' id='par_1_81' title="bbox 905 4885 2422 4967">
     <span class='ocr_line' id='line_1_81' title="bbox 905 4885 2422 4967; baseline 0.006 -24"><span class='ocrx_word' id='word_1_622' title='bbox 905 4885 988 4943; x_wconf 75' lang='lat' dir='ltr'><strong>ius</strong></span> <span class='ocrx_word' id='word_1_623' title='bbox 1014 4887 1144 4940; x_wconf 91' lang='lat' dir='ltr'><strong>olim</strong></span> <span class='ocrx_word' id='word_1_624' title='bbox 1168 4888 1280 4942; x_wconf 89' lang='lat' dir='ltr'><strong>sive</strong></span> <span class='ocrx_word' id='word_1_625' title='bbox 1309 4889 1361 4942; x_wconf 92' lang='lat' dir='ltr'><strong>in</strong></span> <span class='ocrx_word' id='word_1_626' title='bbox 1388 4905 1544 4960; x_wconf 89' lang='lat' dir='ltr'><strong>pace.</strong></span> <span class='ocrx_word' id='word_1_627' title='bbox 1587 4893 1699 4946; x_wconf 84' lang='lat' dir='ltr'><strong>sive</strong></span> <span class='ocrx_word' id='word_1_628' title='bbox 1721 4892 1774 4947; x_wconf 91' lang='lat' dir='ltr'><strong>in</strong></span> <span class='ocrx_word' id='word_1_629' title='bbox 1820 4896 2198 4964; x_wconf 83' lang='lat' dir='ltr'><strong>persecutione</strong></span> <span class='ocrx_word' id='word_1_630' title='bbox 2242 4907 2422 4967; x_wconf 84' lang='lat' dir='ltr'><strong>pertu-</strong></span> 
     </span>
    </p>
   </div>
   <div class='ocr_carea' id='block_1_82' title="bbox 923 4976 2420 5059">
    <p class='ocr_par' dir='ltr' id='par_1_82' title="bbox 923 4976 2420 5059">
     <span class='ocr_line' id='line_1_82' title="bbox 923 4976 2420 5059; baseline 0.009 -29"><span class='ocrx_word' id='word_1_631' title='bbox 923 4976 1314 5046; x_wconf 72' lang='lat' dir='ltr'><strong>tsupplicium.</strong></span> <span class='ocrx_word' id='word_1_632' title='bbox 1363 4978 1420 5032; x_wconf 88' lang='lat' dir='ltr'><strong>ltt</strong></span> <span class='ocrx_word' id='word_1_633' title='bbox 1466 4979 1555 5032; x_wconf 92' lang='lat' dir='ltr'><strong>illa</strong></span> <span class='ocrx_word' id='word_1_634' title='bbox 1581 4980 1744 5050; x_wconf 89' lang='lat' dir='ltr'><strong>igitur</strong></span> <span class='ocrx_word' id='word_1_635' title='bbox 1796 4982 2222 5041; x_wconf 87' lang='lat' dir='ltr'><strong>immortalitatis</strong></span> <span class='ocrx_word' id='word_1_636' title='bbox 2249 4986 2420 5059; x_wconf 88' lang='lat' dir='ltr'><strong>gioria</strong></span> 
     </span>
    </p>
   </div>
   <div class='ocr_carea' id='block_1_83' title="bbox 944 5071 2420 5149">
    <p class='ocr_par' dir='ltr' id='par_1_83' title="bbox 944 5071 2420 5149">
     <span class='ocr_line' id='line_1_83' title="bbox 944 5071 2420 5149; baseline 0.008 -25"><span class='ocrx_word' id='word_1_637' title='bbox 944 5085 1051 5125; x_wconf 78' lang='lat' dir='ltr'><strong>:em</strong></span> <span class='ocrx_word' id='word_1_638' title='bbox 1085 5071 1580 5140; x_wconf 86' lang='lat' dir='ltr'><strong>splendidissimam</strong></span> <span class='ocrx_word' id='word_1_639' title='bbox 1609 5089 1823 5145; x_wconf 89' lang='lat' dir='ltr'><strong>semper</strong></span> <span class='ocrx_word' id='word_1_640' title='bbox 1847 5078 2141 5146; x_wconf 90' lang='lat' dir='ltr'><strong>aspiciunt,</strong></span> <span class='ocrx_word' id='word_1_641' title='bbox 2171 5081 2420 5149; x_wconf 82' lang='lat' dir='ltr'><strong>signum-</strong></span> 
     </span>
    </p>
   </div>
   <div class='ocr_carea' id='block_1_84' title="bbox 958 5163 2421 5238">
    <p class='ocr_par' dir='ltr' id='par_1_84' title="bbox 958 5163 2421 5238">
     <span class='ocr_line' id='line_1_84' title="bbox 958 5163 2421 5238; baseline 0.008 -25"><span class='ocrx_word' id='word_1_642' title='bbox 958 5163 1213 5228; x_wconf 59' lang='lat' dir='ltr'><strong>victoriae,</strong></span> <span class='ocrx_word' id='word_1_643' title='bbox 1229 5179 1336 5233; x_wconf 89' lang='lat' dir='ltr'><strong>quo</strong></span> <span class='ocrx_word' id='word_1_644' title='bbox 1354 5164 1613 5235; x_wconf 89' lang='lat' dir='ltr'><strong>redempti</strong></span> <span class='ocrx_word' id='word_1_645' title='bbox 1631 5177 1754 5220; x_wconf 92' lang='lat' dir='ltr'><strong>sunt</strong></span> <span class='ocrx_word' id='word_1_646' title='bbox 1774 5167 2140 5238; x_wconf 88' lang='lat' dir='ltr'><strong>mundumque</strong></span> <span class='ocrx_word' id='word_1_647' title='bbox 2154 5170 2421 5235; x_wconf 89' lang='lat' dir='ltr'><strong>vicerunt,</strong></span> 
     </span>
    </p>
   </div>
   <div class='ocr_carea' id='block_1_85' title="bbox 976 5256 2423 5331">
    <p class='ocr_par' dir='ltr' id='par_1_85' title="bbox 976 5256 2423 5331">
     <span class='ocr_line' id='line_1_85' title="bbox 976 5256 2423 5331; baseline 0.01 -25"><span class='ocrx_word' id='word_1_648' title='bbox 976 5268 1041 5308; x_wconf 29' lang='lat' dir='ltr'><strong>ire</strong></span> <span class='ocrx_word' id='word_1_649' title='bbox 1064 5270 1122 5309; x_wconf 90' lang='lat' dir='ltr'><strong>se</strong></span> <span class='ocrx_word' id='word_1_650' title='bbox 1151 5269 1260 5324; x_wconf 79' lang='lat' dir='ltr'><strong>prae</strong></span> <span class='ocrx_word' id='word_1_651' title='bbox 1290 5256 1464 5312; x_wconf 88' lang='lat' dir='ltr'><strong>oculis</strong></span> <span class='ocrx_word' id='word_1_652' title='bbox 1486 5257 1832 5315; x_wconf 83' lang='lat' dir='ltr'><strong>ineffabiliter</strong></span> <span class='ocrx_word' id='word_1_653' title='bbox 1881 5261 2243 5331; x_wconf 88' lang='lat' dir='ltr'><strong>gratulantur.</strong></span> <span class='ocrx_word' id='word_1_654' title='bbox 2287 5262 2423 5320; x_wconf 89' lang='lat' dir='ltr'><strong>Pro-</strong></span> 
     </span>
    </p>
   </div>
   <div class='ocr_carea' id='block_1_86' title="bbox 992 5344 2421 5420">
    <p class='ocr_par' dir='ltr' id='par_1_86' title="bbox 992 5344 2421 5420">
     <span class='ocr_line' id='line_1_86' title="bbox 992 5344 2421 5420; baseline 0.006 -23"><span class='ocrx_word' id='word_1_655' title='bbox 992 5360 1018 5397; x_wconf 88' lang='lat' dir='ltr'><strong>a</strong></span> <span class='ocrx_word' id='word_1_656' title='bbox 1047 5354 1102 5397; x_wconf 90' lang='lat' dir='ltr'><strong>et</strong></span> <span class='ocrx_word' id='word_1_657' title='bbox 1164 5344 1461 5402; x_wconf 88' lang='lat' dir='ltr'><strong>Salvatoris</strong></span> <span class='ocrx_word' id='word_1_658' title='bbox 1513 5349 1594 5402; x_wconf 89' lang='lat' dir='ltr'><strong>sui</strong></span> <span class='ocrx_word' id='word_1_659' title='bbox 1639 5347 1841 5420; x_wconf 87' lang='lat' dir='ltr'><strong>jugiter</strong></span> <span class='ocrx_word' id='word_1_660' title='bbox 1895 5350 2083 5406; x_wconf 85' lang='lat' dir='ltr'><strong>laudes</strong></span> <span class='ocrx_word' id='word_1_661' title='bbox 2131 5351 2421 5420; x_wconf 89' lang='lat' dir='ltr'><strong>alternant,</strong></span> 
     </span>
    </p>
   </div>
   <div class='ocr_carea' id='block_1_87' title="bbox 1056 5439 2422 5515">
    <p class='ocr_par' dir='ltr' id='par_1_87' title="bbox 1056 5439 2422 5515">
     <span class='ocr_line' id='line_1_87' title="bbox 1056 5439 2422 5515; baseline 0.007 -25"><span class='ocrx_word' id='word_1_662' title='bbox 1056 5451 1270 5506; x_wconf 87' lang='lat' dir='ltr'><strong>semper</strong></span> <span class='ocrx_word' id='word_1_663' title='bbox 1313 5439 1516 5508; x_wconf 89' lang='lat' dir='ltr'><strong>gratias</strong></span> <span class='ocrx_word' id='word_1_664' title='bbox 1564 5439 1864 5497; x_wconf 85' lang='lat' dir='ltr'><strong>referentes</strong></span> <span class='ocrx_word' id='word_1_665' title='bbox 1910 5442 1964 5496; x_wconf 87' lang='lat' dir='ltr'><strong>in</strong></span> <span class='ocrx_word' id='word_1_666' title='bbox 2019 5440 2108 5498; x_wconf 90' lang='lat' dir='ltr'><strong>illa</strong></span> <span class='ocrx_word' id='word_1_667' title='bbox 2147 5453 2422 5515; x_wconf 70' lang='lat' dir='ltr'><strong>perpetuus</strong></span> 
     </span>
    </p>
   </div>
   <div class='ocr_carea' id='block_1_88' title="bbox 1022 5527 1854 5602">
    <p class='ocr_par' dir='ltr' id='par_1_88' title="bbox 1022 5527 1854 5602">
     <span class='ocr_line' id='line_1_88' title="bbox 1022 5527 1854 5602; baseline 0.006 -23"><span class='ocrx_word' id='word_1_668' title='bbox 1022 5527 1185 5581; x_wconf 80' lang='lat' dir='ltr'><strong>litatis</strong></span> <span class='ocrx_word' id='word_1_669' title='bbox 1204 5531 1515 5586; x_wconf 73' lang='lat' dir='ltr'><strong>alumnitale</strong></span> <span class='ocrx_word' id='word_1_670' title='bbox 1541 5532 1854 5602; x_wconf 87' lang='lat' dir='ltr'><strong>tripudiant.</strong></span> 
     </span>
    </p>
   </div>
   <div class='ocr_carea' id='block_1_89' title="bbox 1043 5622 2420 5685">
    <p class='ocr_par' dir='ltr' id='par_1_89' title="bbox 1043 5622 2420 5685">
     <span class='ocr_line' id='line_1_89' title="bbox 1043 5622 2420 5685; baseline 0.008 -14"><span class='ocrx_word' id='word_1_671' title='bbox 1043 5635 1091 5674; x_wconf 84' lang='lat' dir='ltr'><strong>te</strong></span> <span class='ocrx_word' id='word_1_672' title='bbox 1118 5632 1172 5674; x_wconf 89' lang='lat' dir='ltr'><strong>et</strong></span> <span class='ocrx_word' id='word_1_673' title='bbox 1197 5636 1293 5675; x_wconf 90' lang='lat' dir='ltr'><strong>nos</strong></span> <span class='ocrx_word' id='word_1_674' title='bbox 1323 5622 1374 5674; x_wconf 90' lang='lat' dir='ltr'><strong>in</strong></span> <span class='ocrx_word' id='word_1_675' title='bbox 1409 5624 1618 5680; x_wconf 84' lang='lat' dir='ltr'><strong>laudem</strong></span> <span class='ocrx_word' id='word_1_676' title='bbox 1652 5627 1822 5681; x_wconf 75' lang='lat' dir='ltr'><strong>beata:</strong></span> <span class='ocrx_word' id='word_1_677' title='bbox 1849 5627 2032 5683; x_wconf 88' lang='lat' dir='ltr'><strong>crucis</strong></span> <span class='ocrx_word' id='word_1_678' title='bbox 2058 5628 2188 5684; x_wconf 87' lang='lat' dir='ltr'><strong>libet</strong></span> <span class='ocrx_word' id='word_1_679' title='bbox 2235 5629 2420 5685; x_wconf 84' lang='lat' dir='ltr'><strong>excla-</strong></span> 
     </span>
    </p>
   </div>
   <div class='ocr_carea' id='block_1_90' title="bbox 1056 5710 2421 5785">
    <p class='ocr_par' dir='ltr' id='par_1_90' title="bbox 1056 5710 2421 5785">
     <span class='ocr_line' id='line_1_90' title="bbox 1056 5710 2421 5785; baseline 0.01 -22"><span class='ocrx_word' id='word_1_680' title='bbox 1056 5710 1096 5764; x_wconf 92' lang='grc' dir='ltr'>Ο</span> <span class='ocrx_word' id='word_1_681' title='bbox 1130 5713 1282 5765; x_wconf 79' lang='lat' dir='ltr'><strong>beata</strong></span> <span class='ocrx_word' id='word_1_682' title='bbox 1313 5729 1465 5781; x_wconf 80' lang='lat' dir='ltr'><strong>crux,</strong></span> <span class='ocrx_word' id='word_1_683' title='bbox 1493 5732 1608 5785; x_wconf 75' lang='lat' dir='ltr'><strong>qua:</strong></span> <span class='ocrx_word' id='word_1_684' title='bbox 1640 5718 1786 5772; x_wconf 92' lang='lat' dir='ltr'><strong>illum</strong></span> <span class='ocrx_word' id='word_1_685' title='bbox 1815 5721 2059 5776; x_wconf 89' lang='lat' dir='ltr'><strong>meruisti</strong></span> <span class='ocrx_word' id='word_1_686' title='bbox 2090 5738 2224 5777; x_wconf 71' lang='lat' dir='ltr'><strong>nova</strong></span> <span class='ocrx_word' id='word_1_687' title='bbox 2260 5722 2421 5778; x_wconf 83' lang='lat' dir='ltr'><strong>libra-</strong></span> 
     </span>
    </p>
   </div>
   <div class='ocr_carea' id='block_1_91' title="bbox 2525 3257 4130 3332">
    <p class='ocr_par' dir='ltr' id='par_1_91' title="bbox 2525 3257 4130 3332">
     <span class='ocr_line' id='line_1_91' title="bbox 2525 3257 4130 3332; baseline 0.004 -22"><span class='ocrx_word' id='word_1_688' title='bbox 2525 3271 2672 3311; x_wconf 88' lang='lat' dir='ltr'><strong>mors</strong></span> <span class='ocrx_word' id='word_1_689' title='bbox 2699 3267 2924 3311; x_wconf 78' lang='lat' dir='ltr'><strong>cruenta</strong></span> <span class='ocrx_word' id='word_1_690' title='bbox 2952 3257 3080 3312; x_wconf 87' lang='lat' dir='ltr'><strong>dttttt</strong></span> <span class='ocrx_word' id='word_1_691' title='bbox 3125 3259 3326 3314; x_wconf 82' lang='lat' dir='ltr'><strong>occidit</strong></span> <span class='ocrx_word' id='word_1_692' title='bbox 3352 3259 3625 3315; x_wconf 90' lang='lat' dir='ltr'><strong>occiditur</strong></span> <span class='ocrx_word' id='word_1_693' title='bbox 3648 3300 3663 3325; x_wconf 92' lang='lat'><strong>,</strong></span> <span class='ocrx_word' id='word_1_694' title='bbox 3691 3270 3889 3316; x_wconf 91' lang='lat' dir='ltr'><strong>auctor</strong></span> <span class='ocrx_word' id='word_1_695' title='bbox 3927 3271 3988 3316; x_wconf 90' lang='lat' dir='ltr'><strong>et</strong></span> <span class='ocrx_word' id='word_1_696' title='bbox 4016 3262 4130 3332; x_wconf 87' lang='lat' dir='ltr'><strong>ipse</strong></span> 
     </span>
    </p>
   </div>
   <div class='ocr_carea' id='block_1_92' title="bbox 2525 3348 4131 3422">
    <p class='ocr_par' dir='ltr' id='par_1_92' title="bbox 2525 3348 4131 3422">
     <span class='ocr_line' id='line_1_92' title="bbox 2525 3348 4131 3422; baseline 0.004 -22"><span class='ocrx_word' id='word_1_697' title='bbox 2525 3349 2717 3402; x_wconf 74' lang='lat' dir='ltr'><strong>mortis</strong></span> <span class='ocrx_word' id='word_1_698' title='bbox 2745 3348 3117 3418; x_wconf 77' lang='lat' dir='ltr'><strong>exstinguitur</strong></span> <span class='ocrx_word' id='word_1_699' title='bbox 3137 3389 3152 3411; x_wconf 84' lang='lat'><strong>,</strong></span> <span class='ocrx_word' id='word_1_700' title='bbox 3184 3350 3291 3404; x_wconf 92' lang='lat' dir='ltr'><strong>vita</strong></span> <span class='ocrx_word' id='word_1_701' title='bbox 3319 3351 3638 3406; x_wconf 87' lang='lat' dir='ltr'><strong>hominibus</strong></span> <span class='ocrx_word' id='word_1_702' title='bbox 3664 3352 3877 3420; x_wconf 87' lang='lat' dir='ltr'><strong>perdita</strong></span> <span class='ocrx_word' id='word_1_703' title='bbox 3904 3368 4131 3422; x_wconf 81' lang='lat' dir='ltr'><strong>repara-</strong></span> 
     </span>
    </p>
   </div>
   <div class='ocr_carea' id='block_1_93' title="bbox 2525 3435 4132 3511">
    <p class='ocr_par' dir='ltr' id='par_1_93' title="bbox 2525 3435 4132 3511">
     <span class='ocr_line' id='line_1_93' title="bbox 2525 3435 4132 3511; baseline 0.004 -22"><span class='ocrx_word' id='word_1_704' title='bbox 2525 3446 2631 3489; x_wconf 91' lang='lat' dir='ltr'><strong>tur.</strong></span> <span class='ocrx_word' id='word_1_705' title='bbox 2664 3435 2743 3490; x_wconf 87' lang='lat' dir='ltr'><strong>Tu</strong></span> <span class='ocrx_word' id='word_1_706' title='bbox 2783 3437 3008 3492; x_wconf 88' lang='lat' dir='ltr'><strong>armasti</strong></span> <span class='ocrx_word' id='word_1_707' title='bbox 3059 3453 3281 3494; x_wconf 87' lang='lat' dir='ltr'><strong>manum</strong></span> <span class='ocrx_word' id='word_1_708' title='bbox 3309 3436 3470 3497; x_wconf 77' lang='lat' dir='ltr'><strong>Jahel</strong></span> <span class='ocrx_word' id='word_1_709' title='bbox 3502 3439 3657 3494; x_wconf 88' lang='lat' dir='ltr'><strong>clavo</strong></span> <span class='ocrx_word' id='word_1_710' title='bbox 3684 3479 3699 3505; x_wconf 90' lang='lat'><strong>,</strong></span> <span class='ocrx_word' id='word_1_711' title='bbox 3729 3455 3838 3511; x_wconf 91' lang='lat' dir='ltr'><strong>quo</strong></span> <span class='ocrx_word' id='word_1_712' title='bbox 3877 3440 4132 3496; x_wconf 84' lang='lat' dir='ltr'><strong>videlicet</strong></span> 
     </span>
    </p>
   </div>
   <div class='ocr_carea' id='block_1_94' title="bbox 2527 3524 4133 3600">
    <p class='ocr_par' dir='ltr' id='par_1_94' title="bbox 2527 3524 4133 3600">
     <span class='ocr_line' id='line_1_94' title="bbox 2527 3524 4133 3600; baseline 0.004 -20"><span class='ocrx_word' id='word_1_713' title='bbox 2527 3524 2771 3581; x_wconf 84' lang='lat' dir='ltr'><strong>Sisaram</strong></span> <span class='ocrx_word' id='word_1_714' title='bbox 2818 3543 2916 3598; x_wconf 86' lang='lat' dir='ltr'><strong>per</strong></span> <span class='ocrx_word' id='word_1_715' title='bbox 2971 3536 3182 3598; x_wconf 86' lang='lat' dir='ltr'><strong>tempus</strong></span> <span class='ocrx_word' id='word_1_716' title='bbox 3213 3530 3408 3600; x_wconf 91' lang='lat' dir='ltr'><strong>capitis</strong></span> <span class='ocrx_word' id='word_1_717' title='bbox 3438 3539 3733 3600; x_wconf 89' lang='lat' dir='ltr'><strong>utrumque</strong></span> <span class='ocrx_word' id='word_1_718' title='bbox 3762 3531 4133 3588; x_wconf 75' lang='lat' dir='ltr'><strong>transfodenet</strong></span> 
     </span>
    </p>
   </div>
   <div class='ocr_carea' id='block_1_95' title="bbox 2526 3613 4126 3688">
    <p class='ocr_par' dir='ltr' id='par_1_95' title="bbox 2526 3613 4126 3688">
     <span class='ocr_line' id='line_1_95' title="bbox 2526 3613 4126 3688; baseline 0.006 -20"><span class='ocrx_word' id='word_1_719' title='bbox 2526 3613 2728 3684; x_wconf 78' lang='lat' dir='ltr'><strong>(Judic.</strong></span> <span class='ocrx_word' id='word_1_720' title='bbox 2759 3619 2856 3684; x_wconf 87' lang='lat' dir='ltr'><strong>tv),</strong></span> <span class='ocrx_word' id='word_1_721' title='bbox 2885 3625 2938 3671; x_wconf 91' lang='lat' dir='ltr'><strong>et</strong></span> <span class='ocrx_word' id='word_1_722' title='bbox 2971 3616 3024 3670; x_wconf 91' lang='lat' dir='ltr'><strong>in</strong></span> <span class='ocrx_word' id='word_1_723' title='bbox 3061 3627 3187 3688; x_wconf 78' lang='lat' dir='ltr'><strong>typo</strong></span> <span class='ocrx_word' id='word_1_724' title='bbox 3209 3617 3472 3674; x_wconf 59' lang='lat' dir='ltr'><strong>Ecclesiae</strong></span> <span class='ocrx_word' id='word_1_725' title='bbox 3493 3619 3767 3674; x_wconf 85' lang='lat' dir='ltr'><strong>diabolum</strong></span> <span class='ocrx_word' id='word_1_726' title='bbox 3801 3621 4126 3677; x_wconf 79' lang='lat' dir='ltr'><strong>trucidaret.</strong></span> 
     </span>
    </p>
   </div>
   <div class='ocr_carea' id='block_1_96' title="bbox 2525 3704 4128 3780">
    <p class='ocr_par' dir='ltr' id='par_1_96' title="bbox 2525 3704 4128 3780">
     <span class='ocr_line' id='line_1_96' title="bbox 2525 3704 4128 3780; baseline 0.006 -22"><span class='ocrx_word' id='word_1_727' title='bbox 2525 3704 2604 3758; x_wconf 89' lang='lat' dir='ltr'><strong>Tu</strong></span> <span class='ocrx_word' id='word_1_728' title='bbox 2638 3704 2856 3760; x_wconf 88' lang='lat' dir='ltr'><strong>fundam</strong></span> <span class='ocrx_word' id='word_1_729' title='bbox 2887 3705 3056 3762; x_wconf 87' lang='lat' dir='ltr'><strong>David</strong></span> <span class='ocrx_word' id='word_1_730' title='bbox 3089 3709 3327 3778; x_wconf 88' lang='lat' dir='ltr'><strong>implesti</strong></span> <span class='ocrx_word' id='word_1_731' title='bbox 3365 3709 3580 3780; x_wconf 87' lang='lat' dir='ltr'><strong>lapide,</strong></span> <span class='ocrx_word' id='word_1_732' title='bbox 3610 3725 3721 3780; x_wconf 94' lang='lat' dir='ltr'><strong>quo</strong></span> <span class='ocrx_word' id='word_1_733' title='bbox 3748 3709 4128 3768; x_wconf 67' lang='lat' dir='ltr'><strong>Philisthaum</strong></span> 
     </span>
    </p>
   </div>
   <div class='ocr_carea' id='block_1_97' title="bbox 2521 3792 4128 3875">
    <p class='ocr_par' dir='ltr' id='par_1_97' title="bbox 2521 3792 4128 3875">
     <span class='ocr_line' id='line_1_97' title="bbox 2521 3792 4128 3875; baseline 0.006 -25"><span class='ocrx_word' id='word_1_734' title='bbox 2521 3792 2738 3851; x_wconf 81' lang='lat' dir='ltr'><strong>Goliath</strong></span> <span class='ocrx_word' id='word_1_735' title='bbox 2787 3797 3034 3867; x_wconf 89' lang='lat' dir='ltr'><strong>signatus</strong></span> <span class='ocrx_word' id='word_1_736' title='bbox 3079 3799 3133 3852; x_wconf 90' lang='lat' dir='ltr'><strong>in</strong></span> <span class='ocrx_word' id='word_1_737' title='bbox 3185 3798 3364 3858; x_wconf 77' lang='lat' dir='ltr'><strong>fronte</strong></span> <span class='ocrx_word' id='word_1_738' title='bbox 3393 3801 3666 3870; x_wconf 89' lang='lat' dir='ltr'><strong>percutiat</strong></span> <span class='ocrx_word' id='word_1_739' title='bbox 3693 3801 3746 3872; x_wconf 93' lang='grc'><strong>(1</strong></span> <span class='ocrx_word' id='word_1_740' title='bbox 3788 3801 3917 3872; x_wconf 77' lang='lat' dir='ltr'><strong>Reg.</strong></span> <span class='ocrx_word' id='word_1_741' title='bbox 3944 3804 4084 3875; x_wconf 89' lang='lat' dir='ltr'><strong>xvtt)</strong></span> <span class='ocrx_word' id='word_1_742' title='bbox 4112 3839 4128 3871; x_wconf 81' lang='lat'><strong>,</strong></span> 
     </span>
    </p>
   </div>
   <div class='ocr_carea' id='block_1_98' title="bbox 2524 3887 4126 3964">
    <p class='ocr_par' dir='ltr' id='par_1_98' title="bbox 2524 3887 4126 3964">
     <span class='ocr_line' id='line_1_98' title="bbox 2524 3887 4126 3964; baseline 0.008 -24"><span class='ocrx_word' id='word_1_743' title='bbox 2524 3887 2615 3941; x_wconf 90' lang='lat' dir='ltr'><strong>ubi</strong></span> <span class='ocrx_word' id='word_1_744' title='bbox 2645 3887 2899 3945; x_wconf 89' lang='lat' dir='ltr'><strong>videlicet</strong></span> <span class='ocrx_word' id='word_1_745' title='bbox 2945 3889 3208 3958; x_wconf 91' lang='lat' dir='ltr'><strong>profanus</strong></span> <span class='ocrx_word' id='word_1_746' title='bbox 3238 3893 3314 3947; x_wconf 91' lang='lat' dir='ltr'><strong>tui</strong></span> <span class='ocrx_word' id='word_1_747' title='bbox 3339 3893 3683 3964; x_wconf 85' lang='lat' dir='ltr'><strong>signaculum</strong></span> <span class='ocrx_word' id='word_1_748' title='bbox 3715 3911 3823 3951; x_wconf 89' lang='lat' dir='ltr'><strong>non</strong></span> <span class='ocrx_word' id='word_1_749' title='bbox 3865 3896 4126 3952; x_wconf 71' lang='lat' dir='ltr'><strong>habebat.</strong></span> 
     </span>
    </p>
   </div>
   <div class='ocr_carea' id='block_1_99' title="bbox 2523 3978 4127 4053">
    <p class='ocr_par' dir='ltr' id='par_1_99' title="bbox 2523 3978 4127 4053">
     <span class='ocr_line' id='line_1_99' title="bbox 2523 3978 4127 4053; baseline 0.007 -19"><span class='ocrx_word' id='word_1_750' title='bbox 2523 3978 2569 4034; x_wconf 92' lang='lat'><strong>0</strong></span> <span class='ocrx_word' id='word_1_751' title='bbox 2595 3981 2754 4036; x_wconf 88' lang='lat' dir='ltr'><strong>beata</strong></span> <span class='ocrx_word' id='word_1_752' title='bbox 2801 3997 2958 4045; x_wconf 88' lang='lat' dir='ltr'><strong>crux.</strong></span> <span class='ocrx_word' id='word_1_753' title='bbox 2993 3990 3046 4037; x_wconf 90' lang='lat' dir='ltr'><strong>te</strong></span> <span class='ocrx_word' id='word_1_754' title='bbox 3100 3984 3534 4052; x_wconf 80' lang='lat' dir='ltr'><strong>patriarcharum</strong></span> <span class='ocrx_word' id='word_1_755' title='bbox 3589 3985 3748 4053; x_wconf 87' lang='lat' dir='ltr'><strong>fides,</strong></span> <span class='ocrx_word' id='word_1_756' title='bbox 3787 3998 3840 4044; x_wconf 80' lang='lat' dir='ltr'><strong>te</strong></span> <span class='ocrx_word' id='word_1_757' title='bbox 3866 3989 4127 4046; x_wconf 87' lang='lat' dir='ltr'><strong>vaticinia</strong></span> 
     </span>
    </p>
   </div>
   <div class='ocr_carea' id='block_1_100' title="bbox 2524 4071 4129 4146">
    <p class='ocr_par' dir='ltr' id='par_1_100' title="bbox 2524 4071 4129 4146">
     <span class='ocr_line' id='line_1_100' title="bbox 2524 4071 4129 4146; baseline 0.009 -25"><span class='ocrx_word' id='word_1_758' title='bbox 2524 4071 2960 4139; x_wconf 86' lang='lat' dir='ltr'><strong>prophetarum,</strong></span> <span class='ocrx_word' id='word_1_759' title='bbox 3015 4082 3066 4126; x_wconf 91' lang='lat' dir='ltr'><strong>te</strong></span> <span class='ocrx_word' id='word_1_760' title='bbox 3119 4071 3285 4140; x_wconf 85' lang='lat' dir='ltr'><strong>judex</strong></span> <span class='ocrx_word' id='word_1_761' title='bbox 3335 4075 3705 4144; x_wconf 86' lang='lat' dir='ltr'><strong>apostolorum</strong></span> <span class='ocrx_word' id='word_1_762' title='bbox 3751 4088 4019 4146; x_wconf 85' lang='lat' dir='ltr'><strong>senatus,</strong></span> <span class='ocrx_word' id='word_1_763' title='bbox 4076 4090 4129 4136; x_wconf 84' lang='lat' dir='ltr'><strong>te</strong></span> 
     </span>
    </p>
   </div>
   <div class='ocr_carea' id='block_1_101' title="bbox 2525 4163 4124 4242">
    <p class='ocr_par' dir='ltr' id='par_1_101' title="bbox 2525 4163 4124 4242">
     <span class='ocr_line' id='line_1_101' title="bbox 2525 4163 4124 4242; baseline 0.009 -28"><span class='ocrx_word' id='word_1_764' title='bbox 2525 4172 2824 4242; x_wconf 76' lang='lat' dir='ltr'><strong>martyrum</strong></span> <span class='ocrx_word' id='word_1_765' title='bbox 2869 4163 3047 4218; x_wconf 89' lang='lat' dir='ltr'><strong>victor</strong></span> <span class='ocrx_word' id='word_1_766' title='bbox 3081 4165 3360 4222; x_wconf 88' lang='lat' dir='ltr'><strong>exercitus</strong></span> <span class='ocrx_word' id='word_1_767' title='bbox 3384 4208 3400 4232; x_wconf 86' lang='lat'><strong>,</strong></span> <span class='ocrx_word' id='word_1_768' title='bbox 3431 4167 3786 4238; x_wconf 88' lang='lat' dir='ltr'><strong>omniumque</strong></span> <span class='ocrx_word' id='word_1_769' title='bbox 3812 4180 4124 4228; x_wconf 87' lang='lat' dir='ltr'><strong>sanctorum</strong></span> 
     </span>
    </p>
   </div>
   <div class='ocr_carea' id='block_1_102' title="bbox 2524 4259 4127 4330">
    <p class='ocr_par' dir='ltr' id='par_1_102' title="bbox 2524 4259 4127 4330">
     <span class='ocr_line' id='line_1_102' title="bbox 2524 4259 4127 4330; baseline 0.009 -19"><span class='ocrx_word' id='word_1_770' title='bbox 2524 4259 2740 4328; x_wconf 89' lang='lat' dir='ltr'><strong>agmina</strong></span> <span class='ocrx_word' id='word_1_771' title='bbox 2787 4269 3136 4324; x_wconf 86' lang='lat' dir='ltr'><strong>venerantur,</strong></span> <span class='ocrx_word' id='word_1_772' title='bbox 3183 4262 3483 4330; x_wconf 65' lang='lat' dir='ltr'><strong>praedicant</strong></span> <span class='ocrx_word' id='word_1_773' title='bbox 3526 4273 3582 4318; x_wconf 91' lang='lat' dir='ltr'><strong>et</strong></span> <span class='ocrx_word' id='word_1_774' title='bbox 3634 4265 3946 4322; x_wconf 81' lang='lat' dir='ltr'><strong>honorant!</strong></span> <span class='ocrx_word' id='word_1_775' title='bbox 3981 4268 4127 4325; x_wconf 91' lang='lat' dir='ltr'><strong>Odor</strong></span> 
     </span>
    </p>
   </div>
   <div class='ocr_carea' id='block_1_103' title="bbox 2523 4348 4122 4423">
    <p class='ocr_par' dir='ltr' id='par_1_103' title="bbox 2523 4348 4122 4423">
     <span class='ocr_line' id='line_1_103' title="bbox 2523 4348 4122 4423; baseline 0.009 -21"><span class='ocrx_word' id='word_1_776' title='bbox 2523 4348 2836 4420; x_wconf 70' lang='lat' dir='ltr'><strong>fragrantia:</strong></span> <span class='ocrx_word' id='word_1_777' title='bbox 2871 4360 2976 4407; x_wconf 65' lang='lat' dir='ltr'><strong>tua</strong></span> <span class='ocrx_word' id='word_1_778' title='bbox 3022 4354 3207 4408; x_wconf 86' lang='lat' dir='ltr'><strong>omnia</strong></span> <span class='ocrx_word' id='word_1_779' title='bbox 3240 4355 3410 4410; x_wconf 88' lang='lat' dir='ltr'><strong>vincit</strong></span> <span class='ocrx_word' id='word_1_780' title='bbox 3436 4367 3684 4412; x_wconf 87' lang='lat' dir='ltr'><strong>aromata</strong></span> <span class='ocrx_word' id='word_1_781' title='bbox 3708 4399 3722 4423; x_wconf 88' lang='lat'><strong>,</strong></span> <span class='ocrx_word' id='word_1_782' title='bbox 3754 4369 3945 4415; x_wconf 81' lang='lat' dir='ltr'><strong>nectar</strong></span> <span class='ocrx_word' id='word_1_783' title='bbox 3974 4370 4122 4416; x_wconf 87' lang='lat' dir='ltr'><strong>tuum</strong></span> 
     </span>
    </p>
   </div>
   <div class='ocr_carea' id='block_1_104' title="bbox 2526 4443 4122 4518">
    <p class='ocr_par' dir='ltr' id='par_1_104' title="bbox 2526 4443 4122 4518">
     <span class='ocr_line' id='line_1_104' title="bbox 2526 4443 4122 4518; baseline 0.008 -22"><span class='ocrx_word' id='word_1_784' title='bbox 2526 4451 2752 4496; x_wconf 78' lang='lat' dir='ltr'><strong>cunctas</strong></span> <span class='ocrx_word' id='word_1_785' title='bbox 2812 4443 3214 4514; x_wconf 85' lang='lat' dir='ltr'><strong>pigmentorum</strong></span> <span class='ocrx_word' id='word_1_786' title='bbox 3284 4450 3497 4518; x_wconf 89' lang='lat' dir='ltr'><strong>species</strong></span> <span class='ocrx_word' id='word_1_787' title='bbox 3544 4458 3600 4505; x_wconf 88' lang='lat' dir='ltr'><strong>et</strong></span> <span class='ocrx_word' id='word_1_788' title='bbox 3650 4452 3906 4507; x_wconf 88' lang='lat' dir='ltr'><strong>universa</strong></span> <span class='ocrx_word' id='word_1_789' title='bbox 3963 4454 4122 4508; x_wconf 89' lang='lat' dir='ltr'><strong>mella</strong></span> 
     </span>
    </p>
   </div>
   <div class='ocr_carea' id='block_1_105' title="bbox 2525 4533 4123 4615">
    <p class='ocr_par' dir='ltr' id='par_1_105' title="bbox 2525 4533 4123 4615">
     <span class='ocr_line' id='line_1_105' title="bbox 2525 4533 4123 4615; baseline 0.011 -32"><span class='ocrx_word' id='word_1_790' title='bbox 2525 4533 2800 4600; x_wconf 77' lang='lat' dir='ltr'><strong>pnccedit.</strong></span> <span class='ocrx_word' id='word_1_791' title='bbox 2835 4533 2880 4587; x_wconf 96' lang='lat'><strong>0</strong></span> <span class='ocrx_word' id='word_1_792' title='bbox 2908 4533 3068 4588; x_wconf 85' lang='lat' dir='ltr'><strong>beata</strong></span> <span class='ocrx_word' id='word_1_793' title='bbox 3093 4551 3224 4590; x_wconf 85' lang='lat' dir='ltr'><strong>crux</strong></span> <span class='ocrx_word' id='word_1_794' title='bbox 3252 4578 3269 4603; x_wconf 88' lang='lat'><strong>,</strong></span> <span class='ocrx_word' id='word_1_795' title='bbox 3305 4541 3496 4597; x_wconf 90' lang='lat' dir='ltr'><strong>titulus</strong></span> <span class='ocrx_word' id='word_1_796' title='bbox 3534 4541 3725 4613; x_wconf 63' lang='lat' dir='ltr'><strong>glorise</strong></span> <span class='ocrx_word' id='word_1_797' title='bbox 3749 4585 3766 4610; x_wconf 89' lang='lat'><strong>,</strong></span> <span class='ocrx_word' id='word_1_798' title='bbox 3801 4546 4017 4615; x_wconf 88' lang='lat' dir='ltr'><strong>insigne</strong></span> <span class='ocrx_word' id='word_1_799' title='bbox 4044 4550 4123 4601; x_wconf 56' lang='lat' dir='ltr'><strong>vi.</strong></span> 
     </span>
    </p>
   </div>
   <div class='ocr_carea' id='block_1_106' title="bbox 2523 4625 4120 4702">
    <p class='ocr_par' dir='ltr' id='par_1_106' title="bbox 2523 4625 4120 4702">
     <span class='ocr_line' id='line_1_106' title="bbox 2523 4625 4120 4702; baseline 0.011 -24"><span class='ocrx_word' id='word_1_800' title='bbox 2523 4625 2734 4689; x_wconf 62' lang='lat' dir='ltr'><strong>ctoria,</strong></span> <span class='ocrx_word' id='word_1_801' title='bbox 2766 4627 3107 4696; x_wconf 82' lang='lat' dir='ltr'><strong>signaculum</strong></span> <span class='ocrx_word' id='word_1_802' title='bbox 3148 4630 3540 4702; x_wconf 89' lang='lat' dir='ltr'><strong>redemptionis</strong></span> <span class='ocrx_word' id='word_1_803' title='bbox 3576 4638 3832 4692; x_wconf 65' lang='lat' dir='ltr'><strong>aeternae!</strong></span> <span class='ocrx_word' id='word_1_804' title='bbox 3877 4637 3999 4695; x_wconf 88' lang='lat' dir='ltr'><strong>Tibi</strong></span> <span class='ocrx_word' id='word_1_805' title='bbox 4026 4641 4120 4695; x_wconf 68' lang='lat' dir='ltr'><strong>deo</strong></span> 
     </span>
    </p>
   </div>
   <div class='ocr_carea' id='block_1_107' title="bbox 2519 4715 4121 4799">
    <p class='ocr_par' dir='ltr' id='par_1_107' title="bbox 2519 4715 4121 4799">
     <span class='ocr_line' id='line_1_107' title="bbox 2519 4715 4121 4799; baseline 0.011 -30"><span class='ocrx_word' id='word_1_806' title='bbox 2519 4715 2653 4769; x_wconf 86' lang='lat' dir='ltr'><strong>&#39;beut</strong></span> <span class='ocrx_word' id='word_1_807' title='bbox 2681 4724 2894 4770; x_wconf 76' lang='lat' dir='ltr'><strong>terrena</strong></span> <span class='ocrx_word' id='word_1_808' title='bbox 2927 4757 2942 4782; x_wconf 93' lang='lat'><strong>,</strong></span> <span class='ocrx_word' id='word_1_809' title='bbox 2990 4719 3135 4788; x_wconf 90' lang='lat' dir='ltr'><strong>quod</strong></span> <span class='ocrx_word' id='word_1_810' title='bbox 3168 4721 3384 4787; x_wconf 85' lang='lat' dir='ltr'><strong>vivunt;</strong></span> <span class='ocrx_word' id='word_1_811' title='bbox 3417 4725 3659 4781; x_wconf 79' lang='lat' dir='ltr'><strong>ctelcstia</strong></span> <span class='ocrx_word' id='word_1_812' title='bbox 3711 4728 3936 4798; x_wconf 87' lang='lat' dir='ltr'><strong>insuper</strong></span> <span class='ocrx_word' id='word_1_813' title='bbox 3980 4731 4121 4799; x_wconf 87' lang='lat' dir='ltr'><strong>quod</strong></span> 
     </span>
    </p>
   </div>
   <div class='ocr_carea' id='block_1_108' title="bbox 2524 4807 4122 4883">
    <p class='ocr_par' dir='ltr' id='par_1_108' title="bbox 2524 4807 4122 4883">
     <span class='ocr_line' id='line_1_108' title="bbox 2524 4807 4122 4883; baseline 0.014 -23"><span class='ocrx_word' id='word_1_814' title='bbox 2524 4807 2591 4860; x_wconf 88' lang='lat' dir='ltr'><strong>ad</strong></span> <span class='ocrx_word' id='word_1_815' title='bbox 2635 4823 2748 4864; x_wconf 68' lang='lat' dir='ltr'><strong>sum</strong></span> <span class='ocrx_word' id='word_1_816' title='bbox 2794 4810 3124 4882; x_wconf 82' lang='lat' dir='ltr'><strong>integritatis</strong></span> <span class='ocrx_word' id='word_1_817' title='bbox 3175 4814 3574 4883; x_wconf 86' lang='lat' dir='ltr'><strong>plenitudinem</strong></span> <span class='ocrx_word' id='word_1_818' title='bbox 3625 4815 3875 4878; x_wconf 67' lang='lat' dir='ltr'><strong>redeunt.</strong></span> <span class='ocrx_word' id='word_1_819' title='bbox 3917 4823 4021 4880; x_wconf 87' lang='lat' dir='ltr'><strong>Per</strong></span> <span class='ocrx_word' id='word_1_820' title='bbox 4071 4836 4122 4881; x_wconf 88' lang='lat' dir='ltr'><strong>te</strong></span> 
     </span>
    </p>
   </div>
   <div class='ocr_carea' id='block_1_109' title="bbox 2523 4897 4121 4980">
    <p class='ocr_par' dir='ltr' id='par_1_109' title="bbox 2523 4897 4121 4980">
     <span class='ocr_line' id='line_1_109' title="bbox 2523 4897 4121 4980; baseline 0.012 -27"><span class='ocrx_word' id='word_1_821' title='bbox 2523 4897 2789 4968; x_wconf 89' lang='lat' dir='ltr'><strong>siquidem</strong></span> <span class='ocrx_word' id='word_1_822' title='bbox 2816 4902 2882 4954; x_wconf 88' lang='lat' dir='ltr'><strong>ad</strong></span> <span class='ocrx_word' id='word_1_823' title='bbox 2928 4903 3165 4971; x_wconf 87' lang='lat' dir='ltr'><strong>patriam</strong></span> <span class='ocrx_word' id='word_1_824' title='bbox 3208 4907 3360 4962; x_wconf 87' lang='lat' dir='ltr'><strong>exsul</strong></span> <span class='ocrx_word' id='word_1_825' title='bbox 3397 4907 3561 4964; x_wconf 89' lang='lat' dir='ltr'><strong>homo</strong></span> <span class='ocrx_word' id='word_1_826' title='bbox 3597 4914 3911 4980; x_wconf 88' lang='lat' dir='ltr'><strong>revertitur,</strong></span> <span class='ocrx_word' id='word_1_827' title='bbox 3940 4925 3992 4971; x_wconf 87' lang='lat' dir='ltr'><strong>et</strong></span> <span class='ocrx_word' id='word_1_828' title='bbox 4025 4932 4121 4972; x_wconf 82' lang='lat' dir='ltr'><strong>an-</strong></span> 
     </span>
    </p>
   </div>
   <div class='ocr_carea' id='block_1_110' title="bbox 2529 4987 4121 5068">
    <p class='ocr_par' dir='ltr' id='par_1_110' title="bbox 2529 4987 4121 5068">
     <span class='ocr_line' id='line_1_110' title="bbox 2529 4987 4121 5068; baseline 0.014 -28"><span class='ocrx_word' id='word_1_829' title='bbox 2529 4987 2771 5056; x_wconf 86' lang='lat' dir='ltr'><strong>gelorum</strong></span> <span class='ocrx_word' id='word_1_830' title='bbox 2797 5005 3077 5054; x_wconf 83' lang='lat' dir='ltr'><strong>numerus.</strong></span> <span class='ocrx_word' id='word_1_831' title='bbox 3102 4995 3194 5063; x_wconf 91' lang='lat' dir='ltr'><strong>qui</strong></span> <span class='ocrx_word' id='word_1_832' title='bbox 3219 4995 3518 5054; x_wconf 88' lang='lat' dir='ltr'><strong>ditninutus</strong></span> <span class='ocrx_word' id='word_1_833' title='bbox 3540 4997 3740 5068; x_wconf 90' lang='lat' dir='ltr'><strong>fuerat,</strong></span> <span class='ocrx_word' id='word_1_834' title='bbox 3765 5004 4121 5062; x_wconf 86' lang='lat' dir='ltr'><strong>instauratur.</strong></span> 
     </span>
    </p>
   </div>
   <div class='ocr_carea' id='block_1_111' title="bbox 2530 5078 4124 5166">
    <p class='ocr_par' dir='ltr' id='par_1_111' title="bbox 2530 5078 4124 5166">
     <span class='ocr_line' id='line_1_111' title="bbox 2530 5078 4124 5166; baseline 0.013 -35"><span class='ocrx_word' id='word_1_835' title='bbox 2530 5078 2608 5132; x_wconf 85' lang='lat' dir='ltr'><strong>Tu</strong></span> <span class='ocrx_word' id='word_1_836' title='bbox 2643 5079 2797 5144; x_wconf 86' lang='lat' dir='ltr'><strong>facis,</strong></span> <span class='ocrx_word' id='word_1_837' title='bbox 2839 5090 2898 5135; x_wconf 78' lang='grc' dir='ltr'><strong>ιιι</strong></span> <span class='ocrx_word' id='word_1_838' title='bbox 2940 5083 3246 5140; x_wconf 66' lang='grc' dir='ltr'><strong>όεωοηιιω</strong></span> <span class='ocrx_word' id='word_1_839' title='bbox 3278 5089 3447 5153; x_wconf 90' lang='lat' dir='ltr'><strong>servi,</strong></span> <span class='ocrx_word' id='word_1_840' title='bbox 3473 5089 3567 5145; x_wconf 89' lang='lat' dir='ltr'><strong>Dei</strong></span> <span class='ocrx_word' id='word_1_841' title='bbox 3602 5091 3734 5146; x_wconf 88' lang='lat' dir='ltr'><strong>fiant</strong></span> <span class='ocrx_word' id='word_1_842' title='bbox 3758 5108 3858 5163; x_wconf 89' lang='lat' dir='ltr'><strong>per</strong></span> <span class='ocrx_word' id='word_1_843' title='bbox 3879 5098 4124 5166; x_wconf 88' lang='lat' dir='ltr'><strong>adoptio-</strong></span> 
     </span>
    </p>
   </div>
   <div class='ocr_carea' id='block_1_112' title="bbox 2531 5171 4122 5245">
    <p class='ocr_par' dir='ltr' id='par_1_112' title="bbox 2531 5171 4122 5245">
     <span class='ocr_line' id='line_1_112' title="bbox 2531 5171 4122 5245; baseline 0.011 -21"><span class='ocrx_word' id='word_1_844' title='bbox 2531 5186 2655 5225; x_wconf 91' lang='lat' dir='ltr'><strong>nem</strong></span> <span class='ocrx_word' id='word_1_845' title='bbox 2701 5172 2816 5233; x_wconf 86' lang='lat' dir='ltr'><strong>fllii,</strong></span> <span class='ocrx_word' id='word_1_846' title='bbox 2850 5183 2907 5226; x_wconf 89' lang='lat' dir='ltr'><strong>et</strong></span> <span class='ocrx_word' id='word_1_847' title='bbox 2944 5171 3074 5228; x_wconf 89' lang='lat' dir='ltr'><strong>olim</strong></span> <span class='ocrx_word' id='word_1_848' title='bbox 3130 5175 3398 5232; x_wconf 90' lang='lat' dir='ltr'><strong>idolorum</strong></span> <span class='ocrx_word' id='word_1_849' title='bbox 3430 5179 3672 5236; x_wconf 90' lang='lat' dir='ltr'><strong>cultores</strong></span> <span class='ocrx_word' id='word_1_850' title='bbox 3695 5222 3711 5245; x_wconf 94' lang='lat'><strong>,</strong></span> <span class='ocrx_word' id='word_1_851' title='bbox 3746 5200 3894 5239; x_wconf 88' lang='lat' dir='ltr'><strong>nunc</strong></span> <span class='ocrx_word' id='word_1_852' title='bbox 3924 5184 4122 5242; x_wconf 83' lang='lat' dir='ltr'><strong>Christi</strong></span> 
     </span>
    </p>
   </div>
   <div class='ocr_carea' id='block_1_113' title="bbox 2529 5263 4116 5343">
    <p class='ocr_par' dir='ltr' id='par_1_113' title="bbox 2529 5263 4116 5343">
     <span class='ocr_line' id='line_1_113' title="bbox 2529 5263 4116 5343; baseline 0.012 -27"><span class='ocrx_word' id='word_1_853' title='bbox 2529 5264 2641 5318; x_wconf 90' lang='lat' dir='ltr'><strong>sint</strong></span> <span class='ocrx_word' id='word_1_854' title='bbox 2665 5263 2996 5320; x_wconf 70' lang='lat' dir='ltr'><strong>cohaeredes.</strong></span> <span class='ocrx_word' id='word_1_855' title='bbox 3024 5264 3069 5320; x_wconf 91' lang='lat'><strong>0</strong></span> <span class='ocrx_word' id='word_1_856' title='bbox 3093 5282 3227 5323; x_wconf 92' lang='lat' dir='ltr'><strong>crux</strong></span> <span class='ocrx_word' id='word_1_857' title='bbox 3255 5268 3512 5340; x_wconf 91' lang='lat' dir='ltr'><strong>gloriosa,</strong></span> <span class='ocrx_word' id='word_1_858' title='bbox 3545 5287 3587 5341; x_wconf 88' lang='lat' dir='ltr'><strong>o_</strong></span> <span class='ocrx_word' id='word_1_859' title='bbox 3610 5288 3746 5328; x_wconf 87' lang='lat' dir='ltr'><strong>crux</strong></span> <span class='ocrx_word' id='word_1_860' title='bbox 3772 5274 4116 5343; x_wconf 71' lang='lat' dir='ltr'><strong>admiranda,</strong></span> 
     </span>
    </p>
   </div>
   <div class='ocr_carea' id='block_1_114' title="bbox 2531 5357 4120 5439">
    <p class='ocr_par' dir='ltr' id='par_1_114' title="bbox 2531 5357 4120 5439">
     <span class='ocr_line' id='line_1_114' title="bbox 2531 5357 4120 5439; baseline 0.009 -29"><span class='ocrx_word' id='word_1_861' title='bbox 2531 5357 2617 5411; x_wconf 92' lang='lat' dir='ltr'><strong>cui</strong></span> <span class='ocrx_word' id='word_1_862' title='bbox 2651 5357 2818 5412; x_wconf 91' lang='lat' dir='ltr'><strong>totius</strong></span> <span class='ocrx_word' id='word_1_863' title='bbox 2850 5357 2998 5413; x_wconf 88' lang='lat' dir='ltr'><strong>orbis</strong></span> <span class='ocrx_word' id='word_1_864' title='bbox 3043 5358 3269 5429; x_wconf 87' lang='lat' dir='ltr'><strong>imperia</strong></span> <span class='ocrx_word' id='word_1_865' title='bbox 3316 5362 3610 5431; x_wconf 86' lang='lat' dir='ltr'><strong>procidunt</strong></span> <span class='ocrx_word' id='word_1_866' title='bbox 3639 5403 3655 5429; x_wconf 89' lang='lat'><strong>,</strong></span> <span class='ocrx_word' id='word_1_867' title='bbox 3685 5367 3866 5421; x_wconf 90' lang='lat' dir='ltr'><strong>omnis</strong></span> <span class='ocrx_word' id='word_1_868' title='bbox 3909 5379 4120 5439; x_wconf 84' lang='lat' dir='ltr'><strong>sceptra</strong></span> 
     </span>
    </p>
   </div>
   <div class='ocr_carea' id='block_1_115' title="bbox 2529 5450 4122 5530">
    <p class='ocr_par' dir='ltr' id='par_1_115' title="bbox 2529 5450 4122 5530">
     <span class='ocr_line' id='line_1_115' title="bbox 2529 5450 4122 5530; baseline 0.008 -27"><span class='ocrx_word' id='word_1_869' title='bbox 2529 5450 2866 5520; x_wconf 88' lang='lat' dir='ltr'><strong>principatus</strong></span> <span class='ocrx_word' id='word_1_870' title='bbox 2891 5453 3188 5518; x_wconf 85' lang='lat' dir='ltr'><strong>obediunt,</strong></span> <span class='ocrx_word' id='word_1_871' title='bbox 3221 5463 3656 5526; x_wconf 79' lang='lat' dir='ltr'><strong>cunctarumque</strong></span> <span class='ocrx_word' id='word_1_872' title='bbox 3686 5474 3978 5529; x_wconf 89' lang='lat' dir='ltr'><strong>regnorum</strong></span> <span class='ocrx_word' id='word_1_873' title='bbox 4002 5461 4122 5530; x_wconf 89' lang='lat' dir='ltr'><strong>jura</strong></span> 
     </span>
    </p>
   </div>
   <div class='ocr_carea' id='block_1_116' title="bbox 2529 5541 2862 5597">
    <p class='ocr_par' dir='ltr' id='par_1_116' title="bbox 2529 5541 2862 5597">
     <span class='ocr_line' id='line_1_116' title="bbox 2529 5541 2862 5597; baseline 0 -1"><span class='ocrx_word' id='word_1_874' title='bbox 2529 5541 2831 5597; x_wconf 86' lang='lat' dir='ltr'><strong>subduntur</strong></span> <span class='ocrx_word' id='word_1_875' title='bbox 2850 5544 2862 5596; x_wconf 74' lang='lat'><strong><em>2</em></strong></span> 
     </span>
    </p>
   </div>
   <div class='ocr_carea' id='block_1_117' title="bbox 2601 5632 4120 5704">
    <p class='ocr_par' dir='ltr' id='par_1_117' title="bbox 2601 5632 4120 5704">
     <span class='ocr_line' id='line_1_117' title="bbox 2601 5632 4120 5704; baseline 0.005 -16"><span class='ocrx_word' id='word_1_876' title='bbox 2601 5632 2707 5689; x_wconf 88' lang='lat' dir='ltr'><strong>Sed</strong></span> <span class='ocrx_word' id='word_1_877' title='bbox 2734 5651 2836 5690; x_wconf 86' lang='lat' dir='ltr'><strong>cur</strong></span> <span class='ocrx_word' id='word_1_878' title='bbox 2865 5649 2967 5691; x_wconf 91' lang='lat' dir='ltr'><strong>nos</strong></span> <span class='ocrx_word' id='word_1_879' title='bbox 2995 5636 3205 5704; x_wconf 80' lang='lat' dir='ltr'><strong>obrizo,</strong></span> <span class='ocrx_word' id='word_1_880' title='bbox 3237 5637 3355 5695; x_wconf 86' lang='lat' dir='ltr'><strong>sive</strong></span> <span class='ocrx_word' id='word_1_881' title='bbox 3387 5637 3724 5695; x_wconf 87' lang='lat' dir='ltr'><strong>carbunculo</strong></span> <span class='ocrx_word' id='word_1_882' title='bbox 3747 5642 4010 5698; x_wconf 86' lang='lat' dir='ltr'><strong>adbibere</strong></span> <span class='ocrx_word' id='word_1_883' title='bbox 4034 5657 4120 5697; x_wconf 87' lang='lat' dir='ltr'><strong>ex-</strong></span> 
     </span>
    </p>
   </div>
   <div class='ocr_carea' id='block_1_118' title="bbox 2535 5724 4122 5802">
    <p class='ocr_par' dir='ltr' id='par_1_118' title="bbox 2535 5724 4122 5802">
     <span class='ocr_line' id='line_1_118' title="bbox 2535 5724 4122 5802; baseline 0.008 -26"><span class='ocrx_word' id='word_1_884' title='bbox 2535 5724 2808 5781; x_wconf 89' lang='lat' dir='ltr'><strong>trinsecus</strong></span> <span class='ocrx_word' id='word_1_885' title='bbox 2857 5736 3181 5783; x_wconf 89' lang='lat' dir='ltr'><strong>ornamenta</strong></span> <span class='ocrx_word' id='word_1_886' title='bbox 3225 5727 3607 5785; x_wconf 80' lang='lat' dir='ltr'><strong>contendimus</strong></span> <span class='ocrx_word' id='word_1_887' title='bbox 3634 5769 3648 5796; x_wconf 91' lang='lat'><strong>,</strong></span> <span class='ocrx_word' id='word_1_888' title='bbox 3694 5728 3892 5799; x_wconf 89' lang='lat' dir='ltr'><strong>quibus</strong></span> <span class='ocrx_word' id='word_1_889' title='bbox 3940 5732 4122 5802; x_wconf 85' lang='lat' dir='ltr'><strong>utique</strong></span> 
     </span>
    </p>
   </div>
  </div>
