5450 6330
948 361 1057 422 πἹ

2290 342 2530 402 δεῐιιιο
2569 338 2761 396 XLIX.

4184 333 4287 387 7'8

946 478 1214 551 quidquid
1240 477 1554 561 appgitur,
1587 488 1791 545 suppar
1816 480 1873 528 et
1898 468 2212 529 decolorius
2242 463 2558 522 invenitur?
2590 466 2637 525 Α
2670 456 2855 513 mundi
2880 444 3241 512 latitudinem
3290 453 3508 525 spargit
3546 450 3792 508 caelestis
3850 446 4056 519 eloquii
4107 463 4293 503 sarra-

947 572 1067 628 Non
1096 571 1276 633 enim.
1303 552 1543 625 ov‘bcata
1594 582 1729 622 crux
1756 568 1770 620 !
1803 564 2062 651 quaelibet
2102 562 2341 616 humana
2376 559 2559 629 lingua

945 673 1044 717 tua
1095 662 1352 734 praevalet
1396 662 1617 730 aequare
1662 658 1937 728 praeconia
1965 695 1980 720 ,
2026 656 2083 709 in
2133 668 2242 724 qua
2300 651 2565 710 nimirum

942 762 1153 827 clerna
1185 752 1295 806 vita
1347 752 1643 821 pependit,
1696 764 1863 820 quam
1904 747 2057 803 salus
2106 745 2291 801 mundi
2337 745 2562 815 proprio

941 859 1149 901 cruore
1194 843 1458 915 perfudit,
1489 851 1545 898 et
1586 842 1784 897 summi
1814 840 1993 907 Patris
2020 838 2261 895 Verbum
2294 838 2560 909 singulari

944 935 1032 990 sui
1073 934 1319 1005 corporis
1350 933 1715 989 contubernio
1746 918 2050 987 deco'ravit.
2082 928 2245 985 Solus
2271 928 2442 999 igitur
2470 937 2587 984 tua‘

945 1026 1070 1081 laus
1095 1038 1200 1091 est,
1226 1025 1320 1095 qui
1353 1024 1611 1096 pependit
1648 1024 1702 1078 in
1734 1032 1808 1078 te.
1840 1022 1921 1077 Tu
1951 1023 2099 1077 enim
2129 1020 2393 1090 decepisti
2420 1033 2561 1075 nova

950 1127 1069 1174 arte
1118 1116 1421 1183 diabolum,
1470 1124 1529 1171 et
1580 1114 1863 1170 reddidisti
1896 1114 1965 1169 de
2012 1113 2223 1169 victore
2259 1112 2558 1182 captivum.

950 1208 1031 1263 Tu
1068 1206 1340 1279 siquidem
1387 1216 1757 1262 consueveras
1786 1204 1995 1261 electas
2042 1203 2117 1258 illi
2149 1218 2310 1258 escas
2335 1200 2557 1267 offerre,

943 1309 1115 1369 atque
1146 1300 1217 1355 ad
1251 1298 1370 1369 ejus
1399 1297 1714 1367 insatiabile
1739 1305 1947 1368 guttur,
1975 1310 2208 1366 quaeque
2236 1295 2335 1350 tibi
2365 1294 2561 1351 tierent

943 1392 1186 1450 obnoxia
1210 1434 1226 1454 .
1274 1391 1574 1447 destinare.
1616 1387 1926 1444 Novissime
1954 1395 2137 1442 autem
2159 1385 2330 1442 talem
2360 1386 2558 1453 hianti,

942 1498 1016 1540 ac
1043 1483 1308 1539 devorare
1336 1481 1580 1553 cupienti
1608 1481 1817 1546 cibum,
1843 1494 1878 1535 ο
1909 1480 2069 1535 beata
2100 1488 2260 1540 Crux.
2287 1476 2556 1543 obtulisti,

935 1578 1039 1649 qui
1071 1586 1128 1633 et
1158 1576 1344 1632 fauces
1387 1574 1504 1645 ejus
1538 1572 1770 1632 occulta:
1802 1570 2026 1627 virtutis
2052 1571 2216 1625 hamo
2262 1569 2562 1639 transfige—

946 1676 1053 1733 ret,
1097 1676 1153 1723 et
1198 1679 1502 1723 veternosae
1544 1665 1768 1721 malitiae
1811 1672 2061 1720 ventrem
2094 1662 2180 1719 his
2207 1661 2438 1733 quijam
2464 1662 2560 1716 ab-

939 1758 1116 1828 sorpti
1139 1756 1375 1823 fuerant,
1400 1764 1679 1813 vacuaret.
1697 1755 1752 1813 0
1778 1771 1914 1812 crux
1943 1754 2205 1829 gloriosa,
2224 1769 2346 1825 quae
2369 1755 2554 1808 omnia

2667 556 2933 605 mentum.

2728 641 2882 697 inter
2926 655 3121 697 omnes
3153 641 3315 712 plane
3343 649 3591 704 sanctos,
3622 643 3713 711 qui
3754 638 3963 696 ctelesti
3997 637 4185 709 glorias
4225 638 4293 691 de

2660 734 3004 805 triumphato
3032 732 3237 788 mundo
3268 732 3515 789 victoria:
3550 733 3739 789 titulos
3790 731 4117 796 intulerunt,
4168 732 4298 787 bea-

2666 838 2751 883 tus
2780 827 3070 883 Mattbaz-‘us
3107 827 3242 881 mihi
3292 826 3512 881 videtur
3565 825 3796 895 insignis
3824 865 3839 889 ,
3870 834 4034 907 atque
4060 824 4289 893 conspi-

2662 937 2833 984 cuus,
2864 928 2921 977 et
2966 918 3262 991 quemdam
3292 920 3436 974 inter
3454 932 3559 974 eos
3587 917 3871 989 dignitatis
3895 916 4149 991 obtinere
4183 915 4299 987 pri-

2663 1022 2875 1069 matum
2901 1030 2915 1080 ;
2952 1022 3137 1084 atque,
3167 1020 3229 1067 ut
3253 1013 3519 1067 audenter
3546 1011 3750 1075 dicam,
3784 1025 3948 1064 nemo
3978 1018 4104 1079 post
4134 1008 4298 1064 Chri-

2662 1116 2809 1162 stum
2847 1117 2934 1163 est
2968 1107 3057 1164 cui
3084 1106 3260 1179 magis
3296 1084 3492 1159 debeat
3520 1112 3715 1159 sancta
3748 1101 4073 1158 universalis
4100 1100 4291 1158 Eccle-

2663 1198 2767 1254 sia.
2796 1196 2933 1253 Nam
2962 1198 3108 1267 quod
3134 1197 3374 1252 mundus
3424 1195 3599 1260 vivit,
3629 1194 3749 1250 haec
3797 1202 3885 1249 est
3923 1207 4111 1259 causa,
4162 1192 4293 1264 quia

2662 1290 2753 1344 lux
2826 1277 2985 1347 nobis
3035 1289 3353 1360 evangelica
3399 1287 3735 1345 coruscavit.
3795 1285 4028 1343 Constat
4104 1294 4287 1341 autem

2660 1368 3031 1451 quia—primus
3050 1379 3297 1436 omnium
3326 1378 3617 1434 Mattheus
3642 1377 3914 1434 Hebraico
3945 1378 4089 1450 stylo
4115 1378 4295 1455 Evan:

2661 1473 2861 1543 gelium
2893 1473 3155 1543 scripsit;
3215 1473 3405 1542 sicque
3436 1471 3520 1527 bis
3570 1471 3663 1541 qui
3703 1480 3862 1527 erant
3892 1486 3956 1525 cx
3998 1470 4293 1526 circumci-

2661 1566 2817 1621 sione
2846 1564 3100 1622 ﬁdelibus
3142 1564 3439 1621 neotericae
3489 1563 3611 1617 lidei
3666 1562 3940 1632 quoddam
3967 1562 4126 1633 quasi
4166 1575 4289 1631 spe-

2661 1660 2844 1717 culum
2891 1661 3229 1733 procuravit.
3268 1658 3418 1728 .Quia
3453 1658 3622 1730 igitur
3654 1656 3721 1711 ad
3760 1665 4011 1709 sanctum
4046 1654 4293 1726 Evange.

2658 1748 2795 1810 lium
2839 1742 3263 1810 describendum
3308 1752 3521 1823 primus
3554 1751 3659 1806 iste
3689 1749 3939 1820 prorupit
3964 1789 3978 1813 ,
4012 1748 4292 1804 scribendi

943 1847 1251 1903 benedicis!
1283 1847 1330 1903 0
1353 1863 1490 1903 crux
1518 1848 1837 1915 benedicta,
1864 1861 1987 1919 quae
2008 1846 2079 1903 ab
2103 1846 2360 1901 omnibus
2386 1846 2555 1900 bene-
2589 1836 2632 1895 Β
2662 1848 2877 1903 caeteris
2907 1847 3263 1917 evangelistis
3292 1846 3438 1899 viam
3467 1858 3772 1915 praecessor
3802 1842 4041 1912 aperuit,
4072 1851 4127 1896 et
4167 1851 4289 1896 tan-

936 1938 1182 1997 diceris!
1215 1939 1532 1996 Benedictio
1579 1939 1727 1995 enim
1786 1948 1882 1994 tua
1937 1946 2140 1994 cuncta
2197 1937 2509 1993 sanctiticat
2540 1978 2554 2002 ,

934 2031 1299 2102 omniumque
1325 2033 1639 2089 benedictio
1669 2047 1855 2089 rerum
1895 2033 1949 2086 in
1989 2041 2044 2087 te
2073 2031 2297 2102 copiosa
2358 2031 2559 2086 redun-

938 2124 1056 2179 dat.
1107 2123 1154 2181 0
1200 2140 1335 2181 crux
1379 2125 1693 2182 veneranda
1726 2165 1742 2191 ,
1771 2139 1807 2180 ο
1854 2140 1992 2181 crux
2038 2122 2346 2188 adoranda,
2380 2122 2555 2178 forma

934 2215 1231 2282 mirabilis,
1274 2217 1449 2287 ﬁgura
1502 2216 1806 2272 terribilis!
1855 2214 2013 2271 Sicut
2038 2216 2191 2271 enim
2224 2214 2341 2270 lluit
2367 2229 2497 2271 cera
2526 2230 2556 2269 a

933 2307 1083 2364 faeie
1115 2308 1279 2380 ignis,
1323 2309 1403 2365 sic
1432 2318 1667 2379 pereunt
1707 2316 2031 2380 peccatores
2063 2323 2093 2362 a
2124 2306 2266 2365 facie
2296 2316 2423 2373 tua;
2456 2322 2558 2362 nec

926 2400 1223 2468 reperiunt
1248 2397 1414 2470 258
1431 2400 1819 2470 phantasmata
1843 2398 2181 2464 remorandi,
2212 2397 2299 2454 vel
2326 2398 2556 2454 cedendi

934 2485 1141 2551 locum,
1188 2488 1280 2543 ubi
1337 2482 1490 2543 tuum
1540 2502 1881 2559 conspexere
1933 2488 2373 2560 signaculum.0
2414 2504 2556 2545 crux

934 2580 1197 2636 eamabilis
1225 2588 1281 2636 et
1311 2580 1532 2647 dilecta,
1558 2581 1743 2637 suavis
1765 2580 2025 2636 nimirum
2052 2589 2109 2635 et
2132 2579 2363 2646 decora;
2398 2595 2555 2636 amo-

935 2671 1018 2728 ris
1049 2672 1127 2727 tui
1147 2669 1375 2737 ﬂamma
1406 2685 1569 2729 omne
1594 2686 1694 2727 cor
1717 2686 1911 2727 sanum
1939 2671 2163 2742 sapiens
2192 2659 2412 2737 aestuat,
2446 2682 2554 2727 tua:

928 2763 1227 2821 charitatis
1272 2765 1399 2836 igne
1446 2774 1741 2836 postquam
1780 2775 1944 2827 mens
1985 2764 2166 2820 fidelis
2191 2766 2511 2821 accenditur
2536 2806 2552 2831 ,

934 2858 1007 2913 ad
1040 2870 1285 2913 amorem
1337 2872 1465 2913 mox
1495 2858 1805 2913 caelestium
1858 2857 2306 2912 inenarrabiliter
2341 2857 2555 2912 inﬂam-

930 2958 1141 3005 matur.
1169 2948 1304 3017 Quis
1338 2949 1529 3021 igitur,
1554 2965 1589 3005 ο
1617 2950 1775 3005 beata
1806 2951 1973 3005 crux!
2002 2949 2185 3022 dignis
2218 2958 2271 3004 te
2300 2948 2555 3006 laudibus

929 3032 1229 3106 eleratJn
1253 3056 1360 3113 qua
1388 3040 1643 3097 videlicet
1662 3026 1861 3096 auctor
1883 3040 2010 3096 vitae
2041 3040 2286 3095 moriens
2316 3048 2551 3095 mortem

930 3130 1215 3202 perdidit,
1249 3132 1536 3200 ipsamque
1579 3129 2168 3200 deglutiens‘mortuos
2199 3143 2301 3183 nos
2345 3129 2413 3184 ad
2448 3130 2549 3183 iut-

930 3219 1293 3276 mortalitatis
1335 3235 1450 3277 sua:
1476 3218 1710 3292 gloriam
1742 3219 2070 3297 suscitavit?
2097 3218 2263 3274 Salva
2292 3259 2307 3285 ,
2337 3234 2544 3291 quaeso,
2581 3206 2624 3267 C

928 3311 1165 3368 benedic
1222 3321 1281 3368 et
1326 3322 1590 3385 protege,
1635 3327 1669 3367 0
1706 3310 1880 3384 ﬁgura
1919 3312 2244 3374 benedicta,
2288 3311 2549 3382 populum

930 3402 1257 3471 supplicem,
1298 3402 1355 3457 in
1401 3402 1511 3458 tuis
1557 3402 1723 3459 hodie
1748 3402 2006 3457 laudibus
2034 3402 2406 3455 communiter
2452 3418 2546 3456 ex-

928 3492 1263 3561 sultantem;
1298 3501 1358 3549 ut
1377 3493 1471 3563 qui
1501 3502 1552 3549 te
1582 3502 1785 3549 nostrae
1812 3492 2208 3563 redemptionis
2232 3491 2347 3547 ﬂeri
2383 3492 2551 3547 voluit

930 3584 1363 3640 instrumentum
1393 3625 1408 3650 ,
1445 3600 1542 3656 per
1591 3592 1645 3639 te
1678 3599 1899 3655 quoque
1930 3584 2000 3638 ad
2048 3596 2161 3637 suae
2184 3648 2192 3655 _
2214 3582 2402 3653 gloria:
2448 3599 2548 3638 nos

928 3675 1189 3747 dignetur
1217 3675 1516 3733 transferre
1551 3678 1936 3733 consortium:
1970 3683 2027 3732 et
2073 3691 2212 3744 quos
2257 3690 2355 3745 per
2398 3686 2452 3730 te
2480 3678 2549 3730 de

929 3766 1215 3823 servitutis
1243 3767 1448 3839 eripuit
1471 3768 1689 3822 vinculo
1710 3807 1726 3831 ,
1768 3782 1867 3836 per
1898 3777 1949 3822 te
1993 3766 2162 3821 etiam
2189 3807 2204 3831 ,
2230 3765 2390 3835 juxta
2415 3782 2544 3835 pro-

930 3857 1254 3914 missionem
1285 3868 1576 3923 sanctam‘,
1608 3859 1911 3914 constituat
1962 3858 2210 3913 baeredes
2263 3858 2316 3912 in
2355 3872 2543 3927 regno.

929 3946 1099 4005 Salus
1129 3937 1203 4001 illi
1233 3955 1291 4002 et
1316 3947 1620 4019 gratiarum
1664 3948 1833 4013 actin,
1864 3948 2004 4012 laus,
2038 3949 2239 4013 honor,
2284 3948 2461 4003 virtus
2491 3956 2547 4001 et

929 4039 1246 4111 imperium.
1280 4056 1406 4096 cum
1445 4039 1607 4095 Patre
1656 4049 1712 4096 et
1761 4038 1970 4112 Spiritu
2003 4050 2197 4095 sancto
2221 4055 2322 4110 per
2358 4041 2542 4095 omnia

926 4131 1134 4188 saecula
1155 4131 1502 4188 saeculorum.
1540 4133 1736 4187 Amen.

1501 4242 1739 4301 δεξιΜο
1780 4242 1968 4299 XLIX.

968 4352 1010 4392 1.
1045 4352 1112 4394 ιιι
1154 4349 1360 4393 θηοτο
1396 4350 1675 4478 ΙΑΤτιῖΕΟ
1702 4349 1982 4477 Αροετῗιο
2013 4350 2082 4390 ΕΤ
2110 4348 2502 4390 ενληρειιετλ.

1592 4424 1682 4462 XXI
1724 4422 1880 4463 SEPT.

1592 4424 1682 4462 XXI
1724 4422 1856 4463 SEP'I‘
1870 4448 1880 4457 .

1004 4502 1381 4570 Solemnitatis
1400 4502 1679 4558 hodiernae
1702 4502 1909 4581 laetitia,
1934 4501 2304 4566 dilectissimi,
2320 4517 2539 4556 omnem

2662 1954 2823 2027 quam
2850 1939 2958 1993 dux
2987 1937 3244 1994 vexillum
3276 1935 3639 2007 sequentibus
3661 1933 3925 2004 praetulit,
3954 1948 4163 2004 suoque
4190 1947 4289 1989 eos

2660 2024 2939 2099 eiemplo,
2978 2038 3040 2085 ut
3068 2028 3402 2093 scriberent,
3442 2026 3721 2081 incitavit.
3755 2024 3834 2079 llli
3867 2038 3999 2093 ergo
4025 2024 4294 2093 debemus

2661 2122 3022 2195 Evangelium
3054 2164 3069 2187 ,
3103 2136 3266 2193 quem
3314 2120 3649 2190 evangelicae
3703 2117 4043 2173 narrationis
4070 2127 4291 2173 constat

2661 2216 2914 2273 intulisse
2944 2216 3310 2287 principium;
3350 2223 3406 2269 et
3434 2228 3599 2284 quem
3644 2211 3861 2281 cmtcris
3892 2210 4148 2266 novimus
4173 2210 4290 2281 pri-

2661 2322 2832 2371 mum,
2868 2322 2974 2361 non
3012 2306 3349 2377 ambigimus
3383 2305 3525 2359 inter
3552 2318 3650 2360 eos
3680 2301 3966 2372 cujusdam
4015 2301 4289 2375 privilegii

2663 2408 2851 2454 tenere
2876 2399 3192 2470 primatum.
3226 2398 3617 2468 Unusquisque
3642 2397 3903 2451 nimirum
3930 2395 4095 2451 trium
4122 2412 4291 2453 evan-

2660 2490 2977 2563 gelistarum
3010 2490 3179 2562 259
3204 2490 3350 2545 beati
3403 2488 3557 2543 Mattl
3582 2488 3648 2544 rei
3701 2488 3899 2543 librmn
3929 2529 3946 2553 ,
3979 2498 4281 2559 antequam

2659 2598 2831 2638 suum
2855 2584 3155 2655 inciperet,
3183 2582 3370 2648 novit;
3409 2592 3464 2637 et
3493 2582 3640 2636 sicut
3672 2580 3775 2637 sibi
3809 2572 4076 2635 divinitus
4114 2580 4289 2651 inspi-

2663 2684 2841 2731 ratum
2872 2684 2976 2742 est,
3006 2691 3113 2731 non
3143 2674 3477 2746 superﬂuam
3524 2675 3976 2744 cooperationem
4012 2674 4096 2729 sui
4119 2674 4289 2728 labo-

2660 2767 2737 2820 ris
2763 2763 3032 2835 adjunxit.
3067 2764 3272 2820 Eorum
3310 2765 3515 2835 quippe
3556 2764 3744 2820 fuerat
3789 2780 4106 2835 praeparare
4158 2765 4291 2819 fide-

2658 2855 2785 2913 liter
2814 2856 3030 2911 animos
3078 2856 3147 2911 ad
3196 2856 3592 2922 scribendum;
3631 2856 3730 2912 Dei
3761 2844 3947 2910 autem
3972 2865 4092 2910 erat
4124 2856 4180 2911 in
4215 2856 4292 2920 id,

2659 2950 2805 3020 quod
2829 2950 3014 3012 vellet,
3043 2949 3285 3019 dirigere
3317 2949 3543 3020 stylum.

2730 3042 2917 3107 Plane,
2946 3042 3085 3097 sicut
3116 3041 3333 3112 Moyses
3353 3052 3410 3097 et
3427 3041 3714 3111 prophetis
3742 3054 3848 3095 non
3876 3028 4115 3094 absurde
4141 3055 4284 3109 prte.

2658 3133 2914 3203 ponitur,
2968 3142 3025 3187 et
3069 3132 3327 3188 omnibus
3354 3134 3674 3203 quicunque
3704 3132 4044 3201 scripserunt
4076 3130 4289 3201 aliquid

2660 3226 2713 3278 in
2766 3220 2949 3278 Veteri
2988 3221 3376 3287 Testamento;
3432 3221 3507 3289 ita
3552 3222 3747 3276 beatus
3779 3214 4113 3290 evangelista
4146 3221 4288 3275 Mat-

2661 3316 2837 3370 thaeus
2866 3329 3061 3369 omnes
3085 3313 3210 3383 jure
3242 3313 3527 3385 praecellit,
3552 3314 3646 3383 qui
3680 3312 3970 3383 scripsisse
4003 3315 4293 3383 reperiun-

2660 3417 2750 3461 tur
2785 3408 2839 3463 in
2874 3405 3051 3461 Novo.
3084 3407 3245 3461 Sicut
3275 3406 3423 3461 enim
3478 3405 3570 3460 ille
3612 3404 3898 3460 nascentis
3926 3406 4116 3460 mundi
4151 3408 4292 3463 texit

2658 3504 2967 3572 originem,
3017 3503 3097 3557 sic
3148 3502 3295 3567 iste,
3354 3510 3618 3570 tauquam
3688 3497 3952 3569 spiritalis
4004 3498 4294 3566 cujusdam.

2653 3594 2865 3662 mundi,
2892 3597 3163 3654 orientem
3186 3594 3447 3652 describit
3478 3593 3741 3648 Ecclesia:
3768 3591 4087 3646 novitatem.
4110 3592 4284 3656 Unde,

2658 3686 2869 3756 Spiritu
2901 3695 3098 3741 sancto
3133 3684 3409 3768 calamum
3456 3691 3802 3752 temperante
3830 3724 3845 3747 ,
3880 3684 4161 3750 provisum
4205 3696 4293 3739 est

2653 3782 2714 3825 ut
2745 3780 2974 3840 uterque
3006 3786 3113 3824 non
3142 3769 3442 3840 diversum,
3491 3770 3587 3823 sed
3644 3782 3815 3822 unum
3868 3768 4123 3839 idemque
4171 3772 4286 3827 suis

2654 3863 2810 3918 libris
2833 3864 3195 3934 praemitteret
3243 3862 3460 3937 initium
3488 3901 3506 3926 ,
3534 3861 3725 3915 dicens
3750 3872 3765 3913 :
3804 3879 3821 3909 ι
3855 3858 4022 3915 Liber
4051 3876 4283 3931 genera-

2655 3952 3060 4025 tionis(.llatth.
3080 3956 3141 4024 ι).
3169 3973 3187 4006 ι
3210 3953 3317 4008 Sed
3335 3952 3423 4007 illa
3440 3951 3894 4024 generatio.tilios
3913 3953 4144 4022 protulit
4164 3953 4283 4014 itte.

2651 4047 2754 4101 ista
2782 4047 2924 4113 filius
2945 4048 3182 4117 parturit
3201 4048 3413 4119 gratiae.
3441 4047 3535 4101 Illa
3562 4046 3850 4117 generatio
3867 4046 4059 4102 sortita
4084 4057 4168 4104 est
4188 4064 4287 4119 pa-

2648 4126 2891 4194 radisuin
2908 4147 3091 4203 terra},
3108 4122 3607 4208 fértiliumquidem
3631 4139 3889 4192 arborum
3912 4148 3962 4191 et
3986 4139 4282 4196 herbarum

2648 4229 2848 4286 decore
2887 4240 3241 4295 vernantem;
3272 4230 3365 4284 sed
3390 4229 3493 4283 ista
3515 4228 3799 4283 caelestem
3825 4240 4027 4284 meruit
4062 4233 4283 4300 paradi-

2647 4336 2799 4386 sum,
2824 4321 3337 4391 incomparabilium
3375 4320 3697 4375 deliciarum
3727 4320 3900 4389 copiis
3939 4319 4277 4378 afﬂuentem.

2646 4412 2725 4467 Ex
2759 4412 2849 4467 illo
2879 4424 3059 4468 tamen
3100 4412 3356 4483 paradiso
3392 4412 3604 4480 primus
3631 4410 3799 4465 homo
3827 4426 3925 4480 per
3953 4410 4160 4482 lignum
4185 4428 4255 4483 po

2648 4506 2954 4561 steritatem
2993 4505 3076 4560 stti
3124 4504 3343 4575 generis
3386 4502 3636 4575 expulit,
3672 4492 3947 4559 secundus
3984 4506 4148 4560 homo
4180 4522 4281 4576 per

926 4598 1330 4669 desperationis
1357 4596 1608 4652 aculeum
1632 4596 1698 4651 de
1735 4573 1939 4652 nostris
1962 4596 2242 4655 mentibus
2271 4605 2538 4667 amputat,
2576 4569 2623 4628 D
2654 4614 2874 4655 erucem
2906 4598 3224 4656 ccelestibus
3268 4613 3369 4654 nos
3401 4598 3622 4667 pascuis
3655 4596 3977 4652 introduxit.
4012 4596 4107 4653 ille
4140 4569 4271 4653 dum

927 4689 1001 4745 ad
1028 4689 1468 4761 prasumendum
1495 4690 1563 4744 de
1610 4690 1793 4743 divina
1827 4688 2207 4745 misericordia
2248 4690 2543 4744 titubantia

927 4781 1099 4840 corda
1121 4782 1431 4847 conﬁrmat,
1462 4792 1627 4851 atque
1651 4791 1711 4836 ut
1731 4782 1994 4837 adeamus
2016 4798 2141 4836 cum
2169 4782 2365 4837 tiducia
2392 4784 2546 4837 tbro-

928 4888 1065 4930 num
1116 4874 1329 4946 gratiae,
1384 4874 1527 4930 sicut
1584 4883 1643 4929 et
1696 4875 1991 4945 Apostolus
2041 4876 2317 4936 hortatur.
2349 4875 2545 4930 invitat

931 4964 1120 5035 (Hebr.
1159 4965 1255 5039 tv).
1293 4966 1427 5034 Quis
1454 4967 1602 5021 enim
1627 4967 1857 5023 audiens
1883 4966 2232 5037 publicanum
2258 4983 2286 5019 a
2312 4965 2542 5022 Domino

917 5075 1043 5113 Jton
1083 5059 1245 5114 modo
1275 5058 1330 5113 in
1381 5058 1691 5115 clientelam
1732 5060 2091 5131 discipulatns
2137 5060 2398 5130 electum,
2447 5061 2544 5116 sed

928 5163 989 5206 et
1014 5161 1233 5207 senatus
1260 5152 1482 5223 insuper
1505 5154 1788 5223 apostolici
1832 5156 2217 5211 conscendisse
2243 5148 2567 5227 fastigium,

931 5257 1045 5297 non
1097 5244 1347 5313 protinus
1377 5244 1651 5300 animetur
1702 5247 1770 5299 ad
1822 5247 2265 5314 consequendam
2317 5260 2542 5301 su0rum

929 5333 1153 5395 veniam
1180 5338 1569 5403 peccatorum?
1604 5337 1679 5391 De
1711 5338 1911 5393 telonio
1954 5340 2155 5409 quippe
2203 5340 2546 5395 cumulanda:

929 5426 1182 5498 pecuniae
1217 5430 1272 5483 in
1319 5430 1637 5486 cathedram
1688 5422 2017 5486 transferiur
2045 5432 2326 5499 Ecclesite,
2366 5444 2416 5489 et
2451 5434 2543 5505 qui

930 5519 1092 5589 prius
1117 5519 1367 5592 exigendi
1407 5523 1693 5595 vectigalis
1731 5524 2060 5596 futigebatur
2088 5525 2267 5581 cilicio
2293 5568 2306 5591 ,
2339 5529 2557 5582 eoasti-.

933 5616 1088 5666 tutus
1124 5620 1211 5666 est
1237 5612 1360 5668 ﬂdei
1388 5655 1404 5680 ,
1435 5614 1862 5689 divitiarumque
1889 5618 2193 5674 ccelestimn
2228 5621 2546 5676 ministrare

934 5701 1225 5758 thesauros
1246 5702 1480 5775 (Luc.v;
1507 5705 1679 5762 Marc.
1710 5707 1771 5780 ιι)
1800 5726 1812 5762 :
1837 5709 2039 5779 quippe
2061 5719 2190 5766 tunc
2214 5711 2386 5781 turpis
2409 5713 2543 5767 lucri

936 5801 1146 5864 questu
1174 5837 1188 5860 ,
1245 5796 1528 5866 satagebat
1572 5799 1801 5877 impLere
1840 5803 2176 5871 marsupium
2207 5844 2221 5868 ,
2264 5818 2410 5859 nunc
2449 5820 2546 5874 per

1260 5892 1513 5952 Parum.
1583 5894 1859 5957 CXLIV.

2657 4703 2847 4748 narrat
2881 4693 3047 4747 Deum
3076 4692 3300 4754 dixisse,
3324 4691 3447 4745 Fiat
3474 4692 3565 4745 lux
3595 4688 3749 4761 (Gen.
3775 4703 3839 4756 ι),
3868 4692 4108 4747 ostendit
4141 4708 4278 4748 con-

2655 4785 2826 4838 ditam
2860 4784 3069 4849 lucem;
3102 4785 3207 4847 iste
3227 4783 3506 4838 Christum
3529 4782 3597 4838 de
3620 4781 3847 4853 Virgine
3876 4793 4067 4837 natum
4093 4784 4279 4855 perhi-

2654 4877 2791 4931 betis
2819 4916 2834 4942 ,
2868 4884 3118 4931 exortum
3166 4876 3307 4931 lucis
3355 4874 3598 4929 insinuat
3649 4874 4026 4930 Conditorem.
4060 4874 4277 4947 Moyses

2653 4969 2841 5039 itaque
2890 4978 3133 5024 veterem
3166 4969 3342 5024 Adam
3375 5008 3392 5033 ,
3441 4977 3608 5037 atque
3650 4977 3947 5043 ‘terreuum
3978 5008 3991 5031 ,
4032 4976 4273 5023 veterem

2653 5064 2915 5119 mundum
2951 5104 2965 5129 ,
3013 5072 3168 5117 vetus
3217 5062 3418 5133 digerit
3473 5061 3891 5115 Testamentum
3934 5075 3947 5113 :
3988 5058 4277 5114 Matthmus

2650 5165 2831 5212 autem
2861 5171 2962 5225 pro
3008 5154 3286 5209 veteribus
3314 5168 3453 5207 nova
3474 5192 3489 5218 ,
3516 5167 3619 5223 pro
3650 5152 3887 5206 terrenis
3928 5152 4043 5206 sive
4074 5168 4273 5225 carna-

2648 5247 2793 5304 libus
2815 5248 3148 5318 spiritualia,
3165 5263 3263 5318 pro
3289 5243 3681 5316 temporalibus
3704 5244 4007 5299 introducit
4038 5255 4266 5299 :eterna.

2652 5343 2759 5397 Pro
2784 5343 2959 5403 Adam
2985 5342 3257 5411 siquidem
3282 5340 3589 5406 Christum,
3619 5354 3716 5409 pro
3749 5338 3867 5409 lege
3900 5340 4071 5393 veteri
4101 5340 4278 5393 Evan-

2653 5438 2887 5505 gelium,
2922 5452 3022 5507 pro
3062 5436 3263 5492 mundo
3312 5434 3397 5489 vel
3446 5445 3594 5490 terra
3641 5434 3826 5489 herbis
3871 5435 4274 5502 arboribusque

2644 5529 2881 5583 ilorente
2910 5535 3161 5582 sanctam
3194 5525 3462 5581 describit
3490 5525 3821 5589 Ecclesiam,
3856 5525 4075 5579 diversa
4108 5521 4273 5591 Spiri-

2654 5622 2881 5676 tualium
2914 5620 3192 5675 fructuum
3234 5620 3493 5675 victualia
3533 5620 3957 5690 germinantem.
3996 5635 4012 5667 ί
4051 5615 4276 5670 Primus

2652 5715 2798 5769 enim
2833 5714 3019 5779 homo,
3064 5712 3208 5767 sicut
3236 5712 3532 5781 Apostolus
3567 5714 3683 5778 ait,
3718 5712 3786 5765 de
3818 5720 3962 5764 terra
3998 5720 4274 5769 terrenus,

2652 5806 2927 5861 secundus
2978 5805 3045 5860 de
3089 5803 3231 5859 etelo
3281 5804 3524 5859 caelestis
3582 5803 3635 5857 (1
3677 5802 3803 5857 Cor.
3860 5803 3985 5877 xy);
4022 5820 4039 5853 ›
4094 5798 4274 5870 qualis

3798 5896 3879 5957 23
