5450 6390
2056 365 2161 420 779

2611 362 2668 418 S.
2712 362 2915 419 Ρετῐιι
2957 361 3239 419 ΒΔΜΙΑΝΙ
3276 359 3427 419 OPP.
3455 359 3634 418 PARS
3674 360 3810 420 SEU
3847 358 4083 421 TOIUS
4113 360 4176 420 ll.
4214 393 4283 404 —
4322 360 4712 423 SEBIONES.

5222 361 5317 425 τω

2049 491 2297 537 terrenus
2317 520 2331 543 ,
2370 478 2504 532 tales
2530 489 2587 533 ct
2633 480 2873 544 terreni;
2903 475 3082 549 qualis
3109 475 3351 535 caelestis
3370 516 3388 544 ,
3420 477 3554 533 tales
3585 486 3642 533 et
3664 491 3716 553 Α
3741 478 4082 551 omnipotens
4111 477 4251 536 Deus
4280 519 4297 547 ,
4328 478 4455 535 dum
4483 478 4645 549 hujus
4672 478 4939 552 ψει-ειιῇ
4963 482 5152 542 mund
5174 523 5193 551 ,
5218 484 5315 543 hoc

2046 573 2315 629 cmlestes.
2341 572 2542 628 Factus
2562 583 2647 628 est
2673 574 2885 643 primus
2908 573 3082 627 Adam
3114 573 3167 628 in
3191 574 3426 629 animam
3452 572 3638 628 viven-

3739 576 3825 623 est
3853 606 3870 632 ,
3919 576 4121 623 sancta
4169 568 4490 625 universalis
4537 570 4796 628 Ecclesia
4846 571 5111 630 fabricam
5160 590 5314 648 super

2046 675 2179 729 tem,
2204 664 2538 719 novissimus
2563 665 2735 719 Adam
2761 666 2813 719 in
2841 664 3093 734 spiritum
3118 663 3501 719 viviﬁcantem.
3530 662 3639 720 Sed
3737 672 3969 730 Quatuor
3994 659 4375 731 evangelista.
4398 663 4555 732 quasi
4583 677 4748 733 super
4779 662 5063 720 columnas
5092 668 5313 725 totidem

2046 770 2154 811 non
2183 757 2337 826 prius
2381 757 2522 826 quod
2575 756 2856 827 spiritualc
2885 766 2989 823 est,
3022 757 3119 813 sed
3173 755 3317 826 quod
3363 755 3595 811 animale
3619 795 3635 820 ,

2043 844 2245 900 deinde
2272 845 2415 915 quod
2444 846 2752 915 spirituale.

2114 935 2327 1006 Iloyses
2364 952 2494 1007 ergo
2525 936 2784 993 describit
2808 936 3079 1008 quomodo
3127 936 3364 993 visibilis
3409 952 3636 1008 quaque

2042 1025 2153 1079 sint
2184 1026 2519 1096 originaliter
2540 1026 2789 1090 condita;
2818 1026 3101 1082 Mattheus
3122 1036 3305 1081 autem
3336 1028 3496 1083 docet
3524 1043 3633 1083 non

2040 1116 2465 1181 modo-terrena,
2498 1117 2590 1172 sed
2630 1128 2686 1172 et
2728 1118 2970 1174 caelestia
2998 1134 3096 1190 per
3118 1118 3431 1173 Iediatoris
3460 1119 3551 1174 Dei
3581 1128 3636 1175 et

2039 1207 2319 1263 hominum
2344 1210 2573 1280 gratiam
2600 1211 2807 1266 noviter
2829 1212 3127 1266 instaurata
3145 1230 3159 1273 ;
3176 1212 3316 1265 sicut
3340 1212 3478 1265 idem
3501 1212 3634 1267 dicit

2037 1299 2331 1368 Apostolus
2362 1316 2376 1353 :
2411 1316 2431 1350 ι
2465 1298 2531 1355 Ut
2566 1310 2761 1355 notum
2792 1300 2998 1355 faceret
3042 1301 3200 1355 nobis
3229 1311 3627 1356 sacramentum

2035 1390 2328 1446 voluntatis
2355 1405 2499 1457 suae,
2529 1392 2827 1447 secundum
2870 1392 3270 1462 hciteplacitum
3304 1389 3444 1458 ejus,
3479 1392 3622 1463 quod

2031 1481 2316 1550 proposuit
2346 1481 2400 1535 in
2428 1495 2495 1536 eo
2514 1519 2531 1546 ,
2563 1482 2616 1535 in
2652 1482 3057 1550 dispensatione
3087 1482 3444 1552 plenitudinis
3486 1491 3623 1536 tem-

2034 1582 2248 1638 porum,
2286 1568 2596 1625 instaurare
2623 1571 2807 1626 omnia
2841 1571 2897 1625 in
2925 1570 3143 1626 Christo
3170 1612 3187 1637 ,
3216 1586 3338 1641 qua:
3368 1572 3423 1626 in
3449 1571 3621 1638 caelis,

2030 1668 2088 1713 et
2112 1673 2232 1728 quae
2265 1660 2319 1713 in
2352 1660 2515 1714 terris
2554 1670 2683 1716 sunt
2708 1661 2761 1714 in
2794 1660 2911 1730 ipso
2944 1658 3159 1731 (Ephes.
3185 1662 3248 1729 ι).
3280 1680 3299 1714 ι

2100 1747 2254 1803 lianc
2320 1750 2507 1804 mundi
2561 1750 2967 1805 renovationem
3019 1749 3187 1803 David
3246 1749 3617 1821 pravidebat,

3738 752 4039 817 construit,
4067 751 4204 807 duas
4224 752 4467 822 potiores
4502 762 4560 809 et
4586 755 4835 825 egregias
4861 755 5189 813 altrinsecus
5234 772 5317 814 or-

3737 844 3889 919 dinat
3910 884 3926 910 ,
3951 845 4145 914 quibus
4169 845 4380 901 scilicet
4407 860 4569 902 omne
4594 849 4869 919 surgentis
4891 851 5157 906 inachiis:
5184 865 5315 923 pou-

3732 934 3834 988 dus
3861 935 4167 1001 incumbat;
4192 935 4329 991 duas
4350 945 4528 993 autem
4560 938 4799 995 minores
4821 940 4874 995 in
4898 941 5079 997 niin
5100 944 5309 1009 statuit,

3732 1022 3921 1092 sicque
3948 1024 4187 1083 cmlestis
4218 1024 4439 1083 fabrica:
4462 1026 4919 1097 pulchritudinem
4966 1031 5179 1089 alterna
5223 1048 5313 1089 va-

3731 1112 3926 1168 rietate
3954 1115 4279 1187 distinguit,
4329 1125 4391 1171 ut
4436 1117 4719 1187 pluralitas
4759 1122 4825 1173 ad
4862 1119 5309 1191 fundamentum,

3730 1201 4017 1258 diversitas
4062 1206 4328 1274 pertineat
4368 1207 4435 1263 ad
4480 1218 4735 1262 ornatum
4764 1248 4780 1273 ,
4817 1220 4872 1263 et
4906 1209 5153 1268 divinum
5178 1230 5313 1282 opus

3729 1291 3809 1344 sic
3840 1292 4032 1345 robore
4074 1303 4389 1361 permaneat
4411 1295 4816 1363 inconcussum,
4842 1308 4901 1352 ut
4933 1298 5004 1353 sit
5023 1303 5193 1355 ctiam
5222 1318 5315 1357 va—

3731 1379 3923 1433 rietate
3947 1382 4321 1448 conspicuum.
4371 1382 4497 1439 Hec
4542 1385 4775 1455 denique
4803 1398 5035 1455 quatuor
5062 1398 5191 1444 sunt
5223 1406 5315 1446 co-

3728 1467 3924 1523 lumna:
3951 1510 3967 1535 ,
3994 1471 4060 1525 de
4103 1472 4299 1541 quibus
4326 1473 4394 1527 ad
4428 1474 4648 1544 Moysen
4673 1474 4872 1531 dicitur
4894 1516 4910 1540 ,
4941 1492 5067 1532 cum
5100 1480 5157 1532 in
5188 1488 5310 1550 typo

3726 1559 3987 1615 Ecclesia!
4015 1562 4419 1618 tabernaculum
4442 1562 4700 1635 ﬁgeretur
4727 1584 4739 1618 :
4768 1585 4785 1618 ι
4814 1565 5005 1621 Facies
5030 1567 5309 1623 columnas

3721 1661 3992 1719 quatuor,
4034 1661 4088 1706 et
4132 1653 4289 1707 bases
4323 1668 4510 1708 earum
4556 1656 4781 1710 vestitas
4828 1666 5057 1727 argento
5099 1656 5309 1727 (Etet.

3724 1744 3947 1807 ιιγιι).›
3975 1741 4029 1795 In
4058 1752 4280 1810 argento
4304 1743 4449 1797 enim
4479 1743 4607 1813 quid
4638 1744 4783 1799 aliud
4797 1761 4959 1815 quam
4982 1745 5211 1803 claritas
5233 1749 5311 1804 di-

2023 1853 2152 1894 cum
2194 1838 2486 1909 aliquando
2516 1854 2703 1894 coram
2754 1839 2988 1895 Domino
3036 1840 3366 1895 constitutus
3412 1850 3615 1895 oraret.
3649 1829 3694 1890 Β
3724 1832 3832 1885 Vini
3857 1833 4175 1887 seruitutth

3157 1840 3366 1895 ιιίωιυε
3412 1850 3615 1895 σαι-ει,
3649 1829 3694 1890 Β
3724 1832 3832 1885 vini
3857 1833 4123 1887 sermonis
4136 1832 4601 1903 accipitur?Sicut
4623 1836 4884 1906 scriptum
4904 1849 5018 1892 est:
5041 1856 5064 1891 s
5086 1837 5309 1909 Eloquia

2023 1922 2162 1984 Nam
2204 1944 2329 1985 cum
2380 1945 2481 2000 per
2531 1928 2747 1986 Nathan
2804 1932 3127 2000 prophetam
3171 1930 3459 1986 clementia
3511 1933 3617 1995 sibi

2022 2018 2206 2075 divina
2234 2020 2601 2089 promitteret,
2644 2034 2712 2075 ex
2741 2020 2860 2090 ejus
2890 2020 3100 2075 semine
3157 2019 3493 2074 nasciturum
3523 2021 3616 2091 qui

2022 2124 2126 2163 suo
2149 2118 2337 2164 sancto
2360 2109 2566 2164 nomini
2588 2119 2931 2166 construeret
2956 2108 3237 2178 templum,
3264 2119 3320 2164 et
3339 2109 3615 2164 Christum

2023 2197 2315 2252 manifeste
2343 2198 2670 2253 denuntians
2698 2238 2713 2264 ,
2742 2198 3029 2267 adjecisset
3056 2214 3068 2250 :
3106 2216 3124 2249 ι
3162 2196 3273 2267 Ego
3313 2211 3409 2253 ero
3456 2198 3529 2252 illi
3559 2200 3612 2254 in

2020 2296 2253 2355 patrem,
2283 2296 2339 2342 et
2363 2290 2479 2358 ipse
2505 2290 2608 2344 erit
2633 2290 2764 2343 mihi
2810 2289 2864 2343 in
2915 2288 3083 2342 tilium
3128 2287 3212 2358 (ll
3240 2288 3368 2357 Reg.
3415 2290 3550 2357 vn);
3588 2308 3607 2341 ο

2025 2391 2261 2446 musque
2291 2378 2589 2433 Ecclesiam
2618 2417 2634 2445 ,
2662 2393 2783 2448 quae
2825 2392 3027 2447 corpus
3053 2390 3135 2432 est
3164 2378 3364 2433 Christi
3390 2419 3404 2441 ,
3437 2380 3612 2448 qualis

2020 2473 2173 2523 esset
2216 2464 2398 2521 futura
2449 2452 2791 2537 depromeret
2837 2466 3069 2522 dicens:
3114 2485 3133 2518 t
3170 2466 3239 2520 Et
3284 2465 3461 2523 lidelis
3506 2469 3611 2523 erit

2019 2552 2213 2609 domus
2260 2563 2382 2621 tua,
2429 2564 2485 2610 et
2540 2569 2764 2627 regnum
2814 2563 2964 2610 tuum
3016 2570 3185 2625 usque
3245 2555 3300 2610 in
3348 2566 3609 2612 teternum

2020 2652 2151 2698 ante
2201 2642 2394 2701 faciem
2446 2661 2652 2714 meam,
2707 2656 2763 2703 et
2818 2648 3047 2703 thronus
3100 2658 3225 2704 tuus
3276 2651 3383 2705 erit
3420 2651 3609 2708 ﬁrmus

2011 2734 2235 2808 jugiter.
2270 2755 2289 2790 ι
2344 2737 2438 2792 ille
2468 2740 2672 2809 gratias
2714 2753 2907 2810 agens,
2938 2739 3080 2795 inter
3118 2749 3318 2795 caetera
3346 2744 3610 2799 orationis

2016 2840 2132 2879 sua:
2185 2826 2346 2881 verba
2385 2828 2551 2899 360
2593 2828 2673 2885 sic
2712 2828 2833 2883 ait:
2871 2847 2890 2881 ι
2928 2828 3034 2883 Sed
3073 2840 3128 2884 et
3169 2830 3270 2886 hoc
3308 2845 3497 2901 parum
3530 2835 3607 2888 vi-

2009 2931 2133 2972 sum
2179 2926 2263 2973 est
2309 2917 2366 2973 in
2411 2927 2701 2989 conspectu
2757 2928 2889 2986 tuo,
2926 2920 3149 2976 Domine
3192 2923 3334 2978 Dens
3377 2940 3549 2993 meus,
3578 2946 3599 2981 ι

2012 3008 2141 3079 quia
2185 3008 2427 3064 dilexisti
2476 3025 2563 3065 me
2585 3049 2602 3077 ,
2637 3027 2656 3061 ι
2689 3010 2793 3065 nisi
2824 3009 3126 3080 loquereris
3151 3015 3314 3067 etiam
3345 3014 3412 3069 de
3441 3016 3602 3071 domo

2009 3098 2157 3153 servi
2212 3098 2289 3152 tui
2344 3100 2399 3153 in
2454 3098 2843 3169 longinquum;
2899 3117 2919 3151 ι
2989 3115 3222 3171 moxque
3269 3101 3594 3171 subiunxit:

3719 1918 3959 1985 Domini,
3992 1921 4205 1992 eloquia
4235 1932 4384 1978 easta
4409 1961 4426 1988 ,
4455 1933 4734 1994 argentum
4765 1925 4886 1994 igne
4907 1928 5307 1995 examinatum,

3717 2013 4004 2082 prohatmn
4062 2023 4219 2067 teme
4269 2012 4440 2082 (Paul.
4494 2016 4592 2083 xi).
4630 2033 4649 2067 ι
4698 2013 4864 2069 Bases
4907 2030 5043 2086 ergo
5084 2029 5310 2089 argento

3718 2104 3928 2157 vestita:
3975 2112 4213 2172 quatuor
4259 2102 4541 2159 columnas
4606 2104 4934 2159 tabernaculi
4989 2108 5307 2171 sustinent,

3715 2194 3840 2263 quia
3867 2196 4249 2265 pradicatores
4280 2193 4532 2249 Ecclesia:
4558 2195 4743 2252 divino
4769 2196 4987 2266 eloquio
5016 2198 5265 2253 decorati
5289 2238 5305 2261 ,

3715 2295 3771 2338 ut
3802 2285 3853 2339 in
3883 2286 4095 2339 cunctis
4120 2300 4180 2341 se
4215 2287 4520 2357 exemplum
4552 2288 4845 2358 przebcant,
4872 2299 5115 2359 quatuor
5140 2305 5309 2346 evan-

3710 2386 4027 2448 gelistarmn
4056 2378 4201 2432 dicta
4240 2388 4296 2434 ct
4330 2395 4426 2435 ore
4450 2391 4505 2436 et
4537 2382 4791 2451 operibus
4819 2393 5058 2453 portant.

3782 2465 4067 2523 Mattheus
4099 2470 4283 2539 itaque
4318 2470 4549 2538 primum
4577 2471 4784 2525 obtinet
4815 2471 5029 2536 locum,
5058 2472 5307 2528 Joannes

3712 2556 3982 2611 ultimum.
4030 2558 4131 2625 Qui
4179 2560 4432 2613 nimirum
4458 2569 4513 2614 et
4553 2561 4848 2630 apostolico
4893 2572 5019 2615 sunt
5061 2561 5307 2618 culmine

3711 2646 3989 2699 constituti
4020 2687 4034 2711 ,
4066 2654 4120 2699 et
4150 2661 4217 2702 ex
4265 2648 4351 2702 his
4377 2688 4393 2713 ,
4423 2663 4542 2717 quae
4572 2651 4928 2718 scripserunt,
4968 2665 5077 2705 non
5111 2654 5302 2706 auditu

3711 2735 4013 2802 duntaxat,
4067 2739 4162 2794 sed
4213 2739 4330 2794 visu
4397 2740 4579 2810 potius
4649 2752 4813 2811 atque
4858 2751 5122 2799 contactu
5167 2756 5300 2798 sunt

3708 2829 4123 2898 praesentialiter
4152 2829 4449 2887 informati.
4489 2831 4641 2888 Sicut
4686 2850 4825 2888 unus
4873 2849 5061 2889 eorum
5116 2835 5299 2891 dicit:

3714 2934 3733 2969 ο
3785 2916 3937 2984 Quod
3992 2919 4336 2986 audivimus,
4393 2923 4536 2991 quod
4597 2923 4866 2989 vidimus,
4921 2924 5067 2993 quod
5122 2925 5301 2981 oculis

3706 3007 3908 3062 nostris
3942 3010 4344 3078 perspeximus,
4391 3010 4536 3079 quod
4589 3026 4781 3066 manus
4824 3023 5024 3068 nostra:
5073 3024 5301 3068 contre-

3703 3104 3985 3150 ctavcrnnt
4037 3096 4103 3151 de
4160 3096 4336 3152 Verbo
4381 3099 4504 3153 vita:
4552 3097 4606 3167 (1
4658 3099 4819 3154 Joan.
4873 3102 4935 3171 ι).
4998 3121 5018 3153 s
5074 3100 5299 3156 larens

2014 3206 2034 3238 s
2066 3188 2171 3243 lsla
2193 3199 2272 3246 est
2301 3190 2446 3245 enim
2474 3190 2558 3245 lex
2580 3190 2773 3257 Adam,
2802 3191 3026 3247 Domine
3058 3194 3220 3249 Deus.
3250 3214 3269 3247 ι
3295 3195 3375 3251 Ac
3404 3198 3447 3250 si
3479 3212 3602 3265 per-
3627 3177 3673 3241 (ἶ
3705 3185 3864 3257 261
3929 3197 4110 3240 autem
4166 3197 4222 3241 οι
4279 3186 4473 3253 Lucas.
4526 3189 4620 3258 qui
4681 3191 4977 3259 evangelici
5051 3192 5295 3264 aulaei

2008 3287 2174 3348 petue
2206 3278 2396 3335 dicat:
2431 3280 2585 3335 Sicut
2612 3282 2667 3335 in
2701 3282 2901 3335 terreni
2939 3284 3124 3337 umndi
3174 3282 3332 3353 hujus
3378 3290 3601 3343 exordio

2012 3367 2184 3421 Adam
2231 3369 2558 3424 constituisti
2606 3371 2941 3440 posteritatis
2984 3381 3255 3427 secutura
3299 3386 3600 3446 parentem,

2016 3466 2181 3528 atque
2210 3474 2279 3514 ex
2325 3459 2428 3515 hac
2476 3461 2659 3516 radice
2706 3461 2869 3516 totius
2928 3462 3149 3517 humani
3175 3467 3393 3535 generis
3417 3467 3603 3523 decre-

2010 3548 2137 3604 visti
2180 3549 2446 3620 pullulare
2474 3551 2859 3622 propaginem;
2892 3551 2968 3607 ita
3000 3567 3144 3608 nunc
3174 3569 3298 3609 cum
3340 3558 3600 3611 mundum

2007 3654 2271 3695 renovare
2290 3642 2551 3712 disponis,
2579 3656 2666 3697 me
2684 3642 2842 3711 quasi
2863 3656 3061 3699 novum
3086 3642 3259 3698 Adam
3287 3642 3446 3707 facis,
3473 3646 3599 3700 dum

2008 3728 2280 3783 Christum
2308 3744 2377 3783 ex
2407 3744 2527 3785 meo
2551 3730 2760 3805 semine
2791 3730 3153 3796 nasciturum,
3182 3731 3273 3802 qui
3300 3743 3382 3787 est
3410 3745 3600 3789 auctor

2005 3831 2061 3875 et
2094 3828 2254 3892 caput
2284 3820 2557 3887 Ecclesiae,
2590 3821 2886 3892 polliceris.
2923 3839 2944 3874 ς
2978 3822 3086 3876 lsla
3109 3832 3193 3876 est
3214 3862 3228 3888 ,
3269 3824 3442 3892 inquit
3470 3864 3483 3887 ,
3514 3825 3597 3879 lex

2004 3911 2209 3978 Adam,
2246 3929 2266 3965 ι
2294 3913 2420 3982 quia
2453 3913 2595 3968 sicut
2620 3912 2710 3967 ille
2733 3921 2853 3967 erat
2883 3914 2934 3966 in
2964 3913 3089 3967 [iliis
3118 3914 3233 3967 suis
3264 3914 3409 3969 hunc
3443 3932 3601 3968 mun-

2006 4004 2133 4060 dum
2166 4003 2432 4061 visibilem
2460 4018 2845 4076 possessurus;
2879 4004 2956 4059 ita
3004 4014 3059 4059 et
3088 4019 3190 4074 ego
3227 4004 3408 4075 populi
3441 4006 3601 4075 spiri-

2005 4097 2172 4153 tualis
2197 4099 2250 4153 in
2281 4098 2499 4155 Christo
2529 4109 2684 4170 pater
2712 4098 2932 4165 eﬂicior,
2966 4115 3089 4155 cum
3118 4100 3210 4155 illo
3247 4101 3340 4170 qui
3366 4102 3418 4154 in
3444 4102 3598 4157 caelis

2002 4197 2119 4253 est,
2166 4198 2431 4260 perpetuo
2462 4199 2802 4261 regnaturus.
2835 4191 2989 4246 Sicut
3016 4192 3161 4246 enim
3189 4192 3257 4246 de
3282 4201 3429 4247 costa
3454 4192 3596 4248 illius

2004 4283 2234 4337 formata
2283 4292 2369 4336 est
2401 4282 2699 4338 viventium
2740 4293 2915 4336 mater
2958 4281 3068 4336 Eva
3116 4280 3273 4350 (Cen.
3301 4283 3394 4351 It);
3431 4284 3502 4336 ita
3530 4284 3597 4339 de

2006 4369 2180 4426 latere
2207 4370 2410 4425 Christi
2452 4371 2542 4439 qui
2572 4385 2638 4425 ex
2672 4386 2758 4423 tne
2787 4372 3095 4425 nasciturus
3121 4382 3230 4436 est,
3260 4371 3471 4426 victura
3504 4388 3597 4442 pa-

2007 4460 2253 4516 rcnniter
2296 4461 2607 4532 egredietur
2640 4461 2903 4517 Ecclesia.
2935 4462 3010 4517 De
3039 4463 3139 4517 hoc
3168 4478 3311 4519 novo
3351 4473 3405 4518 et
3436 4464 3595 4533 spiri-

3706 3278 4068 3333 meditnllium
4098 3280 4422 3344 sortiuntur,
4459 3296 4565 3335 non
4608 3281 4825 3350 quidem
4855 3292 4977 3335 sunt
5004 3282 5295 3352 Apostoli;

3704 3379 4085 3423 verumtamen
4119 3371 4514 3440 pnecipuorum
4546 3370 4914 3441 apostolorum
4947 3372 5088 3426 alter
5112 3372 5293 3439 Petri,

3706 3460 3845 3515 alter
3877 3460 4028 3515 Pauli
4074 3462 4430 3517 relationibus
4467 3475 4597 3518 sunt
4622 3464 4824 3519 edocti.
4855 3464 5058 3521 Omnes
5102 3477 5295 3522 tamen

3704 3552 3878 3607 sancti
3930 3552 4279 3621 evangelista:
4329 3553 4491 3607 unius
4540 3555 4902 3619 auctoritatis,
4949 3558 5115 3611 unius
5159 3572 5294 3614 sunt

3703 3643 3847 3709 ﬁdei,
3883 3659 3982 3697 nec
4024 3644 4076 3698 in
4116 3643 4301 3712 aliquo
4335 3644 4582 3713 dispares
4617 3644 4669 3698 in
4711 3646 4941 3700 texenda
4978 3647 5291 3704 sincerissi-

3702 3754 3802 3794 ma:
3827 3740 3967 3793 linea
4003 3738 4271 3799 veritatis,
4304 3753 4368 3791 ac
4398 3752 4497 3807 per
4521 3752 4741 3793 omnem
4770 3752 4881 3791 sua:
4906 3739 5292 3809 descriptionis

3702 3828 3988 3882 articulum
4040 3827 4458 3897 inexpugnabile
4500 3826 4662 3882 simul
4706 3828 4923 3895 erigunt
4968 3842 5287 3899 propugna-

3702 3920 3883 3973 culum
3922 3920 4187 3972 adversus
4217 3920 4399 3972 omnia
4436 3917 4803 3987 quarumlibet
4840 3920 5125 3975 hareseon
5170 3923 5289 3992 spi-

3702 4009 3820 4064 cula
3849 4009 4252 4078 prmmunitum.
4278 4006 4405 4062 Bmc
4425 4018 4508 4062 est
4531 4009 4674 4064 enim
4697 4009 4956 4079 quadriga
4984 4010 5072 4065 illa
5098 4011 5153 4065 in
5176 4026 5285 4080 qua

3698 4099 3814 4153 Rex
3845 4100 4031 4169 gloria:
4066 4099 4351 4153 exsultans
4374 4108 4433 4153 ut
4459 4100 4633 4170 gigas,
4674 4108 4729 4153 et
4766 4108 4958 4169 potens
4988 4102 5044 4155 in
5069 4103 5286 4171 ιιι-ωηο,

3700 4189 3873 4259 (ριαι.
3920 4205 4033 4255 xlv,
4065 4192 4244 4257 um),
4272 4188 4510 4261 Principi
4543 4191 4729 4245 mundi
4775 4188 4956 4258 hujus,
4989 4192 5083 4261 qui
5112 4208 5290 4263 genus

3697 4280 3995 4333 humanum
4051 4281 4326 4347 captivum
4372 4281 4620 4344 tenebat,
4675 4282 4955 4347 occurrit,
5010 4289 5065 4335 et
5112 4282 5288 4337 lorica

3696 4369 3881 4423 carnis
3916 4379 4159 4422 armatus
4212 4370 4360 4424 illum
4408 4372 4804 4440 superveniens
4853 4371 5005 4437 vicit,
5055 4374 5291 4444 ejusque

3698 4471 3826 4510 vasa
3876 4455 4152 4510 distribuit
4188 4445 4340 4525 (Luc.
4382 4459 4482 4528 xi).
4534 4459 4685 4514 Hanc
4732 4475 4895 4528 porro
4937 4464 5283 4534 quadrigam,

2005 4551 2138 4609 tuali
2175 4552 2377 4608 mundo
2400 4553 2663 4623 scriptum
2692 4563 2823 4609 est:
2862 4574 2879 4605 ε
2912 4554 3126 4609 Domini
3167 4564 3295 4609 sunt
3340 4557 3593 4611 cardines
3623 4533 3671 4593 θ
3700 4562 3998 4617 verumque
4055 4547 4341 4601 οδοτυὺίηι
4400 4548 4654 4605 Ειεῦιηει
4708 4552 4970 4620 ρτοριιειι
5040 4565 5102 4606 ιο
5148 4533 5291 4608 έοῦ-

1998 4653 2183 4706 teme,
2210 4650 2265 4697 et
2293 4641 2473 4713 posuit
2500 4656 2664 4712 super
2694 4656 2790 4698 eos
2822 4642 3009 4699 orbem
3038 4641 3088 4713 (1
3120 4642 3246 4714 Reg.
3276 4643 3360 4714 ll).
3414 4662 3432 4695 ι
3485 4644 3589 4701 0r-

1998 4731 2086 4785 liis
2119 4730 2265 4785 enim
2298 4746 2461 4801 super
2488 4740 2647 4787 terra:
2688 4732 2939 4788 cardines
2963 4732 3183 4803 ponitur
3206 4773 3222 4799 ,
3248 4749 3370 4788 cum
3402 4744 3589 4789 sancta

2000 4822 2245 4878 Ecclesia
2269 4830 2524 4891 tanquam
2566 4836 2731 4892 super
2755 4823 2913 4878 bases
2957 4823 3220 4881 doctrinis
3261 4827 3590 4898 evangelicis

1999 4914 2286 4970 solidatur.
2336 4913 2415 4969 De
2457 4928 2565 4985 qua
2617 4922 2673 4969 et
2720 4914 2845 4970 alibi
2877 4915 3078 4971 dicitur
3107 4934 3119 4947 ο
3154 4937 3173 4969 ε
3217 4919 3586 4976 Fundamenta

1998 5005 2115 5075 ejus
2143 5004 2199 5059 in
2232 5004 2508 5061 montibus
2529 5005 2735 5060 unctis
2762 5003 2939 5075 (Psal.
2966 5008 3209 5078 Lxxxvt).
3247 5026 3266 5061 ι
3297 5007 3399 5076 Qui
3442 5012 3588 5066 cnim

1998 5094 2111 5151 illic
2137 5095 2411 5163 cardines,
2442 5096 2531 5152 hic
2554 5097 2808 5166 appellati
2839 5107 2968 5153 sunt
3000 5108 3234 5154 montes.

2072 5183 2539 5255 Evangelistarum
2584 5185 2742 5254 plane
2786 5202 3017 5243 numero
3050 5189 3375 5260 congruitet
3404 5190 3587 5247 mundi

1998 5273 2176 5341 situs,
2205 5284 2260 5331 et
2295 5276 2600 5347 temporum
2639 5291 2864 5343 cursus;
2889 5279 3013 5347 quia
3051 5289 3106 5335 et
3129 5292 3365 5351 quatuor
3402 5283 3585 5339 mundi

1997 5375 2184 5438 partes
2204 5406 2221 5433 ,
2249 5374 2306 5422 et
2330 5367 2550 5422 totidem
2580 5376 2708 5423 sunt
2735 5376 3036 5437 temporum
3072 5371 3435 5427 diversitates.
3463 5371 3581 5429 Non

1996 5470 2129 5528 ergo
2161 5456 2383 5522 mirum,
2413 5458 2458 5512 si
2484 5459 2780 5529 spiritualis
2810 5461 3045 5516 mundus
3072 5463 3270 5517 visibili
3299 5463 3425 5519 huic
3451 5480 3585 5521 con-

1999 5546 2223 5615 feratur,
2247 5550 2373 5606 dum
2402 5551 2686 5608 nonnullas
2713 5553 2950 5609 invicem
2974 5553 3171 5612 habere
3201 5554 3585 5612 similitudines

2003 5646 2234 5707 uterque
2261 5640 2618 5709 dignoscitur.

2075 5729 2141 5790 Et
2172 5731 2486 5800 notandum,
2524 5734 2644 5805 quia
2674 5750 2916 5793 summus
2954 5736 3306 5807 architectus,
3333 5738 3585 5796 videlicet

3698 4640 3941 4709 spexisse
3965 4639 4437 4704 commemoravit,
4465 4654 4587 4694 cum
4616 4640 4691 4693 ait
4719 4657 4732 4693 :
4769 4658 4788 4692 ι
4822 4639 5141 4696 Similitndo
5185 4660 5287 4697 au-

3698 4739 3802 4784 tem
3835 4728 4017 4784 vultus
4067 4743 4257 4782 eorum
4302 4726 4473 4783 facies
4518 4727 4773 4792 hominis,
4809 4736 4866 4782 et
4904 4727 5078 4784 facies
5105 4729 5288 4786 leonis

3693 4835 3723 4874 a
3771 4820 3977 4875 dextris
4031 4820 4273 4889 ipsorum
4314 4828 4578 4888 quatuor,
4632 4817 4798 4872 facies
4844 4826 5026 4873 autem
5056 4821 5221 4875 bovis
5256 4838 5286 4876 a

3692 4913 3933 4968 sinistris
3976 4914 4216 4982 ipsorum
4245 4924 4503 4979 quatuor,
4530 4918 4586 4964 et
4624 4908 4793 4965 iacies
4818 4910 5015 4980 aquila:
5039 4912 5288 4985 desuper

3691 5007 3933 5076 ipsorum
3972 5014 4209 5073 quatuor
4240 5002 4459 5073 (Exerit.
4488 5004 4552 5071 l).
4591 5023 4610 5055 ι
4642 5004 4790 5071 Quos
4838 5006 5092 5073 profecto
5141 5022 5284 5061 non-

3690 5096 3821 5151 nulli
3850 5094 4243 5149 catholicorum
4275 5093 4497 5148 Patrum
4525 5094 4629 5149 hoc
4657 5094 4850 5149 ordine
4872 5094 5284 5161 discreverunt.

3690 5196 3751 5242 ut
3808 5186 3935 5255 quia
3976 5188 4045 5239 ab
4093 5184 4333 5239 humana
4379 5184 4732 5255 generatione
4780 5184 4967 5254 cmpit,
5007 5182 5139 5252 jure
5183 5202 5287 5255 per

3689 5278 3965 5332 hominem
3994 5277 4307 5343 Matthzeus;
4334 5278 4459 5347 quia
4484 5291 4614 5331 vero
4636 5292 4664 5330 a
4688 5276 4928 5331 clamore
4952 5276 5005 5332 in
5030 5279 5279 5341 deserto,

3689 5382 3838 5426 recte
3866 5385 3961 5439 per
3990 5370 4203 5423 leonem
4236 5367 4486 5431 Marcus;
4521 5368 4648 5437 quia
4686 5381 4715 5419 a
4744 5366 5017 5423 sacrificio
5043 5382 5283 5423 exorsus

3689 5471 3793 5525 est,
3844 5462 3981 5515 bene
4030 5473 4129 5530 per
4175 5458 4404 5513 vitulum
4456 5455 4666 5521 Lucas;
4725 5456 4851 5525 qhia
4899 5471 4931 5509 a
4985 5453 5281 5511 divinitate

3690 5553 3851 5607 Verbi
3896 5552 4084 5619 cepit,
4131 5550 4291 5619 digne
4334 5546 4572 5601 Joannes
4600 5546 4850 5601 videatur
4890 5559 4991 5616 per
5031 5547 5277 5614 aquilam

3688 5644 3982 5714 designari.
4013 5642 4116 5709 Qui
4152 5641 4406 5695 nimirum
4431 5640 4617 5694 dicens
4646 5655 4659 5692 :
4693 5658 4713 5689 ι
4746 5636 4802 5691 In
4846 5636 5125 5706 principio
5152 5646 5274 5689 erat

3690 5737 3948 5799 \‘crlmm,
3992 5745 4043 5790 et
4079 5734 4312 5788 \‘erbmn
4348 5741 4468 5787 erat
4492 5731 4629 5803 apud
4658 5729 4857 5795 Deum;
4884 5736 4941 5783 et
4978 5726 5125 5782 Deus
5152 5738 5270 5781 erat
