  <div class='ocr_page' id='page_1' title='image "/cluster/home/n/w/nwhite01/storage/ocr_20150623/144-145/uc1.31175001639262/398.png"; bbox 0 0 5450 6338; ppageno 0'>
   <div class='ocr_carea' id='block_1_1' title="bbox 905 421 998 480">
    <p class='ocr_par' dir='ltr' id='par_1_1' title="bbox 905 421 998 480">
     <span class='ocr_line' id='line_1_1' title="bbox 905 421 998 480; baseline -0.022 -1"><span class='ocrx_word' id='word_1_1' title='bbox 905 421 998 480; x_wconf 77' lang='grc'><strong>’181</strong></span> 
     </span>
    </p>
   </div>
   <div class='ocr_carea' id='block_1_2' title="bbox 2334 383 2799 446">
    <p class='ocr_par' dir='ltr' id='par_1_2' title="bbox 2334 383 2799 446">
     <span class='ocr_line' id='line_1_2' title="bbox 2334 383 2799 446; baseline -0.013 0"><span class='ocrx_word' id='word_1_2' title='bbox 2334 384 2574 446; x_wconf 73' lang='lat' dir='ltr'><strong>SERMO</strong></span> <span class='ocrx_word' id='word_1_3' title='bbox 2611 383 2799 443; x_wconf 78' lang='lat' dir='ltr'><strong>XLIX.</strong></span> 
     </span>
    </p>
   </div>
   <div class='ocr_carea' id='block_1_3' title="bbox 808 488 4228 603">
    <p class='ocr_par' dir='ltr' id='par_1_3' title="bbox 808 488 4228 603">
     <span class='ocr_line' id='line_1_3' title="bbox 808 488 4228 603; baseline -0.01 -18"><span class='ocrx_word' id='word_1_4' title='bbox 808 488 816 521; x_wconf 40' lang='grc' dir='ltr'><strong>ἶ</strong></span> <span class='ocrx_word' id='word_1_5' title='bbox 910 534 1128 593; x_wconf 74' lang='lat' dir='ltr'><strong>Verbum</strong></span> <span class='ocrx_word' id='word_1_6' title='bbox 1161 529 1346 603; x_wconf 70' lang='lat' dir='ltr'><strong>(Joan.</strong></span> <span class='ocrx_word' id='word_1_7' title='bbox 1374 524 1435 596; x_wconf 88' lang='grc' dir='ltr'><strong>ι),</strong></span> <span class='ocrx_word' id='word_1_8' title='bbox 1460 543 1479 579; x_wconf 69' lang='grc' dir='ltr'><strong><em>ι</em></strong></span> <span class='ocrx_word' id='word_1_9' title='bbox 1510 521 1636 579; x_wconf 90' lang='lat' dir='ltr'><strong>dum</strong></span> <span class='ocrx_word' id='word_1_10' title='bbox 1661 522 1717 579; x_wconf 92' lang='lat' dir='ltr'><strong>in</strong></span> <span class='ocrx_word' id='word_1_11' title='bbox 1739 532 1860 578; x_wconf 84' lang='lat' dir='ltr'><strong>eam</strong></span> <span class='ocrx_word' id='word_1_12' title='bbox 1891 511 2259 574; x_wconf 86' lang='lat' dir='ltr'><strong>substantiam</strong></span> <span class='ocrx_word' id='word_1_13' title='bbox 2288 506 2499 562; x_wconf 81' lang='lat' dir='ltr'><strong>Divini-</strong></span> <span class='ocrx_word' id='word_1_14' title='bbox 2524 508 2577 569; x_wconf 78' lang='grc' dir='ltr'><strong>Α</strong></span> <span class='ocrx_word' id='word_1_15' title='bbox 2605 500 2740 603; x_wconf 34' lang='lat' dir='ltr'><strong>getti-</strong></span> <span class='ocrx_word' id='word_1_16' title='bbox 2768 515 2877 557; x_wconf 89' lang='lat' dir='ltr'><strong>non</strong></span> <span class='ocrx_word' id='word_1_17' title='bbox 2917 498 3157 603; x_wconf 69' lang='lat' dir='ltr'><strong>omittat.</strong></span> <span class='ocrx_word' id='word_1_18' title='bbox 3197 491 3361 603; x_wconf 41' lang='lat' dir='ltr'><strong>riam.</strong></span> <span class='ocrx_word' id='word_1_19' title='bbox 3390 495 3569 603; x_wconf 77' lang='lat' dir='ltr'><strong>ipsum</strong></span> <span class='ocrx_word' id='word_1_20' title='bbox 3601 507 3826 603; x_wconf 76' lang='lat' dir='ltr'><strong>quoque</strong></span> <span class='ocrx_word' id='word_1_21' title='bbox 3862 507 3977 549; x_wconf 61' lang='lat' dir='ltr'><strong>sua:</strong></span> 
     </span>
    </p>
   </div>
   <div class='ocr_carea' id='block_1_4' title="bbox 808 602 2495 690">
    <p class='ocr_par' dir='ltr' id='par_1_4' title="bbox 808 602 2495 690">
     <span class='ocr_line' id='line_1_4' title="bbox 808 602 2495 690; baseline -0.019 -3"><span class='ocrx_word' id='word_1_22' title='bbox 808 606 811 611; x_wconf 28' lang='grc' dir='ltr'><strong>Ι</strong></span> <span class='ocrx_word' id='word_1_23' title='bbox 909 628 1029 685; x_wconf 81' lang='lat' dir='ltr'><strong>tatis</strong></span> <span class='ocrx_word' id='word_1_24' title='bbox 1045 602 1462 690; x_wconf 76' lang='lat' dir='ltr'><strong>intendit,quasi</strong></span> <span class='ocrx_word' id='word_1_25' title='bbox 1486 633 1638 675; x_wconf 88' lang='lat' dir='ltr'><strong>more</strong></span> <span class='ocrx_word' id='word_1_26' title='bbox 1661 614 1855 687; x_wconf 73' lang='lat' dir='ltr'><strong>aquilae</strong></span> <span class='ocrx_word' id='word_1_27' title='bbox 1872 609 2064 668; x_wconf 88' lang='lat' dir='ltr'><strong>oculos</strong></span> <span class='ocrx_word' id='word_1_28' title='bbox 2086 607 2140 663; x_wconf 93' lang='lat' dir='ltr'><strong>ln</strong></span> <span class='ocrx_word' id='word_1_29' title='bbox 2168 602 2495 662; x_wconf 84' lang='lat' dir='ltr'><strong>solemlixit.</strong></span> 
     </span>
    </p>
   </div>
   <div class='ocr_carea' id='block_1_5' title="bbox 808 694 2499 782">
    <p class='ocr_par' dir='ltr' id='par_1_5' title="bbox 808 694 2499 782">
     <span class='ocr_line' id='line_1_5' title="bbox 808 694 2499 782; baseline -0.021 -1"><span class='ocrx_word' id='word_1_30' title='bbox 808 700 813 781; x_wconf 61' lang='grc' dir='ltr'>ξ</span> <span class='ocrx_word' id='word_1_31' title='bbox 980 715 1080 773; x_wconf 86' lang='lat' dir='ltr'><strong>Sed</strong></span> <span class='ocrx_word' id='word_1_32' title='bbox 1132 714 1190 779; x_wconf 97' lang='lat' dir='ltr'><strong>ii,</strong></span> <span class='ocrx_word' id='word_1_33' title='bbox 1240 711 1337 782; x_wconf 86' lang='lat' dir='ltr'><strong>qui</strong></span> <span class='ocrx_word' id='word_1_34' title='bbox 1366 719 1585 766; x_wconf 88' lang='lat' dir='ltr'><strong>sanctos</strong></span> <span class='ocrx_word' id='word_1_35' title='bbox 1616 703 1985 776; x_wconf 88' lang='lat' dir='ltr'><strong>evangelistas</strong></span> <span class='ocrx_word' id='word_1_36' title='bbox 2024 712 2125 770; x_wconf 87' lang='lat' dir='ltr'><strong>per</strong></span> <span class='ocrx_word' id='word_1_37' title='bbox 2174 694 2499 752; x_wconf 82' lang='lat' dir='ltr'><strong>animalium</strong></span> 
     </span>
    </p>
   </div>
   <div class='ocr_carea' id='block_1_6' title="bbox 808 782 2499 881">
    <p class='ocr_par' dir='ltr' id='par_1_6' title="bbox 808 782 2499 881">
     <span class='ocr_line' id='line_1_6' title="bbox 808 782 2499 881; baseline -0.018 -14"><span class='ocrx_word' id='word_1_38' title='bbox 808 792 813 877; x_wconf 62' lang='grc' dir='ltr'><em>ξ</em></span> <span class='ocrx_word' id='word_1_39' title='bbox 912 807 1107 881; x_wconf 69' lang='lat' dir='ltr'><strong>ﬁguras</strong></span> <span class='ocrx_word' id='word_1_40' title='bbox 1136 802 1238 859; x_wconf 90' lang='lat' dir='ltr'><strong>sub</strong></span> <span class='ocrx_word' id='word_1_41' title='bbox 1274 802 1381 857; x_wconf 91' lang='lat' dir='ltr'><strong>hac</strong></span> <span class='ocrx_word' id='word_1_42' title='bbox 1408 800 1676 854; x_wconf 90' lang='lat' dir='ltr'><strong>varietate</strong></span> <span class='ocrx_word' id='word_1_43' title='bbox 1707 794 2071 865; x_wconf 90' lang='lat' dir='ltr'><strong>distinguunt,</strong></span> <span class='ocrx_word' id='word_1_44' title='bbox 2106 787 2281 881; x_wconf 86' lang='lat' dir='ltr'><strong>magis</strong></span> <span class='ocrx_word' id='word_1_45' title='bbox 2304 782 2499 881; x_wconf 81' lang='lat' dir='ltr'><strong>consi-</strong></span> 
     </span>
    </p>
   </div>
   <div class='ocr_carea' id='block_1_7' title="bbox 808 877 2495 960">
    <p class='ocr_par' dir='ltr' id='par_1_7' title="bbox 808 877 2495 960">
     <span class='ocr_line' id='line_1_7' title="bbox 808 877 2495 960; baseline -0.018 -1"><span class='ocrx_word' id='word_1_46' title='bbox 808 880 811 895; x_wconf 42' lang='lat' dir='ltr'>l</span> <span class='ocrx_word' id='word_1_47' title='bbox 904 877 1087 957; x_wconf 56' lang='lat' dir='ltr'><strong>durare</strong></span> <span class='ocrx_word' id='word_1_48' title='bbox 1145 894 1401 949; x_wconf 90' lang='lat' dir='ltr'><strong>videntur</strong></span> <span class='ocrx_word' id='word_1_49' title='bbox 1470 880 1752 960; x_wconf 82' lang='lat' dir='ltr'><strong>Evangelii</strong></span> <span class='ocrx_word' id='word_1_50' title='bbox 1814 884 2085 955; x_wconf 85' lang='lat' dir='ltr'><strong>cujusque</strong></span> <span class='ocrx_word' id='word_1_51' title='bbox 2142 877 2495 951; x_wconf 84' lang='lat' dir='ltr'><strong>principium,</strong></span> 
     </span>
    </p>
   </div>
   <div class='ocr_carea' id='block_1_8' title="bbox 808 967 2498 1061">
    <p class='ocr_par' dir='ltr' id='par_1_8' title="bbox 808 967 2498 1061">
     <span class='ocr_line' id='line_1_8' title="bbox 808 967 2498 1061; baseline -0.014 -16"><span class='ocrx_word' id='word_1_52' title='bbox 808 1048 809 1055; x_wconf 32' lang='grc' dir='ltr'><strong>η</strong></span> <span class='ocrx_word' id='word_1_53' title='bbox 902 1004 1055 1061; x_wconf 87' lang='lat' dir='ltr'><strong>quam</strong></span> <span class='ocrx_word' id='word_1_54' title='bbox 1102 985 1420 1041; x_wconf 88' lang='lat' dir='ltr'><strong>continuum</strong></span> <span class='ocrx_word' id='word_1_55' title='bbox 1470 980 1753 1052; x_wconf 78' lang='lat' dir='ltr'><strong>sequentis</strong></span> <span class='ocrx_word' id='word_1_56' title='bbox 1802 976 2047 1033; x_wconf 83' lang='lat' dir='ltr'><strong>historiae</strong></span> <span class='ocrx_word' id='word_1_57' title='bbox 2083 982 2317 1029; x_wconf 87' lang='lat' dir='ltr'><strong>textum.</strong></span> <span class='ocrx_word' id='word_1_58' title='bbox 2358 967 2498 1024; x_wconf 87' lang='lat' dir='ltr'><strong>Nam</strong></span> 
     </span>
    </p>
   </div>
   <div class='ocr_carea' id='block_1_9' title="bbox 808 1064 2500 1153">
    <p class='ocr_par' dir='ltr' id='par_1_9' title="bbox 808 1064 2500 1153">
     <span class='ocr_line' id='line_1_9' title="bbox 808 1064 2500 1153; baseline -0.011 -15"><span class='ocrx_word' id='word_1_59' title='bbox 808 1148 809 1153; x_wconf 23' lang='grc' dir='ltr'><strong>η</strong></span> <span class='ocrx_word' id='word_1_60' title='bbox 902 1082 992 1153; x_wconf 89' lang='lat' dir='ltr'><strong>qui</strong></span> <span class='ocrx_word' id='word_1_61' title='bbox 1026 1079 1272 1136; x_wconf 89' lang='lat' dir='ltr'><strong>seriatim</strong></span> <span class='ocrx_word' id='word_1_62' title='bbox 1304 1085 1535 1134; x_wconf 87' lang='lat' dir='ltr'><strong>cunctas</strong></span> <span class='ocrx_word' id='word_1_63' title='bbox 1566 1072 1902 1145; x_wconf 65' lang='lat' dir='ltr'><strong>evangelicae</strong></span> <span class='ocrx_word' id='word_1_64' title='bbox 1945 1067 2287 1125; x_wconf 82' lang='lat' dir='ltr'><strong>narrationis</strong></span> <span class='ocrx_word' id='word_1_65' title='bbox 2312 1064 2500 1120; x_wconf 90' lang='lat' dir='ltr'><strong>curio-</strong></span> 
     </span>
    </p>
   </div>
   <div class='ocr_carea' id='block_1_10' title="bbox 900 1155 2497 1239">
    <p class='ocr_par' dir='ltr' id='par_1_10' title="bbox 900 1155 2497 1239">
     <span class='ocr_line' id='line_1_10' title="bbox 900 1155 2497 1239; baseline -0.013 -12"><span class='ocrx_word' id='word_1_66' title='bbox 900 1170 1015 1227; x_wconf 87' lang='lat' dir='ltr'><strong>sius</strong></span> <span class='ocrx_word' id='word_1_67' title='bbox 1041 1178 1204 1239; x_wconf 85' lang='lat' dir='ltr'><strong>atque</strong></span> <span class='ocrx_word' id='word_1_68' title='bbox 1253 1167 1517 1223; x_wconf 91' lang='lat' dir='ltr'><strong>minutius</strong></span> <span class='ocrx_word' id='word_1_69' title='bbox 1545 1164 1875 1235; x_wconf 83' lang='lat' dir='ltr'><strong>indagavere</strong></span> <span class='ocrx_word' id='word_1_70' title='bbox 1902 1159 2228 1221; x_wconf 86' lang='lat' dir='ltr'><strong>sententias,</strong></span> <span class='ocrx_word' id='word_1_71' title='bbox 2261 1156 2323 1210; x_wconf 85' lang='grc' dir='ltr'><strong>Β.</strong></span> <span class='ocrx_word' id='word_1_72' title='bbox 2352 1155 2497 1209; x_wconf 80' lang='lat' dir='ltr'><strong>Mat—</strong></span> 
     </span>
    </p>
   </div>
   <div class='ocr_carea' id='block_1_11' title="bbox 900 1243 2500 1324">
    <p class='ocr_par' dir='ltr' id='par_1_11' title="bbox 900 1243 2500 1324">
     <span class='ocr_line' id='line_1_11' title="bbox 900 1243 2500 1324; baseline -0.009 -11"><span class='ocrx_word' id='word_1_73' title='bbox 900 1258 1041 1315; x_wconf 73' lang='lat' dir='ltr'><strong>thzeo</strong></span> <span class='ocrx_word' id='word_1_74' title='bbox 1085 1273 1193 1313; x_wconf 91' lang='lat' dir='ltr'><strong>non</strong></span> <span class='ocrx_word' id='word_1_75' title='bbox 1225 1256 1484 1319; x_wconf 86' lang='lat' dir='ltr'><strong>hominis,</strong></span> <span class='ocrx_word' id='word_1_76' title='bbox 1517 1253 1614 1308; x_wconf 92' lang='lat' dir='ltr'><strong>sed</strong></span> <span class='ocrx_word' id='word_1_77' title='bbox 1650 1253 1884 1324; x_wconf 76' lang='lat' dir='ltr'><strong>figuram</strong></span> <span class='ocrx_word' id='word_1_78' title='bbox 1916 1250 2284 1305; x_wconf 87' lang='lat' dir='ltr'><strong>decreverunt</strong></span> <span class='ocrx_word' id='word_1_79' title='bbox 2327 1243 2500 1299; x_wconf 79' lang='lat' dir='ltr'><strong>ascri-</strong></span> 
     </span>
    </p>
   </div>
   <div class='ocr_carea' id='block_1_12' title="bbox 898 1337 2494 1407">
    <p class='ocr_par' dir='ltr' id='par_1_12' title="bbox 898 1337 2494 1407">
     <span class='ocr_line' id='line_1_12' title="bbox 898 1337 2494 1407; baseline -0.011 -1"><span class='ocrx_word' id='word_1_80' title='bbox 898 1349 1126 1406; x_wconf 87' lang='lat' dir='ltr'><strong>bendam</strong></span> <span class='ocrx_word' id='word_1_81' title='bbox 1178 1363 1300 1405; x_wconf 87' lang='lat' dir='ltr'><strong>esse</strong></span> <span class='ocrx_word' id='word_1_82' title='bbox 1341 1347 1538 1402; x_wconf 88' lang='lat' dir='ltr'><strong>leonis.</strong></span> <span class='ocrx_word' id='word_1_83' title='bbox 1585 1344 1697 1400; x_wconf 87' lang='lat' dir='ltr'><strong>Leo</strong></span> <span class='ocrx_word' id='word_1_84' title='bbox 1732 1342 1902 1407; x_wconf 90' lang='lat' dir='ltr'><strong>enim,</strong></span> <span class='ocrx_word' id='word_1_85' title='bbox 1951 1349 2014 1395; x_wconf 92' lang='lat' dir='ltr'><strong>ut</strong></span> <span class='ocrx_word' id='word_1_86' title='bbox 2066 1340 2145 1393; x_wconf 87' lang='lat' dir='ltr'><strong>ait</strong></span> <span class='ocrx_word' id='word_1_87' title='bbox 2188 1337 2494 1406; x_wconf 85' lang='lat' dir='ltr'><strong>Scriptura,</strong></span> 
     </span>
    </p>
   </div>
   <div class='ocr_carea' id='block_1_13' title="bbox 900 1429 2498 1500">
    <p class='ocr_par' dir='ltr' id='par_1_13' title="bbox 900 1429 2498 1500">
     <span class='ocr_line' id='line_1_13' title="bbox 900 1429 2498 1500; baseline -0.009 -7"><span class='ocrx_word' id='word_1_88' title='bbox 900 1438 1235 1493; x_wconf 89' lang='lat' dir='ltr'><strong>fortissimus</strong></span> <span class='ocrx_word' id='word_1_89' title='bbox 1261 1435 1564 1491; x_wconf 86' lang='lat' dir='ltr'><strong>bestiarum</strong></span> <span class='ocrx_word' id='word_1_90' title='bbox 1592 1432 1659 1487; x_wconf 87' lang='lat' dir='ltr'><strong>ad</strong></span> <span class='ocrx_word' id='word_1_91' title='bbox 1691 1431 1896 1486; x_wconf 88' lang='lat' dir='ltr'><strong>nullius</strong></span> <span class='ocrx_word' id='word_1_92' title='bbox 1936 1429 2161 1500; x_wconf 84' lang='lat' dir='ltr'><strong>pavebit</strong></span> <span class='ocrx_word' id='word_1_93' title='bbox 2204 1441 2498 1482; x_wconf 86' lang='lat' dir='ltr'><strong>occursum</strong></span> 
     </span>
    </p>
   </div>
   <div class='ocr_carea' id='block_1_14' title="bbox 899 1522 2498 1601">
    <p class='ocr_par' dir='ltr' id='par_1_14' title="bbox 899 1522 2498 1601">
     <span class='ocr_line' id='line_1_14' title="bbox 899 1522 2498 1601; baseline -0.007 -17"><span class='ocrx_word' id='word_1_94' title='bbox 899 1529 1085 1601; x_wconf 84' lang='lat' dir='ltr'><strong>(Prov.</strong></span> <span class='ocrx_word' id='word_1_95' title='bbox 1125 1529 1282 1599; x_wconf 85' lang='lat' dir='ltr'><strong>xxx).</strong></span> <span class='ocrx_word' id='word_1_96' title='bbox 1338 1527 1409 1582; x_wconf 86' lang='lat' dir='ltr'><strong>Et</strong></span> <span class='ocrx_word' id='word_1_97' title='bbox 1453 1527 1583 1597; x_wconf 87' lang='lat' dir='ltr'><strong>quia</strong></span> <span class='ocrx_word' id='word_1_98' title='bbox 1619 1541 1715 1581; x_wconf 90' lang='lat' dir='ltr'><strong>rex</strong></span> <span class='ocrx_word' id='word_1_99' title='bbox 1766 1523 2087 1579; x_wconf 88' lang='lat' dir='ltr'><strong>animalium</strong></span> <span class='ocrx_word' id='word_1_100' title='bbox 2137 1522 2357 1586; x_wconf 91' lang='lat' dir='ltr'><strong>dicitur,</strong></span> <span class='ocrx_word' id='word_1_101' title='bbox 2390 1536 2498 1575; x_wconf 91' lang='lat' dir='ltr'><strong>non</strong></span> 
     </span>
    </p>
   </div>
   <div class='ocr_carea' id='block_1_15' title="bbox 898 1605 2501 1694">
    <p class='ocr_par' dir='ltr' id='par_1_15' title="bbox 898 1605 2501 1694">
     <span class='ocr_line' id='line_1_15' title="bbox 898 1605 2501 1694; baseline -0.007 -17"><span class='ocrx_word' id='word_1_102' title='bbox 898 1622 1193 1694; x_wconf 90' lang='lat' dir='ltr'><strong>incongrue</strong></span> <span class='ocrx_word' id='word_1_103' title='bbox 1222 1620 1285 1674; x_wconf 84' lang='grc' dir='ltr'><strong>Β.</strong></span> <span class='ocrx_word' id='word_1_104' title='bbox 1321 1605 1598 1683; x_wconf 58' lang='lat' dir='ltr'><strong>Matthiae,</strong></span> <span class='ocrx_word' id='word_1_105' title='bbox 1636 1618 1729 1688; x_wconf 86' lang='lat' dir='ltr'><strong>qui</strong></span> <span class='ocrx_word' id='word_1_106' title='bbox 1774 1617 1981 1685; x_wconf 71' lang='lat' dir='ltr'><strong>regiam</strong></span> <span class='ocrx_word' id='word_1_107' title='bbox 2010 1615 2215 1671; x_wconf 83' lang='lat' dir='ltr'><strong>Christi</strong></span> <span class='ocrx_word' id='word_1_108' title='bbox 2250 1613 2501 1669; x_wconf 90' lang='lat' dir='ltr'><strong>cernitur</strong></span> 
     </span>
    </p>
   </div>
   <div class='ocr_carea' id='block_1_16' title="bbox 898 1706 2500 1783">
    <p class='ocr_par' dir='ltr' id='par_1_16' title="bbox 898 1706 2500 1783">
     <span class='ocr_line' id='line_1_16' title="bbox 898 1706 2500 1783; baseline -0.005 -14"><span class='ocrx_word' id='word_1_109' title='bbox 898 1715 1096 1770; x_wconf 82' lang='lat' dir='ltr'><strong>texisse</strong></span> <span class='ocrx_word' id='word_1_110' title='bbox 1147 1728 1465 1783; x_wconf 87' lang='lat' dir='ltr'><strong>personam,</strong></span> <span class='ocrx_word' id='word_1_111' title='bbox 1508 1711 1685 1768; x_wconf 90' lang='lat' dir='ltr'><strong>leonis</strong></span> <span class='ocrx_word' id='word_1_112' title='bbox 1726 1710 1940 1780; x_wconf 84' lang='lat' dir='ltr'><strong>species</strong></span> <span class='ocrx_word' id='word_1_113' title='bbox 1980 1709 2298 1778; x_wconf 89' lang='lat' dir='ltr'><strong>deputatur.</strong></span> <span class='ocrx_word' id='word_1_114' title='bbox 2342 1706 2500 1762; x_wconf 84' lang='lat' dir='ltr'><strong>Unde</strong></span> 
     </span>
    </p>
   </div>
   <div class='ocr_carea' id='block_1_17' title="bbox 896 1801 2499 1877">
    <p class='ocr_par' dir='ltr' id='par_1_17' title="bbox 896 1801 2499 1877">
     <span class='ocr_line' id='line_1_17' title="bbox 896 1801 2499 1877; baseline -0.003 -16"><span class='ocrx_word' id='word_1_115' title='bbox 896 1806 1030 1861; x_wconf 83' lang='lat' dir='ltr'><strong>etin</strong></span> <span class='ocrx_word' id='word_1_116' title='bbox 1068 1804 1395 1877; x_wconf 80' lang='lat' dir='ltr'><strong>Apocalypsi</strong></span> <span class='ocrx_word' id='word_1_117' title='bbox 1426 1804 1693 1861; x_wconf 88' lang='lat' dir='ltr'><strong>Dominus</strong></span> <span class='ocrx_word' id='word_1_118' title='bbox 1718 1818 1843 1859; x_wconf 90' lang='lat' dir='ltr'><strong>eum</strong></span> <span class='ocrx_word' id='word_1_119' title='bbox 1882 1803 1998 1873; x_wconf 90' lang='lat' dir='ltr'><strong>ipsa</strong></span> <span class='ocrx_word' id='word_1_120' title='bbox 2039 1802 2190 1857; x_wconf 88' lang='lat' dir='ltr'><strong>tribu</strong></span> <span class='ocrx_word' id='word_1_121' title='bbox 2233 1802 2383 1872; x_wconf 87' lang='lat' dir='ltr'><strong>regia</strong></span> <span class='ocrx_word' id='word_1_122' title='bbox 2413 1801 2499 1856; x_wconf 85' lang='lat' dir='ltr'><strong>leo</strong></span> 
     </span>
    </p>
   </div>
   <div class='ocr_carea' id='block_1_18' title="bbox 2604 589 4228 664">
    <p class='ocr_par' dir='ltr' id='par_1_18' title="bbox 2604 589 4228 664">
     <span class='ocr_line' id='line_1_18' title="bbox 2604 589 4228 664; baseline -0.007 -11"><span class='ocrx_word' id='word_1_123' title='bbox 2604 597 2772 654; x_wconf 75' lang='lat' dir='ltr'><strong>tionis</strong></span> <span class='ocrx_word' id='word_1_124' title='bbox 2795 594 3085 652; x_wconf 82' lang='lat' dir='ltr'><strong>exordium</strong></span> <span class='ocrx_word' id='word_1_125' title='bbox 3118 591 3251 664; x_wconf 88' lang='lat' dir='ltr'><strong>quid</strong></span> <span class='ocrx_word' id='word_1_126' title='bbox 3292 590 3439 646; x_wconf 85' lang='lat' dir='ltr'><strong>aliud</strong></span> <span class='ocrx_word' id='word_1_127' title='bbox 3484 596 3804 653; x_wconf 83' lang='lat' dir='ltr'><strong>coacervat,</strong></span> <span class='ocrx_word' id='word_1_128' title='bbox 3834 602 4003 657; x_wconf 89' lang='lat' dir='ltr'><strong>quam</strong></span> <span class='ocrx_word' id='word_1_129' title='bbox 4044 589 4228 643; x_wconf 82' lang='lat' dir='ltr'><strong>diver—</strong></span> 
     </span>
    </p>
   </div>
   <div class='ocr_carea' id='block_1_19' title="bbox 2602 682 4247 754">
    <p class='ocr_par' dir='ltr' id='par_1_19' title="bbox 2602 682 4247 754">
     <span class='ocr_line' id='line_1_19' title="bbox 2602 682 4247 754; baseline -0.006 -7"><span class='ocrx_word' id='word_1_130' title='bbox 2602 706 2791 747; x_wconf 90' lang='lat' dir='ltr'><strong>sorum</strong></span> <span class='ocrx_word' id='word_1_131' title='bbox 2822 689 3045 745; x_wconf 84' lang='lat' dir='ltr'><strong>nomina</strong></span> <span class='ocrx_word' id='word_1_132' title='bbox 3069 684 3459 743; x_wconf 78' lang='lat' dir='ltr'><strong>sacerdotum?</strong></span> <span class='ocrx_word' id='word_1_133' title='bbox 3483 703 3503 737; x_wconf 72' lang='grc' dir='ltr'>ι</span> <span class='ocrx_word' id='word_1_134' title='bbox 3538 683 3688 754; x_wconf 83' lang='lat' dir='ltr'><strong>Fuit,</strong></span> <span class='ocrx_word' id='word_1_135' title='bbox 3717 682 3911 751; x_wconf 82' lang='lat' dir='ltr'><strong>inquit,</strong></span> <span class='ocrx_word' id='word_1_136' title='bbox 3944 682 3997 736; x_wconf 92' lang='lat' dir='ltr'><strong>in</strong></span> <span class='ocrx_word' id='word_1_137' title='bbox 4031 682 4247 737; x_wconf 69' lang='lat' dir='ltr'><strong>diebus</strong></span> 
     </span>
    </p>
   </div>
   <div class='ocr_carea' id='block_1_20' title="bbox 2603 774 4230 860">
    <p class='ocr_par' dir='ltr' id='par_1_20' title="bbox 2603 774 4230 860">
     <span class='ocr_line' id='line_1_20' title="bbox 2603 774 4230 860; baseline -0.005 -23"><span class='ocrx_word' id='word_1_138' title='bbox 2603 781 2839 837; x_wconf 83' lang='lat' dir='ltr'><strong>Herodis</strong></span> <span class='ocrx_word' id='word_1_139' title='bbox 2897 780 3043 851; x_wconf 88' lang='lat' dir='ltr'><strong>regis</strong></span> <span class='ocrx_word' id='word_1_140' title='bbox 3099 776 3302 833; x_wconf 72' lang='lat' dir='ltr'><strong>Judazae</strong></span> <span class='ocrx_word' id='word_1_141' title='bbox 3357 775 3621 833; x_wconf 89' lang='lat' dir='ltr'><strong>sacerdos</strong></span> <span class='ocrx_word' id='word_1_142' title='bbox 3686 775 3933 860; x_wconf 87' lang='lat' dir='ltr'><strong>quidam,</strong></span> <span class='ocrx_word' id='word_1_143' title='bbox 4000 774 4230 829; x_wconf 80' lang='lat' dir='ltr'><strong>nomine</strong></span> 
     </span>
    </p>
   </div>
   <div class='ocr_carea' id='block_1_21' title="bbox 2603 862 4230 934">
    <p class='ocr_par' dir='ltr' id='par_1_21' title="bbox 2603 862 4230 934">
     <span class='ocr_line' id='line_1_21' title="bbox 2603 862 4230 934; baseline -0.006 -7"><span class='ocrx_word' id='word_1_144' title='bbox 2603 872 2925 934; x_wconf 86' lang='lat' dir='ltr'><strong>Zacharias,</strong></span> <span class='ocrx_word' id='word_1_145' title='bbox 2975 870 3045 925; x_wconf 90' lang='lat' dir='ltr'><strong>de</strong></span> <span class='ocrx_word' id='word_1_146' title='bbox 3087 869 3212 924; x_wconf 82' lang='lat' dir='ltr'><strong>vice</strong></span> <span class='ocrx_word' id='word_1_147' title='bbox 3259 867 3419 932; x_wconf 87' lang='lat' dir='ltr'><strong>Abia,</strong></span> <span class='ocrx_word' id='word_1_148' title='bbox 3466 875 3525 922; x_wconf 91' lang='lat' dir='ltr'><strong>et</strong></span> <span class='ocrx_word' id='word_1_149' title='bbox 3568 882 3710 921; x_wconf 88' lang='lat' dir='ltr'><strong>uxor</strong></span> <span class='ocrx_word' id='word_1_150' title='bbox 3740 862 3857 932; x_wconf 84' lang='lat' dir='ltr'><strong>ejus</strong></span> <span class='ocrx_word' id='word_1_151' title='bbox 3888 865 3957 919; x_wconf 90' lang='lat' dir='ltr'><strong>de</strong></span> <span class='ocrx_word' id='word_1_152' title='bbox 3998 863 4230 918; x_wconf 75' lang='lat' dir='ltr'><strong>filiabus</strong></span> 
     </span>
    </p>
   </div>
   <div class='ocr_carea' id='block_1_22' title="bbox 2572 954 4227 1032">
    <p class='ocr_par' dir='ltr' id='par_1_22' title="bbox 2572 954 4227 1032">
     <span class='ocr_line' id='line_1_22' title="bbox 2572 954 4227 1032; baseline -0.007 -14"><span class='ocrx_word' id='word_1_153' title='bbox 2572 962 2790 1017; x_wconf 74' lang='grc' dir='ltr'><strong>,Αποη</strong></span> <span class='ocrx_word' id='word_1_154' title='bbox 2839 958 2996 1032; x_wconf 75' lang='lat' dir='ltr'><strong>(Luc.</strong></span> <span class='ocrx_word' id='word_1_155' title='bbox 3038 959 3103 1031; x_wconf 87' lang='lat' dir='ltr'><strong>t).</strong></span> <span class='ocrx_word' id='word_1_156' title='bbox 3141 978 3160 1011; x_wconf 72' lang='grc' dir='ltr'><strong>ι</strong></span> <span class='ocrx_word' id='word_1_157' title='bbox 3190 958 3456 1014; x_wconf 89' lang='lat' dir='ltr'><strong>Enmdem</strong></span> <span class='ocrx_word' id='word_1_158' title='bbox 3493 958 3847 1027; x_wconf 86' lang='lat' dir='ltr'><strong>postmodum</strong></span> <span class='ocrx_word' id='word_1_159' title='bbox 3889 954 4227 1010; x_wconf 85' lang='lat' dir='ltr'><strong>Zachariam</strong></span> 
     </span>
    </p>
   </div>
   <div class='ocr_carea' id='block_1_23' title="bbox 2603 1046 4230 1123">
    <p class='ocr_par' dir='ltr' id='par_1_23' title="bbox 2603 1046 4230 1123">
     <span class='ocr_line' id='line_1_23' title="bbox 2603 1046 4230 1123; baseline -0.007 -14"><span class='ocrx_word' id='word_1_160' title='bbox 2603 1053 2660 1109; x_wconf 90' lang='lat' dir='ltr'><strong>in</strong></span> <span class='ocrx_word' id='word_1_161' title='bbox 2715 1052 2919 1123; x_wconf 86' lang='lat' dir='ltr'><strong>templo</strong></span> <span class='ocrx_word' id='word_1_162' title='bbox 2957 1060 3087 1107; x_wconf 85' lang='lat' dir='ltr'><strong>ante</strong></span> <span class='ocrx_word' id='word_1_163' title='bbox 3141 1050 3315 1104; x_wconf 89' lang='lat' dir='ltr'><strong>altare</strong></span> <span class='ocrx_word' id='word_1_164' title='bbox 3360 1048 3671 1113; x_wconf 85' lang='lat' dir='ltr'><strong>constituit,</strong></span> <span class='ocrx_word' id='word_1_165' title='bbox 3726 1046 3956 1101; x_wconf 78' lang='lat' dir='ltr'><strong>Mariam</strong></span> <span class='ocrx_word' id='word_1_166' title='bbox 4008 1059 4230 1116; x_wconf 87' lang='lat' dir='ltr'><strong>quoque</strong></span> 
     </span>
    </p>
   </div>
   <div class='ocr_carea' id='block_1_24' title="bbox 2603 1138 4229 1215">
    <p class='ocr_par' dir='ltr' id='par_1_24' title="bbox 2603 1138 4229 1215">
     <span class='ocr_line' id='line_1_24' title="bbox 2603 1138 4229 1215; baseline -0.004 -16"><span class='ocrx_word' id='word_1_167' title='bbox 2603 1144 2879 1215; x_wconf 90' lang='lat' dir='ltr'><strong>virginem</strong></span> <span class='ocrx_word' id='word_1_168' title='bbox 2930 1143 3119 1198; x_wconf 89' lang='lat' dir='ltr'><strong>domui</strong></span> <span class='ocrx_word' id='word_1_169' title='bbox 3168 1141 3479 1198; x_wconf 84' lang='lat' dir='ltr'><strong>sacerdotis</strong></span> <span class='ocrx_word' id='word_1_170' title='bbox 3522 1140 3755 1195; x_wconf 88' lang='lat' dir='ltr'><strong>inducit.</strong></span> <span class='ocrx_word' id='word_1_171' title='bbox 3788 1138 4229 1208; x_wconf 80' lang='lat' dir='ltr'><strong>Quadragesimo</strong></span> 
     </span>
    </p>
   </div>
   <div class='ocr_carea' id='block_1_25' title="bbox 2601 1229 4226 1305">
    <p class='ocr_par' dir='ltr' id='par_1_25' title="bbox 2601 1229 4226 1305">
     <span class='ocr_line' id='line_1_25' title="bbox 2601 1229 4226 1305; baseline -0.007 -13"><span class='ocrx_word' id='word_1_172' title='bbox 2601 1246 2788 1292; x_wconf 86' lang='lat' dir='ltr'><strong>autem</strong></span> <span class='ocrx_word' id='word_1_173' title='bbox 2847 1234 3162 1291; x_wconf 82' lang='lat' dir='ltr'><strong>Nativitatis</strong></span> <span class='ocrx_word' id='word_1_174' title='bbox 3224 1235 3313 1290; x_wconf 92' lang='lat' dir='ltr'><strong>die</strong></span> <span class='ocrx_word' id='word_1_175' title='bbox 3366 1248 3600 1305; x_wconf 91' lang='lat' dir='ltr'><strong>puerum</strong></span> <span class='ocrx_word' id='word_1_176' title='bbox 3652 1231 3722 1287; x_wconf 88' lang='lat' dir='ltr'><strong>ad</strong></span> <span class='ocrx_word' id='word_1_177' title='bbox 3784 1229 4048 1300; x_wconf 85' lang='lat' dir='ltr'><strong>templum</strong></span> <span class='ocrx_word' id='word_1_178' title='bbox 4100 1244 4226 1283; x_wconf 85' lang='lat' dir='ltr'><strong>cum</strong></span> 
     </span>
    </p>
   </div>
   <div class='ocr_carea' id='block_1_26' title="bbox 2602 1323 4223 1403">
    <p class='ocr_par' dir='ltr' id='par_1_26' title="bbox 2602 1323 4223 1403">
     <span class='ocr_line' id='line_1_26' title="bbox 2602 1323 4223 1403; baseline -0.007 -14"><span class='ocrx_word' id='word_1_179' title='bbox 2602 1333 2928 1389; x_wconf 87' lang='lat' dir='ltr'><strong>muneribus</strong></span> <span class='ocrx_word' id='word_1_180' title='bbox 2978 1341 3170 1403; x_wconf 84' lang='lat' dir='ltr'><strong>portat</strong></span> <span class='ocrx_word' id='word_1_181' title='bbox 3231 1328 3386 1402; x_wconf 84' lang='lat' dir='ltr'><strong>(Luc.</strong></span> <span class='ocrx_word' id='word_1_182' title='bbox 3428 1329 3495 1399; x_wconf 85' lang='grc' dir='ltr'><strong>ι),</strong></span> <span class='ocrx_word' id='word_1_183' title='bbox 3552 1325 3863 1384; x_wconf 89' lang='lat' dir='ltr'><strong>duodenem</strong></span> <span class='ocrx_word' id='word_1_184' title='bbox 3894 1339 4119 1395; x_wconf 89' lang='lat' dir='ltr'><strong>quoque</strong></span> <span class='ocrx_word' id='word_1_185' title='bbox 4167 1323 4223 1377; x_wconf 91' lang='lat' dir='ltr'><strong>in</strong></span> 
     </span>
    </p>
   </div>
   <div class='ocr_carea' id='block_1_27' title="bbox 2604 1416 4223 1497">
    <p class='ocr_par' dir='ltr' id='par_1_27' title="bbox 2604 1416 4223 1497">
     <span class='ocr_line' id='line_1_27' title="bbox 2604 1416 4223 1497; baseline -0.009 -15"><span class='ocrx_word' id='word_1_186' title='bbox 2604 1427 2812 1497; x_wconf 86' lang='lat' dir='ltr'><strong>templo</strong></span> <span class='ocrx_word' id='word_1_187' title='bbox 2863 1426 3203 1490; x_wconf 85' lang='lat' dir='ltr'><strong>audientem,</strong></span> <span class='ocrx_word' id='word_1_188' title='bbox 3256 1430 3312 1477; x_wconf 91' lang='lat' dir='ltr'><strong>et</strong></span> <span class='ocrx_word' id='word_1_189' title='bbox 3363 1421 3799 1490; x_wconf 62' lang='lat' dir='ltr'><strong>interrogantnu</strong></span> <span class='ocrx_word' id='word_1_190' title='bbox 3848 1432 3976 1472; x_wconf 89' lang='lat' dir='ltr'><strong>cum</strong></span> <span class='ocrx_word' id='word_1_191' title='bbox 4025 1416 4223 1470; x_wconf 91' lang='lat' dir='ltr'><strong>docto-</strong></span> 
     </span>
    </p>
   </div>
   <div class='ocr_carea' id='block_1_28' title="bbox 2603 1507 4228 1581">
    <p class='ocr_par' dir='ltr' id='par_1_28' title="bbox 2603 1507 4228 1581">
     <span class='ocr_line' id='line_1_28' title="bbox 2603 1507 4228 1581; baseline -0.009 -8"><span class='ocrx_word' id='word_1_192' title='bbox 2603 1516 2758 1573; x_wconf 88' lang='lat' dir='ltr'><strong>ribus</strong></span> <span class='ocrx_word' id='word_1_193' title='bbox 2802 1515 3159 1571; x_wconf 84' lang='lat' dir='ltr'><strong>inthronizat.</strong></span> <span class='ocrx_word' id='word_1_194' title='bbox 3209 1512 3417 1568; x_wconf 84' lang='lat' dir='ltr'><strong>Deinde</strong></span> <span class='ocrx_word' id='word_1_195' title='bbox 3450 1520 3713 1581; x_wconf 90' lang='lat' dir='ltr'><strong>parentes</strong></span> <span class='ocrx_word' id='word_1_196' title='bbox 3762 1507 3981 1563; x_wconf 87' lang='lat' dir='ltr'><strong>Domini</strong></span> <span class='ocrx_word' id='word_1_197' title='bbox 4030 1514 4228 1561; x_wconf 86' lang='lat' dir='ltr'><strong>narrat</strong></span> 
     </span>
    </p>
   </div>
   <div class='ocr_carea' id='block_1_29' title="bbox 2602 1598 4221 1681">
    <p class='ocr_par' dir='ltr' id='par_1_29' title="bbox 2602 1598 4221 1681">
     <span class='ocr_line' id='line_1_29' title="bbox 2602 1598 4221 1681; baseline -0.008 -16"><span class='ocrx_word' id='word_1_198' title='bbox 2602 1624 2703 1681; x_wconf 90' lang='lat' dir='ltr'><strong>per</strong></span> <span class='ocrx_word' id='word_1_199' title='bbox 2739 1623 2934 1666; x_wconf 89' lang='lat' dir='ltr'><strong>omnes</strong></span> <span class='ocrx_word' id='word_1_200' title='bbox 2976 1620 3150 1661; x_wconf 90' lang='lat' dir='ltr'><strong>annos</strong></span> <span class='ocrx_word' id='word_1_201' title='bbox 3199 1602 3524 1660; x_wconf 90' lang='lat' dir='ltr'><strong>ascendisse</strong></span> <span class='ocrx_word' id='word_1_202' title='bbox 3571 1598 3917 1655; x_wconf 79' lang='lat' dir='ltr'><strong>Hierusalem</strong></span> <span class='ocrx_word' id='word_1_203' title='bbox 3965 1598 4036 1653; x_wconf 87' lang='lat' dir='ltr'><strong>ad</strong></span> <span class='ocrx_word' id='word_1_204' title='bbox 4080 1606 4221 1653; x_wconf 87' lang='lat' dir='ltr'><strong>tem-</strong></span> 
     </span>
    </p>
   </div>
   <div class='ocr_carea' id='block_1_30' title="bbox 2600 1695 3637 1774">
    <p class='ocr_par' dir='ltr' id='par_1_30' title="bbox 2600 1695 3637 1774">
     <span class='ocr_line' id='line_1_30' title="bbox 2600 1695 3637 1774; baseline -0.007 -18"><span class='ocrx_word' id='word_1_205' title='bbox 2600 1702 2752 1774; x_wconf 89' lang='lat' dir='ltr'><strong>plum</strong></span> <span class='ocrx_word' id='word_1_206' title='bbox 2786 1718 2841 1757; x_wconf 82' lang='grc' dir='ltr'><strong>ιη</strong></span> <span class='ocrx_word' id='word_1_207' title='bbox 2876 1701 2965 1756; x_wconf 92' lang='lat' dir='ltr'><strong>die</strong></span> <span class='ocrx_word' id='word_1_208' title='bbox 2995 1698 3361 1755; x_wconf 89' lang='lat' dir='ltr'><strong>solemnitatis</strong></span> <span class='ocrx_word' id='word_1_209' title='bbox 3386 1695 3637 1751; x_wconf 59' lang='lat' dir='ltr'><strong>Pascha.</strong></span> 
     </span>
    </p>
   </div>
   <div class='ocr_carea' id='block_1_31' title="bbox 2677 1782 4228 1862">
    <p class='ocr_par' dir='ltr' id='par_1_31' title="bbox 2677 1782 4228 1862">
     <span class='ocr_line' id='line_1_31' title="bbox 2677 1782 4228 1862; baseline -0.008 -13"><span class='ocrx_word' id='word_1_210' title='bbox 2677 1795 2908 1849; x_wconf 91' lang='lat' dir='ltr'><strong>Demum</strong></span> <span class='ocrx_word' id='word_1_211' title='bbox 2953 1791 3310 1862; x_wconf 85' lang='lat' dir='ltr'><strong>Evangelium</strong></span> <span class='ocrx_word' id='word_1_212' title='bbox 3342 1803 3503 1844; x_wconf 90' lang='lat' dir='ltr'><strong>suum</strong></span> <span class='ocrx_word' id='word_1_213' title='bbox 3536 1786 3644 1843; x_wconf 92' lang='lat' dir='ltr'><strong>hoc</strong></span> <span class='ocrx_word' id='word_1_214' title='bbox 3673 1782 4114 1849; x_wconf 51' lang='lat' dir='ltr'><strong>ﬁneseonclusit,</strong></span> <span class='ocrx_word' id='word_1_215' title='bbox 4161 1792 4228 1837; x_wconf 90' lang='lat' dir='ltr'><strong>ut</strong></span> 
     </span>
    </p>
   </div>
   <div class='ocr_carea' id='block_1_32' title="bbox 895 1874 4224 1957">
    <p class='ocr_par' dir='ltr' id='par_1_32' title="bbox 895 1874 4224 1957">
     <span class='ocr_line' id='line_1_32' title="bbox 895 1874 4224 1957; baseline -0.005 -7"><span class='ocrx_word' id='word_1_216' title='bbox 895 1874 1355 1951; x_wconf 78' lang='lat' dir='ltr'><strong>commemoratus</strong></span> <span class='ocrx_word' id='word_1_217' title='bbox 1385 1904 1490 1951; x_wconf 93' lang='lat' dir='ltr'><strong>est.</strong></span> <span class='ocrx_word' id='word_1_218' title='bbox 1525 1894 1629 1951; x_wconf 88' lang='lat' dir='ltr'><strong>Ubi</strong></span> <span class='ocrx_word' id='word_1_219' title='bbox 1659 1894 1867 1949; x_wconf 90' lang='lat' dir='ltr'><strong>dictum</strong></span> <span class='ocrx_word' id='word_1_220' title='bbox 1902 1902 2025 1949; x_wconf 90' lang='lat' dir='ltr'><strong>est:</strong></span> <span class='ocrx_word' id='word_1_221' title='bbox 2057 1911 2076 1945; x_wconf 76' lang='grc' dir='ltr'>ι</span> <span class='ocrx_word' id='word_1_222' title='bbox 2106 1891 2253 1947; x_wconf 83' lang='lat' dir='ltr'><strong>Vicit</strong></span> <span class='ocrx_word' id='word_1_223' title='bbox 2296 1892 2383 1947; x_wconf 90' lang='lat' dir='ltr'><strong>leo</strong></span> <span class='ocrx_word' id='word_1_224' title='bbox 2430 1894 2498 1947; x_wconf 86' lang='lat' dir='ltr'><strong>de</strong></span> <span class='ocrx_word' id='word_1_225' title='bbox 2530 1874 2576 1935; x_wconf 76' lang='grc' dir='ltr'><strong>Β</strong></span> <span class='ocrx_word' id='word_1_226' title='bbox 2606 1889 2854 1944; x_wconf 87' lang='lat' dir='ltr'><strong>diceret:</strong></span> <span class='ocrx_word' id='word_1_227' title='bbox 2890 1905 2909 1938; x_wconf 74' lang='grc' dir='ltr'>ι</span> <span class='ocrx_word' id='word_1_228' title='bbox 2939 1885 3047 1957; x_wconf 84' lang='lat' dir='ltr'><strong>Ipsi</strong></span> <span class='ocrx_word' id='word_1_229' title='bbox 3089 1887 3387 1939; x_wconf 88' lang='lat' dir='ltr'><strong>adorantes</strong></span> <span class='ocrx_word' id='word_1_230' title='bbox 3424 1880 3664 1953; x_wconf 81' lang='lat' dir='ltr'><strong>regressi</strong></span> <span class='ocrx_word' id='word_1_231' title='bbox 3697 1886 3826 1935; x_wconf 90' lang='lat' dir='ltr'><strong>sunt</strong></span> <span class='ocrx_word' id='word_1_232' title='bbox 3851 1877 4224 1945; x_wconf 83' lang='lat' dir='ltr'><strong>Hierusalem,</strong></span> 
     </span>
    </p>
   </div>
   <div class='ocr_carea' id='block_1_33' title="bbox 895 1983 2495 2058">
    <p class='ocr_par' dir='ltr' id='par_1_33' title="bbox 895 1983 2495 2058">
     <span class='ocr_line' id='line_1_33' title="bbox 895 1983 2495 2058; baseline 0 -20"><span class='ocrx_word' id='word_1_233' title='bbox 895 1985 1037 2041; x_wconf 87' lang='lat' dir='ltr'><strong>tribu</strong></span> <span class='ocrx_word' id='word_1_234' title='bbox 1062 1983 1198 2040; x_wconf 71' lang='lat' dir='ltr'><strong>Inda</strong></span> <span class='ocrx_word' id='word_1_235' title='bbox 1214 1986 1397 2058; x_wconf 80' lang='lat' dir='ltr'><strong>(Apoc.</strong></span> <span class='ocrx_word' id='word_1_236' title='bbox 1419 1985 1497 2057; x_wconf 88' lang='lat' dir='ltr'><strong>v).</strong></span> <span class='ocrx_word' id='word_1_237' title='bbox 1518 2006 1537 2039; x_wconf 71' lang='grc' dir='ltr'><strong>ι</strong></span> <span class='ocrx_word' id='word_1_238' title='bbox 1558 1985 1847 2041; x_wconf 60' lang='lat' dir='ltr'><strong>Mattheus</strong></span> <span class='ocrx_word' id='word_1_239' title='bbox 1876 1985 2060 2054; x_wconf 84' lang='lat' dir='ltr'><strong>itaque</strong></span> <span class='ocrx_word' id='word_1_240' title='bbox 2084 1985 2139 2039; x_wconf 92' lang='lat' dir='ltr'><strong>in</strong></span> <span class='ocrx_word' id='word_1_241' title='bbox 2164 1984 2495 2041; x_wconf 85' lang='lat' dir='ltr'><strong>declaranda</strong></span> 
     </span>
    </p>
   </div>
   <div class='ocr_carea' id='block_1_34' title="bbox 896 2075 2499 2148">
    <p class='ocr_par' dir='ltr' id='par_1_34' title="bbox 896 2075 2499 2148">
     <span class='ocr_line' id='line_1_34' title="bbox 896 2075 2499 2148; baseline -0.002 -16"><span class='ocrx_word' id='word_1_242' title='bbox 896 2079 1044 2148; x_wconf 88' lang='lat' dir='ltr'><strong>regia</strong></span> <span class='ocrx_word' id='word_1_243' title='bbox 1086 2078 1254 2147; x_wconf 87' lang='lat' dir='ltr'><strong>stirpe</strong></span> <span class='ocrx_word' id='word_1_244' title='bbox 1298 2076 1518 2132; x_wconf 90' lang='lat' dir='ltr'><strong>Domini</strong></span> <span class='ocrx_word' id='word_1_245' title='bbox 1566 2077 1894 2132; x_wconf 88' lang='lat' dir='ltr'><strong>familiarius</strong></span> <span class='ocrx_word' id='word_1_246' title='bbox 1924 2086 2105 2140; x_wconf 89' lang='lat' dir='ltr'><strong>vacat,</strong></span> <span class='ocrx_word' id='word_1_247' title='bbox 2156 2085 2213 2131; x_wconf 90' lang='lat' dir='ltr'><strong>et</strong></span> <span class='ocrx_word' id='word_1_248' title='bbox 2258 2077 2402 2132; x_wconf 88' lang='lat' dir='ltr'><strong>sicut</strong></span> <span class='ocrx_word' id='word_1_249' title='bbox 2429 2075 2499 2130; x_wconf 84' lang='lat' dir='ltr'><strong>ab</strong></span> 
     </span>
    </p>
   </div>
   <div class='ocr_carea' id='block_1_35' title="bbox 897 2164 2499 2237">
    <p class='ocr_par' dir='ltr' id='par_1_35' title="bbox 897 2164 2499 2237">
     <span class='ocr_line' id='line_1_35' title="bbox 897 2164 2499 2237; baseline -0.002 -12"><span class='ocrx_word' id='word_1_250' title='bbox 897 2170 1001 2226; x_wconf 86' lang='lat' dir='ltr'><strong>hac</strong></span> <span class='ocrx_word' id='word_1_251' title='bbox 1038 2169 1369 2224; x_wconf 85' lang='lat' dir='ltr'><strong>narrationis</strong></span> <span class='ocrx_word' id='word_1_252' title='bbox 1394 2170 1679 2224; x_wconf 77' lang='lat' dir='ltr'><strong>exordium</strong></span> <span class='ocrx_word' id='word_1_253' title='bbox 1707 2170 1962 2237; x_wconf 86' lang='lat' dir='ltr'><strong>sumpsit,</strong></span> <span class='ocrx_word' id='word_1_254' title='bbox 1989 2164 2069 2223; x_wconf 68' lang='lat' dir='ltr'><strong>Sic</strong></span> <span class='ocrx_word' id='word_1_255' title='bbox 2097 2169 2150 2222; x_wconf 93' lang='lat' dir='ltr'><strong>in</strong></span> <span class='ocrx_word' id='word_1_256' title='bbox 2189 2169 2384 2222; x_wconf 88' lang='lat' dir='ltr'><strong>eadem</strong></span> <span class='ocrx_word' id='word_1_257' title='bbox 2418 2168 2499 2221; x_wconf 86' lang='lat' dir='ltr'><strong>in-</strong></span> 
     </span>
    </p>
   </div>
   <div class='ocr_carea' id='block_1_36' title="bbox 896 2257 2495 2330">
    <p class='ocr_par' dir='ltr' id='par_1_36' title="bbox 896 2257 2495 2330">
     <span class='ocr_line' id='line_1_36' title="bbox 896 2257 2495 2330; baseline 0.002 -19"><span class='ocrx_word' id='word_1_258' title='bbox 896 2257 1137 2313; x_wconf 89' lang='lat' dir='ltr'><strong>tentione</strong></span> <span class='ocrx_word' id='word_1_259' title='bbox 1167 2267 1337 2313; x_wconf 91' lang='lat' dir='ltr'><strong>totam</strong></span> <span class='ocrx_word' id='word_1_260' title='bbox 1365 2258 1490 2330; x_wconf 83' lang='lat' dir='ltr'><strong>styli</strong></span> <span class='ocrx_word' id='word_1_261' title='bbox 1517 2259 1602 2313; x_wconf 91' lang='lat' dir='ltr'><strong>sui</strong></span> <span class='ocrx_word' id='word_1_262' title='bbox 1632 2261 1833 2314; x_wconf 86' lang='lat' dir='ltr'><strong>seriem</strong></span> <span class='ocrx_word' id='word_1_263' title='bbox 1871 2260 1940 2313; x_wconf 89' lang='lat' dir='ltr'><strong>ad</strong></span> <span class='ocrx_word' id='word_1_264' title='bbox 1971 2259 2133 2313; x_wconf 83' lang='lat' dir='ltr'><strong>tinem</strong></span> <span class='ocrx_word' id='word_1_265' title='bbox 2169 2273 2341 2329; x_wconf 90' lang='lat' dir='ltr'><strong>usque</strong></span> <span class='ocrx_word' id='word_1_266' title='bbox 2366 2273 2495 2328; x_wconf 87' lang='lat' dir='ltr'><strong>per-</strong></span> 
     </span>
    </p>
   </div>
   <div class='ocr_carea' id='block_1_37' title="bbox 893 2347 2493 2420">
    <p class='ocr_par' dir='ltr' id='par_1_37' title="bbox 893 2347 2493 2420">
     <span class='ocr_line' id='line_1_37' title="bbox 893 2347 2493 2420; baseline 0 -17"><span class='ocrx_word' id='word_1_267' title='bbox 893 2349 1062 2403; x_wconf 90' lang='lat' dir='ltr'><strong>ducit.</strong></span> <span class='ocrx_word' id='word_1_268' title='bbox 1097 2347 1485 2405; x_wconf 79' lang='lat' dir='ltr'><strong>Generationis</strong></span> <span class='ocrx_word' id='word_1_269' title='bbox 1511 2350 1714 2420; x_wconf 88' lang='lat' dir='ltr'><strong>quippe</strong></span> <span class='ocrx_word' id='word_1_270' title='bbox 1750 2350 1957 2404; x_wconf 92' lang='lat' dir='ltr'><strong>lineam</strong></span> <span class='ocrx_word' id='word_1_271' title='bbox 1991 2357 2186 2405; x_wconf 88' lang='lat' dir='ltr'><strong>texens</strong></span> <span class='ocrx_word' id='word_1_272' title='bbox 2216 2350 2285 2404; x_wconf 91' lang='lat' dir='ltr'><strong>ad</strong></span> <span class='ocrx_word' id='word_1_273' title='bbox 2320 2350 2493 2404; x_wconf 81' lang='lat' dir='ltr'><strong>David</strong></span> 
     </span>
    </p>
   </div>
   <div class='ocr_carea' id='block_1_38' title="bbox 893 2439 2497 2510">
    <p class='ocr_par' dir='ltr' id='par_1_38' title="bbox 893 2439 2497 2510">
     <span class='ocr_line' id='line_1_38' title="bbox 893 2439 2497 2510; baseline -0.001 -15"><span class='ocrx_word' id='word_1_274' title='bbox 893 2440 1162 2509; x_wconf 84' lang='lat' dir='ltr'><strong>pervenit,</strong></span> <span class='ocrx_word' id='word_1_275' title='bbox 1192 2440 1387 2495; x_wconf 88' lang='lat' dir='ltr'><strong>deinde</strong></span> <span class='ocrx_word' id='word_1_276' title='bbox 1417 2454 1516 2510; x_wconf 90' lang='lat' dir='ltr'><strong>per</strong></span> <span class='ocrx_word' id='word_1_277' title='bbox 1545 2439 1899 2495; x_wconf 86' lang='lat' dir='ltr'><strong>Salomonem</strong></span> <span class='ocrx_word' id='word_1_278' title='bbox 1944 2439 2239 2503; x_wconf 90' lang='lat' dir='ltr'><strong>transiens,</strong></span> <span class='ocrx_word' id='word_1_279' title='bbox 2267 2448 2497 2495; x_wconf 77' lang='lat' dir='ltr'><strong>caeteros</strong></span> 
     </span>
    </p>
   </div>
   <div class='ocr_carea' id='block_1_39' title="bbox 893 2531 2493 2604">
    <p class='ocr_par' dir='ltr' id='par_1_39' title="bbox 893 2531 2493 2604">
     <span class='ocr_line' id='line_1_39' title="bbox 893 2531 2493 2604; baseline -0.002 -18"><span class='ocrx_word' id='word_1_280' title='bbox 893 2546 1055 2604; x_wconf 85' lang='lat' dir='ltr'><strong>reges</strong></span> <span class='ocrx_word' id='word_1_281' title='bbox 1081 2532 1133 2586; x_wconf 90' lang='lat' dir='ltr'><strong>in</strong></span> <span class='ocrx_word' id='word_1_282' title='bbox 1163 2531 1541 2587; x_wconf 88' lang='lat' dir='ltr'><strong>enumeranda</strong></span> <span class='ocrx_word' id='word_1_283' title='bbox 1573 2531 1791 2603; x_wconf 81' lang='lat' dir='ltr'><strong>generis</strong></span> <span class='ocrx_word' id='word_1_284' title='bbox 1815 2532 2167 2586; x_wconf 85' lang='lat' dir='ltr'><strong>successione</strong></span> <span class='ocrx_word' id='word_1_285' title='bbox 2196 2531 2493 2602; x_wconf 89' lang='lat' dir='ltr'><strong>percurrit.</strong></span> 
     </span>
    </p>
   </div>
   <div class='ocr_carea' id='block_1_40' title="bbox 890 2620 2494 2693">
    <p class='ocr_par' dir='ltr' id='par_1_40' title="bbox 890 2620 2494 2693">
     <span class='ocr_line' id='line_1_40' title="bbox 890 2620 2494 2693; baseline -0.002 -14"><span class='ocrx_word' id='word_1_286' title='bbox 890 2621 962 2679; x_wconf 82' lang='lat' dir='ltr'><strong>Et</strong></span> <span class='ocrx_word' id='word_1_287' title='bbox 991 2621 1155 2692; x_wconf 91' lang='lat' dir='ltr'><strong>paulo</strong></span> <span class='ocrx_word' id='word_1_288' title='bbox 1186 2631 1307 2691; x_wconf 89' lang='lat' dir='ltr'><strong>post</strong></span> <span class='ocrx_word' id='word_1_289' title='bbox 1331 2620 1519 2687; x_wconf 81' lang='lat' dir='ltr'><strong>refert,</strong></span> <span class='ocrx_word' id='word_1_290' title='bbox 1546 2622 1693 2693; x_wconf 90' lang='lat' dir='ltr'><strong>quod</strong></span> <span class='ocrx_word' id='word_1_291' title='bbox 1718 2622 1787 2677; x_wconf 90' lang='lat' dir='ltr'><strong>ab</strong></span> <span class='ocrx_word' id='word_1_292' title='bbox 1815 2620 2043 2677; x_wconf 85' lang='lat' dir='ltr'><strong>Oriente</strong></span> <span class='ocrx_word' id='word_1_293' title='bbox 2074 2622 2217 2690; x_wconf 81' lang='lat' dir='ltr'><strong>magi</strong></span> <span class='ocrx_word' id='word_1_294' title='bbox 2245 2621 2494 2685; x_wconf 90' lang='lat' dir='ltr'><strong>veniunt,</strong></span> 
     </span>
    </p>
   </div>
   <div class='ocr_carea' id='block_1_41' title="bbox 889 2713 2500 2785">
    <p class='ocr_par' dir='ltr' id='par_1_41' title="bbox 889 2713 2500 2785">
     <span class='ocr_line' id='line_1_41' title="bbox 889 2713 2500 2785; baseline -0.001 -15"><span class='ocrx_word' id='word_1_295' title='bbox 889 2713 1279 2770; x_wconf 69' lang='lat' dir='ltr'><strong>etJudteorum</strong></span> <span class='ocrx_word' id='word_1_296' title='bbox 1310 2713 1518 2785; x_wconf 80' lang='lat' dir='ltr'><strong>Regem</strong></span> <span class='ocrx_word' id='word_1_297' title='bbox 1562 2722 1751 2769; x_wconf 90' lang='lat' dir='ltr'><strong>natum</strong></span> <span class='ocrx_word' id='word_1_298' title='bbox 1780 2714 2016 2770; x_wconf 88' lang='lat' dir='ltr'><strong>solerter</strong></span> <span class='ocrx_word' id='word_1_299' title='bbox 2062 2714 2379 2783; x_wconf 91' lang='lat' dir='ltr'><strong>inquirunt;</strong></span> <span class='ocrx_word' id='word_1_300' title='bbox 2424 2714 2500 2768; x_wconf 58' lang='lat' dir='ltr'><strong>sic</strong></span> 
     </span>
    </p>
   </div>
   <div class='ocr_carea' id='block_1_42' title="bbox 888 2802 2494 2875">
    <p class='ocr_par' dir='ltr' id='par_1_42' title="bbox 888 2802 2494 2875">
     <span class='ocr_line' id='line_1_42' title="bbox 888 2802 2494 2875; baseline -0.002 -14"><span class='ocrx_word' id='word_1_301' title='bbox 888 2804 1002 2861; x_wconf 84' lang='lat' dir='ltr'><strong>mul</strong></span> <span class='ocrx_word' id='word_1_302' title='bbox 1049 2805 1217 2861; x_wconf 88' lang='lat' dir='ltr'><strong>etiam</strong></span> <span class='ocrx_word' id='word_1_303' title='bbox 1269 2805 1398 2875; x_wconf 86' lang='lat' dir='ltr'><strong>quia</strong></span> <span class='ocrx_word' id='word_1_304' title='bbox 1446 2819 1543 2860; x_wconf 90' lang='lat' dir='ltr'><strong>rex</strong></span> <span class='ocrx_word' id='word_1_305' title='bbox 1591 2804 1838 2860; x_wconf 84' lang='lat' dir='ltr'><strong>Herodes</strong></span> <span class='ocrx_word' id='word_1_306' title='bbox 1882 2805 2131 2859; x_wconf 88' lang='lat' dir='ltr'><strong>turbatus</strong></span> <span class='ocrx_word' id='word_1_307' title='bbox 2153 2804 2371 2875; x_wconf 76' lang='lat' dir='ltr'><strong>(Matth.</strong></span> <span class='ocrx_word' id='word_1_308' title='bbox 2409 2802 2494 2875; x_wconf 88' lang='grc' dir='ltr'><strong>ιι),</strong></span> 
     </span>
    </p>
   </div>
   <div class='ocr_carea' id='block_1_43' title="bbox 890 2895 2499 2967">
    <p class='ocr_par' dir='ltr' id='par_1_43' title="bbox 890 2895 2499 2967">
     <span class='ocr_line' id='line_1_43' title="bbox 890 2895 2499 2967; baseline -0.001 -14"><span class='ocrx_word' id='word_1_309' title='bbox 890 2897 1025 2953; x_wconf 89' lang='lat' dir='ltr'><strong>dum</strong></span> <span class='ocrx_word' id='word_1_310' title='bbox 1052 2896 1224 2962; x_wconf 89' lang='lat' dir='ltr'><strong>audit,</strong></span> <span class='ocrx_word' id='word_1_311' title='bbox 1252 2896 1400 2966; x_wconf 88' lang='lat' dir='ltr'><strong>quod</strong></span> <span class='ocrx_word' id='word_1_312' title='bbox 1436 2912 1530 2952; x_wconf 83' lang='lat' dir='ltr'><strong>rex</strong></span> <span class='ocrx_word' id='word_1_313' title='bbox 1558 2904 1759 2967; x_wconf 82' lang='lat' dir='ltr'><strong>praeter</strong></span> <span class='ocrx_word' id='word_1_314' title='bbox 1783 2911 1844 2953; x_wconf 89' lang='lat' dir='ltr'><strong>se</strong></span> <span class='ocrx_word' id='word_1_315' title='bbox 1872 2897 1926 2951; x_wconf 93' lang='lat' dir='ltr'><strong>in</strong></span> <span class='ocrx_word' id='word_1_316' title='bbox 1954 2895 2269 2953; x_wconf 78' lang='lat' dir='ltr'><strong>Judaeorum</strong></span> <span class='ocrx_word' id='word_1_317' title='bbox 2295 2896 2499 2967; x_wconf 86' lang='lat' dir='ltr'><strong>pepulo</strong></span> 
     </span>
    </p>
   </div>
   <div class='ocr_carea' id='block_1_44' title="bbox 886 2986 2499 3059">
    <p class='ocr_par' dir='ltr' id='par_1_44' title="bbox 886 2986 2499 3059">
     <span class='ocr_line' id='line_1_44' title="bbox 886 2986 2499 3059; baseline -0.001 -16"><span class='ocrx_word' id='word_1_318' title='bbox 886 2996 1052 3044; x_wconf 83' lang='lat' dir='ltr'><strong>natus</strong></span> <span class='ocrx_word' id='word_1_319' title='bbox 1076 2996 1188 3053; x_wconf 90' lang='lat' dir='ltr'><strong>est;</strong></span> <span class='ocrx_word' id='word_1_320' title='bbox 1218 2986 1415 3043; x_wconf 89' lang='lat' dir='ltr'><strong>deinde</strong></span> <span class='ocrx_word' id='word_1_321' title='bbox 1436 2988 1722 3059; x_wconf 88' lang='lat' dir='ltr'><strong>subjungit</strong></span> <span class='ocrx_word' id='word_1_322' title='bbox 1747 2987 2086 3057; x_wconf 89' lang='lat' dir='ltr'><strong>parabolam,</strong></span> <span class='ocrx_word' id='word_1_323' title='bbox 2113 2987 2206 3043; x_wconf 91' lang='lat' dir='ltr'><strong>ubi</strong></span> <span class='ocrx_word' id='word_1_324' title='bbox 2234 2986 2499 3042; x_wconf 90' lang='lat' dir='ltr'><strong>Dominus</strong></span> 
     </span>
    </p>
   </div>
   <div class='ocr_carea' id='block_1_45' title="bbox 890 3068 2495 3149">
    <p class='ocr_par' dir='ltr' id='par_1_45' title="bbox 890 3068 2495 3149">
     <span class='ocr_line' id='line_1_45' title="bbox 890 3068 2495 3149; baseline 0 -16"><span class='ocrx_word' id='word_1_325' title='bbox 890 3079 1013 3134; x_wconf 86' lang='lat' dir='ltr'><strong>ait:</strong></span> <span class='ocrx_word' id='word_1_326' title='bbox 1043 3095 1063 3130; x_wconf 83' lang='grc'><strong><em>‹</em></strong></span> <span class='ocrx_word' id='word_1_327' title='bbox 1093 3077 1287 3134; x_wconf 88' lang='lat' dir='ltr'><strong>Simile</strong></span> <span class='ocrx_word' id='word_1_328' title='bbox 1328 3086 1414 3134; x_wconf 88' lang='lat' dir='ltr'><strong>est</strong></span> <span class='ocrx_word' id='word_1_329' title='bbox 1436 3094 1666 3149; x_wconf 90' lang='lat' dir='ltr'><strong>regnum</strong></span> <span class='ocrx_word' id='word_1_330' title='bbox 1700 3078 1965 3137; x_wconf 70' lang='lat' dir='ltr'><strong>cmlorum</strong></span> <span class='ocrx_word' id='word_1_331' title='bbox 1995 3079 2205 3134; x_wconf 91' lang='lat' dir='ltr'><strong>homini</strong></span> <span class='ocrx_word' id='word_1_332' title='bbox 2234 3080 2373 3146; x_wconf 79' lang='lat' dir='ltr'><strong>regi,</strong></span> <span class='ocrx_word' id='word_1_333' title='bbox 2400 3068 2495 3148; x_wconf 87' lang='lat' dir='ltr'><strong>qui</strong></span> 
     </span>
    </p>
   </div>
   <div class='ocr_carea' id='block_1_46' title="bbox 885 3169 2498 3243">
    <p class='ocr_par' dir='ltr' id='par_1_46' title="bbox 885 3169 2498 3243">
     <span class='ocr_line' id='line_1_46' title="bbox 885 3169 2498 3243; baseline -0.001 -17"><span class='ocrx_word' id='word_1_334' title='bbox 885 3169 1021 3228; x_wconf 80' lang='lat' dir='ltr'><strong>fecit</strong></span> <span class='ocrx_word' id='word_1_335' title='bbox 1048 3172 1268 3243; x_wconf 87' lang='lat' dir='ltr'><strong>nuptias</strong></span> <span class='ocrx_word' id='word_1_336' title='bbox 1294 3171 1404 3227; x_wconf 83' lang='lat' dir='ltr'><strong>lilio</strong></span> <span class='ocrx_word' id='word_1_337' title='bbox 1418 3186 1517 3227; x_wconf 91' lang='lat' dir='ltr'><strong>suo</strong></span> <span class='ocrx_word' id='word_1_338' title='bbox 1540 3170 1755 3243; x_wconf 78' lang='lat' dir='ltr'><strong>(Matth.</strong></span> <span class='ocrx_word' id='word_1_339' title='bbox 1775 3177 1934 3241; x_wconf 60' lang='grc' dir='ltr'><strong>χιιι).</strong></span> <span class='ocrx_word' id='word_1_340' title='bbox 1961 3193 1980 3225; x_wconf 75' lang='grc' dir='ltr'><strong><em>ι</em></strong></span> <span class='ocrx_word' id='word_1_341' title='bbox 2009 3172 2144 3226; x_wconf 80' lang='lat' dir='ltr'><strong>Nam</strong></span> <span class='ocrx_word' id='word_1_342' title='bbox 2167 3180 2223 3227; x_wconf 90' lang='lat' dir='ltr'><strong>et</strong></span> <span class='ocrx_word' id='word_1_343' title='bbox 2258 3172 2498 3226; x_wconf 84' lang='lat' dir='ltr'><strong>instante</strong></span> 
     </span>
    </p>
   </div>
   <div class='ocr_carea' id='block_1_47' title="bbox 2602 1972 4228 2049">
    <p class='ocr_par' dir='ltr' id='par_1_47' title="bbox 2602 1972 4228 2049">
     <span class='ocr_line' id='line_1_47' title="bbox 2602 1972 4228 2049; baseline -0.006 -14"><span class='ocrx_word' id='word_1_344' title='bbox 2602 1989 2661 2035; x_wconf 88' lang='lat' dir='ltr'><strong>et</strong></span> <span class='ocrx_word' id='word_1_345' title='bbox 2711 1988 2871 2035; x_wconf 88' lang='lat' dir='ltr'><strong>erant</strong></span> <span class='ocrx_word' id='word_1_346' title='bbox 2924 1976 3171 2049; x_wconf 87' lang='lat' dir='ltr'><strong>quotidie</strong></span> <span class='ocrx_word' id='word_1_347' title='bbox 3222 1976 3277 2031; x_wconf 92' lang='lat' dir='ltr'><strong>in</strong></span> <span class='ocrx_word' id='word_1_348' title='bbox 3330 1972 3534 2044; x_wconf 90' lang='lat' dir='ltr'><strong>templo</strong></span> <span class='ocrx_word' id='word_1_349' title='bbox 3584 1973 3871 2027; x_wconf 84' lang='lat' dir='ltr'><strong>laudantes</strong></span> <span class='ocrx_word' id='word_1_350' title='bbox 3918 1972 4115 2035; x_wconf 89' lang='lat' dir='ltr'><strong>Deum,</strong></span> <span class='ocrx_word' id='word_1_351' title='bbox 4170 1979 4228 2025; x_wconf 82' lang='lat' dir='ltr'><strong>et</strong></span> 
     </span>
    </p>
   </div>
   <div class='ocr_carea' id='block_1_48' title="bbox 2602 2062 4227 2141">
    <p class='ocr_par' dir='ltr' id='par_1_48' title="bbox 2602 2062 4227 2141">
     <span class='ocr_line' id='line_1_48' title="bbox 2602 2062 4227 2141; baseline -0.006 -14"><span class='ocrx_word' id='word_1_352' title='bbox 2602 2071 2995 2127; x_wconf 85' lang='lat' dir='ltr'><strong>bonedieentes</strong></span> <span class='ocrx_word' id='word_1_353' title='bbox 3064 2067 3358 2141; x_wconf 89' lang='lat' dir='ltr'><strong>Dominum</strong></span> <span class='ocrx_word' id='word_1_354' title='bbox 3409 2062 3577 2136; x_wconf 84' lang='lat' dir='ltr'><strong>(Luc.</strong></span> <span class='ocrx_word' id='word_1_355' title='bbox 3644 2066 3827 2133; x_wconf 78' lang='lat' dir='ltr'><strong>xxiv).</strong></span> <span class='ocrx_word' id='word_1_356' title='bbox 3882 2081 3901 2114; x_wconf 75' lang='grc' dir='ltr'><strong>ι</strong></span> <span class='ocrx_word' id='word_1_357' title='bbox 3957 2062 4227 2118; x_wconf 73' lang='lat' dir='ltr'><strong>blediator</strong></span> 
     </span>
    </p>
   </div>
   <div class='ocr_carea' id='block_1_49' title="bbox 2602 2153 4226 2233">
    <p class='ocr_par' dir='ltr' id='par_1_49' title="bbox 2602 2153 4226 2233">
     <span class='ocr_line' id='line_1_49' title="bbox 2602 2153 4226 2233; baseline -0.007 -17"><span class='ocrx_word' id='word_1_358' title='bbox 2602 2163 2806 2233; x_wconf 91' lang='lat' dir='ltr'><strong>quippe</strong></span> <span class='ocrx_word' id='word_1_359' title='bbox 2834 2160 2931 2216; x_wconf 91' lang='lat' dir='ltr'><strong>Dei</strong></span> <span class='ocrx_word' id='word_1_360' title='bbox 2963 2168 3020 2214; x_wconf 89' lang='lat' dir='ltr'><strong>et</strong></span> <span class='ocrx_word' id='word_1_361' title='bbox 3045 2158 3330 2214; x_wconf 88' lang='lat' dir='ltr'><strong>hominum</strong></span> <span class='ocrx_word' id='word_1_362' title='bbox 3356 2154 3663 2211; x_wconf 87' lang='lat' dir='ltr'><strong>secundum</strong></span> <span class='ocrx_word' id='word_1_363' title='bbox 3709 2153 4010 2208; x_wconf 87' lang='lat' dir='ltr'><strong>humanam</strong></span> <span class='ocrx_word' id='word_1_364' title='bbox 4060 2160 4226 2207; x_wconf 86' lang='lat' dir='ltr'><strong>natu-</strong></span> 
     </span>
    </p>
   </div>
   <div class='ocr_carea' id='block_1_50' title="bbox 2604 2246 4227 2322">
    <p class='ocr_par' dir='ltr' id='par_1_50' title="bbox 2604 2246 4227 2322">
     <span class='ocr_line' id='line_1_50' title="bbox 2604 2246 4227 2322; baseline -0.007 -11"><span class='ocrx_word' id='word_1_365' title='bbox 2604 2271 2722 2311; x_wconf 87' lang='lat' dir='ltr'><strong>ram</strong></span> <span class='ocrx_word' id='word_1_366' title='bbox 2757 2270 2898 2310; x_wconf 90' lang='lat' dir='ltr'><strong>unus</strong></span> <span class='ocrx_word' id='word_1_367' title='bbox 2950 2253 3207 2322; x_wconf 88' lang='lat' dir='ltr'><strong>idemque</strong></span> <span class='ocrx_word' id='word_1_368' title='bbox 3252 2265 3350 2306; x_wconf 88' lang='lat' dir='ltr'><strong>rex</strong></span> <span class='ocrx_word' id='word_1_369' title='bbox 3380 2262 3503 2304; x_wconf 87' lang='lat' dir='ltr'><strong>esse</strong></span> <span class='ocrx_word' id='word_1_370' title='bbox 3542 2247 3804 2303; x_wconf 86' lang='lat' dir='ltr'><strong>voluitet</strong></span> <span class='ocrx_word' id='word_1_371' title='bbox 3845 2246 4128 2311; x_wconf 86' lang='lat' dir='ltr'><strong>sacerdos,</strong></span> <span class='ocrx_word' id='word_1_372' title='bbox 4162 2254 4227 2303; x_wconf 89' lang='lat' dir='ltr'><strong>ut</strong></span> 
     </span>
    </p>
   </div>
   <div class='ocr_carea' id='block_1_51' title="bbox 2601 2343 4227 2417">
    <p class='ocr_par' dir='ltr' id='par_1_51' title="bbox 2601 2343 4227 2417">
     <span class='ocr_line' id='line_1_51' title="bbox 2601 2343 4227 2417; baseline -0.004 -15"><span class='ocrx_word' id='word_1_373' title='bbox 2601 2362 2704 2417; x_wconf 89' lang='lat' dir='ltr'><strong>per</strong></span> <span class='ocrx_word' id='word_1_374' title='bbox 2732 2347 2880 2401; x_wconf 90' lang='lat' dir='ltr'><strong>vires</strong></span> <span class='ocrx_word' id='word_1_375' title='bbox 2914 2359 3014 2400; x_wconf 93' lang='lat' dir='ltr'><strong>nos</strong></span> <span class='ocrx_word' id='word_1_376' title='bbox 3052 2344 3255 2416; x_wconf 87' lang='lat' dir='ltr'><strong>regalis</strong></span> <span class='ocrx_word' id='word_1_377' title='bbox 3299 2343 3474 2413; x_wconf 90' lang='lat' dir='ltr'><strong>apicis</strong></span> <span class='ocrx_word' id='word_1_378' title='bbox 3516 2348 3758 2413; x_wconf 88' lang='lat' dir='ltr'><strong>regeret,</strong></span> <span class='ocrx_word' id='word_1_379' title='bbox 3810 2350 3868 2395; x_wconf 90' lang='lat' dir='ltr'><strong>et</strong></span> <span class='ocrx_word' id='word_1_380' title='bbox 3906 2356 4008 2410; x_wconf 88' lang='lat' dir='ltr'><strong>per</strong></span> <span class='ocrx_word' id='word_1_381' title='bbox 4037 2355 4227 2397; x_wconf 85' lang='lat' dir='ltr'><strong>sacer—</strong></span> 
     </span>
    </p>
   </div>
   <div class='ocr_carea' id='block_1_52' title="bbox 2604 2432 4228 2506">
    <p class='ocr_par' dir='ltr' id='par_1_52' title="bbox 2604 2432 4228 2506">
     <span class='ocr_line' id='line_1_52' title="bbox 2604 2432 4228 2506; baseline -0.004 -11"><span class='ocrx_word' id='word_1_382' title='bbox 2604 2440 2748 2496; x_wconf 87' lang='lat' dir='ltr'><strong>dotis</strong></span> <span class='ocrx_word' id='word_1_383' title='bbox 2783 2438 3024 2494; x_wconf 74' lang='lat' dir='ltr'><strong>olilcium</strong></span> <span class='ocrx_word' id='word_1_384' title='bbox 3062 2436 3334 2506; x_wconf 84' lang='lat' dir='ltr'><strong>expiaret.</strong></span> <span class='ocrx_word' id='word_1_385' title='bbox 3383 2434 3479 2489; x_wconf 74' lang='lat' dir='ltr'><strong>Ha:</strong></span> <span class='ocrx_word' id='word_1_386' title='bbox 3511 2434 3783 2504; x_wconf 87' lang='lat' dir='ltr'><strong>siquidem</strong></span> <span class='ocrx_word' id='word_1_387' title='bbox 3820 2432 3941 2488; x_wconf 75' lang='lat' dir='ltr'><strong>dua:</strong></span> <span class='ocrx_word' id='word_1_388' title='bbox 3972 2446 4228 2501; x_wconf 72' lang='lat' dir='ltr'><strong>personat</strong></span> 
     </span>
    </p>
   </div>
   <div class='ocr_carea' id='block_1_53' title="bbox 2603 2524 4228 2603">
    <p class='ocr_par' dir='ltr' id='par_1_53' title="bbox 2603 2524 4228 2603">
     <span class='ocr_line' id='line_1_53' title="bbox 2603 2524 4228 2603; baseline -0.005 -16"><span class='ocrx_word' id='word_1_389' title='bbox 2603 2532 2706 2587; x_wconf 90' lang='lat' dir='ltr'><strong>sub</strong></span> <span class='ocrx_word' id='word_1_390' title='bbox 2738 2530 2913 2603; x_wconf 84' lang='lat' dir='ltr'><strong>figura</strong></span> <span class='ocrx_word' id='word_1_391' title='bbox 2949 2529 3156 2585; x_wconf 88' lang='lat' dir='ltr'><strong>Christi</strong></span> <span class='ocrx_word' id='word_1_392' title='bbox 3201 2527 3521 2599; x_wconf 83' lang='lat' dir='ltr'><strong>specialiter</strong></span> <span class='ocrx_word' id='word_1_393' title='bbox 3556 2534 3690 2581; x_wconf 90' lang='lat' dir='ltr'><strong>sunt</strong></span> <span class='ocrx_word' id='word_1_394' title='bbox 3718 2540 3748 2578; x_wconf 89' lang='lat' dir='ltr'><strong>a</strong></span> <span class='ocrx_word' id='word_1_395' title='bbox 3777 2524 4040 2579; x_wconf 83' lang='lat' dir='ltr'><strong>Patribus</strong></span> <span class='ocrx_word' id='word_1_396' title='bbox 4071 2538 4228 2579; x_wconf 77' lang='lat' dir='ltr'><strong>cont-</strong></span> 
     </span>
    </p>
   </div>
   <div class='ocr_carea' id='block_1_54' title="bbox 2602 2616 4227 2691">
    <p class='ocr_par' dir='ltr' id='par_1_54' title="bbox 2602 2616 4227 2691">
     <span class='ocr_line' id='line_1_54' title="bbox 2602 2616 4227 2691; baseline -0.004 -12"><span class='ocrx_word' id='word_1_397' title='bbox 2602 2624 2894 2688; x_wconf 62' lang='lat' dir='ltr'><strong>mandatae,</strong></span> <span class='ocrx_word' id='word_1_398' title='bbox 2948 2619 3038 2677; x_wconf 90' lang='lat' dir='ltr'><strong>cui</strong></span> <span class='ocrx_word' id='word_1_399' title='bbox 3094 2618 3481 2691; x_wconf 85' lang='lat' dir='ltr'><strong>principaliter</strong></span> <span class='ocrx_word' id='word_1_400' title='bbox 3524 2631 3591 2673; x_wconf 88' lang='lat' dir='ltr'><strong>ac</strong></span> <span class='ocrx_word' id='word_1_401' title='bbox 3634 2616 3900 2688; x_wconf 89' lang='lat' dir='ltr'><strong>singulari</strong></span> <span class='ocrx_word' id='word_1_402' title='bbox 3943 2629 4227 2688; x_wconf 70' lang='lat' dir='ltr'><strong>praeroga-</strong></span> 
     </span>
    </p>
   </div>
   <div class='ocr_carea' id='block_1_55' title="bbox 2604 2705 4224 2779">
    <p class='ocr_par' dir='ltr' id='par_1_55' title="bbox 2604 2705 4224 2779">
     <span class='ocr_line' id='line_1_55' title="bbox 2604 2705 4224 2779; baseline -0.005 -9"><span class='ocrx_word' id='word_1_403' title='bbox 2604 2716 2715 2771; x_wconf 89' lang='lat' dir='ltr'><strong>tiva</strong></span> <span class='ocrx_word' id='word_1_404' title='bbox 2744 2714 2898 2770; x_wconf 89' lang='lat' dir='ltr'><strong>dedit</strong></span> <span class='ocrx_word' id='word_1_405' title='bbox 2942 2713 3091 2768; x_wconf 90' lang='lat' dir='ltr'><strong>Deus</strong></span> <span class='ocrx_word' id='word_1_406' title='bbox 3118 2711 3306 2768; x_wconf 87' lang='lat' dir='ltr'><strong>sedem</strong></span> <span class='ocrx_word' id='word_1_407' title='bbox 3353 2708 3525 2764; x_wconf 81' lang='lat' dir='ltr'><strong>David</strong></span> <span class='ocrx_word' id='word_1_408' title='bbox 3567 2710 3746 2779; x_wconf 89' lang='lat' dir='ltr'><strong>patris</strong></span> <span class='ocrx_word' id='word_1_409' title='bbox 3783 2706 3923 2778; x_wconf 84' lang='lat' dir='ltr'><strong>ejus,</strong></span> <span class='ocrx_word' id='word_1_410' title='bbox 3959 2717 4021 2762; x_wconf 91' lang='lat' dir='ltr'><strong>ut</strong></span> <span class='ocrx_word' id='word_1_411' title='bbox 4068 2705 4224 2779; x_wconf 85' lang='lat' dir='ltr'><strong>regni</strong></span> 
     </span>
    </p>
   </div>
   <div class='ocr_carea' id='block_1_56' title="bbox 2601 2799 4225 2875">
    <p class='ocr_par' dir='ltr' id='par_1_56' title="bbox 2601 2799 4225 2875">
     <span class='ocr_line' id='line_1_56' title="bbox 2601 2799 4225 2875; baseline -0.004 -13"><span class='ocrx_word' id='word_1_412' title='bbox 2601 2804 2721 2875; x_wconf 87' lang='lat' dir='ltr'><strong>ejus</strong></span> <span class='ocrx_word' id='word_1_413' title='bbox 2770 2822 2878 2861; x_wconf 94' lang='lat' dir='ltr'><strong>non</strong></span> <span class='ocrx_word' id='word_1_414' title='bbox 2904 2805 3078 2861; x_wconf 80' lang='lat' dir='ltr'><strong>&#39;esset</strong></span> <span class='ocrx_word' id='word_1_415' title='bbox 3123 2803 3269 2869; x_wconf 79' lang='lat' dir='ltr'><strong>ﬁnis,</strong></span> <span class='ocrx_word' id='word_1_416' title='bbox 3301 2811 3358 2857; x_wconf 92' lang='lat' dir='ltr'><strong>et</strong></span> <span class='ocrx_word' id='word_1_417' title='bbox 3382 2810 3443 2855; x_wconf 93' lang='lat' dir='ltr'><strong>ut</strong></span> <span class='ocrx_word' id='word_1_418' title='bbox 3473 2802 3737 2856; x_wconf 89' lang='lat' dir='ltr'><strong>sacerdos</strong></span> <span class='ocrx_word' id='word_1_419' title='bbox 3784 2807 3935 2855; x_wconf 84' lang='lat' dir='ltr'><strong>esset</strong></span> <span class='ocrx_word' id='word_1_420' title='bbox 3965 2799 4022 2855; x_wconf 91' lang='lat' dir='ltr'><strong>in</strong></span> <span class='ocrx_word' id='word_1_421' title='bbox 4054 2807 4225 2855; x_wconf 69' lang='lat' dir='ltr'><strong>aiter-</strong></span> 
     </span>
    </p>
   </div>
   <div class='ocr_carea' id='block_1_57' title="bbox 2604 2891 4148 2963">
    <p class='ocr_par' dir='ltr' id='par_1_57' title="bbox 2604 2891 4148 2963">
     <span class='ocr_line' id='line_1_57' title="bbox 2604 2891 4148 2963; baseline -0.005 -10"><span class='ocrx_word' id='word_1_422' title='bbox 2604 2914 2733 2954; x_wconf 92' lang='lat' dir='ltr'><strong>num</strong></span> <span class='ocrx_word' id='word_1_423' title='bbox 2762 2897 3064 2955; x_wconf 91' lang='lat' dir='ltr'><strong>secundum</strong></span> <span class='ocrx_word' id='word_1_424' title='bbox 3092 2896 3341 2952; x_wconf 90' lang='lat' dir='ltr'><strong>ordinem</strong></span> <span class='ocrx_word' id='word_1_425' title='bbox 3372 2894 3773 2949; x_wconf 79' lang='lat' dir='ltr'><strong>Melchisedech</strong></span> <span class='ocrx_word' id='word_1_426' title='bbox 3804 2892 3982 2963; x_wconf 84' lang='lat' dir='ltr'><strong>(Psal.</strong></span> <span class='ocrx_word' id='word_1_427' title='bbox 4008 2891 4148 2963; x_wconf 69' lang='grc' dir='ltr'><strong>(ιιι).</strong></span> 
     </span>
    </p>
   </div>
   <div class='ocr_carea' id='block_1_58' title="bbox 2675 2984 4224 3060">
    <p class='ocr_par' dir='ltr' id='par_1_58' title="bbox 2675 2984 4224 3060">
     <span class='ocr_line' id='line_1_58' title="bbox 2675 2984 4224 3060; baseline -0.003 -15"><span class='ocrx_word' id='word_1_428' title='bbox 2675 2989 2977 3060; x_wconf 87' lang='lat' dir='ltr'><strong>Utriusque</strong></span> <span class='ocrx_word' id='word_1_429' title='bbox 3024 3004 3158 3059; x_wconf 88' lang='lat' dir='ltr'><strong>ergo</strong></span> <span class='ocrx_word' id='word_1_430' title='bbox 3218 2987 3510 3043; x_wconf 89' lang='lat' dir='ltr'><strong>ministerii</strong></span> <span class='ocrx_word' id='word_1_431' title='bbox 3547 2986 3873 3057; x_wconf 88' lang='lat' dir='ltr'><strong>dignitatem</strong></span> <span class='ocrx_word' id='word_1_432' title='bbox 3925 2984 4224 3041; x_wconf 76' lang='lat' dir='ltr'><strong>Matthteus</strong></span> 
     </span>
    </p>
   </div>
   <div class='ocr_carea' id='block_1_59' title="bbox 2602 3078 4225 3142">
    <p class='ocr_par' dir='ltr' id='par_1_59' title="bbox 2602 3078 4225 3142">
     <span class='ocr_line' id='line_1_59' title="bbox 2602 3078 4225 3142; baseline -0.001 -4"><span class='ocrx_word' id='word_1_433' title='bbox 2602 3094 2657 3138; x_wconf 90' lang='lat' dir='ltr'><strong>et</strong></span> <span class='ocrx_word' id='word_1_434' title='bbox 2693 3082 2874 3138; x_wconf 88' lang='lat' dir='ltr'><strong>Lucas</strong></span> <span class='ocrx_word' id='word_1_435' title='bbox 2924 3082 2999 3137; x_wconf 88' lang='lat' dir='ltr'><strong>ita</strong></span> <span class='ocrx_word' id='word_1_436' title='bbox 3048 3082 3195 3137; x_wconf 82' lang='lat' dir='ltr'><strong>inter</strong></span> <span class='ocrx_word' id='word_1_437' title='bbox 3242 3096 3301 3135; x_wconf 89' lang='lat' dir='ltr'><strong>se</strong></span> <span class='ocrx_word' id='word_1_438' title='bbox 3351 3080 3589 3135; x_wconf 91' lang='lat' dir='ltr'><strong>invicem</strong></span> <span class='ocrx_word' id='word_1_439' title='bbox 3644 3080 3919 3142; x_wconf 84' lang='lat' dir='ltr'><strong>dividunt,</strong></span> <span class='ocrx_word' id='word_1_440' title='bbox 3969 3087 4028 3132; x_wconf 90' lang='lat' dir='ltr'><strong>ut</strong></span> <span class='ocrx_word' id='word_1_441' title='bbox 4078 3078 4225 3136; x_wconf 71' lang='lat' dir='ltr'><strong>alter</strong></span> 
     </span>
    </p>
   </div>
   <div class='ocr_carea' id='block_1_60' title="bbox 2601 3171 4226 3245">
    <p class='ocr_par' dir='ltr' id='par_1_60' title="bbox 2601 3171 4226 3245">
     <span class='ocr_line' id='line_1_60' title="bbox 2601 3171 4226 3245; baseline -0.002 -13"><span class='ocrx_word' id='word_1_442' title='bbox 2601 3176 2809 3233; x_wconf 87' lang='lat' dir='ltr'><strong>Christi</strong></span> <span class='ocrx_word' id='word_1_443' title='bbox 2837 3191 3090 3245; x_wconf 84' lang='lat' dir='ltr'><strong>regnum,</strong></span> <span class='ocrx_word' id='word_1_444' title='bbox 3122 3174 3264 3230; x_wconf 88' lang='lat' dir='ltr'><strong>alter</strong></span> <span class='ocrx_word' id='word_1_445' title='bbox 3292 3174 3499 3229; x_wconf 88' lang='lat' dir='ltr'><strong>indicet</strong></span> <span class='ocrx_word' id='word_1_446' title='bbox 3537 3172 3931 3229; x_wconf 87' lang='lat' dir='ltr'><strong>sacerdotium.</strong></span> <span class='ocrx_word' id='word_1_447' title='bbox 3980 3171 4226 3243; x_wconf 78' lang='lat' dir='ltr'><strong>Spiritus</strong></span> 
     </span>
    </p>
   </div>
   <div class='ocr_carea' id='block_1_61' title="bbox 887 3239 4228 3335">
    <p class='ocr_par' dir='ltr' id='par_1_61' title="bbox 887 3239 4228 3335">
     <span class='ocr_line' id='line_1_61' title="bbox 887 3239 4228 3335; baseline -0 -16"><span class='ocrx_word' id='word_1_448' title='bbox 887 3260 1195 3319; x_wconf 69' lang='lat' dir='ltr'><strong>salutifera:</strong></span> <span class='ocrx_word' id='word_1_449' title='bbox 1241 3263 1515 3333; x_wconf 90' lang='lat' dir='ltr'><strong>passionis</strong></span> <span class='ocrx_word' id='word_1_450' title='bbox 1558 3261 1818 3327; x_wconf 88' lang='lat' dir='ltr'><strong>articulo,</strong></span> <span class='ocrx_word' id='word_1_451' title='bbox 1850 3270 2039 3315; x_wconf 88' lang='lat' dir='ltr'><strong>narrat</strong></span> <span class='ocrx_word' id='word_1_452' title='bbox 2077 3278 2202 3317; x_wconf 90' lang='lat' dir='ltr'><strong>cum</strong></span> <span class='ocrx_word' id='word_1_453' title='bbox 2247 3262 2491 3318; x_wconf 83' lang='lat' dir='ltr'><strong>dixisse:</strong></span> <span class='ocrx_word' id='word_1_454' title='bbox 2523 3239 2571 3301; x_wconf 70' lang='grc' dir='ltr'>Ο</span> <span class='ocrx_word' id='word_1_455' title='bbox 2602 3267 2749 3320; x_wconf 89' lang='lat' dir='ltr'><strong>enim</strong></span> <span class='ocrx_word' id='word_1_456' title='bbox 2784 3274 3011 3320; x_wconf 89' lang='lat' dir='ltr'><strong>sanctus</strong></span> <span class='ocrx_word' id='word_1_457' title='bbox 3041 3280 3139 3335; x_wconf 91' lang='lat' dir='ltr'><strong>per</strong></span> <span class='ocrx_word' id='word_1_458' title='bbox 3174 3278 3383 3332; x_wconf 87' lang='lat' dir='ltr'><strong>organa</strong></span> <span class='ocrx_word' id='word_1_459' title='bbox 3416 3277 3513 3317; x_wconf 89' lang='lat' dir='ltr'><strong>sua</strong></span> <span class='ocrx_word' id='word_1_460' title='bbox 3546 3262 3627 3317; x_wconf 91' lang='lat' dir='ltr'><strong>sic</strong></span> <span class='ocrx_word' id='word_1_461' title='bbox 3654 3262 3891 3333; x_wconf 84' lang='lat' dir='ltr'><strong>propriae</strong></span> <span class='ocrx_word' id='word_1_462' title='bbox 3930 3262 4228 3333; x_wconf 79' lang='lat' dir='ltr'><strong>potestatis</strong></span> 
     </span>
    </p>
   </div>
   <div class='ocr_carea' id='block_1_62' title="bbox 870 3346 2498 3423">
    <p class='ocr_par' dir='ltr' id='par_1_62' title="bbox 870 3346 2498 3423">
     <span class='ocr_line' id='line_1_62' title="bbox 870 3346 2498 3423; baseline 0.004 -19"><span class='ocrx_word' id='word_1_463' title='bbox 870 3373 911 3407; x_wconf 65' lang='lat' dir='ltr'><strong>,s</strong></span> <span class='ocrx_word' id='word_1_464' title='bbox 942 3353 1082 3422; x_wconf 78' lang='lat' dir='ltr'><strong>Quia</strong></span> <span class='ocrx_word' id='word_1_465' title='bbox 1111 3346 1235 3409; x_wconf 86' lang='lat' dir='ltr'><strong>cum</strong></span> <span class='ocrx_word' id='word_1_466' title='bbox 1260 3348 1467 3410; x_wconf 77' lang='lat' dir='ltr'><strong>sederit</strong></span> <span class='ocrx_word' id='word_1_467' title='bbox 1485 3353 1659 3409; x_wconf 85' lang='lat' dir='ltr'><strong>Filius</strong></span> <span class='ocrx_word' id='word_1_468' title='bbox 1682 3354 1924 3409; x_wconf 89' lang='lat' dir='ltr'><strong>hominis</strong></span> <span class='ocrx_word' id='word_1_469' title='bbox 1946 3354 1999 3408; x_wconf 92' lang='lat' dir='ltr'><strong>in</strong></span> <span class='ocrx_word' id='word_1_470' title='bbox 2030 3355 2160 3409; x_wconf 89' lang='lat' dir='ltr'><strong>sede</strong></span> <span class='ocrx_word' id='word_1_471' title='bbox 2189 3352 2498 3423; x_wconf 88' lang='lat' dir='ltr'><strong>majestatis</strong></span> 
     </span>
    </p>
   </div>
   <div class='ocr_carea' id='block_1_63' title="bbox 883 3448 2500 3517">
    <p class='ocr_par' dir='ltr' id='par_1_63' title="bbox 883 3448 2500 3517">
     <span class='ocr_line' id='line_1_63' title="bbox 883 3448 2500 3517; baseline -0.001 -14"><span class='ocrx_word' id='word_1_472' title='bbox 883 3462 1026 3513; x_wconf 69' lang='lat' dir='ltr'><strong>suae,</strong></span> <span class='ocrx_word' id='word_1_473' title='bbox 1079 3448 1566 3517; x_wconf 84' lang='lat' dir='ltr'><strong>congregabnntur</strong></span> <span class='ocrx_word' id='word_1_474' title='bbox 1610 3455 1740 3501; x_wconf 90' lang='lat' dir='ltr'><strong>ante</strong></span> <span class='ocrx_word' id='word_1_475' title='bbox 1769 3462 1895 3502; x_wconf 92' lang='lat' dir='ltr'><strong>eum</strong></span> <span class='ocrx_word' id='word_1_476' title='bbox 1935 3461 2129 3502; x_wconf 90' lang='lat' dir='ltr'><strong>omnes</strong></span> <span class='ocrx_word' id='word_1_477' title='bbox 2176 3455 2401 3517; x_wconf 87' lang='lat' dir='ltr'><strong>gentes;</strong></span> <span class='ocrx_word' id='word_1_478' title='bbox 2443 3455 2500 3503; x_wconf 91' lang='lat' dir='ltr'><strong>et</strong></span> 
     </span>
    </p>
   </div>
   <div class='ocr_carea' id='block_1_64' title="bbox 882 3534 2494 3605">
    <p class='ocr_par' dir='ltr' id='par_1_64' title="bbox 882 3534 2494 3605">
     <span class='ocr_line' id='line_1_64' title="bbox 882 3534 2494 3605; baseline 0.002 -19"><span class='ocrx_word' id='word_1_479' title='bbox 882 3535 1018 3605; x_wconf 86' lang='lat' dir='ltr'><strong>quia</strong></span> <span class='ocrx_word' id='word_1_480' title='bbox 1063 3544 1194 3590; x_wconf 90' lang='lat' dir='ltr'><strong>tunc</strong></span> <span class='ocrx_word' id='word_1_481' title='bbox 1230 3535 1373 3590; x_wconf 86' lang='lat' dir='ltr'><strong>dicet</strong></span> <span class='ocrx_word' id='word_1_482' title='bbox 1414 3550 1511 3590; x_wconf 88' lang='lat' dir='ltr'><strong>rex</strong></span> <span class='ocrx_word' id='word_1_483' title='bbox 1556 3536 1643 3590; x_wconf 90' lang='lat' dir='ltr'><strong>his</strong></span> <span class='ocrx_word' id='word_1_484' title='bbox 1686 3536 1780 3605; x_wconf 89' lang='lat' dir='ltr'><strong>qui</strong></span> <span class='ocrx_word' id='word_1_485' title='bbox 1813 3551 1845 3589; x_wconf 87' lang='lat' dir='ltr'><strong>a</strong></span> <span class='ocrx_word' id='word_1_486' title='bbox 1873 3536 2085 3590; x_wconf 81' lang='lat' dir='ltr'><strong>dextris</strong></span> <span class='ocrx_word' id='word_1_487' title='bbox 2135 3534 2257 3603; x_wconf 89' lang='lat' dir='ltr'><strong>ejus</strong></span> <span class='ocrx_word' id='word_1_488' title='bbox 2285 3544 2494 3589; x_wconf 93' lang='lat' dir='ltr'><strong>erunt:</strong></span> 
     </span>
    </p>
   </div>
   <div class='ocr_carea' id='block_1_65' title="bbox 881 3626 2498 3699">
    <p class='ocr_par' dir='ltr' id='par_1_65' title="bbox 881 3626 2498 3699">
     <span class='ocr_line' id='line_1_65' title="bbox 881 3626 2498 3699; baseline 0 -18"><span class='ocrx_word' id='word_1_489' title='bbox 881 3627 1101 3691; x_wconf 80' lang='lat' dir='ltr'><strong>Venite,</strong></span> <span class='ocrx_word' id='word_1_490' title='bbox 1149 3626 1446 3694; x_wconf 87' lang='lat' dir='ltr'><strong>benedicti,</strong></span> <span class='ocrx_word' id='word_1_491' title='bbox 1479 3626 1659 3682; x_wconf 87' lang='lat' dir='ltr'><strong>Patris</strong></span> <span class='ocrx_word' id='word_1_492' title='bbox 1691 3626 1799 3681; x_wconf 88' lang='lat' dir='ltr'><strong>mei</strong></span> <span class='ocrx_word' id='word_1_493' title='bbox 1844 3627 2009 3699; x_wconf 78' lang='lat'><strong>262</strong></span> <span class='ocrx_word' id='word_1_494' title='bbox 2068 3627 2338 3697; x_wconf 90' lang='lat' dir='ltr'><strong>percipite</strong></span> <span class='ocrx_word' id='word_1_495' title='bbox 2406 3641 2498 3681; x_wconf 87' lang='lat' dir='ltr'><strong>re-</strong></span> 
     </span>
    </p>
   </div>
   <div class='ocr_carea' id='block_1_66' title="bbox 877 3717 2493 3789">
    <p class='ocr_par' dir='ltr' id='par_1_66' title="bbox 877 3717 2493 3789">
     <span class='ocr_line' id='line_1_66' title="bbox 877 3717 2493 3789; baseline 0.001 -19"><span class='ocrx_word' id='word_1_496' title='bbox 877 3733 1052 3789; x_wconf 84' lang='lat' dir='ltr'><strong>gnum</strong></span> <span class='ocrx_word' id='word_1_497' title='bbox 1082 3717 1302 3788; x_wconf 73' lang='lat' dir='ltr'><strong>(Matth.</strong></span> <span class='ocrx_word' id='word_1_498' title='bbox 1340 3718 1494 3788; x_wconf 83' lang='lat' dir='ltr'><strong>xxv).</strong></span> <span class='ocrx_word' id='word_1_499' title='bbox 1535 3738 1555 3771; x_wconf 85' lang='grc'><strong>›</strong></span> <span class='ocrx_word' id='word_1_500' title='bbox 1590 3718 1878 3773; x_wconf 86' lang='lat' dir='ltr'><strong>Postremo</strong></span> <span class='ocrx_word' id='word_1_501' title='bbox 1909 3720 2194 3773; x_wconf 87' lang='lat' dir='ltr'><strong>destructo</strong></span> <span class='ocrx_word' id='word_1_502' title='bbox 2216 3734 2314 3787; x_wconf 92' lang='lat' dir='ltr'><strong>per</strong></span> <span class='ocrx_word' id='word_1_503' title='bbox 2342 3733 2493 3773; x_wconf 85' lang='lat' dir='ltr'><strong>mor-</strong></span> 
     </span>
    </p>
   </div>
   <div class='ocr_carea' id='block_1_67' title="bbox 848 3806 2496 3878">
    <p class='ocr_par' dir='ltr' id='par_1_67' title="bbox 848 3806 2496 3878">
     <span class='ocr_line' id='line_1_67' title="bbox 848 3806 2496 3878; baseline 0.002 -16"><span class='ocrx_word' id='word_1_504' title='bbox 848 3806 996 3863; x_wconf 75' lang='lat' dir='ltr'><strong>&#39;tem</strong></span> <span class='ocrx_word' id='word_1_505' title='bbox 1027 3822 1183 3863; x_wconf 88' lang='lat' dir='ltr'><strong>suam</strong></span> <span class='ocrx_word' id='word_1_506' title='bbox 1216 3808 1408 3864; x_wconf 89' lang='lat' dir='ltr'><strong>mortis</strong></span> <span class='ocrx_word' id='word_1_507' title='bbox 1452 3809 1704 3878; x_wconf 88' lang='lat' dir='ltr'><strong>imperio,</strong></span> <span class='ocrx_word' id='word_1_508' title='bbox 1754 3816 1810 3864; x_wconf 89' lang='lat' dir='ltr'><strong>et</strong></span> <span class='ocrx_word' id='word_1_509' title='bbox 1840 3809 2019 3863; x_wconf 74' lang='lat' dir='ltr'><strong>beata:</strong></span> <span class='ocrx_word' id='word_1_510' title='bbox 2052 3808 2496 3866; x_wconf 81' lang='lat' dir='ltr'><strong>Resurrectionis</strong></span> 
     </span>
    </p>
   </div>
   <div class='ocr_carea' id='block_1_68' title="bbox 874 3899 2492 3969">
    <p class='ocr_par' dir='ltr' id='par_1_68' title="bbox 874 3899 2492 3969">
     <span class='ocr_line' id='line_1_68' title="bbox 874 3899 2492 3969; baseline -0.001 -15"><span class='ocrx_word' id='word_1_511' title='bbox 874 3908 1217 3954; x_wconf 87' lang='lat' dir='ltr'><strong>coruscante</strong></span> <span class='ocrx_word' id='word_1_512' title='bbox 1248 3900 1547 3969; x_wconf 87' lang='lat' dir='ltr'><strong>trimnpho,</strong></span> <span class='ocrx_word' id='word_1_513' title='bbox 1575 3906 1769 3953; x_wconf 90' lang='lat' dir='ltr'><strong>narrat</strong></span> <span class='ocrx_word' id='word_1_514' title='bbox 1794 3913 1918 3953; x_wconf 91' lang='lat' dir='ltr'><strong>eum</strong></span> <span class='ocrx_word' id='word_1_515' title='bbox 1948 3900 2154 3955; x_wconf 85' lang='lat' dir='ltr'><strong>dixisse</strong></span> <span class='ocrx_word' id='word_1_516' title='bbox 2174 3899 2492 3969; x_wconf 89' lang='lat' dir='ltr'><strong>discipulis:</strong></span> 
     </span>
    </p>
   </div>
   <div class='ocr_carea' id='block_1_69' title="bbox 880 3988 2494 4059">
    <p class='ocr_par' dir='ltr' id='par_1_69' title="bbox 880 3988 2494 4059">
     <span class='ocr_line' id='line_1_69' title="bbox 880 3988 2494 4059; baseline 0.002 -20"><span class='ocrx_word' id='word_1_517' title='bbox 880 4007 902 4039; x_wconf 84' lang='lat' dir='ltr'><strong>s</strong></span> <span class='ocrx_word' id='word_1_518' title='bbox 941 3990 1079 4043; x_wconf 87' lang='lat' dir='ltr'><strong>Data</strong></span> <span class='ocrx_word' id='word_1_519' title='bbox 1112 3998 1197 4043; x_wconf 90' lang='lat' dir='ltr'><strong>est</strong></span> <span class='ocrx_word' id='word_1_520' title='bbox 1226 3988 1357 4043; x_wconf 89' lang='lat' dir='ltr'><strong>mihi</strong></span> <span class='ocrx_word' id='word_1_521' title='bbox 1399 3989 1581 4044; x_wconf 88' lang='lat' dir='ltr'><strong>omnis</strong></span> <span class='ocrx_word' id='word_1_522' title='bbox 1620 3998 1865 4059; x_wconf 84' lang='lat' dir='ltr'><strong>potestas</strong></span> <span class='ocrx_word' id='word_1_523' title='bbox 1896 3990 1948 4043; x_wconf 92' lang='lat' dir='ltr'><strong>in</strong></span> <span class='ocrx_word' id='word_1_524' title='bbox 1992 3989 2135 4045; x_wconf 87' lang='lat' dir='ltr'><strong>coelo</strong></span> <span class='ocrx_word' id='word_1_525' title='bbox 2164 3998 2220 4045; x_wconf 93' lang='lat' dir='ltr'><strong>et</strong></span> <span class='ocrx_word' id='word_1_526' title='bbox 2258 3989 2313 4043; x_wconf 92' lang='lat' dir='ltr'><strong>in</strong></span> <span class='ocrx_word' id='word_1_527' title='bbox 2345 3997 2494 4044; x_wconf 85' lang='lat' dir='ltr'><strong>terra</strong></span> 
     </span>
    </p>
   </div>
   <div class='ocr_carea' id='block_1_70' title="bbox 872 4078 1435 4149">
    <p class='ocr_par' dir='ltr' id='par_1_70' title="bbox 872 4078 1435 4149">
     <span class='ocr_line' id='line_1_70' title="bbox 872 4078 1435 4149; baseline -0.002 -16"><span class='ocrx_word' id='word_1_528' title='bbox 872 4078 1104 4149; x_wconf 74' lang='lat' dir='ltr'><strong>(Matth.</strong></span> <span class='ocrx_word' id='word_1_529' title='bbox 1133 4081 1350 4149; x_wconf 86' lang='lat' dir='ltr'><strong>xxvttt).</strong></span> <span class='ocrx_word' id='word_1_530' title='bbox 1388 4099 1435 4132; x_wconf 73' lang='grc' dir='ltr'><strong>ιΔ</strong></span> 
     </span>
    </p>
   </div>
   <div class='ocr_carea' id='block_1_71' title="bbox 945 4170 2492 4248">
    <p class='ocr_par' dir='ltr' id='par_1_71' title="bbox 945 4170 2492 4248">
     <span class='ocr_line' id='line_1_71' title="bbox 945 4170 2492 4248; baseline 0.005 -23"><span class='ocrx_word' id='word_1_531' title='bbox 945 4170 1071 4235; x_wconf 82' lang='lat' dir='ltr'><strong>llis,</strong></span> <span class='ocrx_word' id='word_1_532' title='bbox 1121 4181 1178 4227; x_wconf 92' lang='lat' dir='ltr'><strong>et</strong></span> <span class='ocrx_word' id='word_1_533' title='bbox 1215 4172 1528 4242; x_wconf 88' lang='lat' dir='ltr'><strong>hujusmodi</strong></span> <span class='ocrx_word' id='word_1_534' title='bbox 1583 4174 2019 4233; x_wconf 88' lang='lat' dir='ltr'><strong>clarescentibus</strong></span> <span class='ocrx_word' id='word_1_535' title='bbox 2073 4177 2129 4231; x_wconf 92' lang='lat' dir='ltr'><strong>in</strong></span> <span class='ocrx_word' id='word_1_536' title='bbox 2176 4176 2492 4248; x_wconf 86' lang='lat' dir='ltr'><strong>evangelica</strong></span> 
     </span>
    </p>
   </div>
   <div class='ocr_carea' id='block_1_72' title="bbox 867 4263 2491 4338">
    <p class='ocr_par' dir='ltr' id='par_1_72' title="bbox 867 4263 2491 4338">
     <span class='ocr_line' id='line_1_72' title="bbox 867 4263 2491 4338; baseline 0.004 -20"><span class='ocrx_word' id='word_1_537' title='bbox 867 4263 1253 4335; x_wconf 88' lang='lat' dir='ltr'><strong>descriptione</strong></span> <span class='ocrx_word' id='word_1_538' title='bbox 1303 4267 1626 4332; x_wconf 88' lang='lat' dir='ltr'><strong>sententiis,</strong></span> <span class='ocrx_word' id='word_1_539' title='bbox 1694 4267 1870 4338; x_wconf 89' lang='lat' dir='ltr'><strong>liquet</strong></span> <span class='ocrx_word' id='word_1_540' title='bbox 1923 4268 1986 4323; x_wconf 85' lang='grc' dir='ltr'><strong>Β.</strong></span> <span class='ocrx_word' id='word_1_541' title='bbox 2053 4267 2373 4324; x_wconf 83' lang='lat' dir='ltr'><strong>Matthaeum</strong></span> <span class='ocrx_word' id='word_1_542' title='bbox 2436 4270 2491 4325; x_wconf 92' lang='lat' dir='ltr'><strong>in</strong></span> 
     </span>
    </p>
   </div>
   <div class='ocr_carea' id='block_1_73' title="bbox 862 4354 2490 4429">
    <p class='ocr_par' dir='ltr' id='par_1_73' title="bbox 862 4354 2490 4429">
     <span class='ocr_line' id='line_1_73' title="bbox 862 4354 2490 4429; baseline 0.003 -21"><span class='ocrx_word' id='word_1_543' title='bbox 862 4354 1262 4427; x_wconf 85' lang='lat' dir='ltr'><strong>prosequenda</strong></span> <span class='ocrx_word' id='word_1_544' title='bbox 1313 4358 1461 4425; x_wconf 79' lang='lat' dir='ltr'><strong>regia</strong></span> <span class='ocrx_word' id='word_1_545' title='bbox 1511 4356 1685 4429; x_wconf 89' lang='lat' dir='ltr'><strong>stirpe</strong></span> <span class='ocrx_word' id='word_1_546' title='bbox 1728 4357 1969 4424; x_wconf 91' lang='lat' dir='ltr'><strong>Domini,</strong></span> <span class='ocrx_word' id='word_1_547' title='bbox 2023 4359 2272 4413; x_wconf 91' lang='lat' dir='ltr'><strong>tenacius</strong></span> <span class='ocrx_word' id='word_1_548' title='bbox 2323 4374 2490 4429; x_wconf 87' lang='lat' dir='ltr'><strong>quam</strong></span> 
     </span>
    </p>
   </div>
   <div class='ocr_carea' id='block_1_74' title="bbox 864 4446 2488 4521">
    <p class='ocr_par' dir='ltr' id='par_1_74' title="bbox 864 4446 2488 4521">
     <span class='ocr_line' id='line_1_74' title="bbox 864 4446 2488 4521; baseline 0.001 -17"><span class='ocrx_word' id='word_1_549' title='bbox 864 4456 1113 4504; x_wconf 55' lang='lat' dir='ltr'><strong>caeteros</strong></span> <span class='ocrx_word' id='word_1_550' title='bbox 1162 4446 1334 4504; x_wconf 88' lang='lat' dir='ltr'><strong>fuisse</strong></span> <span class='ocrx_word' id='word_1_551' title='bbox 1389 4460 1691 4504; x_wconf 89' lang='lat' dir='ltr'><strong>versatum.</strong></span> <span class='ocrx_word' id='word_1_552' title='bbox 1760 4448 2151 4520; x_wconf 87' lang='lat' dir='ltr'><strong>Unusquisque</strong></span> <span class='ocrx_word' id='word_1_553' title='bbox 2214 4451 2488 4521; x_wconf 90' lang='lat' dir='ltr'><strong>siquidem</strong></span> 
     </span>
    </p>
   </div>
   <div class='ocr_carea' id='block_1_75' title="bbox 864 4539 2486 4612">
    <p class='ocr_par' dir='ltr' id='par_1_75' title="bbox 864 4539 2486 4612">
     <span class='ocr_line' id='line_1_75' title="bbox 864 4539 2486 4612; baseline -0.001 -17"><span class='ocrx_word' id='word_1_554' title='bbox 864 4548 1198 4595; x_wconf 87' lang='lat' dir='ltr'><strong>sanctorum</strong></span> <span class='ocrx_word' id='word_1_555' title='bbox 1260 4539 1720 4610; x_wconf 85' lang='lat' dir='ltr'><strong>evangelistarum</strong></span> <span class='ocrx_word' id='word_1_556' title='bbox 1762 4541 2046 4611; x_wconf 88' lang='lat' dir='ltr'><strong>proprium</strong></span> <span class='ocrx_word' id='word_1_557' title='bbox 2082 4555 2148 4596; x_wconf 90' lang='lat' dir='ltr'><strong>ac</strong></span> <span class='ocrx_word' id='word_1_558' title='bbox 2192 4540 2486 4612; x_wconf 86' lang='lat' dir='ltr'><strong>specialem</strong></span> 
     </span>
    </p>
   </div>
   <div class='ocr_carea' id='block_1_76' title="bbox 860 4613 2569 4703">
    <p class='ocr_par' dir='ltr' id='par_1_76' title="bbox 860 4613 2569 4703">
     <span class='ocr_line' id='line_1_76' title="bbox 860 4613 2569 4703; baseline 0.003 -20"><span class='ocrx_word' id='word_1_559' title='bbox 860 4629 1129 4685; x_wconf 88' lang='lat' dir='ltr'><strong>ordinem</strong></span> <span class='ocrx_word' id='word_1_560' title='bbox 1156 4639 1361 4695; x_wconf 89' lang='lat' dir='ltr'><strong>servat,</strong></span> <span class='ocrx_word' id='word_1_561' title='bbox 1408 4640 1465 4686; x_wconf 90' lang='lat' dir='ltr'><strong>et</strong></span> <span class='ocrx_word' id='word_1_562' title='bbox 1503 4631 1557 4685; x_wconf 93' lang='lat' dir='ltr'><strong>in</strong></span> <span class='ocrx_word' id='word_1_563' title='bbox 1598 4631 1741 4703; x_wconf 85' lang='lat' dir='ltr'><strong>ejus,</strong></span> <span class='ocrx_word' id='word_1_564' title='bbox 1783 4647 1890 4702; x_wconf 90' lang='lat' dir='ltr'><strong>qua</strong></span> <span class='ocrx_word' id='word_1_565' title='bbox 1927 4633 2116 4703; x_wconf 65' lang='lat' dir='ltr'><strong>cmpit,</strong></span> <span class='ocrx_word' id='word_1_566' title='bbox 2167 4634 2489 4689; x_wconf 87' lang='lat' dir='ltr'><strong>intentionis</strong></span> <span class='ocrx_word' id='word_1_567' title='bbox 2514 4613 2569 4675; x_wconf 83' lang='lat' dir='ltr'><strong>D</strong></span> 
     </span>
    </p>
   </div>
   <div class='ocr_carea' id='block_1_77' title="bbox 856 4721 2490 4795">
    <p class='ocr_par' dir='ltr' id='par_1_77' title="bbox 856 4721 2490 4795">
     <span class='ocr_line' id='line_1_77' title="bbox 856 4721 2490 4795; baseline 0.002 -18"><span class='ocrx_word' id='word_1_568' title='bbox 856 4721 1129 4777; x_wconf 75' lang='lat' dir='ltr'><strong>custodia</strong></span> <span class='ocrx_word' id='word_1_569' title='bbox 1176 4731 1517 4793; x_wconf 88' lang='lat' dir='ltr'><strong>perseverat.</strong></span> <span class='ocrx_word' id='word_1_570' title='bbox 1562 4723 1700 4784; x_wconf 86' lang='lat' dir='ltr'><strong>Nam</strong></span> <span class='ocrx_word' id='word_1_571' title='bbox 1744 4723 1986 4780; x_wconf 82' lang='lat' dir='ltr'><strong>Joannes</strong></span> <span class='ocrx_word' id='word_1_572' title='bbox 2026 4726 2351 4795; x_wconf 90' lang='lat' dir='ltr'><strong>propensius</strong></span> <span class='ocrx_word' id='word_1_573' title='bbox 2394 4740 2490 4780; x_wconf 91' lang='lat' dir='ltr'><strong>oc—</strong></span> 
     </span>
    </p>
   </div>
   <div class='ocr_carea' id='block_1_78' title="bbox 855 4815 2490 4886">
    <p class='ocr_par' dir='ltr' id='par_1_78' title="bbox 855 4815 2490 4886">
     <span class='ocr_line' id='line_1_78' title="bbox 855 4815 2490 4886; baseline 0.002 -18"><span class='ocrx_word' id='word_1_574' title='bbox 855 4822 1111 4886; x_wconf 82' lang='lat' dir='ltr'><strong>cupatur</strong></span> <span class='ocrx_word' id='word_1_575' title='bbox 1136 4816 1203 4871; x_wconf 90' lang='lat' dir='ltr'><strong>ad</strong></span> <span class='ocrx_word' id='word_1_576' title='bbox 1246 4815 1634 4872; x_wconf 87' lang='lat' dir='ltr'><strong>declarandam</strong></span> <span class='ocrx_word' id='word_1_577' title='bbox 1682 4818 1739 4873; x_wconf 92' lang='lat' dir='ltr'><strong>in</strong></span> <span class='ocrx_word' id='word_1_578' title='bbox 1787 4816 2009 4873; x_wconf 88' lang='lat' dir='ltr'><strong>Christo</strong></span> <span class='ocrx_word' id='word_1_579' title='bbox 2055 4817 2363 4873; x_wconf 82' lang='lat' dir='ltr'><strong>divinitatis</strong></span> <span class='ocrx_word' id='word_1_580' title='bbox 2400 4831 2490 4871; x_wconf 81' lang='lat' dir='ltr'><strong>es-</strong></span> 
     </span>
    </p>
   </div>
   <div class='ocr_carea' id='block_1_79' title="bbox 857 4905 2489 4977">
    <p class='ocr_par' dir='ltr' id='par_1_79' title="bbox 857 4905 2489 4977">
     <span class='ocr_line' id='line_1_79' title="bbox 857 4905 2489 4977; baseline 0.002 -16"><span class='ocrx_word' id='word_1_581' title='bbox 857 4908 1140 4961; x_wconf 79' lang='lat' dir='ltr'><strong>sentiam.</strong></span> <span class='ocrx_word' id='word_1_582' title='bbox 1188 4905 1482 4964; x_wconf 70' lang='lat' dir='ltr'><strong>Matthzeus</strong></span> <span class='ocrx_word' id='word_1_583' title='bbox 1525 4918 1732 4976; x_wconf 89' lang='lat' dir='ltr'><strong>autem,</strong></span> <span class='ocrx_word' id='word_1_584' title='bbox 1776 4919 1838 4965; x_wconf 87' lang='lat' dir='ltr'><strong>ut</strong></span> <span class='ocrx_word' id='word_1_585' title='bbox 1868 4912 2076 4966; x_wconf 87' lang='lat' dir='ltr'><strong>dictum</strong></span> <span class='ocrx_word' id='word_1_586' title='bbox 2105 4919 2211 4977; x_wconf 89' lang='lat' dir='ltr'><strong>est,</strong></span> <span class='ocrx_word' id='word_1_587' title='bbox 2244 4911 2489 4966; x_wconf 88' lang='lat' dir='ltr'><strong>ostendit</strong></span> 
     </span>
    </p>
   </div>
   <div class='ocr_carea' id='block_1_80' title="bbox 856 4994 2485 5071">
    <p class='ocr_par' dir='ltr' id='par_1_80' title="bbox 856 4994 2485 5071">
     <span class='ocr_line' id='line_1_80' title="bbox 856 4994 2485 5071; baseline 0.003 -23"><span class='ocrx_word' id='word_1_588' title='bbox 856 4994 1088 5065; x_wconf 80' lang='lat' dir='ltr'><strong>regiam</strong></span> <span class='ocrx_word' id='word_1_589' title='bbox 1132 4996 1475 5068; x_wconf 89' lang='lat' dir='ltr'><strong>dignitatem.</strong></span> <span class='ocrx_word' id='word_1_590' title='bbox 1528 4997 1750 5054; x_wconf 84' lang='lat' dir='ltr'><strong>Marcus</strong></span> <span class='ocrx_word' id='word_1_591' title='bbox 1781 5013 1912 5054; x_wconf 91' lang='lat' dir='ltr'><strong>vero</strong></span> <span class='ocrx_word' id='word_1_592' title='bbox 1961 5007 2225 5071; x_wconf 89' lang='lat' dir='ltr'><strong>tanquam</strong></span> <span class='ocrx_word' id='word_1_593' title='bbox 2274 4999 2485 5057; x_wconf 87' lang='lat' dir='ltr'><strong>assecla</strong></span> 
     </span>
    </p>
   </div>
   <div class='ocr_carea' id='block_1_81' title="bbox 853 5087 2487 5162">
    <p class='ocr_par' dir='ltr' id='par_1_81' title="bbox 853 5087 2487 5162">
     <span class='ocr_line' id='line_1_81' title="bbox 853 5087 2487 5162; baseline 0.003 -21"><span class='ocrx_word' id='word_1_594' title='bbox 853 5088 989 5160; x_wconf 79' lang='lat' dir='ltr'><strong>sive</strong></span> <span class='ocrx_word' id='word_1_595' title='bbox 1039 5088 1323 5144; x_wconf 61' lang='lat' dir='ltr'><strong>breviato’r</strong></span> <span class='ocrx_word' id='word_1_596' title='bbox 1372 5087 1492 5157; x_wconf 87' lang='lat' dir='ltr'><strong>ejus</strong></span> <span class='ocrx_word' id='word_1_597' title='bbox 1543 5104 1666 5145; x_wconf 90' lang='lat' dir='ltr'><strong>esse</strong></span> <span class='ocrx_word' id='word_1_598' title='bbox 1715 5090 1968 5157; x_wconf 89' lang='lat' dir='ltr'><strong>videtur,</strong></span> <span class='ocrx_word' id='word_1_599' title='bbox 2022 5093 2152 5147; x_wconf 88' lang='lat' dir='ltr'><strong>dum</strong></span> <span class='ocrx_word' id='word_1_600' title='bbox 2214 5105 2312 5162; x_wconf 91' lang='lat' dir='ltr'><strong>per</strong></span> <span class='ocrx_word' id='word_1_601' title='bbox 2368 5090 2487 5161; x_wconf 88' lang='lat' dir='ltr'><strong>ejus</strong></span> 
     </span>
    </p>
   </div>
   <div class='ocr_carea' id='block_1_82' title="bbox 850 5178 2481 5253">
    <p class='ocr_par' dir='ltr' id='par_1_82' title="bbox 850 5178 2481 5253">
     <span class='ocr_line' id='line_1_82' title="bbox 850 5178 2481 5253; baseline 0.003 -21"><span class='ocrx_word' id='word_1_602' title='bbox 850 5178 1106 5250; x_wconf 75' lang='lat' dir='ltr'><strong>vestigia</strong></span> <span class='ocrx_word' id='word_1_603' title='bbox 1149 5180 1489 5251; x_wconf 89' lang='lat' dir='ltr'><strong>subsequens</strong></span> <span class='ocrx_word' id='word_1_604' title='bbox 1523 5181 1795 5252; x_wconf 87' lang='lat' dir='ltr'><strong>graditur,</strong></span> <span class='ocrx_word' id='word_1_605' title='bbox 1834 5187 1891 5237; x_wconf 91' lang='lat' dir='ltr'><strong>et</strong></span> <span class='ocrx_word' id='word_1_606' title='bbox 1933 5182 2014 5238; x_wconf 89' lang='lat' dir='ltr'><strong>sic</strong></span> <span class='ocrx_word' id='word_1_607' title='bbox 2058 5182 2137 5239; x_wconf 91' lang='lat' dir='ltr'><strong>illi</strong></span> <span class='ocrx_word' id='word_1_608' title='bbox 2174 5182 2291 5237; x_wconf 87' lang='lat' dir='ltr'><strong>sive</strong></span> <span class='ocrx_word' id='word_1_609' title='bbox 2336 5182 2481 5253; x_wconf 85' lang='lat' dir='ltr'><strong>ejus-</strong></span> 
     </span>
    </p>
   </div>
   <div class='ocr_carea' id='block_1_83' title="bbox 852 5271 2487 5346">
    <p class='ocr_par' dir='ltr' id='par_1_83' title="bbox 852 5271 2487 5346">
     <span class='ocr_line' id='line_1_83' title="bbox 852 5271 2487 5346; baseline 0.003 -21"><span class='ocrx_word' id='word_1_610' title='bbox 852 5271 996 5326; x_wconf 89' lang='lat' dir='ltr'><strong>dem</strong></span> <span class='ocrx_word' id='word_1_611' title='bbox 1047 5272 1266 5337; x_wconf 89' lang='lat' dir='ltr'><strong>verbis,</strong></span> <span class='ocrx_word' id='word_1_612' title='bbox 1318 5272 1435 5328; x_wconf 89' lang='lat' dir='ltr'><strong>sive</strong></span> <span class='ocrx_word' id='word_1_613' title='bbox 1462 5273 1653 5330; x_wconf 90' lang='lat' dir='ltr'><strong>eodem</strong></span> <span class='ocrx_word' id='word_1_614' title='bbox 1698 5289 1864 5329; x_wconf 92' lang='lat' dir='ltr'><strong>sensu</strong></span> <span class='ocrx_word' id='word_1_615' title='bbox 1921 5275 1975 5331; x_wconf 92' lang='lat' dir='ltr'><strong>in</strong></span> <span class='ocrx_word' id='word_1_616' title='bbox 2033 5274 2291 5331; x_wconf 88' lang='lat' dir='ltr'><strong>omnibus</strong></span> <span class='ocrx_word' id='word_1_617' title='bbox 2346 5289 2487 5346; x_wconf 89' lang='lat' dir='ltr'><strong>pene</strong></span> 
     </span>
    </p>
   </div>
   <div class='ocr_carea' id='block_1_84' title="bbox 850 5365 2486 5437">
    <p class='ocr_par' dir='ltr' id='par_1_84' title="bbox 850 5365 2486 5437">
     <span class='ocr_line' id='line_1_84' title="bbox 850 5365 2486 5437; baseline 0.001 -19"><span class='ocrx_word' id='word_1_618' title='bbox 850 5365 1195 5429; x_wconf 88' lang='lat' dir='ltr'><strong>concordat,</strong></span> <span class='ocrx_word' id='word_1_619' title='bbox 1246 5373 1306 5420; x_wconf 92' lang='lat' dir='ltr'><strong>ut</strong></span> <span class='ocrx_word' id='word_1_620' title='bbox 1350 5373 1611 5435; x_wconf 89' lang='lat' dir='ltr'><strong>tanquam</strong></span> <span class='ocrx_word' id='word_1_621' title='bbox 1665 5381 1697 5420; x_wconf 89' lang='lat' dir='ltr'><strong>a</strong></span> <span class='ocrx_word' id='word_1_622' title='bbox 1752 5366 2116 5437; x_wconf 66' lang='lat' dir='ltr'><strong>praecedentis</strong></span> <span class='ocrx_word' id='word_1_623' title='bbox 2154 5382 2213 5422; x_wconf 88' lang='lat' dir='ltr'><strong>se</strong></span> <span class='ocrx_word' id='word_1_624' title='bbox 2264 5366 2486 5422; x_wconf 86' lang='lat' dir='ltr'><strong>tramite</strong></span> 
     </span>
    </p>
   </div>
   <div class='ocr_carea' id='block_1_85' title="bbox 850 5457 2484 5530">
    <p class='ocr_par' dir='ltr' id='par_1_85' title="bbox 850 5457 2484 5530">
     <span class='ocr_line' id='line_1_85' title="bbox 850 5457 2484 5530; baseline 0.002 -20"><span class='ocrx_word' id='word_1_625' title='bbox 850 5470 976 5510; x_wconf 87' lang='lat' dir='ltr'><strong>non</strong></span> <span class='ocrx_word' id='word_1_626' title='bbox 1038 5457 1284 5512; x_wconf 86' lang='lat' dir='ltr'><strong>recedat.</strong></span> <span class='ocrx_word' id='word_1_627' title='bbox 1343 5457 1522 5514; x_wconf 85' lang='lat' dir='ltr'><strong>Lucas</strong></span> <span class='ocrx_word' id='word_1_628' title='bbox 1575 5458 1741 5514; x_wconf 89' lang='lat' dir='ltr'><strong>etiam</strong></span> <span class='ocrx_word' id='word_1_629' title='bbox 1808 5460 2092 5530; x_wconf 88' lang='lat' dir='ltr'><strong>proprium</strong></span> <span class='ocrx_word' id='word_1_630' title='bbox 2147 5460 2370 5515; x_wconf 89' lang='lat' dir='ltr'><strong>modum</strong></span> <span class='ocrx_word' id='word_1_631' title='bbox 2426 5468 2484 5514; x_wconf 91' lang='lat' dir='ltr'><strong>et</strong></span> 
     </span>
    </p>
   </div>
   <div class='ocr_carea' id='block_1_86' title="bbox 848 5546 2480 5627">
    <p class='ocr_par' dir='ltr' id='par_1_86' title="bbox 848 5546 2480 5627">
     <span class='ocr_line' id='line_1_86' title="bbox 848 5546 2480 5627; baseline 0.006 -26"><span class='ocrx_word' id='word_1_632' title='bbox 848 5546 1125 5618; x_wconf 76' lang='lat' dir='ltr'><strong>ordinem</strong></span> <span class='ocrx_word' id='word_1_633' title='bbox 1170 5557 1342 5617; x_wconf 87' lang='lat' dir='ltr'><strong>tenet,</strong></span> <span class='ocrx_word' id='word_1_634' title='bbox 1385 5553 1514 5607; x_wconf 88' lang='lat' dir='ltr'><strong>dum</strong></span> <span class='ocrx_word' id='word_1_635' title='bbox 1563 5554 1963 5612; x_wconf 89' lang='lat' dir='ltr'><strong>sacerdotalem</strong></span> <span class='ocrx_word' id='word_1_636' title='bbox 1995 5555 2210 5610; x_wconf 90' lang='lat' dir='ltr'><strong>Domini</strong></span> <span class='ocrx_word' id='word_1_637' title='bbox 2253 5557 2480 5627; x_wconf 87' lang='lat' dir='ltr'><strong>stirpem</strong></span> 
     </span>
    </p>
   </div>
   <div class='ocr_carea' id='block_1_87' title="bbox 851 5638 2480 5721">
    <p class='ocr_par' dir='ltr' id='par_1_87' title="bbox 851 5638 2480 5721">
     <span class='ocr_line' id='line_1_87' title="bbox 851 5638 2480 5721; baseline 0.005 -29"><span class='ocrx_word' id='word_1_638' title='bbox 851 5638 1143 5693; x_wconf 87' lang='lat' dir='ltr'><strong>describit</strong></span> <span class='ocrx_word' id='word_1_639' title='bbox 1170 5649 1333 5721; x_wconf 87' lang='lat' dir='ltr'><strong>atque</strong></span> <span class='ocrx_word' id='word_1_640' title='bbox 1364 5658 1689 5713; x_wconf 86' lang='lat' dir='ltr'><strong>personam;</strong></span> <span class='ocrx_word' id='word_1_641' title='bbox 1724 5653 1779 5699; x_wconf 91' lang='lat' dir='ltr'><strong>et</strong></span> <span class='ocrx_word' id='word_1_642' title='bbox 1803 5646 1883 5701; x_wconf 90' lang='lat' dir='ltr'><strong>sic</strong></span> <span class='ocrx_word' id='word_1_643' title='bbox 1915 5662 2011 5713; x_wconf 87' lang='lat' dir='ltr'><strong>per</strong></span> <span class='ocrx_word' id='word_1_644' title='bbox 2040 5657 2210 5701; x_wconf 79' lang='lat' dir='ltr'><strong>totam</strong></span> <span class='ocrx_word' id='word_1_645' title='bbox 2243 5647 2367 5718; x_wconf 80' lang='lat' dir='ltr'><strong>styli</strong></span> <span class='ocrx_word' id='word_1_646' title='bbox 2398 5646 2480 5701; x_wconf 85' lang='lat' dir='ltr'><strong>sui</strong></span> 
     </span>
    </p>
   </div>
   <div class='ocr_carea' id='block_1_88' title="bbox 848 5730 2477 5806">
    <p class='ocr_par' dir='ltr' id='par_1_88' title="bbox 848 5730 2477 5806">
     <span class='ocr_line' id='line_1_88' title="bbox 848 5730 2477 5806; baseline 0.006 -21"><span class='ocrx_word' id='word_1_647' title='bbox 848 5730 1073 5785; x_wconf 87' lang='lat' dir='ltr'><strong>seriem</strong></span> <span class='ocrx_word' id='word_1_648' title='bbox 1128 5730 1182 5783; x_wconf 90' lang='lat' dir='ltr'><strong>in</strong></span> <span class='ocrx_word' id='word_1_649' title='bbox 1236 5732 1336 5787; x_wconf 91' lang='lat' dir='ltr'><strong>hac</strong></span> <span class='ocrx_word' id='word_1_650' title='bbox 1394 5735 1699 5790; x_wconf 87' lang='lat' dir='ltr'><strong>intentione</strong></span> <span class='ocrx_word' id='word_1_651' title='bbox 1747 5738 2033 5806; x_wconf 89' lang='lat' dir='ltr'><strong>perdurat,</strong></span> <span class='ocrx_word' id='word_1_652' title='bbox 2096 5752 2153 5794; x_wconf 90' lang='lat' dir='ltr'><strong>ut</strong></span> <span class='ocrx_word' id='word_1_653' title='bbox 2210 5742 2477 5795; x_wconf 77' lang='lat' dir='ltr'><strong>diversari</strong></span> 
     </span>
    </p>
   </div>
   <div class='ocr_carea' id='block_1_89' title="bbox 847 5822 2478 5900">
    <p class='ocr_par' dir='ltr' id='par_1_89' title="bbox 847 5822 2478 5900">
     <span class='ocr_line' id='line_1_89' title="bbox 847 5822 2478 5900; baseline 0.007 -24"><span class='ocrx_word' id='word_1_654' title='bbox 847 5822 1011 5876; x_wconf 82' lang='lat' dir='ltr'><strong>circa</strong></span> <span class='ocrx_word' id='word_1_655' title='bbox 1045 5822 1334 5893; x_wconf 83' lang='lat' dir='ltr'><strong>templum,</strong></span> <span class='ocrx_word' id='word_1_656' title='bbox 1359 5825 1442 5879; x_wconf 84' lang='lat' dir='ltr'><strong>vel</strong></span> <span class='ocrx_word' id='word_1_657' title='bbox 1470 5827 1783 5883; x_wconf 65' lang='lat' dir='ltr'><strong>Sacerdotes</strong></span> <span class='ocrx_word' id='word_1_658' title='bbox 1810 5847 1977 5900; x_wconf 64' lang='lat' dir='ltr'><strong>usque</strong></span> <span class='ocrx_word' id='word_1_659' title='bbox 2006 5832 2073 5885; x_wconf 87' lang='lat' dir='ltr'><strong>ad</strong></span> <span class='ocrx_word' id='word_1_660' title='bbox 2108 5833 2268 5888; x_wconf 68' lang='lat' dir='ltr'><strong>finem</strong></span> <span class='ocrx_word' id='word_1_661' title='bbox 2301 5833 2478 5888; x_wconf 65' lang='lat' dir='ltr'><strong>Evan-</strong></span> 
     </span>
    </p>
   </div>
   <div class='ocr_carea' id='block_1_90' title="bbox 2595 3350 4227 3425">
    <p class='ocr_par' dir='ltr' id='par_1_90' title="bbox 2595 3350 4227 3425">
     <span class='ocr_line' id='line_1_90' title="bbox 2595 3350 4227 3425; baseline -0.001 -15"><span class='ocrx_word' id='word_1_662' title='bbox 2595 3355 2721 3425; x_wconf 90' lang='lat' dir='ltr'><strong>jura</strong></span> <span class='ocrx_word' id='word_1_663' title='bbox 2753 3355 3054 3423; x_wconf 84' lang='lat' dir='ltr'><strong>dispensat,</strong></span> <span class='ocrx_word' id='word_1_664' title='bbox 3105 3362 3165 3407; x_wconf 90' lang='lat' dir='ltr'><strong>ut</strong></span> <span class='ocrx_word' id='word_1_665' title='bbox 3217 3354 3345 3407; x_wconf 88' lang='lat' dir='ltr'><strong>dum</strong></span> <span class='ocrx_word' id='word_1_666' title='bbox 3394 3366 3496 3421; x_wconf 88' lang='lat' dir='ltr'><strong>per</strong></span> <span class='ocrx_word' id='word_1_667' title='bbox 3542 3350 3682 3405; x_wconf 82' lang='lat' dir='ltr'><strong>duos</strong></span> <span class='ocrx_word' id='word_1_668' title='bbox 3731 3366 3871 3405; x_wconf 90' lang='lat' dir='ltr'><strong>unus</strong></span> <span class='ocrx_word' id='word_1_669' title='bbox 3918 3351 4227 3421; x_wconf 83' lang='lat' dir='ltr'><strong>eloquitur,</strong></span> 
     </span>
    </p>
   </div>
   <div class='ocr_carea' id='block_1_91' title="bbox 2603 3440 4230 3513">
    <p class='ocr_par' dir='ltr' id='par_1_91' title="bbox 2603 3440 4230 3513">
     <span class='ocr_line' id='line_1_91' title="bbox 2603 3440 4230 3513; baseline 0 -12"><span class='ocrx_word' id='word_1_670' title='bbox 2603 3446 2750 3502; x_wconf 89' lang='lat' dir='ltr'><strong>idem</strong></span> <span class='ocrx_word' id='word_1_671' title='bbox 2812 3444 3173 3506; x_wconf 89' lang='lat' dir='ltr'><strong>sentientium</strong></span> <span class='ocrx_word' id='word_1_672' title='bbox 3242 3443 3495 3513; x_wconf 69' lang='lat' dir='ltr'><strong>quaedam</strong></span> <span class='ocrx_word' id='word_1_673' title='bbox 3564 3440 3618 3496; x_wconf 93' lang='lat' dir='ltr'><strong>in</strong></span> <span class='ocrx_word' id='word_1_674' title='bbox 3684 3440 3866 3496; x_wconf 86' lang='lat' dir='ltr'><strong>verbis</strong></span> <span class='ocrx_word' id='word_1_675' title='bbox 3928 3442 4230 3502; x_wconf 77' lang='lat' dir='ltr'><strong>diversitas</strong></span> 
     </span>
    </p>
   </div>
   <div class='ocr_carea' id='block_1_92' title="bbox 2600 3532 4229 3607">
    <p class='ocr_par' dir='ltr' id='par_1_92' title="bbox 2600 3532 4229 3607">
     <span class='ocr_line' id='line_1_92' title="bbox 2600 3532 4229 3607; baseline 0 -15"><span class='ocrx_word' id='word_1_676' title='bbox 2600 3536 2969 3607; x_wconf 89' lang='lat' dir='ltr'><strong>exprimatur.</strong></span> <span class='ocrx_word' id='word_1_677' title='bbox 3000 3534 3158 3590; x_wconf 87' lang='lat' dir='ltr'><strong>Unde</strong></span> <span class='ocrx_word' id='word_1_678' title='bbox 3186 3549 3310 3589; x_wconf 90' lang='lat' dir='ltr'><strong>cum</strong></span> <span class='ocrx_word' id='word_1_679' title='bbox 3350 3532 3664 3595; x_wconf 71' lang='lat' dir='ltr'><strong>Matthaeus,</strong></span> <span class='ocrx_word' id='word_1_680' title='bbox 3697 3534 3791 3602; x_wconf 87' lang='lat' dir='ltr'><strong>qui</strong></span> <span class='ocrx_word' id='word_1_681' title='bbox 3833 3534 4073 3605; x_wconf 87' lang='lat' dir='ltr'><strong>regalem</strong></span> <span class='ocrx_word' id='word_1_682' title='bbox 4120 3536 4229 3592; x_wconf 85' lang='lat' dir='ltr'><strong>Do-</strong></span> 
     </span>
    </p>
   </div>
   <div class='ocr_carea' id='block_1_93' title="bbox 2601 3625 4230 3699">
    <p class='ocr_par' dir='ltr' id='par_1_93' title="bbox 2601 3625 4230 3699">
     <span class='ocr_line' id='line_1_93' title="bbox 2601 3625 4230 3699; baseline -0.001 -14"><span class='ocrx_word' id='word_1_683' title='bbox 2601 3630 2741 3685; x_wconf 90' lang='lat' dir='ltr'><strong>mini</strong></span> <span class='ocrx_word' id='word_1_684' title='bbox 2776 3642 3076 3699; x_wconf 90' lang='lat' dir='ltr'><strong>personam</strong></span> <span class='ocrx_word' id='word_1_685' title='bbox 3110 3636 3435 3696; x_wconf 83' lang='lat' dir='ltr'><strong>susceperat</strong></span> <span class='ocrx_word' id='word_1_686' title='bbox 3461 3625 3905 3692; x_wconf 85' lang='lat' dir='ltr'><strong>describendam,</strong></span> <span class='ocrx_word' id='word_1_687' title='bbox 3936 3627 3990 3682; x_wconf 92' lang='lat' dir='ltr'><strong>in</strong></span> <span class='ocrx_word' id='word_1_688' title='bbox 4018 3643 4230 3698; x_wconf 84' lang='lat' dir='ltr'><strong>genea-</strong></span> 
     </span>
    </p>
   </div>
   <div class='ocr_carea' id='block_1_94' title="bbox 2600 3719 4225 3794">
    <p class='ocr_par' dir='ltr' id='par_1_94' title="bbox 2600 3719 4225 3794">
     <span class='ocr_line' id='line_1_94' title="bbox 2600 3719 4225 3794; baseline -0.001 -16"><span class='ocrx_word' id='word_1_689' title='bbox 2600 3722 2760 3794; x_wconf 68' lang='lat' dir='ltr'><strong>logiae</strong></span> <span class='ocrx_word' id='word_1_690' title='bbox 2785 3731 3051 3778; x_wconf 83' lang='lat' dir='ltr'><strong>contextu</strong></span> <span class='ocrx_word' id='word_1_691' title='bbox 3103 3735 3262 3790; x_wconf 80' lang='lat' dir='ltr'><strong>reges</strong></span> <span class='ocrx_word' id='word_1_692' title='bbox 3312 3727 3631 3787; x_wconf 89' lang='lat' dir='ltr'><strong>enumeret;</strong></span> <span class='ocrx_word' id='word_1_693' title='bbox 3688 3719 3868 3776; x_wconf 88' lang='lat' dir='ltr'><strong>Lucas</strong></span> <span class='ocrx_word' id='word_1_694' title='bbox 3918 3722 3986 3777; x_wconf 91' lang='lat' dir='ltr'><strong>ad</strong></span> <span class='ocrx_word' id='word_1_695' title='bbox 4043 3723 4225 3792; x_wconf 85' lang='lat' dir='ltr'><strong>ipsum</strong></span> 
     </span>
    </p>
   </div>
   <div class='ocr_carea' id='block_1_95' title="bbox 2600 3812 4227 3883">
    <p class='ocr_par' dir='ltr' id='par_1_95' title="bbox 2600 3812 4227 3883">
     <span class='ocr_line' id='line_1_95' title="bbox 2600 3812 4227 3883; baseline 0.001 -13"><span class='ocrx_word' id='word_1_696' title='bbox 2600 3814 2774 3870; x_wconf 83' lang='lat' dir='ltr'><strong>David</strong></span> <span class='ocrx_word' id='word_1_697' title='bbox 2805 3829 2914 3868; x_wconf 91' lang='lat' dir='ltr'><strong>non</strong></span> <span class='ocrx_word' id='word_1_698' title='bbox 2948 3813 3160 3883; x_wconf 88' lang='lat' dir='ltr'><strong>regium</strong></span> <span class='ocrx_word' id='word_1_699' title='bbox 3194 3812 3418 3868; x_wconf 85' lang='lat' dir='ltr'><strong>schema</strong></span> <span class='ocrx_word' id='word_1_700' title='bbox 3446 3822 3776 3883; x_wconf 87' lang='lat' dir='ltr'><strong>prosecutus</strong></span> <span class='ocrx_word' id='word_1_701' title='bbox 3805 3815 4079 3879; x_wconf 89' lang='lat' dir='ltr'><strong>ascendit,</strong></span> <span class='ocrx_word' id='word_1_702' title='bbox 4126 3816 4227 3871; x_wconf 83' lang='lat' dir='ltr'><strong>sed</strong></span> 
     </span>
    </p>
   </div>
   <div class='ocr_carea' id='block_1_96' title="bbox 2598 3899 4226 3972">
    <p class='ocr_par' dir='ltr' id='par_1_96' title="bbox 2598 3899 4226 3972">
     <span class='ocr_line' id='line_1_96' title="bbox 2598 3899 4226 3972; baseline 0.002 -16"><span class='ocrx_word' id='word_1_703' title='bbox 2598 3918 2700 3972; x_wconf 86' lang='lat' dir='ltr'><strong>per</strong></span> <span class='ocrx_word' id='word_1_704' title='bbox 2739 3916 2835 3958; x_wconf 91' lang='lat' dir='ltr'><strong>eos</strong></span> <span class='ocrx_word' id='word_1_705' title='bbox 2883 3901 2975 3971; x_wconf 88' lang='lat' dir='ltr'><strong>qui</strong></span> <span class='ocrx_word' id='word_1_706' title='bbox 3028 3916 3189 3971; x_wconf 82' lang='lat' dir='ltr'><strong>rcges</strong></span> <span class='ocrx_word' id='word_1_707' title='bbox 3238 3916 3344 3954; x_wconf 88' lang='lat' dir='ltr'><strong>non</strong></span> <span class='ocrx_word' id='word_1_708' title='bbox 3402 3899 3645 3965; x_wconf 80' lang='lat' dir='ltr'><strong>fuerant,</strong></span> <span class='ocrx_word' id='word_1_709' title='bbox 3696 3900 3831 3955; x_wconf 83' lang='lat' dir='ltr'><strong>exiit</strong></span> <span class='ocrx_word' id='word_1_710' title='bbox 3880 3904 3948 3955; x_wconf 88' lang='lat' dir='ltr'><strong>ad</strong></span> <span class='ocrx_word' id='word_1_711' title='bbox 4001 3904 4226 3959; x_wconf 80' lang='lat' dir='ltr'><strong>Nathan</strong></span> 
     </span>
    </p>
   </div>
   <div class='ocr_carea' id='block_1_97' title="bbox 2600 3992 4226 4063">
    <p class='ocr_par' dir='ltr' id='par_1_97' title="bbox 2600 3992 4226 4063">
     <span class='ocr_line' id='line_1_97' title="bbox 2600 3992 4226 4063; baseline 0.003 -13"><span class='ocrx_word' id='word_1_712' title='bbox 2600 3996 2771 4050; x_wconf 88' lang='lat' dir='ltr'><strong>filium</strong></span> <span class='ocrx_word' id='word_1_713' title='bbox 2803 3993 2995 4059; x_wconf 84' lang='lat' dir='ltr'><strong>David,</strong></span> <span class='ocrx_word' id='word_1_714' title='bbox 3028 3994 3120 4063; x_wconf 88' lang='lat' dir='ltr'><strong>qui</strong></span> <span class='ocrx_word' id='word_1_715' title='bbox 3166 4009 3267 4048; x_wconf 91' lang='lat' dir='ltr'><strong>nec</strong></span> <span class='ocrx_word' id='word_1_716' title='bbox 3308 3994 3424 4063; x_wconf 89' lang='lat' dir='ltr'><strong>ipse</strong></span> <span class='ocrx_word' id='word_1_717' title='bbox 3457 4008 3553 4049; x_wconf 89' lang='lat' dir='ltr'><strong>rex</strong></span> <span class='ocrx_word' id='word_1_718' title='bbox 3595 3992 3719 4048; x_wconf 89' lang='lat' dir='ltr'><strong>fuit.</strong></span> <span class='ocrx_word' id='word_1_719' title='bbox 3768 3994 3925 4051; x_wconf 86' lang='lat' dir='ltr'><strong>Unde</strong></span> <span class='ocrx_word' id='word_1_720' title='bbox 3957 3997 4226 4055; x_wconf 83' lang='lat' dir='ltr'><strong>divinitus</strong></span> 
     </span>
    </p>
   </div>
   <div class='ocr_carea' id='block_1_98' title="bbox 2601 4086 4222 4162">
    <p class='ocr_par' dir='ltr' id='par_1_98' title="bbox 2601 4086 4222 4162">
     <span class='ocr_line' id='line_1_98' title="bbox 2601 4086 4222 4162; baseline 0.001 -19"><span class='ocrx_word' id='word_1_721' title='bbox 2601 4096 2785 4143; x_wconf 90' lang='lat' dir='ltr'><strong>aetum</strong></span> <span class='ocrx_word' id='word_1_722' title='bbox 2812 4098 2917 4152; x_wconf 90' lang='lat' dir='ltr'><strong>est,</strong></span> <span class='ocrx_word' id='word_1_723' title='bbox 2951 4096 3010 4140; x_wconf 90' lang='lat' dir='ltr'><strong>ut</strong></span> <span class='ocrx_word' id='word_1_724' title='bbox 3054 4102 3161 4141; x_wconf 92' lang='lat' dir='ltr'><strong>non</strong></span> <span class='ocrx_word' id='word_1_725' title='bbox 3196 4086 3361 4159; x_wconf 78' lang='lat'><strong>263</strong></span> <span class='ocrx_word' id='word_1_726' title='bbox 3395 4086 3597 4147; x_wconf 82' lang='lat' dir='ltr'><strong>habeat</strong></span> <span class='ocrx_word' id='word_1_727' title='bbox 3628 4089 3839 4143; x_wconf 89' lang='lat' dir='ltr'><strong>socium</strong></span> <span class='ocrx_word' id='word_1_728' title='bbox 3873 4089 4222 4162; x_wconf 80' lang='lat' dir='ltr'><strong>subsequen-</strong></span> 
     </span>
    </p>
   </div>
   <div class='ocr_carea' id='block_1_99' title="bbox 2600 4176 4225 4248">
    <p class='ocr_par' dir='ltr' id='par_1_99' title="bbox 2600 4176 4225 4248">
     <span class='ocr_line' id='line_1_99' title="bbox 2600 4176 4225 4248; baseline 0.002 -15"><span class='ocrx_word' id='word_1_729' title='bbox 2600 4187 2733 4243; x_wconf 92' lang='lat' dir='ltr'><strong>tem,</strong></span> <span class='ocrx_word' id='word_1_730' title='bbox 2771 4178 2863 4248; x_wconf 91' lang='lat' dir='ltr'><strong>qni</strong></span> <span class='ocrx_word' id='word_1_731' title='bbox 2896 4176 3024 4248; x_wconf 81' lang='lat' dir='ltr'><strong>styli</strong></span> <span class='ocrx_word' id='word_1_732' title='bbox 3067 4177 3150 4232; x_wconf 85' lang='lat' dir='ltr'><strong>sui</strong></span> <span class='ocrx_word' id='word_1_733' title='bbox 3189 4186 3375 4233; x_wconf 89' lang='lat' dir='ltr'><strong>teneat</strong></span> <span class='ocrx_word' id='word_1_734' title='bbox 3400 4178 3627 4242; x_wconf 90' lang='lat' dir='ltr'><strong>seriem,</strong></span> <span class='ocrx_word' id='word_1_735' title='bbox 3652 4179 3913 4247; x_wconf 84' lang='lat' dir='ltr'><strong>quoniam</strong></span> <span class='ocrx_word' id='word_1_736' title='bbox 3958 4183 4225 4237; x_wconf 82' lang='lat' dir='ltr'><strong>sacerdos</strong></span> 
     </span>
    </p>
   </div>
   <div class='ocr_carea' id='block_1_100' title="bbox 2598 4269 4224 4343">
    <p class='ocr_par' dir='ltr' id='par_1_100' title="bbox 2598 4269 4224 4343">
     <span class='ocr_line' id='line_1_100' title="bbox 2598 4269 4224 4343; baseline 0.002 -16"><span class='ocrx_word' id='word_1_737' title='bbox 2598 4271 2653 4327; x_wconf 93' lang='lat' dir='ltr'><strong>in</strong></span> <span class='ocrx_word' id='word_1_738' title='bbox 2687 4271 2891 4327; x_wconf 89' lang='lat' dir='ltr'><strong>Sancta</strong></span> <span class='ocrx_word' id='word_1_739' title='bbox 2940 4280 3256 4325; x_wconf 88' lang='lat' dir='ltr'><strong>sanctorum</strong></span> <span class='ocrx_word' id='word_1_740' title='bbox 3302 4269 3452 4326; x_wconf 88' lang='lat' dir='ltr'><strong>solus</strong></span> <span class='ocrx_word' id='word_1_741' title='bbox 3482 4271 3750 4337; x_wconf 84' lang='lat' dir='ltr'><strong>intrabat,</strong></span> <span class='ocrx_word' id='word_1_742' title='bbox 3802 4282 3970 4343; x_wconf 89' lang='lat' dir='ltr'><strong>atque</strong></span> <span class='ocrx_word' id='word_1_743' title='bbox 4013 4275 4224 4332; x_wconf 87' lang='lat' dir='ltr'><strong>idcirco</strong></span> 
     </span>
    </p>
   </div>
   <div class='ocr_carea' id='block_1_101' title="bbox 2596 4364 4233 4435">
    <p class='ocr_par' dir='ltr' id='par_1_101' title="bbox 2596 4364 4233 4435">
     <span class='ocr_line' id='line_1_101' title="bbox 2596 4364 4233 4435; baseline 0.004 -14"><span class='ocrx_word' id='word_1_744' title='bbox 2596 4365 2688 4422; x_wconf 91' lang='lat' dir='ltr'><strong>hic</strong></span> <span class='ocrx_word' id='word_1_745' title='bbox 2732 4366 2852 4421; x_wconf 90' lang='lat' dir='ltr'><strong>sine</strong></span> <span class='ocrx_word' id='word_1_746' title='bbox 2894 4364 3099 4419; x_wconf 90' lang='lat' dir='ltr'><strong>comite</strong></span> <span class='ocrx_word' id='word_1_747' title='bbox 3132 4370 3237 4428; x_wconf 89' lang='lat' dir='ltr'><strong>est,</strong></span> <span class='ocrx_word' id='word_1_748' title='bbox 3286 4364 3415 4435; x_wconf 89' lang='lat' dir='ltr'><strong>quia</strong></span> <span class='ocrx_word' id='word_1_749' title='bbox 3461 4378 3521 4419; x_wconf 90' lang='lat' dir='ltr'><strong>se</strong></span> <span class='ocrx_word' id='word_1_750' title='bbox 3561 4364 3709 4419; x_wconf 88' lang='lat' dir='ltr'><strong>circa</strong></span> <span class='ocrx_word' id='word_1_751' title='bbox 3759 4365 3976 4421; x_wconf 90' lang='lat' dir='ltr'><strong>Domini</strong></span> <span class='ocrx_word' id='word_1_752' title='bbox 4029 4383 4233 4428; x_wconf 90' lang='lat' dir='ltr'><strong>sacer-</strong></span> 
     </span>
    </p>
   </div>
   <div class='ocr_carea' id='block_1_102' title="bbox 2595 4455 4236 4528">
    <p class='ocr_par' dir='ltr' id='par_1_102' title="bbox 2595 4455 4236 4528">
     <span class='ocr_line' id='line_1_102' title="bbox 2595 4455 4236 4528; baseline 0.003 -15"><span class='ocrx_word' id='word_1_753' title='bbox 2595 4457 2806 4513; x_wconf 89' lang='lat' dir='ltr'><strong>dotium</strong></span> <span class='ocrx_word' id='word_1_754' title='bbox 2867 4457 3184 4528; x_wconf 88' lang='lat' dir='ltr'><strong>specialiter</strong></span> <span class='ocrx_word' id='word_1_755' title='bbox 3233 4466 3507 4527; x_wconf 90' lang='lat' dir='ltr'><strong>occupat;</strong></span> <span class='ocrx_word' id='word_1_756' title='bbox 3562 4455 3859 4513; x_wconf 72' lang='lat' dir='ltr'><strong>Matthzeus</strong></span> <span class='ocrx_word' id='word_1_757' title='bbox 3900 4468 4111 4527; x_wconf 88' lang='lat' dir='ltr'><strong>autem,</strong></span> <span class='ocrx_word' id='word_1_758' title='bbox 4176 4472 4236 4519; x_wconf 89' lang='lat' dir='ltr'><strong>ut</strong></span> 
     </span>
    </p>
   </div>
   <div class='ocr_carea' id='block_1_103' title="bbox 2595 4548 4238 4626">
    <p class='ocr_par' dir='ltr' id='par_1_103' title="bbox 2595 4548 4238 4626">
     <span class='ocr_line' id='line_1_103' title="bbox 2595 4548 4238 4626; baseline 0.004 -22"><span class='ocrx_word' id='word_1_759' title='bbox 2595 4550 2920 4621; x_wconf 68' lang='lat' dir='ltr'><strong>praedictum</strong></span> <span class='ocrx_word' id='word_1_760' title='bbox 2978 4558 3104 4615; x_wconf 91' lang='lat' dir='ltr'><strong>est,</strong></span> <span class='ocrx_word' id='word_1_761' title='bbox 3166 4548 3535 4605; x_wconf 86' lang='lat' dir='ltr'><strong>breviatorem</strong></span> <span class='ocrx_word' id='word_1_762' title='bbox 3596 4550 3840 4607; x_wconf 84' lang='lat' dir='ltr'><strong>Marcum</strong></span> <span class='ocrx_word' id='word_1_763' title='bbox 3902 4559 4072 4625; x_wconf 86' lang='lat' dir='ltr'><strong>atque</strong></span> <span class='ocrx_word' id='word_1_764' title='bbox 4141 4572 4238 4626; x_wconf 89' lang='lat' dir='ltr'><strong>pe-</strong></span> 
     </span>
    </p>
   </div>
   <div class='ocr_carea' id='block_1_104' title="bbox 2600 4641 4235 4715">
    <p class='ocr_par' dir='ltr' id='par_1_104' title="bbox 2600 4641 4235 4715">
     <span class='ocr_line' id='line_1_104' title="bbox 2600 4641 4235 4715; baseline 0 -18"><span class='ocrx_word' id='word_1_765' title='bbox 2600 4642 2919 4713; x_wconf 89' lang='lat' dir='ltr'><strong>dissequum</strong></span> <span class='ocrx_word' id='word_1_766' title='bbox 2980 4641 3208 4709; x_wconf 89' lang='lat' dir='ltr'><strong>habuit,</strong></span> <span class='ocrx_word' id='word_1_767' title='bbox 3270 4641 3399 4712; x_wconf 90' lang='lat' dir='ltr'><strong>quia</strong></span> <span class='ocrx_word' id='word_1_768' title='bbox 3453 4641 3661 4697; x_wconf 90' lang='lat' dir='ltr'><strong>Christi</strong></span> <span class='ocrx_word' id='word_1_769' title='bbox 3712 4643 3924 4712; x_wconf 83' lang='lat' dir='ltr'><strong>regiam</strong></span> <span class='ocrx_word' id='word_1_770' title='bbox 3990 4645 4235 4715; x_wconf 48' lang='lat' dir='ltr'><strong>dignita.</strong></span> 
     </span>
    </p>
   </div>
   <div class='ocr_carea' id='block_1_105' title="bbox 2597 4733 4227 4808">
    <p class='ocr_par' dir='ltr' id='par_1_105' title="bbox 2597 4733 4227 4808">
     <span class='ocr_line' id='line_1_105' title="bbox 2597 4733 4227 4808; baseline 0.002 -20"><span class='ocrx_word' id='word_1_771' title='bbox 2597 4741 2707 4789; x_wconf 89' lang='lat' dir='ltr'><strong>tem</strong></span> <span class='ocrx_word' id='word_1_772' title='bbox 2764 4748 2923 4805; x_wconf 82' lang='lat' dir='ltr'><strong>reges</strong></span> <span class='ocrx_word' id='word_1_773' title='bbox 2972 4734 3353 4790; x_wconf 86' lang='lat' dir='ltr'><strong>enumerando</strong></span> <span class='ocrx_word' id='word_1_774' title='bbox 3407 4733 3724 4803; x_wconf 88' lang='lat' dir='ltr'><strong>descripsit.</strong></span> <span class='ocrx_word' id='word_1_775' title='bbox 3778 4733 3965 4807; x_wconf 73' lang='lat' dir='ltr'><strong>Regire</strong></span> <span class='ocrx_word' id='word_1_776' title='bbox 4015 4736 4227 4808; x_wconf 86' lang='lat' dir='ltr'><strong>quippe</strong></span> 
     </span>
    </p>
   </div>
   <div class='ocr_carea' id='block_1_106' title="bbox 2594 4825 4226 4899">
    <p class='ocr_par' dir='ltr' id='par_1_106' title="bbox 2594 4825 4226 4899">
     <span class='ocr_line' id='line_1_106' title="bbox 2594 4825 4226 4899; baseline 0.002 -18"><span class='ocrx_word' id='word_1_777' title='bbox 2594 4825 2953 4882; x_wconf 87' lang='lat' dir='ltr'><strong>sublimitatis</strong></span> <span class='ocrx_word' id='word_1_778' title='bbox 2979 4832 3087 4891; x_wconf 89' lang='lat' dir='ltr'><strong>est,</strong></span> <span class='ocrx_word' id='word_1_779' title='bbox 3112 4833 3293 4881; x_wconf 92' lang='lat' dir='ltr'><strong>utnon</strong></span> <span class='ocrx_word' id='word_1_780' title='bbox 3309 4825 3430 4883; x_wconf 90' lang='lat' dir='ltr'><strong>sine</strong></span> <span class='ocrx_word' id='word_1_781' title='bbox 3455 4827 3723 4882; x_wconf 86' lang='lat' dir='ltr'><strong>comitum</strong></span> <span class='ocrx_word' id='word_1_782' title='bbox 3750 4828 4038 4899; x_wconf 87' lang='lat' dir='ltr'><strong>gradiatur</strong></span> <span class='ocrx_word' id='word_1_783' title='bbox 4060 4830 4226 4885; x_wconf 83' lang='lat' dir='ltr'><strong>obse-</strong></span> 
     </span>
    </p>
   </div>
   <div class='ocr_carea' id='block_1_107' title="bbox 2597 4916 2750 4987">
    <p class='ocr_par' dir='ltr' id='par_1_107' title="bbox 2597 4916 2750 4987">
     <span class='ocr_line' id='line_1_107' title="bbox 2597 4916 2750 4987; baseline 0 -17"><span class='ocrx_word' id='word_1_784' title='bbox 2597 4916 2750 4987; x_wconf 88' lang='lat' dir='ltr'><strong>quio.</strong></span> 
     </span>
    </p>
   </div>
   <div class='ocr_carea' id='block_1_108' title="bbox 2671 5007 4224 5084">
    <p class='ocr_par' dir='ltr' id='par_1_108' title="bbox 2671 5007 4224 5084">
     <span class='ocr_line' id='line_1_108' title="bbox 2671 5007 4224 5084; baseline 0.006 -21"><span class='ocrx_word' id='word_1_785' title='bbox 2671 5007 2829 5064; x_wconf 83' lang='lat' dir='ltr'><strong>Hunc</strong></span> <span class='ocrx_word' id='word_1_786' title='bbox 2867 5009 3065 5065; x_wconf 86' lang='lat' dir='ltr'><strong>ducem</strong></span> <span class='ocrx_word' id='word_1_787' title='bbox 3097 5018 3150 5066; x_wconf 87' lang='lat' dir='ltr'><strong>et</strong></span> <span class='ocrx_word' id='word_1_788' title='bbox 3191 5026 3294 5068; x_wconf 87' lang='lat' dir='ltr'><strong>nos</strong></span> <span class='ocrx_word' id='word_1_789' title='bbox 3334 5026 3657 5084; x_wconf 70' lang='lat' dir='ltr'><strong>sequamur,</strong></span> <span class='ocrx_word' id='word_1_790' title='bbox 3705 5012 4056 5071; x_wconf 89' lang='lat' dir='ltr'><strong>dilectissimi</strong></span> <span class='ocrx_word' id='word_1_791' title='bbox 4103 5014 4224 5073; x_wconf 85' lang='lat' dir='ltr'><strong>fra-</strong></span> 
     </span>
    </p>
   </div>
   <div class='ocr_carea' id='block_1_109' title="bbox 2594 5102 4225 5182">
    <p class='ocr_par' dir='ltr' id='par_1_109' title="bbox 2594 5102 4225 5182">
     <span class='ocr_line' id='line_1_109' title="bbox 2594 5102 4225 5182; baseline 0.006 -25"><span class='ocrx_word' id='word_1_792' title='bbox 2594 5109 2710 5157; x_wconf 83' lang='lat' dir='ltr'><strong>tres</strong></span> <span class='ocrx_word' id='word_1_793' title='bbox 2746 5102 2878 5169; x_wconf 90' lang='lat' dir='ltr'><strong>mei,</strong></span> <span class='ocrx_word' id='word_1_794' title='bbox 2915 5119 3023 5159; x_wconf 92' lang='lat' dir='ltr'><strong>non</strong></span> <span class='ocrx_word' id='word_1_795' title='bbox 3066 5103 3424 5177; x_wconf 87' lang='lat' dir='ltr'><strong>Evangelium</strong></span> <span class='ocrx_word' id='word_1_796' title='bbox 3472 5105 3798 5171; x_wconf 82' lang='lat' dir='ltr'><strong>hreviando,</strong></span> <span class='ocrx_word' id='word_1_797' title='bbox 3844 5108 3941 5163; x_wconf 92' lang='lat' dir='ltr'><strong>sed</strong></span> <span class='ocrx_word' id='word_1_798' title='bbox 3980 5124 4225 5182; x_wconf 86' lang='lat' dir='ltr'><strong>evange-</strong></span> 
     </span>
    </p>
   </div>
   <div class='ocr_carea' id='block_1_110' title="bbox 2591 5195 4219 5274">
    <p class='ocr_par' dir='ltr' id='par_1_110' title="bbox 2591 5195 4219 5274">
     <span class='ocr_line' id='line_1_110' title="bbox 2591 5195 4219 5274; baseline 0.005 -25"><span class='ocrx_word' id='word_1_799' title='bbox 2591 5195 2697 5251; x_wconf 86' lang='lat' dir='ltr'><strong>l&#39;ca</strong></span> <span class='ocrx_word' id='word_1_800' title='bbox 2731 5206 3003 5269; x_wconf 64' lang='lat' dir='ltr'><strong>praecepta</strong></span> <span class='ocrx_word' id='word_1_801' title='bbox 3056 5198 3351 5254; x_wconf 89' lang='lat' dir='ltr'><strong>servando.</strong></span> <span class='ocrx_word' id='word_1_802' title='bbox 3392 5198 3549 5255; x_wconf 85' lang='lat' dir='ltr'><strong>Hunc</strong></span> <span class='ocrx_word' id='word_1_803' title='bbox 3598 5202 3667 5255; x_wconf 88' lang='lat' dir='ltr'><strong>nd</strong></span> <span class='ocrx_word' id='word_1_804' title='bbox 3714 5200 3882 5256; x_wconf 82' lang='lat' dir='ltr'><strong>vitam</strong></span> <span class='ocrx_word' id='word_1_805' title='bbox 3915 5218 4219 5274; x_wconf 89' lang='lat' dir='ltr'><strong>sequamur</strong></span> 
     </span>
    </p>
   </div>
   <div class='ocr_carea' id='block_1_111' title="bbox 2589 5288 4215 5362">
    <p class='ocr_par' dir='ltr' id='par_1_111' title="bbox 2589 5288 4215 5362">
     <span class='ocr_line' id='line_1_111' title="bbox 2589 5288 4215 5362; baseline 0.005 -21"><span class='ocrx_word' id='word_1_806' title='bbox 2589 5288 2807 5344; x_wconf 86' lang='lat' dir='ltr'><strong>itineris</strong></span> <span class='ocrx_word' id='word_1_807' title='bbox 2880 5291 3165 5359; x_wconf 59' lang='lat' dir='ltr'><strong>praevium.</strong></span> <span class='ocrx_word' id='word_1_808' title='bbox 3240 5289 3417 5362; x_wconf 83' lang='lat' dir='ltr'><strong>llujus</strong></span> <span class='ocrx_word' id='word_1_809' title='bbox 3496 5291 3846 5347; x_wconf 84' lang='lat' dir='ltr'><strong>salutiferum</strong></span> <span class='ocrx_word' id='word_1_810' title='bbox 3932 5295 4215 5351; x_wconf 88' lang='lat' dir='ltr'><strong>imitemur</strong></span> 
     </span>
    </p>
   </div>
   <div class='ocr_carea' id='block_1_112' title="bbox 2589 5378 4213 5457">
    <p class='ocr_par' dir='ltr' id='par_1_112' title="bbox 2589 5378 4213 5457">
     <span class='ocr_line' id='line_1_112' title="bbox 2589 5378 4213 5457; baseline 0.006 -25"><span class='ocrx_word' id='word_1_811' title='bbox 2589 5378 2925 5449; x_wconf 80' lang='lat' dir='ltr'><strong>exetnplum,</strong></span> <span class='ocrx_word' id='word_1_812' title='bbox 2958 5380 3055 5449; x_wconf 90' lang='lat' dir='ltr'><strong>qui</strong></span> <span class='ocrx_word' id='word_1_813' title='bbox 3088 5396 3240 5445; x_wconf 88' lang='lat' dir='ltr'><strong>mox,</strong></span> <span class='ocrx_word' id='word_1_814' title='bbox 3268 5390 3326 5437; x_wconf 91' lang='lat' dir='ltr'><strong>ut</strong></span> <span class='ocrx_word' id='word_1_815' title='bbox 3353 5382 3605 5457; x_wconf 79' lang='lat' dir='ltr'><strong>vocantis</strong></span> <span class='ocrx_word' id='word_1_816' title='bbox 3626 5398 3685 5439; x_wconf 88' lang='lat' dir='ltr'><strong>se</strong></span> <span class='ocrx_word' id='word_1_817' title='bbox 3718 5381 4025 5440; x_wconf 81' lang='lat' dir='ltr'><strong>Salvatoris</strong></span> <span class='ocrx_word' id='word_1_818' title='bbox 4052 5385 4213 5441; x_wconf 85' lang='lat' dir='ltr'><strong>audi—</strong></span> 
     </span>
    </p>
   </div>
   <div class='ocr_carea' id='block_1_113' title="bbox 2594 5468 4219 5543">
    <p class='ocr_par' dir='ltr' id='par_1_113' title="bbox 2594 5468 4219 5543">
     <span class='ocr_line' id='line_1_113' title="bbox 2594 5468 4219 5543; baseline 0.006 -22"><span class='ocrx_word' id='word_1_819' title='bbox 2594 5470 2669 5523; x_wconf 87' lang='lat' dir='ltr'><strong>vit</strong></span> <span class='ocrx_word' id='word_1_820' title='bbox 2712 5468 3002 5539; x_wconf 88' lang='lat' dir='ltr'><strong>imperium</strong></span> <span class='ocrx_word' id='word_1_821' title='bbox 3041 5468 3262 5541; x_wconf 75' lang='lat' dir='ltr'><strong>(Matth.</strong></span> <span class='ocrx_word' id='word_1_822' title='bbox 3323 5470 3428 5543; x_wconf 86' lang='lat' dir='ltr'><strong>tx),</strong></span> <span class='ocrx_word' id='word_1_823' title='bbox 3463 5487 3573 5527; x_wconf 91' lang='lat' dir='ltr'><strong>non</strong></span> <span class='ocrx_word' id='word_1_824' title='bbox 3615 5482 3910 5529; x_wconf 90' lang='lat' dir='ltr'><strong>cunctatus</strong></span> <span class='ocrx_word' id='word_1_825' title='bbox 3953 5484 4055 5538; x_wconf 90' lang='lat' dir='ltr'><strong>est,</strong></span> <span class='ocrx_word' id='word_1_826' title='bbox 4110 5489 4219 5531; x_wconf 87' lang='lat' dir='ltr'><strong>non</strong></span> 
     </span>
    </p>
   </div>
   <div class='ocr_carea' id='block_1_114' title="bbox 2595 5561 4218 5633">
    <p class='ocr_par' dir='ltr' id='par_1_114' title="bbox 2595 5561 4218 5633">
     <span class='ocr_line' id='line_1_114' title="bbox 2595 5561 4218 5633; baseline 0.005 -18"><span class='ocrx_word' id='word_1_827' title='bbox 2595 5576 2692 5615; x_wconf 88' lang='lat' dir='ltr'><strong>sna</strong></span> <span class='ocrx_word' id='word_1_828' title='bbox 2740 5561 3063 5630; x_wconf 82' lang='lat' dir='ltr'><strong>disponendi</strong></span> <span class='ocrx_word' id='word_1_829' title='bbox 3111 5561 3368 5632; x_wconf 84' lang='lat' dir='ltr'><strong>quaesivit</strong></span> <span class='ocrx_word' id='word_1_830' title='bbox 3420 5563 3694 5633; x_wconf 87' lang='lat' dir='ltr'><strong>inducias,</strong></span> <span class='ocrx_word' id='word_1_831' title='bbox 3747 5582 3856 5621; x_wconf 89' lang='lat' dir='ltr'><strong>non</strong></span> <span class='ocrx_word' id='word_1_832' title='bbox 3910 5567 4218 5624; x_wconf 86' lang='lat' dir='ltr'><strong>amicorum</strong></span> 
     </span>
    </p>
   </div>
   <div class='ocr_carea' id='block_1_115' title="bbox 2596 5652 4215 5729">
    <p class='ocr_par' dir='ltr' id='par_1_115' title="bbox 2596 5652 4215 5729">
     <span class='ocr_line' id='line_1_115' title="bbox 2596 5652 4215 5729; baseline 0.004 -23"><span class='ocrx_word' id='word_1_833' title='bbox 2596 5652 3057 5707; x_wconf 83' lang='lat' dir='ltr'><strong>communicanda</strong></span> <span class='ocrx_word' id='word_1_834' title='bbox 3089 5653 3343 5719; x_wconf 78' lang='lat' dir='ltr'><strong>consilia,</strong></span> <span class='ocrx_word' id='word_1_835' title='bbox 3387 5654 3485 5709; x_wconf 89' lang='lat' dir='ltr'><strong>sed</strong></span> <span class='ocrx_word' id='word_1_836' title='bbox 3535 5654 3684 5711; x_wconf 85' lang='lat' dir='ltr'><strong>illico</strong></span> <span class='ocrx_word' id='word_1_837' title='bbox 3717 5656 3941 5713; x_wconf 83' lang='lat' dir='ltr'><strong>divitias</strong></span> <span class='ocrx_word' id='word_1_838' title='bbox 3982 5657 4215 5729; x_wconf 84' lang='lat' dir='ltr'><strong>sprevit,</strong></span> 
     </span>
    </p>
   </div>
   <div class='ocr_carea' id='block_1_116' title="bbox 2595 5745 4220 5812">
    <p class='ocr_par' dir='ltr' id='par_1_116' title="bbox 2595 5745 4220 5812">
     <span class='ocr_line' id='line_1_116' title="bbox 2595 5745 4220 5812; baseline 0.006 -15"><span class='ocrx_word' id='word_1_839' title='bbox 2595 5745 2945 5799; x_wconf 70' lang='lat' dir='ltr'><strong>necessarios</strong></span> <span class='ocrx_word' id='word_1_840' title='bbox 2994 5746 3293 5812; x_wconf 70' lang='lat' dir='ltr'><strong>abdicavit,</strong></span> <span class='ocrx_word' id='word_1_841' title='bbox 3338 5747 3645 5801; x_wconf 84' lang='lat' dir='ltr'><strong>carnalium</strong></span> <span class='ocrx_word' id='word_1_842' title='bbox 3693 5746 3987 5804; x_wconf 68' lang='lat' dir='ltr'><strong>affectuum</strong></span> <span class='ocrx_word' id='word_1_843' title='bbox 4038 5764 4220 5807; x_wconf 85' lang='lat' dir='ltr'><strong>nexus</strong></span> 
     </span>
    </p>
   </div>
   <div class='ocr_carea' id='block_1_117' title="bbox 2596 5836 4217 5913">
    <p class='ocr_par' dir='ltr' id='par_1_117' title="bbox 2596 5836 4217 5913">
     <span class='ocr_line' id='line_1_117' title="bbox 2596 5836 4217 5913; baseline 0.007 -25"><span class='ocrx_word' id='word_1_844' title='bbox 2596 5836 2833 5903; x_wconf 71' lang='lat' dir='ltr'><strong>abrupit.</strong></span> <span class='ocrx_word' id='word_1_845' title='bbox 2881 5836 3060 5905; x_wconf 59' lang='grc' dir='ltr'><strong>εἱρψιρ</strong></span> <span class='ocrx_word' id='word_1_846' title='bbox 3114 5840 3327 5895; x_wconf 57' lang='lat' dir='ltr'><strong>solutus</strong></span> <span class='ocrx_word' id='word_1_847' title='bbox 3366 5852 3489 5910; x_wconf 79' lang='lat' dir='ltr'><strong>post</strong></span> <span class='ocrx_word' id='word_1_848' title='bbox 3530 5840 3735 5899; x_wconf 79' lang='lat' dir='ltr'><strong>Christi</strong></span> <span class='ocrx_word' id='word_1_849' title='bbox 3781 5843 4011 5913; x_wconf 76' lang='lat' dir='ltr'><strong>vestigia</strong></span> <span class='ocrx_word' id='word_1_850' title='bbox 4059 5843 4217 5900; x_wconf 62' lang='lat' dir='ltr'><strong>lmtus</strong></span> 
     </span>
    </p>
   </div>
  </div>
