5450 6396
2037 374 2143 433 783

2647 372 2704 425 3.
2738 371 2940 427 PETRI
2972 370 3257 427 DAMIANI
3298 368 3449 425 OPP.
3480 369 3664 428 PARS
3704 374 3836 429 SEU
3881 374 4119 431 TOBUS
4146 375 4205 430 ll.
4250 405 4315 414 —
4346 374 4733 432 SERHONES.

5210 374 5310 437 781

2032 502 2093 548 et
2141 489 2368 559 impiger
2419 487 2753 555 properavit,
2809 497 3065 555 tanquam
3117 494 3239 554 post
3274 484 3621 555 naufragium
3653 490 4004 551 Aordinem,
4072 498 4127 542 et
4181 488 4485 558 angelicam
4538 490 4767 543 sortitus
4823 498 4911 543 est
4967 489 5311 560 dignitatem.

2035 584 2247 639 delatus
2273 580 2325 633 in
2353 589 2591 649 portum,
2625 578 2870 631 divinum
2904 578 3031 631 illud
3062 577 3304 632 celeuma
3336 578 3580 631 cantavit
3607 596 3619 629 :

2039 693 2058 725 ι
2089 672 2374 740 Dirupisti,
2422 669 2672 731 Domine,
2715 668 2927 722 vincula
2978 682 3123 732 mea,
3168 668 3261 722 tibi
3301 668 3627 723 sacrilicabo

2031 762 2269 817 hostiam
2297 760 2473 813 laudis
2502 756 2681 819 (Ρωι.
2709 758 2863 827 cav).
2895 778 2913 809 ι
2942 756 3041 811 Vel
3068 757 3221 823 illud,
3253 757 3399 827 quod
3428 773 3624 828 sponsa

2031 851 2343 907 modulatur
2395 849 2449 903 in
2514 848 2763 903 Cantieis
2816 849 3156 902 canticorum
3208 866 3220 900 :
3275 867 3293 899 t
3340 846 3626 902 Paululum

2031 958 2160 997 cum
2193 943 2619 1013 pertransissem
2658 956 2776 1005 eos,
2816 941 2997 996 inveni
3027 956 3190 1010 quem
3221 940 3399 1011 diligit
3443 941 3626 996 anima

2031 1050 2179 1104 mea,
2212 1036 2386 1098 tenui,
2427 1050 2527 1090 nec
2549 1034 2819 1090 dimittam
2845 1048 2970 1089 eum
2999 1031 3182 1102 (Cant.
3212 1032 3321 1101 ιιι),
3360 1053 3379 1084 ι
3422 1033 3515 1103 qui
3543 1042 3629 1087 est

2030 1126 2353 1184 benedictus
2380 1128 2433 1182 in
2464 1124 2681 1181 saecula.
2708 1126 2906 1180 Amen.

2657 1234 2894 1291 SERHO
2927 1236 2989 1291 L.

2033 1345 2095 1384 ιι.
2145 1345 2214 1384 na
2252 1344 2457 1383 sancto
2496 1344 2771 1385 larvam
2806 1343 3080 1469 Δενθιτᾷοω
3119 1344 3190 1384 ιτ
3230 1342 3619 1385 ινλιιοειιετι.

2659 1406 2771 1467 (ιιι
2802 1414 2955 1455 ssr'r.

2659 1406 2771 1467 (xxi
2802 1414 2955 1455 ssr'r.

2098 1489 2145 1545 0
2193 1504 2356 1558 quam
2403 1488 2602 1549 dulcis.
2642 1502 2805 1557 quam
2850 1486 3114 1557 jnatrrda,
3167 1502 3336 1559 quam
3389 1487 3623 1542 delecta-

2026 1585 2155 1641 bilis
2184 1594 2273 1641 est
2297 1586 2402 1640 ista
2439 1584 2732 1650 festivitas,
2780 1582 2983 1639 fratres
3016 1583 3146 1648 mei,
3176 1583 3231 1637 in
3260 1595 3369 1653 qua
3410 1581 3621 1636 scilicet

2028 1681 2097 1734 ad
2126 1694 2371 1735 amorem
2401 1678 2494 1732 Dei
2522 1685 2783 1747 peccator
2807 1676 3155 1740 accenditur;
3194 1674 3331 1729 ﬁdes
3357 1683 3616 1744 augetur;

2030 1786 2207 1835 mens,
2256 1786 2399 1843 quae.
2426 1768 2722 1832 diuidebat,
2769 1768 3026 1838 erigitur;
3072 1775 3237 1821 certae
3278 1765 3393 1835 spei
3443 1766 3618 1835 gratia

3731 579 3864 646 Quis
3898 579 4045 633 enim
4086 581 4295 634 nesciat
4328 578 4715 648 evangelistam
4758 578 4827 633 ab
4859 580 5116 650 angelico
5167 596 5319 636 voca.

3730 669 3859 725 bulo
3887 670 4157 723 derivari?
4190 668 4304 724 Non
4352 669 4526 724 solum
4557 670 4741 739 itaque
4782 671 5063 739 apostolus
5086 680 5198 736 est,
5230 676 5317 727 sed

3727 772 3781 817 et
3808 762 4165 831 evangelista.
4194 761 4278 825 Et,
4308 770 4369 815 ut
4400 763 4472 816 ita
4504 761 4699 825 fatear,
4729 763 5064 833 evangelista
5089 779 5319 833 evange-

3729 852 3979 907 listarum
4010 868 4117 907 non
4157 853 4433 907 immerito
4458 852 4684 915 dicitur,
4718 854 4809 921 qui
4842 854 4972 917 dux,
5002 863 5058 908 et
5082 869 5313 923 praees-

3728 959 3822 999 sor
3862 958 3927 999 ac
3979 945 4190 1013 primus
4233 943 4477 998 omnium
4530 944 4818 1013 reperitur.
4876 942 5031 998 Unde
5079 954 5139 999 et
5181 946 5319 1000 illius

3723 1034 4005 1104 quadrigae
4035 1032 4295 1098 celestis,
4324 1048 4488 1103 quam
4530 1033 4611 1088 vel
4640 1032 4876 1089 Joannes
4904 1035 4957 1089 in
4989 1034 5317 1107 Apocalypsi

3727 1138 3787 1178 se
3844 1124 4044 1180 vidisse
4096 1124 4374 1195 perhibuit
4431 1124 4628 1194 (Apoc.
4664 1123 4772 1191 iv),
4822 1124 4909 1179 vel
4964 1124 5224 1179 Ezechiel
5269 1128 5317 1179 in

3728 1215 4045 1284 prophetica
4065 1216 4273 1271 visione
4298 1215 4587 1285 conspexit
4612 1214 4830 1285 (Esses.
4854 1215 4931 1286 x),
4963 1216 5055 1270 hic
5086 1228 5318 1285 congrue

3727 1314 3908 1375 potest
3953 1320 4059 1359 non
4111 1306 4275 1360 modo
4318 1319 4471 1375 pars,
4510 1304 4605 1360 sed
4636 1314 4691 1360 et
4728 1306 4918 1376 auriga
4956 1307 5171 1361 vocari.
5222 1307 5320 1374 Qui

3724 1396 3856 1448 dum
3912 1395 3981 1449 ad
4036 1395 4384 1451 scribendum
4432 1394 4785 1467 Evangelium
4844 1396 5059 1467 primus
5110 1400 5317 1468 erupit,

3723 1486 3880 1554 quasi
3931 1486 4223 1556 quamdam
4290 1486 4491 1543 lineam
4544 1486 4898 1559 [incedendo
4949 1488 5219 1551 tetendit;
5268 1498 5319 1543 et

3725 1577 3870 1630 unde
3907 1577 4089 1631 ceteri
4137 1564 4443 1640 euri-event,
4493 1578 4838 1633 rectitudinis
4876 1579 5137 1633 semitam
5183 1581 5321 1634 desi-

3723 1666 3937 1736 gnavit;
3986 1677 4048 1722 ut
4099 1667 4241 1723 sicut
4284 1669 4354 1723 de
4396 1667 4516 1722 Elia
4557 1669 4758 1724 dicitur
4798 1668 4881 1739 (II
4930 1668 5061 1740 Reg.
5102 1672 5190 1739 ιι),
5238 1672 5320 1726 hic

3725 1756 3890 1810 etiam
3939 1770 4157 1821 currus,
4203 1766 4260 1812 et
4301 1758 4490 1828 auriga
4531 1757 4676 1814 illius
4720 1759 4934 1830 mystici
4984 1764 5317 1816 sacramenti

2027 1862 2360 1919 cumulatur.
2404 1860 2540 1915 Nam
2569 1859 2714 1928 quod
2757 1857 2887 1915 alibi
2918 1857 3100 1912 verbis
3131 1855 3482 1919 instruimur,
3533 1856 3620 1910 hic
3655 1845 3697 1904 Β
3728 1846 3925 1901 merito
3952 1860 4318 1919 nuncupetur.

2026 1955 2165 2008 vivis
2228 1952 2486 2023 operibus
2548 1950 2884 2021 experimur.
2967 1947 3223 2018 Legimus
3289 1948 3559 2019 siquidem
3607 1965 3619 2000 :

3801 1936 3941 1993 Nulli
3972 1938 4135 2009 plane
4162 1939 4474 1997 mortalium
4514 1942 4616 1997 hoc
4641 1941 4785 1996 Deus
4810 1942 5170 2011 omnipotens
5197 1959 5321 1999 con-

2034 2064 2052 2095 ι
2084 2044 2246 2113 Agite
2273 2041 2682 2111 pmnitemiam;
2730 2039 3192 2111 appropinquabit
3218 2039 3364 2093 enim
3394 2053 3622 2109 regnum
3727 2030 3868 2092 tulit,
3900 2040 3960 2085 ut
3990 2033 4106 2086 hinc
4149 2031 4255 2086 duo
4289 2034 4762 2102 praeminentium
4789 2034 5122 2102 dignitatum
5174 2035 5315 2091 fasti-

2027 2135 2293 2189 ctelorum
2336 2131 2555 2202 (Matth.
2591 2131 2697 2203 ιιι).
2729 2151 2747 2183 ι
2796 2131 2943 2186 Inter
2990 2131 3371 2202 paenitentiam
3420 2130 3630 2185 scilictt
3725 2121 3814 2189 sia
3852 2122 3907 2175 in
3947 2136 4052 2175 una
4103 2122 4264 2176 simul
4316 2138 4549 2193 persona
4593 2135 4957 2192 concurrant,
5004 2127 5228 2182 scilicet
5270 2140 5321 2181 ut

2026 2238 2370 2296 regnumque
2403 2223 2667 2277 calorum
2710 2221 2843 2277 nihil
2871 2231 2957 2278 est
2984 2221 3246 2276 medium.
3286 2218 3413 2293 Hac
3437 2230 3620 2274 autem
3727 2214 4004 2284 apostolus
4027 2216 4316 2284 quisquam
4344 2216 4438 2281 sit,
4461 2227 4519 2273 et
4538 2218 4890 2289 evangelista,
4924 2220 5029 2275 nisi
5066 2220 5321 2275 lautam

2028 2311 2291 2381 praeclara
2323 2310 2589 2367 festivitas
2619 2326 2726 2366 non
2756 2311 2919 2367 modo
2939 2310 3032 2365 dat
3051 2310 3443 2379 paenitentibus
3471 2323 3621 2377 spem

2027 2398 2507 2471 regni-caelorum,
2546 2398 2642 2454 sed
2672 2408 2729 2454 et
2760 2399 3045 2469 panitenti
3086 2406 3276 2453 narrat
3315 2397 3619 2452 exhibitura

2030 2492 2274 2547 ctelestis
2302 2490 2643 2546 excellentia:
2670 2490 3031 2560 principatum
3078 2489 3212 2556 Quis
3239 2489 3385 2544 enim
3414 2489 3622 2543 neseiat

2027 2582 2091 2636 Β.
2144 2583 2455 2637 Matthzeum
2512 2581 2840 2637 telonarium
2895 2581 3219 2645 exstitisse,
3277 2589 3445 2649 atque
3500 2579 3621 2634 ideo

2026 2672 2411 2745 precatorem?
2439 2672 2677 2742 (Matth.
2724 2688 2810 2734 rx,
2852 2670 3124 2735 x;-llarc.
3167 2670 3229 2742 ι).
3276 2668 3428 2735 Quod
3470 2678 3621 2723 certe

2025 2765 2173 2820 idem
2203 2763 2319 2834 ipse
2352 2777 2457 2818 nou
2501 2771 2668 2827 tacet,
2718 2762 2847 2816 dum
2884 2777 2943 2817 se
2992 2762 3045 2815 in
3089 2761 3207 2829 ipso
3249 2759 3620 2829 apostolorum

2022 2854 2276 2923 catalogo
2320 2853 2672 2923 publicanum
2703 2853 2960 2922 perhibet
2999 2870 3011 2905 :
3050 2872 3069 2903 ι
3106 2850 3372 2916 Thomas,
3423 2851 3620 2921 inquit,

2023 2953 2082 3000 et
2138 2943 2424 2998 Matthaius
2470 2942 2796 3012 publicanus
2842 2940 2995 3013 (Luc.
3046 2942 3134 3012 v);
3176 2960 3195 2994 ι
3252 2940 3436 2996 σεωιί
3491 2955 3623 2994 vero

2022 3035 2370 3106 evangelista:
2397 3034 2526 3089 Levi
2570 3034 2750 3104 potius
2781 3049 2907 3088 eum
2938 3042 3156 3099 vocant,
3178 3047 3247 3087 ne
3287 3041 3618 3096 consortem,

2026 3129 2142 3183 imo
2188 3126 2509 3197 primarium
2563 3125 2864 3195 evangelici
2920 3125 3104 3193 operis
3150 3123 3449 3181 notabilem
3498 3123 3623 3177 red-

3723 2316 3777 2359 et
3804 2304 4031 2371 Joanui;
4064 2322 4297 2376 quorum
4347 2309 4559 2365 scilicet
4606 2309 4746 2365 alter
4786 2310 5141 2381 publicanus,
5187 2312 5322 2367 alter

3721 2410 3806 2456 est
3848 2400 4026 2471 virgo.
4089 2400 4157 2456 ει
4212 2402 4316 2457 hoc
4366 2402 4633 2472 profunda
4687 2401 4856 2458 divini
4907 2404 5323 2473 dispensatione

3722 2493 3958 2547 consilii.
3990 2491 4259 2548 Nimirum
4284 2502 4343 2549 ut
4372 2502 4428 2549 et
4455 2495 4560 2549 iste
4587 2494 4654 2549 ad
4682 2493 5075 2549 misericordia
5110 2495 5321 2549 fontem

3723 2584 4109 2654 peccatoribus
4153 2599 4211 2639 se
4247 2586 4508 2641 exhibeat
4535 2586 4819 2655 previum,
4860 2593 4916 2639 et
4942 2585 5033 2639 ille
5078 2589 5321 2639 custodi-

3725 2674 3796 2727 tis
3837 2683 3891 2728 et
3919 2674 4298 2729 innocentibus
4320 2677 4391 2730 sit
4411 2674 4752 2746 exemplum;
4780 2685 5052 2746 quatenus
5074 2687 5131 2731 et
5155 2677 5321 2747 lapsis

3730 2764 4039 2833 quibusque
4086 2765 4293 2833 peracti
4334 2764 4557 2820 sceleris
4594 2766 4910 2836 magnitudo
4952 2781 5063 2820 non
5112 2768 5317 2827 obviet,

3723 2863 3780 2908 et
3810 2856 4041 2908 mundos
4069 2869 4133 2909 ac
4161 2854 4323 2909 nullis
4350 2853 4673 2931 criminibus
4691 2856 4917 2913 obrutos
4939 2865 5136 2927 patens
5150 2856 5319 2924 janua

3725 2944 3914 3013 gratia:
3939 2943 4179 2998 cmlestis
4206 2944 4418 2999 invitet.

3796 3031 3989 3098 Porro,
4017 3032 4159 3087 sicut
4187 3032 4385 3090 Phison
4423 3034 4633 3105 primus
4676 3034 4818 3091 inter
4847 3038 5091 3107 paradisi
5120 3037 5316 3093 ﬂuvios

3727 3123 3923 3193 legitur
3947 3122 4101 3193 (Gen.
4147 3128 4231 3195 ιι),
4262 3126 4343 3179 sic
4376 3125 4521 3180 inter
4547 3138 4765 3182 sanctos
4791 3130 5163 3198 evangelistas
5204 3134 5315 3199 pri-

2021 3183 2332 3286 dant.'lpse
2360 3225 2544 3270 autem
2573 3183 2923 3284 publicanum
3050 3214 3174 3269 ideo
3200 3213 3419 3275 asserit,
3462 3221 3525 3267 ut
3560 3221 3619 3267 et
3647 3183 3693 3245 ο
3725 3183 3847 3269 mus
3886 3183 4286 3270 inveniturjliit
4317 3216 4457 3273 bene
4502 3218 4605 3272 sibi
4653 3218 4769 3273 hac
4817 3183 5160 3289 comparatio

2027 3307 2357 3363 humilitatis
2384 3307 2439 3360 in
2469 3320 2531 3361 se
2554 3304 2800 3373 regulam
2828 3312 3037 3369 teneat,
3071 3313 3125 3359 et
3154 3312 3374 3359 nostras
3400 3303 3469 3357 ad
3496 3318 3618 3371 spe-

2027 3397 2260 3452 randum
2302 3396 2368 3450 de
2395 3394 2641 3466 peccatis,
2661 3394 2874 3449 veniam
2905 3397 3119 3449 mentes
3145 3394 3431 3449 accendat.
3466 3394 3545 3448 Ac
3574 3393 3619 3448 si

2028 3506 2153 3545 cum
2208 3488 2522 3558 coapostolo
2573 3500 2675 3543 suo
2727 3486 2843 3555 ipse
2886 3486 3053 3540 etiam
3102 3485 3286 3540 dicat:
3322 3505 3342 3537 ι
3370 3484 3623 3541 Christus

1940 3582 1943 3583 ⁷
2028 3582 2181 3637 venit
2215 3580 2269 3636 in
2317 3581 2465 3634 hunc
2512 3576 2773 3633 mundum
2822 3584 3140 3647 peccatores
3188 3576 3371 3633 salvos
3412 3576 3620 3641 facere,

2029 3688 2260 3743 quorum
2297 3672 2509 3743 primus
2542 3686 2645 3740 ego
2673 3685 2827 3735 sum;
2874 3670 2969 3724 sed
3014 3669 3136 3723 ideo
3184 3669 3619 3723 misericordiam

2028 3770 2354 3817 consecutus
2389 3775 2542 3823 sum,
2610 3764 2699 3813 ut’-
2734 3759 2790 3811 in
2847 3774 2934 3812 me
2993 3758 3228 3828 primum
3306 3757 3623 3815 ostenderet

2028 3853 2284 3909 Christus
2332 3849 2494 3905 Jesus
2540 3860 2759 3903 omnem
2819 3846 3139 3916 patientiam
3187 3846 3258 3903 ad
3308 3847 3622 3916 exempturo

2030 3956 2247 4005 eorum,
2297 3940 2391 4009 qui
2436 3937 2694 3995 credituri
2746 3945 2875 3991 sunt
2917 3934 2995 3989 illi
3045 3934 3099 3989 in
3145 3935 3311 3990 vitam
3360 3944 3623 3990 sternam

2033 4031 2086 4103 (ι
2120 4031 2257 4085 Tim.
2284 4030 2347 4099 ι).
2396 4048 2441 4107 »ν

2103 4120 2375 4175 Provocat
2419 4130 2551 4189 ergo
2594 4131 2740 4171 nunc
2777 4130 2877 4171 nos
2912 4114 2984 4169 ad
3034 4114 3360 4185 sperandam
3406 4113 3621 4168 veniam

2029 4212 2223 4275 verbo,
2250 4210 2394 4265 sicut
2422 4208 2551 4263 olim
2590 4222 2711 4272 eos,
2748 4207 2841 4277 qui
2874 4206 3121 4267 aderant,
3161 4205 3407 4260 incitavit
3436 4217 3621 4259 exem-

2034 4303 2147 4374 plo.
2200 4301 2349 4356 Dicit
2387 4300 2532 4355 enim
2563 4298 2719 4368 ipse:
2754 4316 2773 4350 ι
2804 4295 2943 4363 Quia
2984 4295 3188 4350 factum
3234 4304 3340 4359 est,
3384 4295 3625 4349 discum-

2034 4394 2200 4448 bente
2226 4387 2393 4461 264
2426 4387 2550 4443 Jesu
2592 4388 2644 4442 in
2682 4388 2865 4452 domo,
2899 4398 3030 4440 ecce
3079 4384 3233 4439 multi
3269 4384 3543 4454 publicani
3572 4390 3629 4437 et

3723 3304 3899 3375 gruit;
3932 3304 4136 3362 Phison
4182 3306 4450 3376 siquidem
4481 3308 4588 3361 oris
4630 3310 4851 3363 mutatio
4898 3310 5314 3381 interpretatur.

3725 3396 3799 3447 Us
3823 3394 3973 3448 enim
4004 3410 4162 3450 suum
4200 3396 4317 3464 ipse
4348 3398 4599 3462 mutavit,
4627 3399 4771 3467 quod
4798 3400 5051 3455 videlicet
5080 3418 5111 3455 a
5140 3418 5316 3457 saeuo

3726 3480 3933 3536 laribus
3959 3482 4143 3538 verbis
4164 3483 4235 3538 ad
4272 3484 4677 3553 pradicandum
4700 3485 5050 3557 Evangelium
5078 3500 5321 3545 transtu-

3724 3570 3816 3635 lit;
3850 3578 3905 3625 et
3950 3572 4094 3639 quod
4145 3586 4304 3627 suum
4348 3573 4501 3642 prius
4534 3574 4828 3630 carnaliter
4868 3577 5065 3641 fuerat,
5112 3587 5170 3631 ut
5226 3580 5319 3634 Dei

3724 3670 3891 3725 esset,
3920 3660 4120 3717 eﬂecit.
4167 3662 4396 3718 Dicente
4421 3679 4521 3734 per
4553 3667 4875 3736 prophetam
4910 3669 5177 3724 Domino:
5212 3689 5230 3720 ι
5264 3672 5317 3725 Si

3724 3757 4069 3824 separaveris
4118 3756 4421 3826 pretiosum
4463 3771 4494 3811 a
4539 3757 4655 3823 vili,
4684 3760 4836 3827 quasi
4881 3776 4940 3813 os
4982 3775 5163 3815 meum
5209 3765 5324 3818 eris

3725 3843 3946 3916 (lenm.
3979 3848 4093 3914 xv).
4129 3865 4147 3898 ι
4181 3845 4403 3901 Factum
4427 3857 4515 3903 est
4536 3864 4667 3918 ergo
4698 3850 4751 3904 in
4777 3848 4837 3901 Β.
4874 3850 5148 3916 Μυιιικιξο,
5170 3858 5319 3924 quad

3726 3935 3990 4005 scriptum
4015 3943 4138 3990 est:
4170 3953 4189 3987 ι
4218 3934 4356 4003 Quia
4393 3937 4485 3991 ubi
4530 3938 4828 3993 abundavit
4872 3951 5177 4007 peccatum,
5230 3960 5321 3997 su-

3723 4030 4120 4099 perabundavit
4148 4039 4205 4085 et
4232 4030 4408 4099 gratia
4448 4030 4623 4102 (Rom.
4663 4028 4738 4101 v).
4772 4050 4790 4082 ι
4820 4032 4973 4087 Sicut
5007 4034 5157 4087 enim
5190 4051 5319 4090 vera

3723 4128 3808 4175 est
3856 4120 3948 4174 illa
3996 4119 4298 4191 Scriptura!
4345 4122 4635 4185 sententia,
4691 4137 4797 4192 qua
4850 4124 5091 4177 dicitur:
5131 4142 5151 4175 ι
5180 4124 5319 4192 Quia

3726 4224 3834 4264 non
3861 4219 3945 4263 est
3989 4210 4188 4264 divina:
4230 4210 4419 4265 virtuti
4463 4209 4793 4275 differentia,
4835 4212 4950 4267 sive
5001 4214 5055 4266 in
5108 4217 5319 4275 multis.

3727 4300 3841 4353 sive
3872 4300 3923 4353 in
3960 4301 4148 4370 paucis
4172 4302 4388 4355 vincere
4417 4300 4471 4371 (1
4519 4300 4643 4372 Reg.
4678 4304 4837 4367 xxv);
4874 4322 4891 4353 ι
4928 4303 5003 4355 ita
5028 4305 5199 4358 etiam
5243 4307 5319 4358 di-

3726 4389 3870 4443 vinae
3898 4390 4083 4458 pietati
4115 4391 4188 4443 nil
4219 4390 4401 4445 dilfert
4431 4393 4546 4446 sive
4590 4393 4828 4448 minimis
4855 4394 5171 4464 quibusque
5198 4411 5321 4465 pec-

2033 4494 2355 4554 pcecatores
2405 4480 2689 4536 venientes
2734 4477 3149 4534 discumbebant
3206 4491 3330 4532 cum
3393 4474 3520 4530 Jesu
3570 4484 3703 4556 et.“
3731 4479 3890 4543 catis,
3921 4479 4036 4533 sive
4083 4480 4339 4548 gravibus
4371 4481 4670 4553 indulgere.
4698 4483 4753 4535 ln
4785 4484 4885 4537 hoc
4914 4484 5079 4551 igitur
5102 4490 5323 4556 egregio

2035 4536 2316 4647 discipulis
2346 4572 2463 4643 eius
2487 4571 2703 4643 (Matth.
2736 4570 2844 4641 lx);
2866 4590 2886 4623 ι
2910 4570 3001 4625 ubi
3030 4570 3235 4625 scilicet
3258 4577 3313 4624 et
3338 4566 3623 4622 ιιιιιιικυε
3652 4536 3705 4598 θ
3731 4572 3848 4626 vino
3874 4536 4054 4625 divina
4078 4536 4251 4642 gratia
4287 4536 4614 4629 mirabiliter
4644 4536 4963 4639 abundavit:
4995 4536 5081 4631 cui
5112 4536 5323 4633 ἕξειὲξει

2037 4678 2175 4723 erat.
2220 4666 2333 4722 Nisi
2383 4665 2528 4721 enim
2574 4665 2677 4719 iste
2706 4678 2830 4718 cum
2873 4661 3087 4717 Domini
3116 4661 3395 4738 discipulis
3448 4661 3619 4714 inter-

2038 4762 2219 4822 csset‘,
2277 4766 2386 4809 tam
2450 4754 2795 4809 familiariter
2852 4753 2919 4807 ad
2970 4753 3257 4825 Dominum
3303 4760 3624 4823 peccatores

2042 4848 2303 4904 accedere
2357 4860 2463 4900 non
2523 4846 2805 4900 auderent.
2864 4844 2978 4900 Nisi
3035 4854 3376 4913 peccatorem
3434 4854 3623 4899 contu-

2039 4939 2235 4997 bernio
2275 4934 2576 4992 Salvatoris
2602 4934 2867 4989 iulizerere
2900 4934 3309 5003 conspicerent,
3339 4949 3475 5002 quos
3508 4948 3624 4990 sce-

2037 5030 2213 5085 lerum
2249 5024 2543 5079 accusabat
2564 5022 2882 5087 enormitas,
2907 5036 3047 5092 quos
3072 5023 3403 5078 conscientia
3419 5037 3625 5077 remor-

2038 5120 2225 5182 debat,
2255 5112 2691 5185 appropinquare
2726 5111 3030 5168 nullatenus
3077 5114 3568 5182 praesumpsissent.

2114 5207 2224 5263 Sed
2254 5221 2377 5261 cum
2410 5206 2513 5259 iste
2550 5202 2768 5259 sedulus
2800 5204 2853 5257 in
2888 5204 3116 5259 Domino
3141 5205 3452 5260 diversatur
3469 5204 3625 5260 obse-

2043 5298 2197 5368 quio,
2228 5296 2445 5363 insuper
2472 5303 2528 5350 et
2566 5308 2768 5348 mensae
2796 5294 3177 5364 participatur,
3209 5294 3387 5352 factius
3419 5295 3623 5366 collega

2044 5386 2320 5449 convivio,
2349 5400 2446 5440 suo
2469 5394 2787 5455 peccatores
2826 5385 2893 5439 ad
2936 5384 3142 5439 fontem
3182 5387 3403 5456 pietatis
3427 5388 3625 5443 cohor-

2048 5487 2199 5533 tatur
2222 5474 2489 5545 exemplo.
2522 5472 2733 5540 Quanto
2758 5490 2857 5545 per
2879 5490 3004 5530 eum
3036 5489 3181 5529 nunc
3207 5477 3274 5532 ad
3304 5477 3625 5546 sperandam

2051 5566 2485 5623 misericordiam
2529 5565 2827 5621 fiducialius
2861 5581 3245 5637 provocamur,
3284 5584 3446 5638 quem
3481 5570 3629 5623 vide-

2052 5658 2184 5712 licet
2226 5659 2498 5713 cernimus
2537 5656 2604 5711 ad
2636 5665 2795 5715 tanta:
2836 5660 3187 5716 sublimitatis
3212 5660 3425 5716 culmen
3470 5676 3629 5714 evec-

2054 5747 2204 5802 tum?
2262 5748 2362 5811 Qui
2414 5747 2576 5803 simul
2634 5758 2686 5802 et
2743 5752 2794 5803 in
2850 5750 3207 5817 apostolicum
3269 5752 3496 5808 allectus
3546 5763 3629 5809 est

3729 4665 3941 4737 gemina
3975 4666 4333 4735 praerogativa
4363 4668 4655 4730 concessit,
4687 4682 4791 4721 non
4829 4669 4989 4723 motio
5018 4684 5147 4723 cum
5192 4686 5321 4739 apo.

3731 4755 3890 4811 stolis
3914 4755 4269 4822 Evangelium
4312 4756 4474 4829 265
4513 4759 4830 4827 praedicare,
4869 4760 4962 4813 sed
4992 4776 5122 4815 cum
5160 4777 5326 4817 evan-

3731 4848 3941 4919 gelistis
3982 4850 4149 4903 etiam
4189 4850 4431 4904 scribere
4468 4868 4480 4902 :
4514 4859 4573 4905 et
4622 4860 4680 4904 ut
4727 4851 5090 4907 excellentius
5146 4856 5323 4908 adhuc

3729 4941 3991 5003 emineat,
4020 4941 4256 5011 primum
4289 4941 4345 4995 in
4370 4955 4559 4997 eorum
4586 4942 4796 5007 ordine,
4844 4942 4935 5012 qui
4977 4944 5131 4998 inter
5166 4956 5325 5001 caete-

3727 5043 3820 5085 ros
3868 5040 4089 5085 sanctos
4154 5031 4393 5101 insignes
4456 5039 4585 5087 sunt
4639 5042 4696 5087 et
4741 5032 5053 5101 mirabiles,
5109 5036 5323 5090 obtinet

3728 5117 3928 5172 locum.

3802 5206 4092 5263 Enimvero
4142 5209 4254 5264 haec
4306 5218 4433 5265 sunt
4485 5219 4676 5267 sancta
4740 5211 4830 5267 illa
4877 5213 5160 5275 animalia.
5208 5230 5323 5285 qua

3730 5301 3969 5370 undique
3993 5304 4153 5372 plena
4180 5303 4353 5359 oculis
4380 5305 4691 5361 referuntur
4709 5306 4927 5378 (Eucti.
4952 5309 5020 5377 i).
5047 5311 5100 5363 in
5127 5312 5323 5379 quibus

3732 5394 3922 5463 utique
3967 5396 4107 5448 sicut
4162 5410 4351 5449 revera
4409 5395 4707 5460 Cherubin,
4765 5398 5033 5453 exuberat
5078 5402 5321 5454 scientia-

3732 5485 4050 5553 plenitudo;
4086 5495 4338 5554 aspectus
4364 5499 4597 5551 .eorum,
4641 5488 4796 5557 quasi
4844 5488 5147 5544 carbonum
5188 5493 5320 5562 ignis

3733 5577 4059 5637 ardentium,
4114 5589 4168 5630 et
4230 5587 4484 5649 tanquam
4545 5579 4866 5632 radiantium
4925 5594 5319 5649 rrprtesentant

3733 5668 3965 5733 speciem
4016 5667 4404 5733 lttinpatlarum.
4438 5668 4632 5723 Coram
4686 5668 4824 5723 facie
4853 5684 4948 5723 sua
4992 5685 5213 5740 semper
5242 5672 5319 5723 in-

3733 5755 3949 5815 cedunt.
4006 5774 4111 5815 quo
4166 5759 4369 5813 Scilicet
4415 5761 4616 5829 impetu
4670 5759 4892 5827 spiritus
4938 5762 5309 5822 impelluntur.
