5450 6322
888 315 1000 374 785

2363 295 2602 353 SERMO
2641 296 2701 350 L.

4121 284 4226 341 786

881 432 1012 486 Istae
1049 442 1212 500 porro
1239 433 1366 481 snnt
1399 420 1678 492 quadriga;
1715 417 1838 483 illae,
1881 430 2016 485 quas
2050 411 2346 468 Zacharias
2370 424 2496 480 pro—
2524 414 2576 470 A
2603 419 2658 463 et
2707 409 2972 464 assistens
3013 406 3174 477 quasi
3203 405 3394 462 Gehon
3444 404 3501 460 in
3553 405 3643 460 die
3689 400 4002 500 vindemiae.
4037 399 4231 500 »ραις

883 513 1054 591 pheta
1086 517 1334 586 designat
1366 528 1381 566 :
1414 527 1540 567 eum
1576 507 1740 564 dicit:
1791 525 1811 558 ι
1850 504 1919 561 Ει
1943 517 2245 562 conversus
2268 515 2413 562 sum,
2444 507 2500 551 et

881 613 1023 680 vidi,
1059 620 1110 669 et
1146 624 1276 665 ecce
1309 614 1546 676 quatuor
1566 601 1857 673 quadriga
1891 596 2240 669 egredientes
2280 593 2348 650 de
2386 606 2503 647 me-

881 707 983 764 dio
1024 705 1255 760 duorum
1305 697 1595 761 montium,
1623 703 1682 749 et
1709 700 1872 750 erant
1909 698 2126 746 montes
2155 686 2284 743 terei
2309 684 2498 757 (Zach.

879 801 989 857 vt).
1027 815 1048 850 ι
1088 793 1164 849 De
1194 792 1395 862 quibus
1427 796 1483 844 et
1530 786 1694 859 paulo
1741 792 1863 856 post
1911 781 2146 838 dicitur:
2187 799 2206 831 ι
2247 777 2343 834 lsti
2375 785 2504 832 sunt

880 895 1126 957 quatuor
1146 882 1296 949 venti
1315 880 1463 939 caeli.
1506 877 1598 950 qui
1631 875 2013 948 egrediuntur,
2051 880 2110 924 ut
2138 877 2287 925 stent
2313 881 2503 923 coram

846 986 854 1003 '
880 974 1233 1030 dominatore
1263 970 1446 1026 omnis
1467 977 1625 1024 terra:
1651 964 1871 1037 (lbid.).
1908 981 1928 1016 ι
1961 964 2028 1018 Et
2052 960 2352 1017 notandum
2376 960 2504 1028 quia

882 1079 1000 1120 non
1032 1078 1140 1118 una
1184 1071 1420 1133 quatuor
1452 1057 1916 1129 evangelistarum
1959 1052 2226 1125 quadriga
2279 1048 2502 1112 dicitur,

880 1154 987 1210 sed
1017 1151 1392 1224 unusquisque
1440 1164 1631 1205 eorum
1682 1146 1952 1217 quadriga
1991 1152 2248 1206 vocatur,
2276 1141 2406 1210 quia
2451 1146 2507 1192 et

885 1260 1039 1300 unus
1095 1243 1148 1299 in
1181 1252 1440 1313 quatuor,
1469 1248 1526 1295 et
1562 1249 1802 1310 quatuor
1829 1245 1960 1292 sunt
1996 1235 2052 1290 in
2084 1247 2217 1298 uno,
2247 1230 2376 1285 dum
2408 1244 2507 1300 per

877 1335 1135 1406 ejusdem
1166 1334 1290 1389 ﬁdei
1335 1330 1692 1387 intentionem
1722 1328 1869 1398 quod
1900 1325 2164 1384 scribitur
2193 1337 2224 1376 a
2253 1319 2502 1392 singulis,

879 1429 1171 1498 reperitur
1198 1427 1252 1482 in
1301 1423 1540 1491 cunctis,
1587 1433 1643 1477 et
1672 1420 1818 1493 quod
1862 1419 2067 1474 dicitur
2105 1416 2174 1471 ab
2210 1413 2508 1480 universis,

882 1520 1175 1577 invenitur
1204 1519 1258 1574 itt
1290 1516 1543 1588 singulis.

964 1613 1085 1669 Duo
1111 1627 1239 1667 vero
1289 1619 1508 1666 montes
1537 1607 1686 1672 terei,
1731 1608 1801 1662 de
1833 1620 2068 1677 quorum
2105 1602 2286 1658 medio
2316 1601 2509 1656 dicun-

885 1713 986 1760 tur
1035 1701 1260 1774 egressi,
1293 1701 1401 1756 duo
1450 1708 1580 1760 sunt
1626 1698 2010 1763 Testamenta,
2052 1710 2177 1766 quae
2217 1694 2287 1749 ad
2334 1695 2511 1748 instar

2605 511 2690 558 est
2732 500 2821 556 ille
2851 499 2945 570 qui
2982 498 3157 554 mittit
3185 497 3534 567 disciplinam
3583 495 3726 550 sicut
3767 493 3988 556 lucem,
4026 490 4134 546 nisi
4187 490 4235 545 is

2604 594 2699 664 qui
2747 600 2871 661 post
2916 591 3154 646 velatam
3201 589 3402 646 faciem
3438 587 3636 659 Moysi,
3685 599 3941 657 possesso
3986 581 4237 638 tenebris

2605 683 2831 747 mundo,
2858 682 3165 737 radiantem
3207 678 3489 752 Evangelii
3515 678 3599 735 sui
3627 677 3824 746 ingerit
3863 675 4179 731 claritatem
4209 673 4233 726 ?

2605 774 2828 830 Assistit
2857 773 3044 842 itaque
3084 770 3243 843 quasi
3272 769 3491 834 Gehon,
3521 768 3588 824 de
3622 783 3732 840 quo
3778 775 3836 822 et
3869 781 3968 836 per
3993 764 4236 836 prophe-

2609 873 2718 918 tam
2740 863 2978 918 dicitur:
3027 880 3046 913 ι
3086 861 3350 917 Dominus
3394 860 3539 915 Deus
3565 868 3758 914 noster
3781 856 3982 911 ﬁuvius
4023 856 4229 926 glorio-

2607 971 2702 1011 sus
2732 954 3060 1010 exiliens‘in
3103 963 3309 1010 terram
3363 952 3666 1007 sitientem.
3703 969 3721 1003 ι
3755 948 3889 1017 Quae
3932 957 4018 1003 est
4048 957 4237 1002 autem

2607 1048 2790 1114 vinea,
2825 1047 2918 1104 cui
2968 1048 3127 1118 quasi
3175 1043 3366 1102 Gehon
3419 1042 3656 1109 assistit,
3719 1052 3776 1098 et
3823 1040 4240 1112 przedicationis

2607 1157 2722 1198 suae
2751 1139 3070 1196 madoribus
3104 1139 3337 1209 irrigare
3367 1151 3476 1192 non
3521 1135 3747 1200 desinit,
3779 1134 3884 1189 nisi
3909 1132 4000 1188 illa
4035 1133 4103 1188 de
4131 1148 4240 1201 qua

2608 1247 2706 1301 per
2736 1229 3061 1302 prophetam
3093 1228 3298 1284 dicitur
3325 1244 3340 1280 :
3381 1246 3401 1278 ί
3439 1225 3616 1283 Vinea
3663 1234 3848 1280 autem
3881 1223 4098 1280 Domini
4131 1221 4234 1277 Sa-

2608 1322 2798 1388 baoth,
2836 1320 3032 1378 domus
3087 1319 3256 1377 Israel
3283 1319 3411 1375 est?
3453 1339 3472 1371 ι
3519 1316 3658 1389 (Ιεα.
3712 1318 3794 1389 v.)
3832 1317 3984 1372 llanc
4020 1316 4242 1370 vincam

2609 1417 2678 1474 de
2731 1414 2970 1486 Egypto
3017 1422 3248 1470 vetusta!
3308 1413 3448 1484 legis
3503 1411 3768 1468 Dominus
3816 1410 4130 1476 transtulit,
4189 1419 4246 1465 ct

2610 1504 2679 1560 ad
2721 1514 2924 1561 terram
2970 1501 3275 1575 Evangelii,
3328 1517 3452 1570 qua:
3501 1501 3608 1558 mel
3657 1512 3714 1558 et
3768 1500 3852 1558 lac
3903 1509 4113 1564 manat,
4163 1499 4245 1554 iu-

2609 1599 2791 1654 duxit.
3242 1586 3251 1606 ³

2680 1688 2857 1762 Hujus
2901 1699 3086 1747 autem
3134 1692 3312 1747 vineae
3352 1692 3629 1762 primitias
3659 1679 3844 1760 attulit
3897 1701 4090 1747 ootrus
4132 1691 4244 1756 ille,

886 1796 1025 1852 teris
1059 1792 1326 1868 durabilia
1373 1799 1504 1858 sunt
1543 1800 1600 1846 et
1652 1804 1876 1847 sonora.
1918 1787 2056 1856 Quia
2110 1796 2165 1842 et
2214 1798 2391 1853 usque
2440 1782 2510 1837 ad
2541 1789 2588 1850 Β
2615 1801 2779 1857 quem
2813 1786 2921 1842 duo
2953 1785 3056 1841 viri
3091 1785 3147 1842 in
3175 1795 3336 1842 recte
3361 1794 3686 1858 posuerunt,
3719 1794 3774 1841 et
3820 1785 4122 1841 Israelitico
4152 1801 4247 1856 po-

889 1887 1061 1942 ﬁnem
1092 1884 1280 1940 saeculi
1316 1897 1425 1937 non
1449 1881 1739 1937 inveniunt
1765 1879 2086 1944 terminum,
2109 1885 2164 1932 et
2199 1891 2297 1947 per
2325 1874 2512 1930 omnia

888 1976 1084 2032 mundi
1135 1975 1320 2045 spatia,
1360 1974 1493 2029 dant
1524 1971 1803 2028 tinnitum.
1847 1970 1944 2024 (In
1977 1984 2198 2025 omnem
2233 1967 2374 2022 enim
2404 1975 2515 2020 ter-

891 2081 1016 2121 ram
1072 2065 1243 2119 exivit
1285 2078 1454 2119 sonus
1505 2076 1720 2128 eorum,
1755 2071 1812 2117 et
1872 2062 1928 2116 in
1977 2061 2115 2117 ﬁnes
2159 2060 2314 2115 orbis
2354 2069 2516 2113 terrae

889 2157 1061 2212 verba
1087 2171 1276 2211 eorum
1326 2152 1504 2226 (Psal.
1533 2154 1719 2225 xvtu).
1752 2174 1771 2207 ι
1818 2151 1920 2220 Qui
1952 2163 2011 2208 et
2043 2152 2194 2207 venti
2229 2166 2351 2206 esse
2375 2150 2516 2206 refe-
2561 2196 2565 2201 .

892 2258 1129 2314 runtur;
1156 2249 1283 2318 quia
1323 2247 1393 2303 de
1431 2246 1517 2302 his
1562 2245 1830 2315 scriptum
1873 2257 1996 2300 est:
2052 2263 2070 2297 ι
2112 2243 2212 2301 Ubi
2264 2254 2386 2299 erat
2415 2243 2516 2297 im-

890 2350 1062 2412 petus
1096 2340 1341 2408 spiritus,
1394 2337 1523 2394 illuc
1560 2337 1955 2410 gradiebantur
1998 2330 2224 2408 (Eucti.
2254 2333 2320 2404 ι).
2360 2352 2379 2386 ι
2411 2331 2513 2399 Qui

887 2434 1064 2487 etiam
1092 2433 1464 2502 egrediuntur,
1513 2439 1567 2484 ut
1603 2424 1750 2485 st‘ent
1773 2445 1961 2485 coram
2009 2426 2356 2484 dominatore
2398 2442 2519 2483 om-

892 2527 984 2586 nis
1009 2537 1193 2591 terrae,
1223 2525 1353 2594 quia
1381 2523 1528 2594 quod
1559 2522 1737 2578 sancti
1766 2522 2156 2592 praedicatores
2182 2536 2245 2576 ex
2273 2518 2517 2575 ﬁdelium

892 2615 1326 2672 fructiﬁcatione
1384 2613 1701 2684 proﬁciunt,
1755 2629 1863 2668 non
1921 2609 2026 2667 sibi
2089 2611 2360 2677 tribuunt,
2419 2609 2516 2665 sed

891 2707 1132 2771 auctori,
1173 2721 1202 2759 a
1235 2720 1345 2775 quo
1375 2720 1564 2761 eorum
1616 2704 1800 2760 omnia
1853 2703 2009 2758 lucra
2061 2702 2390 2773 procedunt.
2443 2699 2520 2756 De

893 2798 1100 2868 quibus
1153 2797 1220 2850 ad
1255 2795 1318 2849 Β.
1367 2795 1471 2851 Job
1499 2795 1730 2850 dicitur:
1768 2813 1787 2846 ι
1821 2792 2078 2864 Nunquid
2121 2793 2387 2847 immittes
2416 2790 2523 2846 ful-

892 2903 1060 2959 gura,
1087 2898 1143 2943 et
1173 2887 1350 2952 ibunt,
1369 2895 1426 2941 et
1456 2884 2126 2949 revertentiadicenttibi,
2153 2885 2432 2940 Adsumus
2452 2884 2475 2938 ?
2495 2904 2513 2936 ι

895 2979 1026 3047 (Job
1066 2979 1322 3049 xxxvnt.)
1381 2977 1474 3033 [lae
1517 2986 1645 3034 sunt
1689 2978 1794 3033 illae
1837 2988 2077 3053 quatuor
2106 2978 2338 3049 hydria},
2383 2993 2521 3049 quas

892 3071 1050 3125 Elias
1094 3070 1502 3126 sacrillcaturus
1539 3069 1706 3138 jussit
1738 3069 1974 3140 impleri,
2021 3079 2079 3124 et
2131 3069 2314 3125 tribus.
2358 3084 2522 3140 super

2615 1879 2742 1950 pulo
2770 1879 3089 1936 detulerunt
3135 1879 3330 1950 (Num.
3381 1879 3532 1951 xm).
3570 1879 3690 1935 Duo
3729 1880 3943 1936 scilicet
3985 1879 4112 1944 viri,
4142 1881 4249 1934 duo

2616 1979 2744 2026 sunt
2773 1970 2979 2042 p0puli,
3009 1967 3271 2027 Judaicus
3314 1979 3370 2026 et
3402 1971 3648 2041 gentilis.
3679 1970 3746 2026 lli
3792 1972 4012 2027 bolrum
4051 1986 4253 2042 posue-

2618 2071 2750 2117 runt
2799 2063 2854 2116 in
2911 2071 3088 2126 vecte,
3122 2063 3252 2133 quia
3323 2060 3674 2119 Salvatorem
3729 2064 4140 2134 suspenderunt
4194 2064 4254 2118 iu-

2617 2167 2802 2208 cruce.
2842 2151 2951 2208 Sed
2980 2168 3303 2225 prmcessor,
3340 2155 3486 2225 quod
3542 2156 3816 2225 portabat,
3853 2173 3959 2210 uon
4010 2157 4248 2226 aspicie-

2617 2245 2741 2309 bat;
2783 2245 2877 2315 qui
2930 2246 3288 2316 sequebatur,
3320 2229 3665 2302 intuebatur.
3702 2246 3768 2301 Et
3812 2245 4128 2303 Judazurum
4164 2264 4255 2318 pu-

2618 2334 2800 2407 pulus,
2857 2335 2950 2406 qui
3005 2351 3105 2392 nos
3153 2338 3492 2408 temporibus
3544 2339 3865 2404 antecessit,
3931 2337 4252 2406 Dominum,

2619 2443 2781 2499 quem
2807 2429 2860 2483 in
2882 2430 3169 2501 prophetis
3210 2440 3268 2486 et
3304 2429 3426 2503 lege
3455 2441 3799 2504 portaverat,
3831 2432 3961 2488 dum
3990 2433 4256 2488 obcdicu.

2623 2519 2713 2576 tim
2739 2520 2950 2576 vultum
2975 2513 3195 2594 semper
3223 2524 3448 2591 avertit,
3471 2523 3660 2581 videre
3687 2541 3796 2582 non
3826 2525 4037 2596 potuit;
4074 2526 4256 2598 genti-

2621 2612 2689 2667 lis
2718 2624 2902 2669 autem
2933 2614 3028 2684 qui
3064 2615 3337 2685 sequitur,
3377 2625 3642 2688 tanquam
3668 2633 3782 2690 prze
3806 2618 3985 2675 oculis
4010 2619 4254 2689 positum

2621 2704 2840 2758 assidue
2860 2705 3286 2775 contemplatur.
3319 2704 3474 2763 Hunc
3495 2709 3717 2765 botrum
3743 2709 3967 2766 Gedeon
4003 2711 4260 2782 ﬁguravit

2623 2809 2746 2850 cum
2814 2795 3127 2865 Ephratmis
3197 2798 3668 2857 calumniantibus
3733 2804 3836 2858 sub
3897 2804 4257 2859 excusatione

2625 2887 2944 2956 respondit:
3009 2906 3029 2940 ι
3058 2888 3254 2946 Nonne
3294 2890 3491 2948 melior
3546 2903 3634 2948 est
3683 2909 3937 2950 racemus
3985 2895 4250 2966 Ephraim

2624 2978 2918 3033 vindemiis
2939 2978 3214 3036 Abiezer?
3250 2999 3269 3035 ι
3293 2981 3447 3053 (Jud,
3476 2983 3628 3051 vni.)
3655 2983 3789 3038 Nam
3813 2985 3942 3055 quia
3967 2985 4254 3056 Ephraim.

2625 3069 2719 3139 qui
2776 3069 3159 3140 fecunditatem
3209 3082 3392 3138 sonat,
3439 3074 3744 3131 Eeclcsiam
3785 3077 4074 3148 exprimit,
4126 3081 4257 3149 quid

896 3160 1284 3216 holocaustum
1310 3160 1522 3214 vicibus
1550 3157 1878 3230 superfund't
1918 3157 2038 3230 (ΙΙΙ
2063 3158 2192 3230 Reg.
2228 3160 2386 3230 xvu).
2422 3158 2520 3215 llic
2547 3149 2594 3214 C
2625 3173 2723 3229 per
2772 3174 3055 3216 racemum
3099 3161 3386 3234 prraim,
3437 3155 3543 3221 nisi
3594 3165 3920 3222 Christum?
3959 3167 4102 3236 Quid
4162 3186 4258 3240 per

894 3260 986 3307 est
1009 3250 1098 3306 ille
1124 3250 1464 3322 quadriﬁdus
1505 3249 1797 3305 fluviorum
1824 3263 2041 3316 cursus,
2084 3250 2178 3320 qui
2203 3249 2272 3304 de
2295 3248 2518 3314 Christo

896 3351 1164 3412 tanquam
1212 3342 1280 3396 de
1324 3341 1560 3410 paradisi
1619 3340 1772 3395 fonte
1813 3340 2164 3410 progreditur
2211 3350 2265 3393 et
2309 3340 2518 3394 arentia

895 3434 1154 3503 quadrati
1185 3433 1336 3489 orbis
1374 3448 1508 3487 arva
1559 3431 1840 3502 perfundit
1882 3430 2038 3504 (Cen.
2077 3435 2162 3502 ιι).
2199 3432 2274 3486 De
2296 3447 2405 3501 quo
2436 3432 2519 3487 vir

897 3524 992 3579 ille
1017 3525 1239 3594 sapiens
1270 3524 1348 3578 ait
1373 3542 1388 3578 :
1436 3543 1455 3576 ‹
1489 3523 1690 3595 Legem
1718 3525 2001 3579 mandavit
2031 3523 2246 3596 Moyses
2275 3523 2327 3577 in
2374 3539 2518 3594 pra:-

893 3619 1078 3687 ceptis
1099 3616 1462 3686 justitiarum,
1499 3628 1554 3674 et
1584 3617 1964 3675 hereditatem
1995 3620 2196 3675 domus
2234 3617 2426 3686 .lacob,
2461 3627 2519 3673 et

894 3707 1070 3764 Israel
1097 3709 1491 3779 promissiones
1513 3708 1706 3780 (Eccli.
1744 3709 1960 3779 xxxw).
1988 3728 2005 3760 ι

977 3800 1052 3856 Ut
1084 3809 1267 3855 autem
1308 3801 1360 3854 in
1407 3800 1494 3856 his
1522 3800 1708 3856 verbis
1737 3816 1845 3856 non
1899 3801 2105 3856 diutius
2142 3801 2520 3869 immoremur,

896 3892 989 3950 lex
1038 3894 1160 3959 ista,
1193 3910 1315 3965 quae
1362 3895 1655 3950 haereditas
1691 3896 2075 3966 promissionis
2115 3898 2336 3964 dicitur,
2392 3915 2522 3953 san-

898 3994 1052 4041 etum
1091 3995 1174 4040 est
1214 3987 1588 4058 Evangelium,
1619 3988 1766 4054 quod
1808 3988 2030 4065 quidem
2062 3990 2310 4060 antiquis
2347 3990 2523 4046 Patri-

902 4078 1008 4133 bus
1057 4087 1140 4133 est
1172 4080 1524 4149 promissum,
1558 4081 1717 4137 nobis
1765 4090 1949 4137 autem
1988 4084 2341 4139 haereditario
2370 4083 2521 4153 jure,

899 4167 1129 4225 Christo
1156 4173 1430 4238 veniente,
1474 4173 1758 4241 collatum,
1790 4176 1884 4230 ubi
1913 4185 2116 4246 przesto
2139 4175 2518 4249 subjuugitur:

908 4281 925 4310 ε
955 4261 1149 4316 Posuit
1179 4263 1347 4319 David
1387 4280 1560 4336 puero
1619 4281 1720 4322 suo
1747 4268 1993 4324 eiu-itare
2048 4283 2236 4340 regem
2285 4283 2355 4325 ex
2404 4269 2524 4340 ipso

905 4354 1293 4423 fortissimum,
1319 4367 1377 4412 ut
1402 4358 1601 4414 throno
1623 4360 1890 4416 honorum
1924 4362 2208 4418 sedentem
2237 4362 2292 4418 in
2319 4364 2523 4436 sempi-

904 4452 1145 4502 ternum.
1169 4449 1269 4517 Qui
1294 4450 1478 4520 implet
1501 4453 1657 4522 quasi
1689 4452 1892 4509 Phison
1914 4455 2264 4526 sapientiam,
2298 4465 2356 4512 et
2379 4457 2527 4513 sicut

2626 3252 2931 3309 vindemias
2979 3256 3234 3317 Abiezer.
3272 3258 3377 3313 nisi
3427 3257 3790 3316 Judaicorum
3843 3261 4256 3318 multitudinem

2624 3346 3021 3403 sacerdotum?
3051 3346 3180 3406 Sive
3216 3352 3381 3408 etiam
3415 3367 3515 3422 per
3556 3369 3838 3409 racemum
3869 3370 4075 3426 parvus
4127 3355 4260 3412 ﬁde-

2621 3438 2755 3493 lium
2793 3433 3054 3498 numerus
3082 3444 3378 3514 primitivae
3429 3446 3699 3503 Ecclesire
3726 3491 3742 3512 ,
3786 3461 3886 3519 per
3916 3449 4256 3506 vindcnriam

2624 3545 2755 3586 vero
2794 3532 3088 3589 multitudo
3115 3534 3469 3609 intelligenda
3491 3547 3577 3594 est
3613 3537 3942 3611 Synagogte.

2697 3619 2891 3677 Melior
2957 3629 3044 3678 est
3111 3638 3244 3697 ergo
3315 3642 3572 3684 racemus
3632 3630 3894 3701 Ephraim
3967 3634 4263 3692 vindemiis

2625 3711 2883 3779 Abiezer,
2916 3715 3048 3783 quia
3101 3716 3317 3774 beatior
3356 3717 3459 3775 fuit
3503 3722 3785 3791 primitiva
3831 3721 4104 3790 Ecclesia,
4139 3743 4262 3797 quce

2626 3818 2804 3874 usque
2839 3805 2896 3861 in
2925 3805 3090 3863 ﬁnem
3117 3810 3305 3868 saeculi
3330 3814 3744 3870 renascentium
3779 3816 3968 3874 sobole
3998 3818 4261 3877 fecunda-

2627 3903 2738 3965 tur,
2761 3912 2925 3968 quam
2947 3899 3411 3980 Synagoga,_quze
3433 3908 3697 3977 paulatim
3730 3911 3980 3980 quotidie
4012 3913 4261 3969 defectu-

2629 4003 2687 4042 ra
2724 3990 2992 4048 minuitur
3021 4010 3036 4059 ;
3071 3995 3220 4051 unde
3247 3992 3416 4070 etpet
3475 3999 3674 4056 Isaiam
3719 4001 3956 4058 dicitur:
4001 4023 4019 4054 ι
4045 4003 4254 4069 Lauda,

2631 4083 2879 4148 sterilis;
2913 4101 3037 4156 qua:
3065 4102 3172 4144 non
3205 4075 3385 4160 paris,
3409 4090 3644 4150 decanta
3677 4089 3920 4160 laudem,
3949 4104 4005 4151 et
4029 4097 4266 4170 hymnos

2629 4173 2907 4250 [hymni],
2941 4192 3063 4248 qua:
3099 4196 3208 4236 non
3251 4183 3823 4256 pariebasfquoniam
3858 4188 4018 4243 multi
4053 4189 4147 4244 ﬁlii
4171 4192 4266 4246 de-

2630 4276 2794 4324 sertae
2835 4272 3011 4341 magis
3054 4289 3222 4343 quam
3264 4275 3384 4345 ejus
3439 4294 3562 4349 qua:
3617 4280 3785 4335 habet
3835 4276 4054 4349 virum;
4092 4283 4262 4338 dilata

2628 4359 2810 4416 locum
2850 4366 3073 4421 lentorii
3107 4368 3209 4434 tui,
3237 4378 3293 4424 et
3317 4370 3488 4442 pelles
3521 4373 4006 4430 tabernaculorum
4037 4384 4254 4432 tuorum

2631 4459 2890 4526 extende,
2956 4477 3026 4517 ne
3071 4479 3288 4533 parcas,
3347 4466 3541 4538 longos
3599 4465 3688 4524 fac
3733 4467 4007 4526 funiculos
4041 4453 4167 4527 tuos
4207 4481 4266 4528 et

905 4539 1089 4613 Tigris
1119 4544 1171 4599 in
1209 4545 1404 4601 diebus
1457 4561 1746 4602 novorum.
1795 4548 1898 4616 Qui
1938 4550 2200 4621 adimplet
2230 4553 2384 4622 quasi
2415 4552 2527 4608 Eu-
2553 4535 2605 4598 D
2630 4548 2817 4608 clavos
2851 4560 2974 4610 tuos
2995 4555 3276 4612 consolida
3307 4573 3322 4623 ;
3361 4557 3429 4612 ad
3448 4535 3748 4615 dexteram
3796 4561 3968 4627 enim,
3993 4569 4050 4618 et
4077 4563 4148 4617 ad
4177 4562 4267 4617 lm-

903 4631 1133 4702 pltrates
1159 4649 1399 4701 sensum,
1449 4639 1541 4707 qui
1590 4638 1921 4709 multiplicat
1973 4641 2126 4710 quasi
2175 4640 2436 4699 .lordanis
2469 4644 2522 4698 itt

905 4731 1184 4797 tempore
1205 4731 1420 4785 messis.
1481 4731 1584 4798 Qui
1636 4733 1806 4788 mittit
1857 4733 2204 4805 disciplinam
2253 4737 2397 4792 sicut
2444 4738 2526 4792 lu-

906 4835 1063 4885 cem,
1115 4833 1172 4879 et
1221 4827 1489 4882 assistens
1537 4827 1693 4897 quasi
1751 4827 1941 4885 Gehou
1994 4829 2045 4884 in
2096 4829 2184 4885 die
2236 4831 2525 4888 vindemia:

910 4910 1080 4980 (Ibid.
1101 4913 1142 4984 ).
1167 4933 1184 4965 ι

981 5002 1109 5059 Haec
1139 5005 1342 5076 itaque,
1387 5007 1587 5065 fratres
1616 5011 1744 5076 mei,
1793 5019 1901 5066 tam
1935 5012 2130 5081 lucide,
2189 5023 2299 5070 tam
2335 5025 2525 5086 aperte

908 5092 976 5148 de
1009 5096 1230 5154 Christo
1277 5111 1331 5155 et
1373 5105 1582 5158 sanctis
1612 5106 1969 5175 cvangelislis
1999 5107 2145 5161 dicta
2187 5117 2338 5175 sunt,
2368 5120 2427 5163 ut
2456 5109 2523 5164 ad

911 5186 1013 5243 hoc
1047 5190 1432 5246 insinuandutn
1481 5197 1677 5265 exponi
1713 5212 1819 5252 non
1868 5208 2086 5268 egeant.
2137 5198 2245 5254 Sed
2289 5201 2416 5256 dtnn
2470 5201 2522 5255 in

911 5285 1140 5347 Sanctis,
1181 5302 1244 5341 ac
1281 5289 1526 5358 mysticis
1571 5290 1750 5345 verbis
1778 5292 2070 5347 vindemiae
2114 5294 2282 5366 266
2322 5311 2521 5352 nomen

911 5377 1129 5444 auditis,
1155 5381 1246 5450 qui
1280 5396 1344 5435 ex
1400 5385 1660 5453 temporis
1708 5387 2000 5454 occasione
2039 5397 2289 5444 terrenas
2326 5390 2519 5445 vinde-

912 5466 1050 5523 mias
1076 5487 1187 5540 pra:
1238 5472 1487 5530 manibus
1527 5475 1765 5542 habetis,
1789 5476 2002 5533 debetis
2054 5493 2082 5532 a
2111 5479 2523 5536 circumstanti-

911 5556 1012 5614 bus
1051 5563 1117 5616 ad
1176 5562 1439 5621 interiora
1493 5584 1800 5636 recurrere,
1856 5579 1913 5625 et
1961 5571 2301 5642 spiritualem
2334 5574 2526 5630 vinde-

913 5649 1076 5705 miam
1101 5661 1299 5707 sancta
1331 5667 1508 5712 vestra
1546 5660 1836 5729 prudentia
1865 5663 2132 5731 cogitare.
2164 5665 2256 5718 Ait
2284 5665 2432 5719 enim
2473 5666 2523 5720 in

916 5741 1018 5801 ﬁne
1044 5749 1333 5804 sententia:
1363 5769 1374 5803 :
1409 5772 1426 5804 ι
1457 5752 1558 5822 Qui
1589 5755 2119 5827 mittitdisciplinam
2149 5758 2290 5814 sicut
2327 5761 2522 5826 lucem,

2629 4658 2754 4698 vam
2783 4646 3125 4735 penetrabis,
3161 4659 3218 4705 et
3254 4664 3444 4707 semen
3487 4660 3640 4706 tuum
3672 4660 3868 4722 gentes
3910 4654 4264 4710 haereditabit

2631 4733 2772 4804 (lea.
2820 4733 2953 4809 Liv).
3009 4758 3028 4792 ι
3061 4739 3185 4796 [hec
3227 4757 3362 4797 sane
3391 4743 3549 4814 cujus
3585 4757 3773 4799 semen
3813 4752 4009 4815 gentes
4029 4744 4266 4800 hzercdi-

2633 4844 2734 4902 tat,
2761 4832 3012 4890 Ecclesia
3050 4843 3158 4897 est,
3188 4850 3312 4904 quae
3348 4834 3596 4903 quotidie
3629 4850 3802 4908 genus
3831 4836 4136 4892 humanum
4165 4850 4264 4909 per

2631 4919 2761 4984 suos
2794 4925 2935 4982 ﬁlios
2971 4926 3039 4980 ad
3085 4925 3209 4981 ﬁdei
3251 4927 3520 4981 unitatem
3543 4937 3727 4984 vocat.
3761 4927 3890 4984 llzec
3916 4937 4023 4994 est,
4054 4929 4125 4985 de
4151 4946 4259 5001 qua

2632 5021 2834 5078 dicitur
2864 5021 2918 5075 in
2945 5019 3203 5082 Psalmis,
3255 5039 3272 5071 ι
3305 5036 3402 5090 pro
3429 5037 3491 5076 ea
3523 5038 3647 5092 qua:
3677 5022 4044 5093 consequitur
4088 5023 4266 5079 haere-

2631 5115 2858 5171 ditatem
2883 5111 3058 5183 (Psat.
3089 5128 3173 5175 Ill,
3202 5113 3254 5167 iu
3284 5113 3414 5181 tit.).
3449 5134 3467 5166 ι
3503 5113 3630 5170 llaec
3659 5122 3744 5171 est
3776 5115 3960 5180 vinea,
3992 5131 4117 5185 qua:
4146 5115 4264 5170 latt-

2633 5205 2756 5260 dem
2805 5205 3110 5260 decantare
3154 5205 3512 5274 praecipitur:
3544 5207 3689 5262 sicut
3737 5217 3794 5262 et
3827 5206 3972 5278 apud
4005 5210 4262 5264 eutmlem

2631 5297 2960 5368 prophetam
3033 5296 3163 5351 alibi
3223 5299 3552 5366 reperitur:
3614 5318 3632 5350 ι
3684 5299 3737 5354 In
3798 5299 3889 5354 illa
3959 5299 4048 5354 die
4103 5302 4261 5355 vinea

2635 5391 2774 5446 tueri
2815 5389 3066 5444 cantabit
3117 5391 3200 5456 ei;
3253 5405 3356 5460 ego
3421 5391 3709 5456 Dominus,
3778 5393 3870 5462 qui
3922 5407 4084 5448 servo
4136 5407 4260 5446 eam

2636 5480 2775 5552 (ha.
2801 5481 2999 5551 xxvn).
3033 5502 3051 5532 ι

2712 5575 2790 5630 De
2834 5575 2936 5630 hac
2969 5574 3129 5629 vinea
3163 5575 3358 5632 beatus
3387 5591 3611 5646 quoque
3639 5576 3933 5633 Matthzcns
3968 5576 4264 5631 Dominum

2637 5665 2845 5723 dixisse
2889 5676 3291 5742 commemorat
3347 5685 3360 5721 :
3413 5687 3432 5718 ‹
3467 5667 3605 5736 Quia
3649 5669 3820 5724 homo,
3865 5679 3987 5723 erat
4018 5667 4263 5739 paterfa-

2641 5759 2842 5828 tnilias,
2898 5760 2990 5830 qui
3053 5759 3316 5831 plantavit
3365 5763 3608 5828 vincant,
3663 5772 3718 5818 ct
3776 5778 3963 5832 sepem
4021 5763 4264 5819 circum-
