5450 6408
157 1149 176 1164 ἰ

91 1535 104 1544 l‘
175 1527 188 1542 _.

77 1553 102 1570 l'u
109 1565 114 1570 .

105 1657 130 1670 ³-
155 1657 172 1668 ο

91 1781 104 1804 ε

95 1901 104 1910 ιι

2077 386 2183 447 707

432 21 4018 92 _————————

2720 383 2778 439 s.
2822 378 3025 437 rem
3062 374 3347 435 DAIIANI
3384 377 3536 435 ore.
3581 370 3767 433 rans
3799 354 3928 417 5w
3971 353 4205 412 T0355
4242 355 4305 414 ιι-
4345 402 4414 415 -
4450 373 4842 434 εειυιομεε.

3189 374 3347 435 nam
3384 377 3536 435 ore.
3581 370 3767 433 psus
3799 354 3928 417 5w
3971 353 4205 412 T0305
4242 355 4305 414 ιιι
4345 402 4414 415 -
4450 373 4842 434 sessiones.
5252 379 5341 437 an

2073 495 2225 552 dedit
2250 492 2412 565 237
2442 492 2515 556 ei,
2544 499 2599 545 et
2644 489 2780 545 fodit
2810 490 2864 544 in
2892 503 2955 543 ea
2984 486 3243 555 torcular,
3275 496 3332 543 at
3370 487 3655 543 aedificavit
3683 490 3729 551 Α
3756 494 4067 558 peccatores
4105 486 4313 551 invitat,
4362 487 4584 557 januam
4613 490 4769 545 vobis
4808 503 4927 545 suae
4956 486 5343 547 miserioonﬁn

2076 585 2288 649 turrim,
2326 591 2383 637 et
2423 580 2620 636 locavit
2663 594 2785 633 eam
2824 578 3098 649 agricolis,
3144 587 3199 632 et
3225 592 3450 647 peregre
3478 577 3655 647 profe-

2072 683 2192 729 ctus
2220 681 2301 726 est
2337 671 2551 743 (Matth.
2600 671 2736 739 xxx).
2773 687 2792 720 ι
2852 668 2979 723 Hmc
3020 672 3175 723 \iuea
3218 684 3284 722 ex
3317 669 3406 722 illo
3458 667 3656 737 prodiit

2068 767 2248 825 botro,
2285 764 2377 832 qui
2430 762 2653 832 pedibus
2700 756 3008 815 Iudmorum
3058 769 3222 830 atque
3268 759 3545 829 gentilium
3600 759 3654 815 in

2069 856 2252 911 crucis
2276 854 2516 911 calcatus
2541 863 2626 909 est
2667 851 2857 923 praalo,
2881 867 2948 907 ex
2992 868 3102 922 quo
3123 853 3342 922 pretiosi
3374 852 3653 920 sanguinis

2068 945 2214 999 unda
2262 943 2536 1015 proﬂuxit,
2589 958 2710 1014 qua:
2738 952 2945 997 mentes
2970 942 3247 997 hominum
3279 943 3417 996 male
3443 942 3655 997 sobrias

2067 1036 2198 1091 vino
2224 1035 2520 1104 spiritualés
2548 1030 2759 1105 gratim
2805 1032 3096 1087 salubriter
3129 1032 3412 1086 debriavit.
3451 1032 3524 1086 De
3546 1048 3653 1101 quo

2065 1123 2277 1179 scilicet
2314 1125 2437 1177 vino
2467 1138 2589 1177 cum
2634 1122 2865 1177 diversis
2896 1121 3090 1190 linguis
3110 1134 3208 1189 per
3234 1118 3495 1189 Spiritum
3532 1136 3653 1174 san-

2065 1222 2215 1270 ctum
2271 1214 2626 1285 loquerentur
2674 1212 2924 1284 apostoli,
2976 1212 3181 1265 dictum
3239 1222 3359 1266 est:
3424 1228 3443 1262 t
3478 1210 3652 1267 “usto

2063 1305 2211 1374 pleni
2242 1316 2365 1361 sunt
2396 1306 2485 1361 isti
2536 1307 2675 1375 (Act.
2712 1306 2795 1373 ιι).
2831 1324 2851 1357 ι
2887 1303 2977 1357 Va:
3023 1304 3140 1369 illi,
3185 1305 3276 1373 qui
3322 1318 3544 1372 prorsus
3583 1307 3651 1361 ab

2068 1398 2173 1452 hoc
2226 1406 2408 1451 musto
2442 1395 2671 1466 jejuuat,
2699 1405 2756 1449 et
2784 1396 2986 1451 terreni
3036 1396 3145 1449 vini
3193 1396 3503 1465 crapulam,
3543 1412 3651 1466 quo

2062 1497 2274 1551 aestuat,
2321 1488 2683 1559 ingurgitatus
2727 1497 2960 1541 emetat.
3002 1505 3022 1538 ι
3057 1486 3147 1541 Vae
3193 1488 3378 1549 vobis,
3415 1488 3488 1541 ait
3524 1503 3648 1557 pro-

2060 1578 2244 1649 pheta,
2300 1580 2393 1650 qui
2433 1586 2684 1649 potentes
2730 1580 2864 1633 estis
2898 1581 2965 1631 ad
3008 1578 3301 1631 bibendum
3344 1579 3546 1639 vinum.
3597 1588 3653 1633 et

2060 1670 2163 1723 viri
2206 1669 2379 1724 fortes
2430 1670 2498 1724 ad
2550 1670 2884 1723 miscendam
2938 1670 3257 1723 ebrietatem
3310 1668 3459 1737 (Isa.
3512 1670 3585 1738 v).
3625 1688 3644 1721 ι

2056 1760 2248 1815 Infelix
2273 1761 2453 1831 plane,
2483 1762 2576 1830 qui
2616 1776 2675 1815 se
2713 1776 2743 1815 a
2789 1761 2913 1815 vino
2956 1760 3129 1815 sancti
3180 1759 3418 1829 Spiritus
3463 1771 3651 1815 servat

3757 580 4047 634 clementer
4075 578 4302 647 aperiat,
4338 592 4399 631 ac
4444 579 4714 634 mentibus
4738 581 4936 634 vestris
4962 580 5161 649 gratia
5186 581 5340 636 cele-

3754 672 3852 728 stis
3881 673 4018 725 dona
4053 666 4332 723 diffundat.
4371 667 4472 735 Qui
4530 670 4660 724 vivit
4686 681 4741 725 et
4771 680 4968 741 regnat
5000 670 5055 724 in
5088 667 5344 725 Trinitats

3756 762 3990 834 perfecta
4022 775 4163 815 unus
4198 768 4254 815 et
4297 775 4458 815 verus
4494 760 4635 816 Deus
4671 763 4725 817 in
4770 762 4972 818 secula
4999 764 5339 817 seculorum.

3754 854 3946 909 Amen.

4244 964 4410 1035 πω
4445 962 4726 1020 llOMILlA
4766 962 4853 1017 Lf.

3827 1073 3890 1111 οε
3925 1072 4123 1112 SANCTO
4161 1073 4432 1197 ιλττηῗο
4468 1071 4734 1195 ANTIO“;
4771 1072 4840 1112 ιτ
4879 1069 5276 1113 ενηςιιητι.

4404 1142 4496 1182 ιιι
4537 1141 4689 1181 εεοτ.

4404 1142 4496 1182 ιιι
4537 1141 4689 1181 881⁵⁸1⁵.

3824 1218 3878 1270 lu
3907 1218 3995 1271 illo
4021 1228 4262 1287 tempore
4286 1236 4297 1271 :
4336 1236 4355 1269 σ
4382 1216 4517 1272 Cum
4551 1218 4810 1275 transiret
4833 1216 4991 1273 Iesus
5020 1233 5122 1287 per
5150 1218 5345 1274 civita-

3755 1320 3858 1362 tem
3910 1324 4081 1370 suam,
4139 1308 4273 1362 vidit
4340 1309 4611 1363 hominem
4665 1309 4940 1364 sedentem
5004 1310 5059 1362 in
5118 1309 5343 1373 telonio,

3753 1396 4061 1450 Mattliaaum
4088 1398 4303 1451 nomine
4330 1396 4549 1469 (Matth.
4581 1397 4677 1467 ts).
4711 1416 4730 1451 ι
4765 1396 4830 1451 Et
4860 1396 5090 1466 reliqua.

3824 1485 4143 1553 Evangelica
4174 1486 4355 1550 lectio,
4410 1498 4529 1555 qua
4555 1500 4697 1540 nunc
4723 1486 4945 1539 auribus
4968 1486 5170 1540 vestris
5198 1486 5345 1540 inso-

3751 1576 3885 1637 nuit,
3928 1577 4283 1640 dilectissimi,
4321 1574 4463 1629 velut
4489 1575 4716 1645 insignis
4747 1575 4887 1630 inter
4932 1585 5130 1630 cetera
5162 1576 5345 1631 Domi-

3750 1670 3882 1721 nica:
3908 1668 4228 1721 eruditionis
4249 1667 4469 1723 oracula
4494 1677 4811 1720 maerentem
4838 1676 5191 1735 peccatorum
5215 1681 5345 1721 con—

3751 1760 4031 1811 scientiam
4084 1766 4314 1820 recreat,
4347 1759 4691 1812 tabescentes
4719 1757 4929 1811 animos
4955 1758 5143 1826 erigit,
5174 1758 5344 1827 pusil-

2060 1850 2411 1916 abstemium,
2444 1862 2498 1905 et
2522 1851 2832 1921 pulmonem
2871 1858 3048 1919 portat
3082 1850 3188 1902 viui
3222 1850 3457 1902 carnalis
3492 1866 3647 1903 acro-
3680 1840 3718 1898 Β
3754 1850 4066 1901 lauimitatis
4100 1856 4155 1901 et
4176 1846 4482 1901 diffidentiae
4505 1846 4672 1916 frigus
4692 1847 4949 1911 excludit,
4978 1857 5035 1901 et
5058 1849 5127 1900 ad
5158 1850 5341 1902 conci-

2062 1942 2211 1995 ribus
2235 1950 2577 2005 aestuantem,
2609 1943 2766 2011 cujus
2795 1952 2982 1995 venter
3007 1941 3179 2009 epulis
3220 1951 3382 2009 atque
3417 1945 3651 2009 putatio-

2060 2030 2219 2085 nibus
2251 2032 2583 2095 intumescit,
2616 2043 2671 2085 et
2719 2032 3015 2101 spiritualis
3040 2032 3226 2099 gratia:
3258 2032 3439 2085 viuum
3483 2034 3535 2085 in
3566 2033 3647 2085 sui

1984 2152 1999 2165 υ
2059 2124 2243 2178 cordis
2270 2124 2494 2179 cellario
2522 2142 2629 2178 non
2663 2125 2930 2179 recondit.

2131 2214 2240 2270 Vos
2292 2228 2502 2281 autem,
2552 2217 2912 2281 dilectissimi,
2970 2218 3053 2271 sic
3103 2225 3264 2271 terrae
3301 2217 3650 2286 proventibus

2060 2304 2378 2375 colligendis
2431 2306 2684 2369 insistite,
2737 2316 2797 2361 ut
2844 2308 3199 2361 memineritis
3252 2308 3416 2361 etiam
3466 2308 3647 2360 viuum

2061 2397 2230 2451 divini
2271 2399 2617 2454 cliarismatis
2658 2401 2710 2453 in
2755 2401 3013 2454 mentium
3063 2410 3368 2454 vestrarum
3414 2399 3650 2452 (unnulis

2061 2502 2380 2561 convasare.
2408 2489 2663 2557 Quisquis
2685 2500 2864 2542 autem
2892 2505 2949 2543 se
2980 2506 3008 2541 a
3041 2492 3288 2557 proximo
3326 2506 3420 2557 per
3443 2490 3648 2542 discor-

2060 2574 2165 2627 dite
2209 2574 2449 2631 fomitem
2498 2577 2707 2639 dividit,
2762 2592 2869 2631 non
2908 2578 3024 2632 avis
3058 2578 3287 2637 Domini.
3336 2578 3429 2631 sed
3480 2587 3648 2631 terre-

2057 2680 2191 2721 num
2242 2666 2443 2721 animal
2475 2668 2655 2722 vinum
2706 2669 2895 2737 gratim
2944 2669 3183 2724 caelestis
3218 2680 3449 2740 ignorat.
3499 2668 3647 2724 Unde

2058 2766 2167 2824 est,
2194 2762 2336 2829 quod
2359 2761 2637 2815 Abraham
2664 2777 2787 2815 cum
2821 2762 3179 2826 sacrificaret.
3205 2773 3400 2818 caetera
3430 2765 3645 2832 quidem

2058 2848 2317 2903 animalia
2342 2864 2437 2917 per
2463 2852 2700 2905 medium
2727 2853 2994 2918 dividens,
3022 2861 3280 2923 utrasque
3309 2862 3489 2923 partes
3522 2870 3650 2907 coa-

2059 2950 2145 2994 tra
2195 2955 2256 2994 se
2308 2941 2630 2996 altrinsecus
2671 2945 2875 3014 posuit,
2917 2959 3046 2999 aves
3095 2955 3276 2999 autem
3321 2960 3427 2999 non
3467 2947 3651 3000 divisit

2056 3029 2213 3099 (Gen.
2236 3032 2356 3100 xv):
2382 3033 2482 3087 hoc
2505 3035 2788 3090 insinuans
2809 3037 2935 3106 quia
2958 3038 3205 3106 quisquis
3233 3054 3331 3107 per
3356 3041 3647 3095 scissuram

2067 3124 2168 3179 )tlii
2196 3138 2229 3177 a
2258 3122 2424 3178 fratre
2451 3123 2729 3190 dividitur,
2759 3141 2858 3195 per
2878 3136 3076 3181 terram
3105 3137 3354 3183 terrenus
3378 3131 3644 3197 ambulat,

2056 3227 2168 3267 non
2192 3221 2253 3269 ut
2286 3214 2402 3269 avis
2442 3214 2509 3267 ad
2540 3214 2735 3270 caelum
2781 3216 2955 3282 volat;
2997 3219 3086 3286 qui
3135 3234 3263 3275 vero
3292 3235 3352 3275 se
3385 3222 3644 3279 virtutum

2060 3306 2253 3374 pennis
2284 3305 2338 3359 in
2372 3306 2481 3361 alta
2523 3307 2779 3375 sustollit,
2826 3308 3148 3364 divisionem
3193 3313 3384 3366 nescit.
3416 3312 3568 3379 Quod
3600 3315 3647 3370 sl

2062 3396 2131 3449 ab
2183 3395 2417 3452 inimicis
2469 3397 2576 3451 tuis
2620 3397 2922 3452 ltedendum
2976 3408 3029 3453 te
3072 3413 3191 3453 esse
3228 3400 3508 3467 formidas,
3543 3404 3648 3459 nisi

2062 3483 2326 3540 adversus
2346 3500 2439 3541 eos
2472 3501 2623 3540 arma
2654 3488 2941 3556 corripias,
2970 3504 3235 3558 compone
3271 3506 3396 3546 cum
3429 3492 3561 3557 Deo,
3593 3502 3650 3549 et

2062 3574 2255 3644 procul
2302 3576 2484 3640 dubio,
2546 3577 2851 3646 quiefactus
2902 3594 3006 3633 non
3035 3579 3247 3635 hederis
3281 3596 3312 3634 a
3365 3584 3645 3651 proximo:

2068 3684 2089 3716 ‹
2116 3666 2375 3722 Dominus
2405 3687 2423 3718 ι
2450 3668 2618 3731 enim,
2644 3669 2741 3731 ait,
2760 3687 2778 3718 ι
2811 3668 3171 3738 mibiadjutor
3186 3679 3289 3734 est,
3318 3686 3423 3724 non
3449 3654 3650 3728 timeba

2065 3757 2196 3827 quid
2230 3757 2389 3812 faciat
2429 3759 2560 3813 mihi
2606 3760 2766 3814 homo
2797 3759 2969 3833 (Paul.
2999 3762 3190 3832 cxvn).
3231 3782 3249 3814 i
3299 3761 3452 3829 Quod
3484 3763 3651 3818 etiam

2070 3849 2381 3917 patriarcha
2410 3848 2582 3904 Iacob
2618 3852 2822 3922 doqnit,
2862 3867 2984 3907 cum
3033 3853 3173 3907 Deos
3211 3852 3419 3909 alienos
3454 3854 3651 3909 infudit

2065 3934 2227 3999 Nam,
2257 3939 2396 3992 sicut
2424 3936 2701 4008 Scriptura
2734 3949 2961 3994 testatur
2992 3938 3142 4010 (Gen.
3172 3944 3362 4012 xnv).
3386 3942 3653 3998 dederunt

2063 4025 2115 4081 ei
2144 4024 2424 4084 domestici
2448 4028 2533 4082 sui
2563 4042 2752 4083 omnes
2778 4029 2917 4083 Deos
2946 4028 3170 4093 alienos,
3198 4046 3336 4100 quos
3359 4032 3651 4095 habebant,

2064 4129 2120 4175 et
2152 4118 2390 4198 inaures,
2418 4136 2540 4190 quae
2566 4132 2725 4175 erant
2770 4122 2823 4175 iu
2864 4122 3088 4177 auribus
3116 4138 3328 4177 eorum.
3357 4125 3427 4176 At
3455 4124 3543 4178 ille
3573 4125 3654 4178 in-

2060 4208 2201 4265 fodit
2234 4224 2297 4265 ea
2342 4212 2530 4266 subter
2580 4212 2970 4271 tereliiuthttm.
3010 4228 3130 4281 qua:
3168 4224 3251 4267 est
3298 4224 3422 4282 post
3463 4214 3651 4268 urbem

2060 4302 2302 4357 Siciiem.
2355 4301 2457 4357 Ubi
2506 4304 2751 4372 protinus
2789 4303 3160 4358 subiufertur:
3209 4324 3225 4355 ι
3260 4304 3502 4373 Cumque
3529 4320 3652 4373 pro—

2058 4392 2194 4448 fecti
2223 4404 2427 4458 essent,
2454 4404 2629 4448 terror
2659 4396 2871 4449 Dou.iui
2901 4397 3097 4450 invasit
3120 4413 3310 4450 omnes
3336 4414 3430 4465 per
3458 4397 3655 4452 circui-

2067 4492 2183 4537 tum
2222 4483 2496 4549 civitates,
2525 4492 2580 4537 et
2609 4500 2712 4537 non
2742 4493 2869 4539 sunt
2901 4488 3013 4538 ausi
3043 4486 3293 4553 persequi
3341 4489 3656 4540 recedentes

2062 4574 2317 4646 (Ibid.).i
2348 4574 2573 4629 Constat
2594 4592 2720 4647 ergo
2744 4577 2871 4646 quia
2894 4593 3037 4641 mox,
3069 4587 3131 4632 ut
3160 4578 3442 4632 Dominum
3468 4580 3654 4649 placa-

2064 4665 2165 4728 vit,
2213 4667 2412 4719 terreni
2442 4663 2643 4719 furoris
2690 4682 2840 4720 arma
2879 4682 2984 4721 nou
3026 4668 3224 4721 timuit.
3255 4668 3397 4722 Inter
3434 4670 3654 4725 domum

2064 4755 2253 4824 itaque
2305 4754 2470 4811 Iacob
2516 4765 2572 4811 et
2614 4756 2780 4811 Deum
2827 4772 2960 4827 pace
3004 4759 3528 4827 composita,-omuis
3555 4776 3654 4815 uu—

2068 4846 2234 4917 dique
2304 4848 2677 4902 controversia
2737 4849 2922 4903 divino
2986 4849 3257 4918 premitur
3305 4858 3514 4907 terrore
3566 4866 3654 4907 se-

2068 4934 2215 4989 data.

2140 5026 2496 5099 Quapropter,
2530 5028 2891 5093 dilectissimi,
2927 5029 2994 5084 de
3035 5031 3297 5084 mentium
3346 5042 3651 5087 vestrarum

2067 5118 2302 5173 vasculis
2322 5132 2508 5174 omnes
2528 5120 2817 5174 simultatis
2842 5126 2899 5174 et
2919 5119 3024 5173 odii
3055 5129 3235 5188 pestes
3263 5123 3465 5189 egerite
3489 5138 3503 5185 ;
3537 5133 3656 5176 tan-

2069 5222 2235 5276 quam
2256 5206 2601 5262 frementium
2628 5209 2923 5263 bestiarum
2970 5209 3225 5278 impetus,
3255 5211 3435 5264 carnis
3467 5212 3655 5265 illece-

2067 5296 2198 5350 bras
2219 5297 2485 5360 edomate,
2530 5306 2757 5352 terrena:
2802 5299 3253 5368 concupiscentize
3290 5296 3535 5354 flammas
3562 5316 3657 5354 ex-

2068 5386 2350 5456 stinguite,
2376 5396 2537 5456 atque
2559 5387 2627 5441 ad
2649 5386 2849 5441 fluenta
2878 5388 3053 5441 sancti
3082 5386 3320 5456 Spiritus
3350 5388 3652 5443 haurienda

2069 5479 2318 5534 sitientes
2342 5479 2551 5534 animos
2579 5487 2903 5549 praeparate.
2938 5477 3320 5549 Unusquisque
3366 5481 3647 5535 dicentes:

2075 5587 2096 5621 ι
2128 5569 2385 5624 Paratum
2427 5584 2522 5625 cor
2567 5583 2770 5634 meum,
2825 5568 2988 5630 Dens.
3043 5580 3288 5639 paratum
3331 5586 3424 5626 cor
3475 5588 3652 5627 meum

2072 5656 2249 5732 (Paul.
2274 5662 2406 5734 LVI).
2440 5682 2458 5713 ι

2141 5750 2493 5827 Omnipotens
2544 5754 2702 5821 Deus,
2757 5754 2848 5825 qui
2882 5770 2978 5828 per
3029 5755 3088 5811 li.
3140 5756 3449 5814 Mattlizcum
3491 5760 3555 5814 ad
3598 5775 3657 5815 se

3687 4532 3735 4592 D

3754 1942 4000 2009 piendum
4034 1956 4183 2009 spem
4209 1939 4379 1993 venite
4404 1937 4672 2007 dejectqu
4694 1953 4790 1994 cor
4811 1938 4862 1992 in
4890 1938 4997 1991 alta
5032 1940 5341 2008 suspendit.

3751 2034 3881 2096 Quis
3904 2034 4046 2082 enim
4081 2030 4147 2082 de
4178 2030 4443 2082 scelerum
4486 2043 4704 2081 suorum
4724 2026 5123 2096 quantumlibet
5156 2028 5346 2080 imma-

3752 2127 3897 2177 nium
3927 2121 4251 2175 euormitate
4288 2119 4515 2182 difﬂdat,
4544 2135 4665 2173 cum
4699 2119 4883 2173 audiat
4922 2117 4982 2172 Β.
5018 2117 5340 2172 lattbznm

3754 2214 3956 2265 venalis
3995 2212 4128 2264 lucri
4178 2209 4471 2278 quzestibus
4521 2207 4838 2268 inhiantem,
4884 2222 4988 2261 non
5038 2208 5206 2261 modo
5260 2220 5341 2260 re-

3752 2319 3909 2375 pente
3964 2316 4235 2365 vocatum,
4292 2304 4386 2357 sed
4441 2302 4508 2356 ad
4561 2302 4851 2356 obtinenda
4902 2300 5184 2370 pruipua
5242 2300 5343 2354 duo

3752 2399 4053 2449 ministeria
4099 2396 4263 2449 curia:
4312 2392 4550 2448 caelestis
4599 2392 4901 2447 adscitum?
4958 2390 5235 2445 Nimirum
5288 2401 5345 2445 ut

3752 2488 4030 2555 apostolici
4086 2496 4307 2540 senatus
4380 2484 4771 2538 conscenderet
4821 2482 5056 2552 apicem,
5098 2491 5159 2535 et
5206 2484 5345 2538 inter

3751 2594 3969 2634 sanctos
3993 2580 4354 2648 evangelistas
4379 2579 4432 2630 in
4463 2591 4549 2639 eo.
4576 2576 4718 2645 quod
4748 2575 4957 2645 primus
4982 2585 5090 2636 est,
5124 2574 5344 2643 privile-

3752 2674 3837 2731 piu
3882 2673 4180 2737 susciperet
4232 2668 4572 2735 dignitatem.
4607 2664 4760 2732 Quod
4797 2673 5093 2731 utrumque
5141 2679 5343 2718 munus

3754 2760 3880 2813 nulli
3927 2774 4149 2827 prorsus
4200 2758 4288 2809 alii
4340 2756 4590 2809 collatum
4633 2762 4736 2816 est,
4772 2753 4872 2806 nisi
4926 2752 5185 2806 Mattliaeo
5220 2763 5339 2805 tan-

3755 2852 4029 2905 tummodo
4075 2860 4131 2901 et
4175 2846 4391 2901 Joanni.
4444 2846 4509 2899 Et
4547 2846 4672 2915 quia
4713 2843 4948 2899 Joannes
5006 2842 5105 2896 Dei
5164 2845 5341 2913 gratia

3754 2944 3969 3003 dicitur,
3998 2940 4280 2994 Mattheus
4311 2934 5171 3004 etiaurdonatujntenpretamr,
5214 2934 5338 2988 dum

3753 3045 3979 3102 uterque
4010 3034 4236 3102 gemina:
4263 3028 4546 3100 dignitatis
4595 3029 4732 3081 dona
4770 3026 5092 3093 promeruit,
5123 3027 5341 3093 utrique

3752 3128 3994 3197 profecto
4015 3125 4189 3195 gratia
4218 3124 4341 3178 doni
4370 3122 4606 3177 cmlestis
4638 3118 4860 3174 infnlsit.
4892 3117 5019 3179 Sed.
5057 3127 5117 3171 ut
5146 3117 5342 3186 imple-

3752 3230 3904 3275 retur
3939 3216 4028 3271 illa
4078 3214 4367 3277 sententia,
4421 3228 4525 3284 qua
4562 3214 4761 3268 dicitur
4791 3227 4805 3265 :
4865 3230 4883 3261 ι
4910 3210 5007 3266 Ubi
5041 3209 5341 3264 abundavit

3752 3311 4031 3379 iniquitas,
4084 3306 4543 3376 superabundavit
4590 3305 4762 3376 gratia
4812 3298 4993 3371 (Rom.
5025 3302 5117 3371 v);
5148 3320 5169 3352 l
5208 3300 5340 3355 lat-

3754 3404 3944 3465 thteus,
3992 3400 4118 3470 quia
4165 3396 4436 3452 scribendi
4476 3397 4530 3450 in
4576 3394 4887 3465 evangelica
4929 3394 5165 3448 veritate
5211 3390 5342 3446 fecit

3752 3493 4042 3561 oi'igiuem,
4075 3489 4227 3543 ducis
4256 3502 4321 3542 ac
4346 3486 4695 3557 praeceptoris
4727 3486 4866 3539 inter
4904 3493 5133 3538 ceteros
5174 3497 5343 3536 evan-

3755 3580 3977 3649 gelistas
4013 3576 4252 3645 possidet
4280 3574 4601 3629 claritatem.
4630 3572 4729 3627 Cui
4776 3571 5027 3626 nimirum
5058 3570 5342 3638 aptissimo

3755 3668 4003 3738 congruit
4032 3667 4119 3721 illa
4151 3663 4564 3733 seutentia,qua
4586 3662 4819 3717 dicitur:
4852 3681 4872 3713 ι
4908 3661 5109 3716 Fidelis
5135 3675 5341 3722 sermo,

3755 3768 3809 3814 et
3866 3758 4011 3811 omni
4060 3756 4375 3823 acceptione
4422 3754 4649 3822 dignus.
4710 3752 4836 3823 quia
4890 3751 5142 3805 Christus
5181 3748 5343 3811 Iesus

3754 3848 3902 3903 venit
3927 3847 3980 3899 in
4007 3846 4149 3899 hunc
4175 3843 4429 3897 mundum
4451 3850 4766 3912 peccatores
4790 3839 4967 3895 salvos
4982 3841 5179 3900 facere,
5208 3854 5343 3907 quo-

3755 3954 3874 3992 rum
3907 3937 4115 4005 primus
4144 3948 4244 4003 ego
4266 3947 4423 3996 sum;
4456 3941 4514 3985 ut
4553 3931 4608 3984 in
4654 3946 4742 3984 me
4767 3930 5000 4000 primum
5026 3928 5344 3983 ostenderet

3756 4044 3972 4084 onmem
4034 4026 4352 4098 patientiam
4383 4024 4463 4079 .ad
4518 4022 4953 4077 informationem
5000 4036 5190 4075 eorum
5250 4018 5341 4090 qui

3759 4120 4017 4177 credituri
4069 4127 4194 4175 sunt
4243 4117 4315 4171 illi
4369 4118 4420 4171 in
4458 4116 4627 4171 vitam
4670 4124 4928 4170 sternam
4960 4112 5021 4183 (1
5052 4111 5191 4166 Τὶιιι.
5224 4114 5289 4182 ι).
5318 4129 5336 4162 ι

3761 4211 3913 4267 Unde
3953 4209 4154 4265 factum
4204 4218 4309 4273 est,
4366 4208 4506 4262 sicut
4550 4206 4857 4278 evangelica
4905 4221 5046 4260 nunc
5101 4202 5346 4258 narravit

3760 4299 4008 4361 historia,
4041 4307 4100 4351 ut
4126 4312 4192 4352 eo
4221 4297 4591 4351 discumbente
4640 4296 4690 4349 in
4719 4296 4879 4349 domo
4924 4293 5171 4363 ejusdem
5210 4292 5345 4348 Iat-

3762 4394 3910 4454 tlitei.
3960 4393 4111 4446 multi
4158 4391 4430 4461 publicani
4467 4400 4522 4444 et
4560 4402 4875 4461 peccatores
4912 4390 5196 4445 venientes
5231 4391 5342 4444 dis-

3760 4483 4081 4537 cumberent
4129 4498 4251 4535 cum
4280 4481 4405 4537 Iesu
4433 4491 4489 4537 et
4532 4480 4811 4550 discipulis
4846 4480 4962 4548 ejus
4993 4478 5213 4549 (lauti.
5246 4485 5343 4549 ts).

3761 4574 3908 4639 Quos
3938 4573 4083 4627 enim
4112 4574 4378 4626 scelerum
4424 4588 4648 4626 suorum
4691 4574 4910 4626 mordax
4951 4573 5286 4627 conscientia
5316 4589 5343 4626 a

3762 4664 4145 4734 Redemptoris
4192 4680 4412 4719 accessu
4444 4679 4791 4733 compescere
4824 4673 5057 4734 poterat,
5087 4664 5189 4717 hos
5216 4665 5345 4717 Hat-

3761 4756 3887 4809 tliaei
3954 4754 4222 4809 familiare
4285 4771 4409 4809 cum
4484 4754 4715 4809 Domino
4775 4754 5225 4815 contubernium,
5293 4765 5346 4807 ut

3756 4849 4105 4909 accederent,
4136 4848 4502 4917 provocabat;
4532 4854 4588 4901 et
4617 4844 4743 4900 dum
4790 4846 4859 4899 ad
4893 4845 5110 4915 pietatis
5142 4848 5344 4900 fontem

3757 4941 4126 5009 propinquare
4162 4939 4505 5007 conspiciunt
4533 4938 4902 5007 publicanum,
4949 4936 5091 4991 felici
5110 4936 5229 5005 jam
5254 4956 5347 4994 auo

3758 5032 3911 5086 dacia
3939 5040 4316 5099 pmsumente,
4360 5031 4531 5100 ipsum
4556 5028 4757 5085 fontem
4789 5045 4892 5084 non
4914 5031 5241 5086 addubitant
5270 5033 5347 5087 ire

3761 5121 3985 5191 reliquis
4019 5137 4141 5175 cum
4168 5122 4543 5191 peccatoribus
4564 5120 4914 5191 publicatum.
4948 5120 5025 5175 De
5047 5136 5157 5190 qua
5188 5119 5346 5175 nimio

3763 5232 3881 5268 rum
3945 5214 4309 5283 publicatione
4374 5211 4541 5267 fontis
4600 5213 4788 5267 aeterni
4857 5228 4954 5281 per
5025 5213 5341 5281 prophetam

3761 5308 4005 5361 dicitur:
4042 5325 4059 5357 ι
4091 5306 4146 5360 ln
4177 5306 4262 5360 illa
4296 5306 4381 5361 die
4422 5306 4527 5360 erit
4558 5303 4680 5359 fons
4730 5315 4921 5374 patens
4956 5304 5154 5358 domus
5184 5303 5341 5357 David

3762 5394 4130 5450 habitantibus
4159 5395 4210 5449 in
4259 5392 4594 5449 Hierusalem
4626 5394 4678 5447 iu
4723 5392 4999 5447 ablatione
5044 5394 5342 5461 peccaturis

3760 5496 3817 5541 et
3852 5492 4200 5538 menstruam:
4250 5479 4436 5551 (Zach.
4466 5482 4611 5549 xm).
4642 5500 4662 5533 ι
4696 5481 4839 5535 Fons
4872 5467 5076 5551 quippe
5104 5482 5339 5535 occultus

3762 5588 3847 5632 est
3904 5575 4215 5645 unigenitus
4253 5574 4433 5628 Patris
4488 5573 4774 5628 invisibilis
4812 5573 4982 5635 Deus;
5044 5570 5169 5626 fons
5218 5584 5339 5625 vero

3765 5676 3958 5739 patens
3982 5677 4066 5721 est
4106 5666 4246 5719 idem
4286 5665 4428 5719 Deus
4470 5664 4804 5745 iusarnatus.
4854 5663 4957 5729 Qui
5001 5661 5123 5717 fons
5160 5672 5340 5732 pateu

3772 5767 3915 5815 recte
3974 5758 4163 5813 domus
4212 5756 4377 5813 David
4408 5756 4629 5819 dicitur.
4675 5755 4798 5827 quia
4844 5754 5174 5828 Redemptor
5220 5768 5337 5809 nos-

4968 6373 4987 6375 _
5048 6352 5408 6376 ήνίμ-ε-πξτἾ-έ.
