5450 6370
847 340 948 400 789

2296 319 2538 381 SERMO
2581 323 2667 378 LI.

4065 312 4172 370 790

848 468 931 513 ter
955 453 1022 509 ad
1060 465 1160 509 nos
1209 449 1423 508 venisse
1445 461 1512 503 ex
1544 445 1712 501 David
1735 458 1936 517 genere
1955 456 2060 500 non
2084 441 2444 499 dubitabitur.
2476 441 2526 499 A
2555 441 2622 496 ad
2647 439 2918 512 iustorum
2949 440 3144 496 merita
3197 435 3580 510 participando
3629 431 4026 500 conscendunt,
4056 438 4112 488 et
4135 428 4175 486 il

832 595 854 612 ,
925 547 1074 602 tluuc
1125 543 1371 614 profecto
1427 537 2119 612 misericorditepfontem,
2169 551 2204 591 ο
2256 534 2451 591 Phario

850 643 999 698 saica
1036 636 1312 708 superbia,
1355 647 1517 703 paras
1559 623 1868 696 obstruere,
1894 631 2025 691 dum
2075 631 2355 694 sitientes,
2397 637 2453 684 et

849 734 1036 791 aridos
1066 732 1133 786 ab
1164 727 1282 798 ejus
1327 741 1549 783 accessu
1600 725 1792 780 niteris
1833 724 1977 780 elato
2006 722 2304 792 supercilio
2331 737 2454 790 pro-

853 825 1066 882 bibere.
1113 820 1213 878 Hic
1262 834 1359 892 per
1405 832 1470 874 os
1505 816 1661 873 lsaice
1723 817 1818 870 tibi
1861 815 2283 887 promittebatur
2319 815 2457 870 hau-

854 923 993 980 stus,
1044 925 1167 966 cum
1217 909 1475 965 dicebat:
1515 928 1533 961 ‹
1562 904 1848 962 Eﬂ‘nndam
1912 905 2058 960 enim
2115 919 2314 975 aquam
2365 918 2457 958 su—

854 1021 954 1078 per
1007 1004 1303 1067 sitientem,
1361 1008 1418 1056 et
1475 996 1675 1054 ﬂuenta
1738 1012 1901 1067 super
1961 996 2211 1059 aridam;
2283 992 2478 1058 elfunoi

854 1100 979 1153 dam
1008 1089 1175 1167 269
1203 1094 1457 1164 spiritum
1503 1105 1684 1146 meum
1741 1105 1906 1161 super
1955 1104 2143 1146 semen
2178 1098 2352 1150 tuum,
2403 1095 2460 1142 et

854 1174 1293 1247 benedictionem
1328 1202 1505 1242 meam
1529 1199 1695 1255 super
1724 1185 1950 1254 stirpem
1979 1193 2148 1247 tuam,
2177 1190 2232 1237 et
2261 1179 2460 1253 germil

856 1284 1066 1336 nabunt
1097 1281 1242 1336 inter
1270 1280 1472 1335 herbas
1499 1277 1653 1349 quasi
1678 1271 1872 1330 salices
1899 1276 2056 1348 juxta
2083 1273 2459 1345 praeterﬂuen-

855 1382 941 1426 tes
971 1385 1142 1442 aquas
1169 1369 1305 1441 (Ira.
1352 1367 1487 1439 xu).
1537 1387 1558 1420 ι
1601 1366 1701 1422 ilic
1730 1365 1929 1422 iterum
1962 1364 2056 1420 tibi
2100 1364 2458 1435 promitteba-

855 1469 968 1522 tur.
1008 1477 1132 1519 cum
1196 1470 1250 1516 et
1281 1460 1407 1515 alibi
1448 1459 1696 1516 diceret:
1738 1480 1755 1511 ι
1795 1459 1863 1513 Et
1889 1459 2000 1514 eris
2045 1458 2201 1528 quasi
2269 1458 2463 1512 hortus

857 1555 1118 1626 irriguos,
1148 1562 1203 1610 et
1255 1553 1396 1608 sicut
1447 1551 1569 1608 fons
1609 1566 1895 1622 aquarum,
1924 1552 2010 1607 cui
2062 1565 2168 1606 non
2199 1550 2463 1606 deﬁciunt

855 1660 1016 1716 aqua!
1057 1643 1193 1716 (Isa.
1248 1641 1427 1713 LVIII).
1468 1661 1486 1693 ι
1534 1641 1641 1697 Sed
1674 1650 1730 1696 tu
1774 1641 1828 1696 in
1869 1640 2074 1696 fastum
2101 1641 2322 1696 tumidae
2351 1641 2462 1696 ela-

860 1737 1025 1792 tionis
1047 1736 1399 1806 impudenter
1418 1743 1628 1799 erecta,
1655 1743 1710 1790 et
1737 1735 1806 1789 de
1850 1732 2244 1802 falsaaiustitia:
2270 1734 2459 1804 singu-

2557 533 2648 603 qui
2673 531 2806 616 justi
2836 532 3188 595 videbantur,
3215 529 3284 584 ad
3308 528 3546 599 agrestis
3577 534 3634 581 et
3670 522 3998 579 infructuosi
4044 535 4177 592 ger-

2559 625 2724 680 minis
2756 639 2923 694 opera
2953 623 3270 694 prazcipites
3293 627 3586 676 corruunt.
3623 616 3764 672 Huic
3804 616 3986 672 simile
4015 622 4100 671 est
4121 623 4179 670 et

2517 765 2520 769 .
2559 715 2702 785 quod
2734 713 3032 784 Apostolus
3083 713 3260 767 dicit:
3298 730 3314 763 ι
3361 708 3730 766 Circumcisio
3769 705 3987 776 quidem
4015 704 4182 778 prod-

2559 816 2665 870 est,
2706 805 2753 860 si
2799 805 2972 876 legem
3001 804 3299 868 observes;
3335 801 3380 856 si
3406 812 3590 856 autem
3620 798 4019 870 praevaricator
4046 797 4182 870 legis

2561 896 2661 962 sis,
2694 895 3046 951 circumcisio
3076 902 3166 948 tua
3196 891 3527 964 praeputium
3555 889 3699 944 facta
3729 896 3814 943 est
3840 886 4011 959 (Rom.
4041 893 4120 957 ll).
4157 905 4176 937 ι

2563 986 2704 1055 Quid
2737 983 2905 1058 ergo,
2923 985 3222 1049 Pharisaee,
3247 983 3492 1054 prodest,
3519 980 3665 1050 quod
3707 989 3761 1036 te
3782 995 3881 1052 per
3913 995 4178 1051 arrogan-

2565 1080 2696 1134 tiam
2739 1077 2937 1146 jactas,
2967 1075 3113 1148 quod
3173 1074 3464 1130 scientiam
3497 1071 3596 1128 tibi
3627 1087 3772 1127 verae
3812 1071 4182 1127 circumcisio.

2563 1172 2650 1228 nis
2676 1163 2931 1240 usurpas,
2961 1169 3089 1223 dum
3119 1175 3179 1222 ut
3206 1166 3689 1237 praevaricatorem
3711 1163 3851 1234 legis
3879 1162 4181 1217 evidentise

2564 1264 2702 1320 sime
2729 1262 2960 1333 reproba
3001 1260 3110 1315 vita
3139 1258 3483 1314 convincat?
3519 1255 3676 1313 Unde
3709 1264 3761 1310 te
3795 1257 3861 1310 de
3889 1253 4182 1325 singulari-

2568 1361 2679 1411 tate
2709 1352 3112 1423 falsaajuslitiaz
3135 1352 3487 1424 gloriantem,
3514 1364 3581 1404 ac
3615 1365 3715 1418 per
3737 1341 4180 1418 hoc'albuginem

2566 1449 2621 1504 in
2662 1449 2823 1506 oculo
2875 1447 3199 1503 tolerantem
3255 1449 3536 1514 inspector
3598 1441 3863 1497 mentium
3924 1437 4186 1493 Dominus

2567 1541 2793 1610 sprevit,
2817 1548 2873 1593 et
2900 1538 3250 1609 publicanum
3276 1536 3444 1600 hunc,
3476 1535 3643 1605 270
3669 1549 3832 1604 quem
3859 1530 4093 1602 despicis
4119 1545 4186 1587 ac

2568 1632 2920 1702 despiciendo
2970 1631 3307 1694 contemnis,
3366 1630 3419 1683 in
3475 1627 3946 1695 conturbernium
3975 1623 4187 1696 proprii

2567 1732 2863 1786 comitatus
2895 1729 3097 1797 adlegit
3131 1747 3144 1782 :
3183 1746 3202 1779 ε
3257 1727 3527 1795 Sequere,
3581 1726 3778 1795 inquit,
3810 1738 3936 1788 me;
3963 1730 4018 1776 et
4065 1733 4163 1776 sur

859 1827 1076 1883 laritate
1104 1827 1488 1883 lenocinanter
1512 1825 1716 1893 inﬂata,
1751 1827 1926 1896 gratis
1963 1827 2270 1895 expositam
2320 1824 2463 1879 salu-
2496 1797 2541 1856 Β
2571 1837 2726 1894 gens,
2763 1831 2985 1876 secutus
3011 1827 3094 1875 est
3119 1834 3242 1874 cum
3270 1816 3489 1888 (Matth.
3517 1817 3620 1887 ts).
3670 1837 3687 1868 ι
3724 1824 3737 1841 ⁸

860 1920 931 1974 tis
959 1927 1176 1975 eterna:
1201 1917 1409 1975 fontem
1446 1921 1848 1975 contumaciter
1885 1919 2122 1989 despicis
2166 1927 2222 1973 et
2248 1915 2461 1972 vivifica

857 2011 1078 2081 superni
1133 2010 1299 2067 fontis
1348 2010 1549 2066 ﬂuenta
1597 2009 1831 2066 fastidis.
1882 2009 2166 2066 Accedens
2192 2011 2340 2066 enim
2397 2008 2467 2064 ad

858 2100 1155 2172 discipulos
1206 2103 1421 2157 Domini
1455 2111 1676 2157 tumens
1720 2111 1778 2157 et
1835 2115 2123 2172 arrogans,
2160 2101 2462 2165 Pharisaee,

857 2194 1179 2265 pestiferum
1226 2195 1499 2264 superbire
1547 2195 1720 2261 virus,
1783 2194 1929 2264 quod
1987 2195 2042 2249 in
2105 2203 2332 2265 pectore
2373 2203 2467 2250 tuo

861 2285 1236 2355 grassabatur,
1280 2284 1516 2342 elfundis
1549 2303 1563 2339 :
1596 2298 1653 2342 et
1706 2286 1962 2342 elationis
2005 2295 2253 2352 ventum,
2302 2300 2467 2356 quem

861 2379 1067 2434 tumida
1092 2388 1277 2436 mente
1323 2395 1678 2450 conceperas,
1711 2395 1810 2450 per
1835 2380 1986 2436 lividi
2045 2397 2110 2437 ac
2161 2382 2302 2436 male
2333 2396 2466 2451 spu-

859 2478 1066 2526 mantis
1092 2471 1207 2526 oris
1251 2471 1528 2542 spiramen
1577 2471 1852 2537 exsutllas,
1886 2489 1906 2525 ι
1945 2471 2146 2539 Quare,
2187 2472 2466 2542 inquiens,

859 2576 984 2618 cum
1009 2563 1316 2633 publicanis
1368 2572 1424 2619 et
1451 2566 1832 2634 peccatoribus
1863 2566 2160 2621 manducat
2203 2566 2468 2636 magister

861 2661 1044 2710 vester
1068 2655 1091 2709 ?
1133 2675 1154 2709 ι
1185 2655 1400 2725 (Matth.
1438 2658 1540 2724 rx.)
1581 2657 1790 2713 Idcirco
1817 2657 1978 2728 plane
1998 2675 2124 2714 cum
2151 2660 2353 2715 talibus
2378 2673 2470 2718 co-

862 2746 1056 2814 medit,
1085 2755 1146 2802 ut
1169 2747 1236 2803 de
1266 2749 1576 2818 publicanis
1596 2748 1797 2816 jnstos,
1829 2752 1895 2806 de
1934 2753 2320 2821 peccatoribus
2344 2768 2472 2809 san-

859 2848 1004 2900 ctos,
1067 2838 1135 2893 de
1167 2838 1482 2895 criminosis
1530 2840 1724 2895 reddat
1761 2842 2061 2912 apostolos.
2106 2843 2279 2899 Vocat
2323 2843 2470 2899 enim

858 2937 1203 3000 peccatores,
1233 2939 1293 2984 ut
1319 2947 1415 2987 eos
1466 2933 1686 3004 prepria
1734 2933 1940 2989 virtute
1988 2934 2332 3004 justilicans,
2360 2935 2472 2992 eﬂi—

858 3021 975 3077 ciat
1015 3022 1355 3078 innocentes.
1398 3022 1488 3080 Sic
1519 3025 1804 3090 nimirum,
1858 3027 1941 3082 sie
1972 3028 2109 3085 alibi
2151 3028 2283 3084 dum
2329 3029 2472 3086 bona

2641 1961 2815 2027 Quam
2850 1958 3010 2014 fortis
3039 1966 3093 2013 et
3127 1955 3303 2011 valida
3339 1969 3534 2010 manus
3580 1953 3744 2024 hujus
3771 1950 4015 2007 caelestis
4039 1948 4188 2020 agri-

2572 2052 2706 2108 colae
2732 2054 2744 2106 !
2779 2051 3048 2105 Arborem
3075 2048 3287 2104 scilicet
3320 2055 3482 2100 terrzc
3506 2044 3772 2099 radicitus
3803 2043 4191 2106 inhaerentem,

2571 2155 2625 2200 et
2662 2143 2955 2198 mundanae
2992 2138 3456 2211 concupiscentia:
3489 2136 3757 2192 tenaciter
3813 2135 4192 2197 incubantem,

2513 2289 2516 2292 .
2573 2254 2697 2292 mox
2730 2246 2790 2293 ut
2839 2235 3142 2300 concussit,
3189 2231 3412 2296 evulsit,
3459 2229 3789 2300 asportavit,
3847 2236 3902 2284 et
3931 2228 3987 2283 in
4043 2237 4193 2282 terra

2574 2331 2877 2387 viventium
2910 2325 3356 2398 transplantavit.
3389 2322 3493 2381 Ubi
3543 2321 3801 2377 videlicet
3837 2339 3856 2372 ‹
3889 2317 4096 2388 justus,
4129 2327 4190 2372 ut

2573 2423 2753 2494 palma
2783 2421 2993 2476 ﬂorcbil
3024 2428 3080 2474 et
3101 2419 3243 2473 sicut
3276 2413 3477 2471 cedrus
3513 2413 3707 2469 Libani
3741 2409 4196 2482 mttltiplicabitur

2576 2517 2749 2592 (Psal.
2777 2517 2912 2589 xei).
2963 2536 2980 2568 ο
3025 2515 3124 2572 Cui
3159 2512 3420 2568 nimirum
3452 2526 3550 2581 per
3598 2509 4041 2565 immutationem
4066 2507 4196 2563 dex-

2577 2623 2672 2668 tra:
2697 2610 2910 2666 Excelsi
2936 2621 3177 2679 congrua
3205 2604 3564 2676 dispositione
3587 2602 3843 2658 collatum
3865 2607 3972 2664 est,
3998 2606 4058 2652 ut
4087 2612 4196 2652 non

2575 2705 2739 2760 modo
2789 2700 3144 2773 praedicandi,
3177 2699 3274 2755 sed
3324 2707 3380 2753 et
3427 2695 3706 2752 scribendi
3762 2694 4054 2750 sortiretur
4079 2689 4198 2744 om-

2575 2796 2742 2860 cium,
2782 2795 2974 2864 sicque
3024 2801 3331 2847 mereretur
3389 2789 3628 2844 humano
3676 2785 3862 2857 generi
3912 2782 4194 2840 caelestem

2577 2886 2896 2942 ministrare
2928 2881 3565 2948 tliesaurunt.Qnatenus
3590 2879 3682 2949 qui
3716 2876 3921 2933 terreni
3952 2883 4196 2945 quaestus

2577 2979 2732 3035 lucra
2780 2986 3212 3047 contempserat,
3260 2975 3568 3031 ccelestium
3604 2972 3932 3028 talentorum
3975 2969 4197 3046 dispen—

2581 3081 2732 3127 sator
2762 3073 3047 3137 existeret,
3080 3079 3136 3126 et
3177 3069 3464 3125 thesauros
3505 3066 3750 3123 cmlestis
3799 3063 4026 3135 eloquii,
4057 3077 4197 3133 quos

1178 3116 1190 3128 ο
1391 3117 1404 3129 ο
1917 3122 1928 3134 .
2581 3114 2722 3127 υ-νν-
2763 3114 3047 3137 νουσιν-..η
3081 3114 3136 3126 ν-
3179 3114 3463 3125 ...νυ-πη...
3509 3114 3746 3123 -..η-η-
3805 3114 4026 3135 --ν-ιπη,
4064 3114 4188 3133 την-

862 3114 2475 3231 ῗῗῖκῗῖἱῗηεῗθί..Ψ-,ΕΠἮῩηῗῗῗῗιῘ-ίωῗθΑ
2502 3156 2548 3218 C
2583 3162 2978 3231 itnpartiendos
3004 3155 3328 3230 acceperat,
3374 3157 3608 3214 fideliter
3643 3164 3922 3226 erogaret.
3958 3153 4028 3211 Ut
4054 3154 4200 3208 sicut

862 3216 1176 3272 entlmeras,
1219 3218 1274 3262 et
1322 3207 1554 3263 alterum
1596 3211 1972 3281 publicanum,
2023 3222 2078 3268 te
2106 3212 2470 3284 praeferendo,

867 3297 1227 3364 condemnas,
1264 3308 1320 3356 et
1360 3301 1452 3358 ille
1482 3304 1549 3357 de
1590 3312 1780 3359 reatus
1811 3305 1894 3360 sui
1950 3305 2216 3363 barathro
2245 3308 2312 3363 ad
2342 3324 2474 3379 pro-

863 3387 1179 3443 merendam
1208 3390 1424 3446 veniam
1455 3392 1793 3462 justiﬂcatus
1822 3397 2095 3465 ascendit,
2131 3408 2206 3459 et,
2229 3407 2283 3453 tu
2316 3416 2346 3454 a
2375 3399 2474 3455 fal—

863 3489 942 3529 ste
962 3475 1197 3546 justitiae
1226 3487 1332 3534 tuae
1365 3480 1605 3537 culmine
1637 3491 1767 3540 ante
1790 3486 2184 3557 omnipotentis
2218 3487 2312 3543 Dei
2345 3504 2474 3544 ocu-

864 3569 949 3624 los
976 3569 1269 3627 infeliciter
1297 3573 1578 3628 corruisti.
2007 3603 2010 3608 -

937 3657 1051 3715 Hoc
1098 3661 1282 3732 itaque
1326 3664 1488 3720 modo
1522 3664 1652 3720 dum
1684 3666 1751 3721 de
1800 3666 1984 3723 fucata
2017 3684 2205 3726 vacuae
2246 3671 2474 3741 justitiae

862 3760 1062 3807 vestra:
1087 3753 1268 3808 nitore
1296 3756 1646 3824 przesumitis,
1673 3765 1727 3812 et
1755 3769 1987 3816 cteteros
2039 3763 2108 3817 de
2147 3763 2257 3818 suis
2290 3777 2477 3818 exces-

865 3843 1363 3912 sibusjudicabiles
1388 3847 1780 3914 submeractis,
1810 3859 1866 3905 et
1907 3851 2120 3920 justitia
2160 3863 2339 3909 vestra
2378 3871 2476 3925 per

866 3934 1160 3991 elationem
1218 3936 1272 3992 in
1311 3947 1599 4007 peccatum
1632 3943 1886 4004 vertitur,
1919 3951 1976 3997 et
2031 3943 2249 3999 illorum
2280 3961 2474 4016 perpe-

871 4028 1286 4098 tratanequitia
1312 4028 1379 4083 ad
1407 4031 1761 4086 obtinendam
1781 4034 1994 4088 veniam
2029 4052 2129 4106 per
2153 4036 2476 4091 humilitatis

864 4120 1098 4190 gratiam
1129 4128 1436 4198 reparatur.
1472 4122 1628 4178 Unde
1653 4133 1708 4178 et
1751 4139 1850 4214 per
1871 4127 2194 4195 prophetam
2225 4127 2428 4184 dicitur
2459 4150 2472 4184 :

871 4228 890 4262 ι
932 4210 1000 4265 Et
1029 4211 1135 4266 erit
1161 4211 1437 4266 desertum
1476 4213 1530 4267 in
1586 4210 1868 4280 Charmel,
1900 4226 1954 4271 et
1997 4217 2248 4272 Charmel
2289 4219 2341 4273 in
2371 4218 2476 4275 sal-

864 4311 980 4358 tum
1017 4303 1368 4372 reputabitur
1409 4303 1542 4375 (Isa.
1602 4307 1779 4375 χχιι).
1827 4330 1844 4359 ι
1890 4307 2030 4375 Quid
2067 4309 2275 4364 scilicet
2320 4310 2478 4365 intel-

866 4394 1070 4465 ligatur
1099 4411 1198 4464 per
1225 4396 1526 4460 desertum,
1566 4398 1669 4452 nisi
1700 4399 1792 4467 qui
1822 4399 1874 4452 in
1905 4401 2088 4456 carnis
2119 4416 2231 4455 suae
2262 4400 2474 4472 legibus

870 4486 1078 4550 vivunt,
1105 4487 1197 4556 qui
1225 4487 1560 4556 voluptatum
1612 4505 1835 4544 suarum
1883 4491 2158 4547 illecebris
2201 4494 2468 4558 serviunt,
2500 4528 2550 4587 υ

869 4588 922 4632 et
954 4578 1082 4633 dunt
1133 4579 1264 4634 nulli
1295 4580 1464 4634 divini
1495 4581 1645 4636 verbi
1674 4597 1926 4638 vomeres
1953 4599 2142 4639 eorum
2173 4601 2287 4652 cor,
2321 4586 2469 4640 velut

864 4681 1056 4724 arvum
1082 4670 1370 4736 rationale,
1395 4672 1741 4741 persulcaut,
1759 4673 1938 4728 nullas
1959 4676 2225 4730 bonorum
2241 4675 2488 4746 operum'

863 4770 1078 4830 segetes
1107 4763 1448 4832 germinant;
1489 4765 1630 4818 unde
1661 4765 1870 4820 scilicet
1917 4767 1970 4820 in
2002 4767 2316 4822 coelestibus
2348 4770 2470 4823 hor-

865 4852 976 4906 reis
1009 4851 1281 4907 frutnenta
1325 4857 1662 4910 recondam?
1697 4856 1837 4924 Quid
1879 4873 2010 4913 vero
2047 4874 2146 4928 per
2188 4859 2466 4926 Charmel,

863 4944 1195 5013 quiscientia
1236 4964 1372 5002 verre
1399 4947 1818 5003 circumcisionis
1845 4950 2069 5016 dicitur,
2128 4950 2232 5006 nisi
2265 4951 2339 5006 illi
2371 4952 2468 5008 de-

864 5034 996 5090 bent
1044 5036 1295 5107 intelligi,
1353 5038 1444 5108 qui
1478 5054 1574 5108 per
1602 5039 1836 5094 nitorem
1865 5042 2156 5098 exterioris
2180 5042 2407 5110 iustitia:
2436 5059 2467 5099 a

865 5126 1181 5181 carnalibus
1210 5128 1468 5183 videntur
1491 5130 1752 5200 operibus
1799 5132 2138 5198 circumcisi,
2163 5144 2220 5189 et
2271 5123 2336 5190 de
2361 5137 2470 5190 cir-

865 5215 1217 5273 cumcisionis
1260 5218 1504 5288 ejusdem
1549 5221 1706 5288 quasi
1772 5221 2036 5292 singulari
2093 5238 2200 5279 non
2251 5234 2471 5281 cessant

864 5306 1093 5361 scientia
1119 5308 1364 5376 gloriari,
1395 5320 1450 5366 et
1467 5311 1594 5365 dum
1613 5327 1719 5366 non
1751 5313 2168 5384 qualiscunque.
2200 5317 2296 5373 sed
2325 5331 2470 5372 verte

863 5397 1302 5456 circumcisionis
1391 5417 1504 5456 suae
1570 5402 1858 5459 scientiam
1937 5416 2243 5477 arrogant,
2329 5407 2469 5465 alios

864 5490 1271 5558 quodammodo
1297 5492 1366 5548 de
1415 5509 1524 5550 non
1561 5509 1706 5551 verte
1747 5497 2189 5555 circumcisionis
2229 5498 2468 5556 falsitate

838 5580 1232 5636 -cmtdemnant
1252 5582 1276 5636 ἲ

937 5672 1222 5727 Desertum
1271 5686 1403 5743 ergo
1441 5675 1494 5730 in
1542 5673 1796 5733 Charmel
1843 5679 2094 5746 vertitur,
2127 5688 2183 5735 et
2210 5678 2469 5736 Charmel

865 5761 920 5817 in
950 5759 1148 5818 saltum
1191 5766 1502 5822 econtrario
1539 5775 1855 5838 reputatur,
1896 5784 2018 5825 eum
2069 5779 2123 5862 et
2150 5779 2468 5841 peccatores

2579 3255 2914 3324 Redemptor
2941 3263 3132 3309 noster
3165 3251 3533 3323 piscatoribus
3577 3251 3692 3305 suis
3719 3260 3848 3304 ante
3892 3248 4006 3318 jam
4045 3247 4201 3328 dixe-

2580 3358 2666 3403 rat
2699 3366 2711 3403 :
2758 3366 2777 3400 r
2817 3349 3013 3403 Venite
3039 3357 3164 3417 post
3197 3359 3306 3410 me,
3337 3354 3392 3400 et
3432 3343 3632 3400 faciam
3662 3357 3760 3398 vos
3791 3341 3908 3396 fieri
3958 3341 4200 3412 piscato-

2579 3456 2668 3495 res
2721 3440 3004 3494 hominum
3059 3436 3278 3508 (Matth.
3341 3436 3442 3508 tv),
3482 3455 3501 3488 ›
3535 3435 3617 3490 sic
3665 3433 3752 3489 isti
3792 3433 4200 3504 quodammodo

2579 3532 2830 3586 diceret:
2862 3528 2964 3609 Qui
3015 3527 3185 3583 lucris
3234 3526 3630 3598 temporalibus
3671 3525 3873 3592 inhias,
3923 3525 4015 3594 qui
4047 3531 4199 3581 certe

2578 3623 2802 3678 ut'auro
2834 3620 2921 3677 vel
2950 3629 3182 3692 argento
3209 3620 3402 3676 diteris
3453 3619 3808 3690 impatienter
3834 3617 4085 3685 anhelas,
4109 3634 4200 3675 me

2577 3715 2905 3786 quantocius
2933 3712 3187 3784 sequere,
3222 3726 3462 3782 moxque
3505 3721 3558 3768 te
3606 3710 3806 3766 faciam
3859 3709 4200 3766 immortales

2577 3807 2802 3875 superni
2828 3805 2980 3875 regni
3011 3804 3230 3860 divitias
3261 3820 3360 3875 per
3381 3804 3568 3860 mundi
3593 3803 3940 3859 latitudinem
3975 3802 4196 3873 dispen-

2579 3912 2722 3952 sare.
2766 3894 2845 3950 Tu
2877 3895 3090 3951 scilicet
3121 3911 3317 3950 aurum
3368 3896 3573 3965 quaeris
3611 3909 3737 3950 cum
3772 3892 3973 3949 saeculo
4000 3902 4200 3948 'trans-

2581 3988 2809 4051 iturum,
2843 3996 2900 4042 et
2945 4001 3046 4056 ego
3099 3986 3196 4042 tibi
3253 3985 3533 4055 Evangelii
3573 3987 3894 4040 thesaurum
3933 3983 4074 4040 dabo
4101 3997 4201 4054 per

2579 4086 2776 4132 cuncta
2803 4074 2995 4148 procul
3020 4076 3186 4131 dubio
3222 4075 3420 4132 saecula
3447 4089 3893 4147 permansurum.

2651 4208 2789 4265 Hinc
2824 4209 2967 4265 forte
2997 4218 3083 4265 est
3133 4209 3280 4279 quod
3327 4209 3396 4264 de
3446 4206 3613 4263 ﬂuvio
3655 4207 3746 4264 illo
3795 4207 4058 4278 paradisi,
4100 4207 4197 4278 qui

2580 4301 2723 4371 apud
2764 4300 3023 4356 Genesim
3058 4300 3260 4356 Phison
3291 4301 3614 4370 appellatur,
3643 4301 3714 4354 ita
3743 4301 3981 4371 legitur:
4011 4319 4030 4351 ί
4053 4298 4197 4367 Quia

2577 4393 3013 4448 circuitomnem
3048 4401 3248 4446 terram
3280 4391 3519 4456 Evilatb,
3552 4391 3642 4445 ubi
3692 4391 3941 4445 nascitur
3963 4405 4194 4454 aurum;

2579 4495 2635 4540 et
2659 4501 2854 4540 aurum
2878 4494 3042 4540 terra:
3066 4484 3212 4540 illius
3235 4484 3503 4554 optimmu
3535 4492 3621 4538 est
3648 4481 3806 4554 (Gen.
3853 4481 3937 4552 ll).
3977 4501 3994 4534 ι
4033 4481 4192 4538 Sicut

2575 4575 2722 4630 enim
2755 4574 2956 4628 Phison
2986 4574 3198 4644 primus
3237 4583 3320 4629 est
3351 4572 3639 4628 ﬂuviorum
3670 4573 3738 4628 de
3771 4573 4010 4642 paradisi
4043 4572 4196 4628 fonte

2576 4666 3012 4736 procedentium,
3043 4665 3116 4720 ita
3151 4665 3210 4719 Β.
3246 4663 3535 4718 Mattbarus
3586 4663 3998 4742 interireliquos
4025 4678 4193 4718 evan-

2575 4761 2800 4831 gelistas
2854 4759 3092 4829 primum
3143 4759 3360 4814 obtinet
3393 4757 3595 4812 locum.
3655 4756 3804 4812 Satis
3829 4772 3962 4826 ergo
3989 4771 4194 4811 conve-

2576 4855 2734 4909 niens
2760 4863 2865 4916 est,
2911 4863 2966 4908 et
2999 4853 3207 4907 intimas.
3263 4851 3461 4907 rationi
3492 4851 3778 4922 aptissime
3815 4851 4090 4918 congruit,
4134 4860 4196 4903 ut

2576 4945 2721 4999 sicut
2746 4944 2886 5013 apud
2917 4942 3119 4997 Phison
3151 4943 3419 5011 optimum
3461 4941 3736 5010 reperitur
3772 4955 3990 5004 aurum,
4023 4941 4104 4995 sic
4139 4949 4196 4994 et

2578 5038 2718 5106 apud
2749 5037 2896 5090 hunc
2937 5034 3318 5090 beatissimum
3367 5031 3669 5103 evangelici
3700 5032 3912 5086 ordinis
3939 5032 4196 5102 primice-

2578 5110 2720 5180 rium
2766 5123 3141 5195 intelligamus
3181 5124 3364 5178 inesse
3397 5122 3638 5177 thesauri
3690 5122 3933 5177 cmlcstis
3984 5121 4194 5176 incom-

2575 5213 2945 5286 prehensibile
2975 5223 3404 5271 sacramentum.
3438 5213 3536 5269 Cui
3589 5210 3838 5283 profecto
3865 5213 4193 5269 convenien-

2581 5317 2663 5363 ter
2687 5315 2932 5377 aptatnr,
2991 5305 3136 5377 quod
3183 5321 3283 5376 per
3334 5293 3682 5360 SalomOnem
3715 5305 3958 5360 dicitur:
3998 5324 4016 5358 ι
4051 5307 4192 5361 The-

2579 5413 2776 5453 saurns
2801 5396 3180 5452 desiderabilis
3195 5396 3489 5466 requiescit
3510 5398 3564 5450 in
3580 5411 3676 5451 ore
3702 5397 3967 5466 sapientis
3996 5391 4197 5468 (Prov.~

2577 5491 2714 5560 xiv).
2751 5509 2770 5542 ι
2800 5489 2901 5546 Ubi
2928 5489 3140 5546 scilicet
3166 5504 3273 5544 non
3300 5488 3446 5542 fulva
3488 5488 3804 5543 carnalibus
3830 5487 4004 5543 oculis
4053 5501 4188 5540 vena

2580 5583 2783 5640 metalli
2813 5583 3084 5640 vibrantis
3133 5582 3390 5647 irradiat,
3440 5583 3537 5636 sed
3568 5581 3836 5653 mysticus
3881 5579 4189 5636 intellectus

2578 5677 2779 5734 vivifici
2813 5678 3040 5749 spiritus
3075 5676 3366 5748 splendore
3398 5686 3674 5731 coruscat.
3702 5673 3813 5731 Nec
3859 5691 4052 5729 aurum
4085 5676 4189 5729 hoc

2581 5771 2902 5827 nutantibus
2963 5769 3213 5828 lancibus
3243 5776 3457 5841 emptor
3486 5768 3798 5836 attrutinat,
3840 5768 3938 5824 sed
3970 5769 4189 5824 auditor
