4300 6310
404 323 510 383 793

1808 328 2046 386 SERMO
2087 325 2190 380 Lll.

3660 331 3765 384 79$

399 441 527 502 tuit,
560 449 618 496 et
649 441 707 496 in
735 457 806 498 ea
831 459 1001 514 spem
1055 461 1210 501 suam
1245 445 1540 509 collocans,
1567 443 1633 498 de
1657 443 1827 512 gloria
1859 444 2056 512 sempi-
2083 450 2130 506 Λ
2164 443 2297 498 mini
2357 442 2475 496 sine
2528 440 2754 512 querela
2808 439 2964 511 (Luc.
3022 442 3094 509 l);
3130 455 3235 494 non
3287 439 3525 510 denique
3569 438 3776 495 balba-

403 540 561 586 terna
599 531 714 586 lida
745 535 1070 590 securitate
1111 537 1354 590 centidit.

475 621 543 674 Et
577 622 690 677 hoc
726 624 906 677 modo
938 623 1087 679 forte
1122 626 1262 679 valet
1297 624 1543 693 intelligi,
1579 625 1720 694 quod
1772 624 2063 694 Apostolus

398 712 512 766 ait:
550 730 569 764 ι
614 713 782 776 Volo,
818 715 1038 784 inquit,
1069 717 1120 769 in
1155 715 1396 770 Ecclesia
1423 717 1664 785 quinque
1694 717 1858 769 verba
1899 731 2060 769 sensu

399 823 530 862 meo
563 807 755 878 loqui,
788 818 935 862 utet
967 810 1108 863 alios
1142 810 1433 873 instrnam,
1464 824 1627 878 quam
1679 809 1865 862 decem
1898 808 2062 862 millia

400 897 457 951 in
491 896 690 967 lingua
718 897 774 965 (Ι
809 897 954 954 Cor.
993 901 1128 970 XIV).
1171 920 1188 950 ι
1217 899 1271 953 ld
1293 909 1396 963 est,
1429 898 1826 967 utiliusjndico
1849 899 2060 967 passio-

400 1003 533 1044 nem
587 989 851 1053 Domini,
909 1005 1039 1060 quin
1071 991 1321 1046 videlicet
1369 993 1610 1061 quinque
1659 1000 1743 1045 est
1772 1001 2062 1060 procurata

401 1083 782 1150 vulneribus,
831 1094 896 1141 et
951 1086 1120 1142 corde
1159 1093 1491 1158 cognoscere
1541 1097 1595 1142 et
1643 1088 1780 1142 alios
1809 1089 2062 1153 edocere,

400 1191 577 1246 quam
608 1176 802 1247 legem
834 1187 1113 1241 veterem,
1151 1194 1272 1249 qua:
1299 1194 1395 1247 per
1441 1178 1766 1248 Decalogum
1805 1179 1928 1232 data
1956 1189 2060 1240 est,

404 1266 837 1336 multiplicibus
863 1268 1058 1323 verbis
1099 1269 1165 1321 ad
1194 1269 1590 1323 ostentationes
1634 1268 1877 1322 inaniter
1925 1283 2061 1337 prxu-

405 1359 626 1416 dicare.
682 1359 825 1415 Haec
883 1359 1151 1414 nimirmn
1202 1359 1445 1428 quinque
1499 1359 1665 1414 verba
1715 1358 1820 1413 illis
1852 1358 2064 1414 locutus

405 1447 622 1513 fuerat,
658 1451 886 1520 quibus
924 1448 1268 1519 postmodum
1313 1449 1532 1503 aiebat:
1572 1465 1590 1498 ‹
1630 1447 1775 1502 Nihil
1808 1463 1893 1502 me
1919 1446 2064 1516 judi-

408 1541 536 1597 cavi
569 1541 730 1596 scire
772 1541 941 1596 inter
993 1554 1111 1603 vos,
1164 1539 1268 1592 nisi
1295 1537 1572 1593 Christum
1603 1537 1810 1604 Jesum,
1837 1550 1888 1594 et
1921 1540 2064 1594 hunc

407 1631 762 1688 cruciﬁxum
793 1630 848 1701 (I
883 1631 1012 1685 Cor.
1049 1631 1130 1699 ιι).
1170 1651 1188 1683 ι
1224 1629 1395 1684 Porro
1438 1641 1618 1684 autem
1653 1631 1796 1684 sicut
1826 1631 1880 1684 in
1907 1646 2065 1700 para-

409 1725 535 1780 diso
567 1735 833 1796 quatuor
859 1720 1183 1778 ﬂuminibus
1204 1737 1270 1777 ex
1300 1738 1407 1777 uno
1447 1722 1594 1776 fonte
1623 1723 2060 1792 procedentibus,

409 1817 674 1885 quinque
705 1816 930 1869 ﬂuenta
957 1824 1103 1879 sunt,
1133 1829 1256 1884 quae
1285 1815 1452 1869 totius
1482 1815 1666 1868 mundi
1714 1813 2056 1868 latitudinem
2093 1813 2137 1873 Β

410 1905 684 1976 irrigant,
716 1907 804 1961 sic
835 1908 909 1960 de
942 1905 1200 1975 paradiso
1230 1904 1497 1958 Dominici
1547 1905 1792 1972 corporis
1821 1904 2064 1973 quinque

410 1975 668 2064 partitus
699 2011 886 2050 cruor
917 1994 1139 2059 cﬂ'ulsit,
1163 1994 1254 2064 qui
1279 1994 1528 2048 videlicet
1583 1995 1803 2048 humani
1849 1975 2064 2064 generis

413 2087 870 2158 inquinamenta
924 2087 1196 2156 purgavit.
1241 2085 1403 2156 273
1449 2085 1770 2155 Quanquam
1819 2101 1915 2154 per
1945 2086 2064 2140 illos

409 2179 670 2247 paradisi
727 2179 1011 2247 gurgites,
1047 2176 1138 2245 qui
1184 2191 1247 2230 ex
1281 2176 1440 2228 unius
1489 2174 1657 2230 fontis
1689 2176 1899 2244 origine
1935 2190 2064 2243 pro-

409 2271 614 2336 dcunt,
652 2270 790 2324 luce
820 2269 1038 2322 clarius
1079 2267 1222 2322 beati
1257 2267 1604 2337 evangelista:
1632 2268 1936 2337 signantur,
1971 2268 2064 2335 qui

411 2361 695 2416 nimirum
727 2359 804 2414 de
835 2358 1044 2413 Christi
1073 2357 1412 2427 plenitudine
1458 2357 1852 2426 proﬂuxerunt.
1888 2357 1944 2410 ln
1973 2357 2066 2412 illo

411 2429 704 2519 ιιι-ειπερ
737 2447 935 2503 fronte
987 2447 1085 2501 loti
1128 2457 1276 2510 snut,
1309 2448 1621 2516 quicunque
1644 2447 2063 2501 commissorum

413 2541 647 2597 veniam
683 2549 832 2596 sunt
875 2540 1176 2594 consecuti.
1231 2539 1348 2609 Ipse
1397 2539 1616 2609 quippe,
1648 2541 1788 2593 sicut
1826 2537 2066 2594 Joannes

415 2635 518 2694 ait.
553 2643 647 2688 est
679 2631 1017 2703 propitiatio
1046 2647 1147 2702 pro
1196 2631 1441 2700 peccatis
1479 2631 1714 2696 nostris;
1748 2632 1837 2686 ubi
1881 2641 1935 2685 et
1981 2647 2065 2687 se-

413 2725 621 2797 quitur
647 2739 664 2779 :
700 2741 723 2775 σ
768 2721 892 2776 Non
923 2737 1023 2791 pro
1055 2722 1259 2776 nostris
1289 2731 1474 2775 autem
1507 2729 1739 2784 tantum,
1767 2722 1862 2776 sed
1884 2730 1939 2776 et
1969 2737 2067 2792 pro

419 2818 601 2872 totius
635 2815 842 2870 mundi
868 2813 921 2885 (1
951 2812 1114 2867 Joan.
1140 2815 1223 2881 ιι).
1263 2833 1280 2864 ι
1326 2799 1468 2868 Hinc
1496 2822 1580 2868 est
1602 2812 1745 2882 quod
1775 2813 2066 2876 Pliarisicis

415 2909 852 2966 misericordia:
907 2909 1116 2960 viscera
1171 2906 1566 2971 nescientibus,
1616 2908 1746 2959 ait:
1793 2924 1812 2956 ι
1863 2907 2067 2961 Euntes

416 3012 615 3058 autem
649 3000 864 3054 discite
891 2997 1020 3066 quid
1055 3006 1178 3051 est:
1211 2995 1642 3052 Misericordiam
1690 2996 1829 3058 volo,
1862 3004 1919 3050 et
1948 3009 2061 3050 non

412 3094 783 3152 sacrificium
814 3089 1033 3153 (Matth.
1056 3089 1161 3156 ut).
1212 3107 1230 3140 ι

493 3183 738 3247 Videte,
797 3177 996 3232 fratres
1036 3176 1368 3241 charissimi,
1421 3176 1603 3231 videte
1659 3177 2054 3246 redemptionis
2086 3157 2132 3217 C

412 3277 701 3332 humana:
733 3269 1073 3340 pontiﬁcem,
1100 3269 1280 3322 videte
1319 3277 1523 3322 nostra:
1552 3267 1745 3323 salutis
1779 3276 2060 3323 auctorem

412 3383 524 3438 pro
550 3365 738 3420 nobis
770 3371 1031 3423 stantem,
1059 3369 1114 3415 et
1135 3371 1323 3414 contra
1350 3359 1550 3414 diaboli
1582 3361 1824 3412 membra
1850 3359 2063 3412 fortiter

407 3446 832 3516 dimicantem.
868 3455 944 3509 De
995 3454 1084 3507 illo
1114 3453 1270 3522 plane
1317 3452 1449 3507 dicit
1478 3451 1772 3520 Apostolus
1812 3468 1825 3504 :
1865 3468 1884 3501 ι
1917 3451 2065 3517 Quo-

409 3553 580 3610 niam
632 3547 865 3603 assistit
900 3545 1075 3599 vultui
1108 3543 1291 3598 Patris
1329 3551 1385 3597 et
1414 3540 1729 3610 interpellat
1781 3556 1882 3610 pro
1908 3541 2063 3620 nobis

406 3640 622 3713 (Rom.
657 3639 815 3708 vtu).
857 3657 874 3688 ι
911 3636 1023 3689 Illic
1053 3644 1202 3689 certe
1231 3649 1328 3702 per
1384 3632 1742 3687 humanitatis
1772 3639 2066 3699 assumpta:

409 3731 785 3804 mysterium
811 3743 911 3798 pro
936 3726 1092 3780 nobis
1119 3724 1413 3779 intervenit
1437 3723 1526 3778 hic
1554 3737 1652 3776 sua
1683 3721 2065 3776 misericordia

405 3821 866 3883 accusantium,
917 3826 974 3872 et
1004 3815 1318 3871 immaniter
1347 3812 1745 3868 oblatrantium
1791 3826 1888 3866 ora
1930 3826 2066 3866 con-

406 3913 609 3970 cludit
646 3928 662 3963 :
707 3910 773 3962 Et
799 3906 949 3977 quia,
980 3906 1122 3960 sicut
1167 3905 1308 3958 idem
1335 3901 1577 3956 Joannes
1615 3901 1686 3954 ait
1722 3918 1736 3953 :
1771 3920 1789 3952 ι
1821 3899 2068 3954 Advoca~

412 4015 547 4060 tum
583 4000 892 4060 habemus,
923 3996 1106 4052 Jesum
1131 3991 1638 4062 Christumjustum
1663 3990 1714 4062 (I
1738 3989 1901 4044 Joan.
1931 3990 2022 4060 ιι),
2043 4011 2060 4042 ι

407 4092 598 4166 quasi
670 4090 982 4143 advocatus
1027 4101 1127 4154 pro
1188 4083 1346 4138 nobis
1387 4083 1440 4136 in
1487 4080 1740 4136 examine
1776 4080 1971 4148 litigat,
2014 4089 2070 4133 et

411 4181 705 4256 propriis
758 4177 1182 4247 allegationibus
1237 4173 1648 4242 obloquentium
1688 4171 1844 4226 nobis
1899 4185 2065 4235 argu-

412 4286 639 4332 menta
688 4271 1040 4325 condemnat.
1072 4266 1226 4323 Unde
1255 4274 1540 4334 postquam
1573 4264 1881 4318 nescientes
1910 4261 2070 4316 mise-

415 4365 765 4423 ricordiam
795 4362 862 4416 ad
897 4359 1212 4414 discendam
1242 4354 1676 4411 miscricordiam
1713 4353 2068 4417 destinasset,

415 4458 656 4513 dicens
695 4471 708 4506 :
745 4474 762 4504 t
811 4453 1018 4506 Euntcs
1054 4449 1270 4512 discite,
1301 4447 1432 4517 quid
1460 4456 1546 4501 est
1583 4464 1596 4500 :
1632 4446 2067 4500 Misericordiam

417 4545 597 4607 volo,
638 4551 702 4597 et
724 4558 828 4595 non
853 4539 1186 4594 sacriﬁcium
1215 4537 1430 4607 (Manli.
1455 4537 1563 4601 IX);
1597 4555 1614 4587 ι
1646 4551 1768 4590 mox
1794 4535 1863 4588 ad
1886 4534 2070 4590 defen-

421 4638 688 4696 sionem
736 4635 988 4702 justitite,
1025 4641 1081 4685 et
1128 4641 1332 4685 nostra:
1393 4629 1564 4698 partis
1610 4627 1872 4692 auxilidm
1926 4628 2073 4682 aliud

423 4731 634 4788 etiam
701 4729 914 4781 invicta:
969 4725 1198 4778 rationis
1270 4722 1451 4776 intulit
1523 4731 1924 4790 argumentum.
1984 4722 2074 4774 Ait

433 4825 613 4882 enim
647 4840 662 4874 :
703 4839 722 4871 ι
783 4819 897 4875 Non
947 4819 1095 4873 enim
1150 4816 1271 4870 veni
1303 4829 1498 4869 vocare
1520 4813 1719 4884 justos,
1749 4813 1840 4866 sed
1882 4827 2075 4880 pecca-

438 4927 618 4971 tores
656 4911 866 4982 (Ibid.).
910 4930 926 4962 ι
959 4911 1038 4963 Ac
1068 4910 1113 4962 si
1147 4908 1294 4962 dicat
1327 4925 1338 4960 :
1375 4906 1490 4960 Non
1523 4908 1644 4962 veni
1677 4905 2077 4975 vocarejnstos

443 5006 553 5077 qui
591 5003 852 5057 videliCet
877 5003 926 5055 in
959 5011 1143 5054 nostra
1171 5015 1274 5052 non
1306 5002 1468 5067 suntj,
1501 4999 1594 5052 sed
1627 5007 1944 5068 peccatores
1986 4996 2078 5066 qui

441 5109 668 5153 omnes
718 5094 1083 5147 communiter
1113 5100 1259 5146 sunt.
1300 5109 1318 5141 ‹
1362 5088 1566 5144 Omnes
1613 5093 1782 5154 enim,
1832 5091 1976 5146 sicut
2006 5091 2082 5144 ait

449 5183 791 5257 Apostolus,
809 5192 1191 5252 peccaverunt,
1207 5192 1259 5236 et
1275 5195 1436 5252 egent
1460 5182 1629 5252 gloria
1657 5181 1748 5236 Dei
1769 5181 2033 5252 (Rom.n).
2058 5201 2078 5234 ι

531 5273 724 5328 Porro
746 5284 928 5329 autem
975 5285 1036 5329 ut
1065 5275 1275 5327 tlrmatn
1315 5287 1464 5343 spem
1498 5273 1877 5342 peccatoribus
1903 5274 2082 5337 daret,

444 5377 568 5418 non
597 5359 731 5413 illos
756 5363 826 5416 ad
847 5363 1183 5433 apostolatus
1209 5362 1425 5418 culmen
1453 5361 1634 5432 elegit,
1657 5361 1750 5430 qui
1782 5361 2080 5416 credebth

447 5463 544 5505 tur
573 5451 738 5502 inter
763 5451 1019 5510 homines
1047 5455 1177 5523 justi
1211 5465 1262 5509 et
1287 5455 1468 5524 aliqua
1497 5455 1788 5509 sanctitate
1817 5455 2079 5509 videban-

439 5558 533 5594 tur
590 5540 890 5614 insignes,
941 5549 1038 5604 sed
1079 5549 1161 5602 Vel
1221 5549 1437 5617 ignaros
1477 5549 1730 5617 jnsiittm,
1785 5547 1866 5601 vel
1913 5548 2079 5603 etiam

428 5638 805 5700 μθσστιιονεδ.
848 5638 984 5697 Hinc
1013 5648 1095 5695 est
1121 5641 1264 5709 quod
1297 5655 1401 5693 non
1428 5639 1754 5693 Zachariam
1810 5639 1902 5710 qui
1935 5640 2081 5694 ince-

416 5720 598 5774 debat
651 5723 707 5778 in
749 5735 1034 5786 omnibus
1068 5733 1338 5785 inmutatis
1362 5742 1416 5783 et
1454 5732 1938 5802 justiticationibus
1970 5731 2077 5788 Do-

2166 534 2398 596 naelem,
2427 533 2481 586 in
2526 547 2635 602 quo
2659 531 2815 586 dolus
2845 548 2951 586 non
2982 541 3101 585 erat
3126 540 3178 586 et
3208 531 3296 584 cui
3325 545 3514 583 verum
3547 546 3607 585 se
3638 546 3779 599 pra:-

2166 613 2330 679 bcbat
2371 623 2671 678 Israelitam
2703 623 2886 688 (Ιοιιη.
2918 625 2991 693 ι);
3039 638 3144 676 ιιοιι
3175 630 3325 676 certe
3355 622 3694 687 Simeonem,
3723 623 3776 676 in

2164 731 2273 786 quo
2320 716 2557 785 Spiritus
2588 724 2809 770 sanctus
2858 723 2998 778 erat,
3032 715 3118 768 cui
3147 715 3313 769 etiam
3340 711 3620 766 Christum
3667 714 3775 767 Do-

2166 809 2396 871 minum,
2436 818 2732 877 antequam
2784 815 3112 870 moreretur,
3168 805 3464 859 videndum
3498 820 3619 859 esse
3651 820 3783 876 pro-

2166 902 2391 955 miserat
2419 899 2571 969 (Luc.
2606 901 2665 967 ιι)
2692 917 2704 962 ;
2735 916 2840 953 ιιοιι
2871 915 2934 955 ex
2990 900 3076 953 his
3121 897 3202 954 vel
3239 897 3548 966 bujnsmodi
3580 912 3773 966 quem-

2165 990 2296 1044 libet
2333 996 2401 1045 ad
2443 992 2758 1059 apostolica:
2811 989 3094 1061 dignitatis
3144 989 3359 1044 culmen
3414 988 3640 1051 evexit,
3680 987 3774 1041 sed

2165 1083 2442 1151 simplices
2465 1084 2644 1153 potius
2670 1099 2733 1137 ac
2769 1092 3086 1154 peccatores
3116 1083 3220 1137 hoc
3243 1081 3623 1136 sublimandos
3649 1093 3774 1135 esse

2167 1173 2382 1244 fastigio
2424 1175 2720 1245 judicavit;
2766 1186 2825 1231 ut
2854 1178 3232 1247 unusquisque
3277 1190 3470 1229 eorum
3500 1173 3778 1230 veraciter

2166 1267 2315 1322 dicat
2355 1284 2366 1319 :
2411 1285 2428 1318 t
2466 1266 2654 1321 Gratia
2682 1268 2775 1323 Del
2799 1282 2919 1322 sum
2953 1267 3004 1322 id
3039 1269 3187 1337 quod
3219 1283 3340 1320 sum
3377 1265 3425 1336 (1
3458 1263 3583 1319 Cor.
3608 1264 3726 1334 xv),
3754 1283 3771 1315 ι

2165 1368 2440 1426 quatenus
2461 1360 2604 1428 quod
2632 1374 2660 1410 a
2691 1374 2904 1412 summa
2934 1359 3176 1429 provecti
3218 1366 3370 1421 sunt,
3404 1371 3510 1410 non
3537 1355 3777 1425 propriis

2167 1450 2447 1504 ascribant
2486 1451 2717 1516 meritis,
2769 1452 2865 1506 sed
2897 1451 3088 1522 gratia:
3135 1451 3315 1520 potius
3362 1447 3775 1504 clementissimi

2167 1539 2425 1608 deputent
2449 1539 2728 1610 largitoris
2751 1558 2764 1606 ;
2791 1542 2877 1596 cui
2899 1543 2970 1597 sit
2993 1542 3184 1612 gloria,
3207 1545 3374 1596 decus
3399 1549 3455 1594 et
3484 1539 3776 1609 imperium

2169 1629 2223 1682 in
2249 1630 2432 1685 omnia
2453 1631 2651 1686 secula
2677 1633 3026 1686 sazculorum.
3062 1634 3259 1686 Amen.

2773 1745 3010 1801 SERMO
3051 1744 3159 1800 ιιι.

2455 1856 2519 1894 οε
2560 1855 2767 1895 ελκετο
2806 1855 3076 1894 ιιιειιλειε
3115 1852 3485 1894 Αιιοιιλιιοειο.

2779 1916 2934 1978 (xxix
2993 1911 3174 1979 ssrr.)

2237 2001 2396 2056 Circa
2447 2017 2631 2056 rerum
2660 2002 2943 2056 cardinem
2975 2016 3280 2065 versamur,
3310 2010 3367 2055 et
3411 1998 3776 2070 magnificen-

2167 2093 2296 2146 tiam
2329 2109 2552 2162 opernni
2582 2092 2795 2147 Domini
2825 2092 2968 2162 stylo
2995 2093 3382 2163 prosequimur
3411 2089 3578 2163 274
3605 2092 3780 2158 ἱιιιροο

2163 2177 2294 2247 lito;
2342 2200 2442 2238 nec
2467 2192 2551 2238 est
2596 2185 2978 2252 prmsmnptio,
3013 2184 3106 2238 sed
3135 2184 3375 2246 devotio,
3401 2182 3526 2250 quia
3560 2195 3668 2234 non
3699 2190 3780 2235 te-

2168 2275 2390 2328 merarii
2445 2283 2801 2337 scrutatores,
2845 2275 2939 2328 sed
2974 2275 3045 2344 pii
3081 2275 3388 2343 pnlsatores
3442 2271 3777 2327 accedimus.

2169 2361 2586 2417 llnnoraverunt
2644 2364 2916 2433 siquidem
2965 2364 3166 2434 stylnm
3217 2361 3478 2430 majestas
3517 2358 3783 2430 Virginis,

2169 2462 2224 2508 et
2253 2454 2488 2525 dignitas
2514 2455 2711 2514 crucis.
2745 2463 2798 2507 et
2830 2463 3124 2522 utrumque
3151 2452 3601 2522 prmsiimpsimus
3629 2459 3783 2504 utrov

2167 2560 2275 2614 que
2328 2545 2542 2598 salvati.
2601 2543 2750 2599 Nunc
2783 2545 2849 2598 ad
2895 2544 3118 2614 angelos
3153 2557 3466 2598 sermonem
3499 2541 3778 2596 convertiv

2170 2651 2312 2702 inus,
2351 2645 2405 2691 ct
2449 2637 2592 2690 illius
2636 2637 2875 2705 purioris
2907 2647 3118 2691 natura:
3149 2636 3589 2704 contemplamur
3614 2632 3756 2701 origi

2170 2741 2318 2791 nem,
2349 2736 2405 2782 et
2440 2727 2544 2781 hoc
2591 2727 2812 2796 quidem
2845 2727 3257 2781 convenienter.
3297 2725 3355 2779 In
3399 2725 3590 2794 primis
3621 2737 3780 2776 nam-

2168 2837 2275 2890 que
2302 2821 2437 2877 locis
2468 2821 2558 2874 illa
2591 2821 2698 2875 duo
2743 2821 2919 2889 prima
2948 2821 3261 2890 posuimus,
3293 2835 3414 2886 qua:
3442 2818 3544 2872 sibi
3571 2817 3779 2886 prima-

2171 2921 2283 2965 tum
2330 2910 2612 2966 vindicant
2665 2911 2716 2964 in
2751 2925 2933 2964 narum
2979 2911 3272 2965 creaturis.
3317 2908 3566 2964 Tertium
3594 2916 3780 2961 autem

2169 3002 2349 3058 locum
2410 3005 2716 3058 sortiuntur
2785 3003 2986 3074 angeli,
3055 3005 3198 3058 sicut
3254 3004 3308 3057 in
3369 3001 3531 3066 caelo,
3590 3002 3665 3055 ita
3727 3001 3782 3054 in

2172 3095 2398 3164 scripto,
2443 3095 2716 3164 sentitque
2765 3095 2946 3148 anima
2978 3095 3123 3163 quod
3174 3093 3421 3148 continet
3473 3091 3694 3162 pagina,
3725 3101 3782 3146 et

2167 3184 2464 3237 auctoritas
2519 3184 2732 3237 ratione
2780 3185 3040 3236 munitur.
3080 3184 3240 3238 Beata
3277 3183 3365 3237 illa
3399 3183 3550 3253 regio
3581 3198 3780 3252 super-

2167 3288 2358 3328 naruin
2392 3275 2675 3334 virtutum,
2709 3276 2763 3328 in
2787 3291 2892 3342 qua
2919 3274 3109 3330 felices
3132 3275 3361 3343 spiritus
3381 3273 3783 3328 circumvolant

2168 3365 2459 3420 Dominum
2513 3365 2778 3428 Sabaoth,
2814 3375 2869 3420 et
2904 3366 3125 3420 sublimi
3180 3381 3486 3436 pennarum
3517 3365 3782 3436 applausu

2169 3457 2222 3510 in
2272 3456 2467 3525 plateis
2515 3473 2768 3526 supernae
2812 3456 3158 3511 Hierusalem
3195 3472 3210 3510 :
3243 3457 3504 3521 Sanctus,
3535 3465 3782 3516 sanctus,

2169 3558 2392 3603 sanctus
2437 3549 2585 3602 clara
2630 3564 2765 3605 voce
2819 3551 3139 3603 decantant.
3182 3567 3200 3597 t
3256 3548 3400 3609 Vidi,
3439 3549 3614 3617 inquit
3657 3564 3785 3616 pro-

2169 3641 2357 3712 pheta,
2402 3643 2690 3696 Dominum
2745 3643 3025 3696 sedentem
3059 3657 3225 3711 super
3272 3641 3469 3696 solium
3503 3640 3782 3695 excelsum

2169 3741 2221 3786 et
2253 3730 2546 3796 elevatum,
2593 3741 2646 3785 et
2675 3733 2831 3801 plena
2885 3742 3007 3788 erat
3049 3733 3231 3787 omnis
3288 3743 3434 3788 terra
3493 3731 3788 3800 majestate

2169 3819 2310 3890 ejus,
2332 3831 2390 3877 et
2417 3837 2502 3888 ea,
2533 3838 2654 3891 qua:
2685 3823 2784 3876 sub
2823 3823 2940 3893 ipso
2965 3832 3148 3886 erant,
3181 3822 3468 3892 replebant
3497 3822 3779 3893 templum.

2173 3912 2460 3982 Serapltim
2517 3915 2740 3969 stabant
2793 3931 2958 3986 super
3005 3916 3158 3979 illud,
3193 3931 3289 3972 sex
3318 3915 3417 3970 ala:
3451 3916 3565 3978 uni,
3597 3925 3652 3970 et
3683 3931 3781 3970 sex

2172 4004 2271 4059 alae
2295 4005 2451 4060 alteri
2479 4003 2616 4077 (ha.
2654 4006 2750 4074 vi).
2789 4025 2808 4058 ι
2838 4005 3065 4077 Singula
3094 4008 3197 4062 ista
3224 4009 3391 4062 verba
3422 4023 3520 4061 suo
3545 4007 3789 4074 pondere

2172 4096 2366 4151 librata
2401 4106 2552 4162 sunt,
2602 4105 2658 4151 ct
2687 4096 3166 4168 diligentissimam
3195 4107 3450 4168 quarunt
3483 4098 3789 4168 expositio-

2173 4203 2296 4242 nem
2325 4228 2338 4249 ,
2371 4187 2528 4256 cujus
2574 4203 2673 4243 nos
2710 4190 2980 4243 immunes
3027 4188 3340 4256 insipientia
3370 4200 3424 4242 et
3460 4188 3780 4254 ineloqueu-

2175 4277 2252 4330 tia
2283 4276 2432 4339 fecit,
2471 4276 2675 4346 aliquid
2708 4275 3066 4330 nihilominus
3092 4275 3386 4344 exculpere
3425 4275 3788 4337 tentabimus,

2174 4369 2218 4420 si
2245 4383 2350 4420 non
2386 4369 2458 4421 ita
2489 4366 2830 4430 soleuiniter,
2861 4367 3131 4420 veraciter
3165 4374 3368 4419 tamen.

2250 4457 2400 4512 Visio
2434 4457 2550 4511 haec
2587 4456 2892 4525 corporalis
2944 4471 3052 4510 non
3103 4465 3214 4519 est,
3274 4454 3361 4510 vel
3426 4453 3795 4525 pltantasticis

2178 4545 2418 4600 involuta
2460 4546 2772 4615 praestigiis,
2804 4545 2900 4600 sed
2953 4545 3218 4614 Spiritalis
3271 4554 3329 4598 et
3381 4559 3520 4613 pura
3551 4543 3798 4614 purioris

2182 4639 2556 4708 intelligentia:
2602 4639 2921 4694 desiderans
2963 4638 3340 4693 sanctitatem.
3391 4635 3542 4691 Hanc
3572 4651 3680 4689 non
3713 4635 3793 4688 vi-

2177 4729 2307 4782 dent
2334 4727 2438 4781 nisi
2485 4728 2759 4792 videntes,
2795 4737 2850 4781 et
2894 4729 2986 4798 qui
3019 4728 3205 4781 mundi
3253 4728 3543 4796 caliginem
3595 4739 3807 4810 superj

2178 4819 2378 4888 gressi,
2427 4818 2774 4886 splendorem
2832 4818 3138 4872 divinitatis
3207 4817 3546 4871 lucidissima
3611 4825 3798 4871 mente

2179 4913 2534 4982 suscipiunt?
2573 4912 2660 4973 Et,
2713 4920 2772 4965 ut
2800 4912 3044 4966 breviter
3069 4927 3190 4966 eam
3223 4912 3581 4974 (liﬂiniamus,
3613 4909 3792 4981 Spiri-

2181 5011 2268 5057 tus
2300 5003 2394 5057 Dei
2450 5013 2641 5057 nostro
2690 5003 2905 5072 spiritui
2937 5002 3174 5059 dulciter
3212 5003 3518 5074 applicatus
3549 5003 3690 5066 hanc
3715 5000 3799 5056 cf-

2185 5093 2294 5146 ticit
2349 5093 2635 5156 visionem,
2691 5108 2814 5147 cum
2865 5108 2964 5148 nos
3017 5094 3084 5148 de
3151 5096 3499 5165 pra-scientia
3553 5095 3795 5149 cumulat

2183 5183 2513 5238 futurorum.
2563 5184 2676 5239 lloc
2726 5187 2894 5256 igitur
2934 5190 3098 5241 modo
3132 5189 3224 5244 ille
3263 5190 3430 5244 totius
3455 5188 3800 5261 prophetalis

2183 5275 2510 5344 eloquentia:
2562 5277 2734 5346 gloria
2810 5277 2947 5331 vidit
3014 5278 3302 5333 Dominum
3363 5289 3419 5333 ct
3481 5282 3783 5334 sedentem.

2189 5363 2357 5419 Filius
2395 5365 2489 5419 Dei
2537 5365 2760 5434 triginta
2811 5377 2869 5422 et
2895 5368 3070 5422 tribus
3118 5370 3278 5424 annis
3330 5384 3524 5424 servus
3555 5369 3654 5424 fuit
3689 5383 3798 5421 non

2191 5456 2470 5523 Dominus,
2505 5457 2776 5522 minister,
2808 5474 2913 5513 non
2960 5462 3244 5529 magister,
3277 5461 3422 5524 vilis,
3459 5477 3563 5514 non
3595 5460 3795 5529 glorio-

2189 5563 2300 5610 sus,
2345 5560 2402 5602 et
2445 5548 2571 5604 licet
2621 5551 2821 5604 dixerit
2866 5551 3150 5622 discipulis
3207 5571 3216 5606 :
3273 5571 3289 5603 t
3331 5551 3445 5607 Vox
3476 5552 3680 5606 vocatis
3711 5566 3797 5603 tne

2190 5639 2447 5711 Magister
2493 5649 2546 5696 ct
2586 5640 2834 5705 Domine,
2879 5652 2932 5696 ct
2985 5642 3123 5698 bene
3167 5644 3379 5707 dicitis;
3424 5658 3543 5696 sum
3591 5641 3794 5694 etenim

2192 5731 2375 5796 (πίσσης
2433 5734 2588 5804 xm):
2655 5751 2675 5786 ι
2720 5732 2786 5784 Et
2842 5751 2850 5760 ·
2908 5752 2924 5784 ι
2965 5732 3075 5803 ligo
3118 5733 3347 5787 Stultlux
3387 5731 3572 5787 mundi
3607 5728 3789 5802 (Joau.
