5450 6406
473 14 3965 81 ‘———————

2031 349 2138 408 795
2565 349 2623 407 8.
2667 347 2870 406 PETRI
2908 348 3191 406 DA!!le
3230 349 3380 407 OPP.
3423 349 3602 405 PARS
3632 346 3760 407 εει]
3802 345 4038 406 ΤΟΜΠΞ
4077 346 4138 401 ιι.
4179 374 4246 386 -
4286 341 4676 401 SERIONES.
5197 340 5293 398 796

2029 467 2148 539 vui)
2181 485 2194 522 :
2240 485 2258 519 ι
2291 465 2446 537 pauci
2475 472 2654 525 tamen
2695 465 2986 520 verborum
3012 463 3359 520 altitudinem
3392 476 3617 520 notave-
3643 471 3690 528 Α
3717 474 3769 518 et
3803 462 4028 531 sulphur
4049 458 4203 530 (Gen.
4234 461 4378 528 xtv);
4407 457 4690 529 Egyptios
4712 455 5013 512 submersit
5046 457 5102 511 in
5123 457 5292 513 ﬂueti-

2034 566 2180 620 rnnt,
2223 552 2512 608 Pharisais
2538 552 2923 616 invidentihus,
2958 552 3158 608 Iudais
3186 569 3291 608 non
3336 555 3607 609 credenti-

2030 645 2152 709 bus,
2177 653 2228 697 et
2259 643 2406 697 illum
2433 642 2781 713 arguentibus
2822 644 3281 713 prasumptiouis.
3324 643 3428 696 Sed
3456 653 3608 711 post-

2030 751 2189 806 quam
2237 735 2536 789 resurrexit
2583 749 2614 788 a
2655 736 2908 802 mortuis,
2950 746 3004 791 et
3033 737 3088 790 in
3141 735 3449 804 triumphali
3481 737 3609 789 sede

2033 838 2279 894 receptus
2323 833 2426 889 est,
2483 825 2827 893 imperatoria
2882 826 3100 881 decreta
3163 826 3441 894 propalata
3484 833 3611 878 sunt

2031 920 2170 983 urbi,
2210 918 2432 986 fixitque
2480 917 2789 974 Crucifixus
2838 920 2891 972 in
2949 927 3118 972 totam
3151 919 3330 971 mundi
3370 916 3610 971 latitudio

2035 1022 2157 1062 nem
2198 1021 2309 1062 sate
2358 1007 2742 1062 dominationis
2797 1007 3022 1077 insigne.
3071 1003 3192 1059 Iam
3256 1005 3611 1072 majestativis

1925 1105 1927 1108 ‘
2033 1099 2340 1156 nominibus
2383 1099 2835 1154 circumfunditur
2863 1100 2954 1154 ille
2981 1116 3201 1168 pauper,
3233 1111 3287 1154 et
3317 1101 3527 1164 unicus,
3558 1111 3609 1156 et

2030 1190 2305 1244 servilium
2339 1191 2616 1244 nominum
2645 1191 2849 1244 vilitate
2899 1191 3125 1255 dimota,
3169 1191 3280 1244 Rex
3315 1207 3528 1260 regum,
3555 1201 3610 1246 et

2032 1279 2292 1336 Dominus
2317 1281 2707 1335 dominantium
2736 1281 2900 1336 multa
2923 1281 3042 1339 luce
3066 1282 3434 1354 prafulgurat.
3467 1285 3611 1338 Vidit

2030 1385 2160 1440 ergo
2187 1385 2309 1424 eum
2338 1370 2482 1425 illius
2509 1372 2695 1435 Amos,
2726 1387 2832 1425 non
2866 1372 3146 1434 humilem,
3173 1374 3265 1427 sed
3288 1373 3607 1438 sublimem;

2029 1476 2136 1516 non
2185 1462 2510 1531 iudicatum,
2545 1464 2639 1517 sed
2663 1463 2937 1532 judicem;
2990 1481 3096 1520 non
3126 1467 3479 1536 opprobrium
3511 1469 3609 1521 ho-

2026 1549 2250 1612 minum,
2285 1552 2379 1604 sed
2410 1550 2635 1621 gloriam
2663 1552 3000 1622 angelorum.

2104 1657 2123 1688 ι
2153 1637 2464 1701 Sedentein,
2497 1659 2516 1692 δ
2544 1641 2741 1709 inquit.
2772 1641 3062 1710 Triplicem
3082 1643 3312 1712 legimus
3341 1644 3613 1699 Creatoris

2024 1729 2344 1792 sessionem,
2398 1745 2558 1784 unam
2590 1740 2714 1800 post
2771 1733 2953 1786 mundi
2986 1735 3341 1794 creationem,
3392 1737 3610 1803 quando

3711 557 3811 609 bus
3835 554 4030 622 (Exod.
4065 552 4200 620 xvi),
4224 550 4585 604 Israelitarum
4607 548 4871 603 cadavera
4911 551 5218 618 prostravit
5243 552 5293 604 in

3711 661 3913 706 eremo,
3942 644 4139 711 ubique
4177 641 4587 696 turbulentioris
4630 639 4842 694 Domini
4892 650 5295 709 repraesentans

3714 734 4039 802 imaginem;
4068 731 4136 785 ad
4179 741 4482 784 extremum
4513 729 4661 784 venit
4690 730 4806 797 ipse
4836 729 4889 782 in
4927 730 5074 784 nube
5099 739 5295 786 nostra

3711 826 3895 880 carnis
3938 824 4180 892 abjectus
4213 821 4364 891 (Lac.
4394 822 4480 889 tt),
4525 829 4582 874 et
4625 819 4867 874 dolorum
4914 822 5214 891 particeps,
5234 831 5297 874 et

3710 917 3953 969 laborum
3990 915 4180 969 didicit
4210 911 4574 968 obedientiam
4600 926 4667 965 ex
4713 911 4798 966 his
4843 925 4965 980 qua:
4989 926 5190 981 passus
5214 921 5298 966 est

3712 1005 3898 1073 (Hebr.
3933 1005 4006 1073 τ).

3780 1095 4163 1148 Consummala
4210 1102 4392 1148 autem
4437 1092 4619 1147 carnis
4647 1092 5015 1160 susceptione,
5054 1093 5298 1149 elevatus

3710 1197 3792 1240 est
3821 1187 3876 1239 in
3921 1186 4142 1249 caelum,
4192 1197 4248 1240 et
4295 1185 4449 1240 sedet
4491 1200 4520 1237 a
4547 1184 4752 1239 dextris
4783 1184 4875 1238 Dei
4920 1184 5120 1255 (Herc.
5149 1189 5294 1254 xvi);

3712 1292 3808 1330 nec
3862 1286 4039 1330 tamen
4083 1277 4237 1330 sedet
4289 1275 4354 1330 ad
4395 1275 4644 1345 plenum,
4682 1275 4809 1344 quia
4866 1276 5076 1334 assistit
5121 1276 5298 1330 adhuc

3713 1365 3880 1417 vultui
3907 1363 3998 1417 Dei
4028 1379 4125 1434 pro
4153 1364 4328 1418 nobis.
4355 1364 4472 1419 Erit
4511 1374 4691 1417 autem
4721 1365 4771 1419 ei
4808 1366 4962 1418 tertia
4987 1366 5167 1419 sessio
5187 1367 5298 1436 glo-

3712 1454 3875 1516 riosa,
3902 1469 4025 1506 cum
4054 1455 4224 1507 bonos
4268 1464 4324 1508 et
4355 1453 4524 1507 malos
4547 1453 4762 1507 diverso
4793 1452 4918 1516 fine,
4953 1455 5298 1525 diversisque

3711 1545 3976 1598 clausuris
4033 1546 4310 1599 incluserit
4344 1544 4559 1614 (Matth.
4607 1545 4756 1616 xxv).
4801 1545 5025 1601 Sedebit
5054 1548 5112 1601 in
5171 1551 5300 1602 sede

3712 1637 4013 1701 majestatis
4065 1652 4193 1701 suae,
4233 1652 4356 1691 cum
4408 1652 4505 1690 nos
4537 1638 4768 1691 traxerit
4815 1638 4880 1691 ad
4915 1653 4994 1701 se,
5032 1657 5050 1689 ι
5104 1650 5162 1693 et
5194 1641 5300 1693 erit

3715 1728 3855 1783 Deus
3883 1730 4063 1782 omnia
4098 1730 4150 1782 in
4178 1730 4433 1784 omnibus
4458 1729 4506 1799 (I
4539 1730 4662 1784 Cor.
4696 1730 4807 1793 xv).
4852 1749 4869 1781 ι
4912 1729 5097 1785 Prima
5128 1734 5300 1786 sessio

2025 1818 2289 1887 requievit
2319 1820 2387 1872 ab
2413 1821 2559 1874 omni
2611 1836 2796 1889 opere,
2844 1823 2984 1890 quod
3037 1833 3281 1893 pan-ant
3315 1822 3468 1892 (ϐεη,
3509 1827 3603 1894 ιι);
3641 1812 3683 1869 Β
3712 1829 3794 1872 est
3840 1820 4026 1887 gratiae
4058 1834 4160 1887 qua
4193 1820 4364 1888 gratis
4394 1820 4575 1873 omnia
4607 1820 4766 1885 fecit;
4818 1821 5058 1875 secunda
5085 1822 5300 1876 miseri-

2024 1907 2182 1962 aliam
2229 1904 2349 1976 post
2391 1910 2793 1972 ascensionem,
2843 1912 3058 1979 quando
3088 1923 3396 1982 assumptus
3443 1924 3522 1967 est
3554 1916 3604 1966 in

2023 1998 2244 2059 calum,
2285 2007 2338 2052 et
2359 1999 2511 2052 sedet
2539 2017 2569 2054 a
2618 2001 2828 2055 dextris
2854 2002 2943 2055 Dei
2977 2003 3170 2070 (Marc.
3208 2006 3353 2074 xix);
3387 2008 3604 2060 tertiam

2023 2097 2146 2159 post
2171 2092 2648 2157 resurrectionem,
2691 2109 2813 2146 cum
2841 2096 3041 2149 sederit
3073 2098 3124 2149 in
3149 2099 3277 2150 sede
3309 2099 3608 2167 inajestatis

2024 2196 2159 2245 suae,
2187 2193 2240 2237 et
2275 2197 2370 2236 nos
2412 2199 2533 2239 cum
2565 2200 2630 2238 eo
2660 2188 2968 2241 sedebimus
3019 2187 3236 2258 (Matth.
3277 2191 3410 2258 xix).
3458 2189 3607 2243 Solet

2026 2273 2262 2339 quietem
2309 2273 2462 2327 labor
2512 2277 2854 2343 praecedere,
2907 2280 3067 2332 statio
3121 2282 3438 2335 sessionem.
3501 2281 3606 2335 Sed

2027 2364 2243 2426 quando
2303 2362 2567 2418 laboravit
2616 2365 2702 2420 illa
2754 2366 3032 2434 majestas,
3080 2386 3198 2440 qua:
3228 2387 3328 2426 nec
3377 2371 3607 2426 adicitur

2028 2449 2298 2514 passione.
2349 2466 2448 2505 nec
2499 2453 2679 2507 labore
2716 2453 3100 2525 distringitur?
3147 2461 3285 2513 Audi
3322 2461 3606 2527 'quomodo

2034 2537 2197 2609 275
2234 2540 2495 2609 plurimus
2523 2544 2571 2598 ei
2602 2543 2755 2600 labor
2796 2547 3056 2613 incubuit,
3098 2565 3219 2606 cum
3255 2552 3402 2606 illum
3434 2555 3606 2622 pessi-

2034 2641 2180 2680 mum
2215 2642 2657 2700 prmsnmptorem
2685 2635 2750 2688 de
2787 2637 2943 2691 cmlis
2990 2639 3058 2692 ad
3105 2639 3313 2694 inferna
3355 2643 3604 2708 detrusit,

2029 2725 2085 2770 et
2117 2717 2387 2772 hominem
2425 2730 2646 2787 peccato
2684 2738 2822 2792 pene
2847 2726 3008 2778 simili
3037 2732 3510 2798 comprehensum,
3541 2734 3606 2787 de

2029 2808 2283 2875 paradiso
2311 2809 2600 2880 voluptatis
2626 2815 2678 2866 In
2699 2828 3059 2872 aerumnosum
3089 2818 3312 2875 immisit
3333 2822 3604 2878 exsilium.

2026 2895 2298 2962 Quantum
2331 2909 2487 2969 putas
2513 2902 2798 2958 tumultum
2835 2906 2889 2959 in
2931 2907 3245 2966 calestibus
3290 2909 3609 2968 eﬂ‘erbuisse

2027 2986 2266 3065 palatiis,
2339 3005 2460 3044 cum
2517 2993 2764 3048 mortifer
2812 2995 2902 3050 ille
2955 3009 3199 3055 vastator
3251 3002 3607 3072 irreparabile

2021 3077 2305 3132 dissidium
2329 3080 2380 3132 in
2413 3081 2499 3134 illa
2534 3081 2739 3138 ctrlssti
2761 3086 2911 3140 curia
2940 3086 3245 3155 fabricavit,
3271 3104 3602 3149 conventum

2024 3168 2284 3235 proscidit
2321 3171 2647 3239 angelicum,
2709 3181 2764 3228 et
2809 3177 3026 3230 nomina
3086 3179 3356 3235 stellantia
3413 3198 3599 3239 secum
3631 3157 3675 3218 Ο

2029 3256 2197 3309 traxit
2222 3257 2274 3309 in
2304 3261 2566 3314 mortem?
2597 3262 2827 3316 Des-evit
2865 3275 2996 3320 tunc
3036 3266 3437 3338 Omnipotentis
3464 3275 3603 3328 indi-

2027 3347 2232 3413 gnatio,
2258 3354 2477 3416 totaque
2503 3351 2805 3407 divinitatis
2832 3355 3054 3410 dextera
3085 3373 3377 3426 percussus
3401 3374 3484 3418 est
3507 3365 3610 3419 ini-

2028 3434 2224 3500 micus,
2248 3446 2302 3491 et
2333 3438 2384 3490 in
2415 3427 2728 3507 perditionis
2752 3443 3038 3501 devolutus
3077 3457 3159 3502 est
3186 3450 3461 3516 abyssum.

2102 3523 2237 3580 Huic
2292 3525 2400 3581 tam
2432 3531 2580 3600 gravi
2624 3532 2842 3597 damno,
2897 3546 3004 3588 tam
3061 3540 3302 3607 graviter
3340 3542 3610 3598 vindicato

2030 3617 2294 3670 successit
2343 3626 2400 3671 et
2444 3618 2608 3673 aliud.
2653 3619 2904 3676 Peccavit
2950 3640 3186 3695 namque
3218 3628 3326 3692 ille,
3363 3632 3451 3698 qui
3482 3633 3608 3688 huic

2033 3707 2391 3762 resarciendaa
2423 3709 2600 3764 ruina.
2619 3709 2796 3765 fuerat
2828 3713 3176 3785 subrogatus,
3202 3731 3422 3790 propter
3444 3738 3605 3792 quem

2032 3796 2213 3850 omnia
2293 3796 2646 3868 subcmlestia:
2689 3799 2902 3856 fuerant
2969 3808 3285 3862 constituta.
3339 3809 3609 3867 Peccante

2028 3893 2208 3939 autem
2255 3885 2368 3953 illo,
2412 3887 2638 3942 multum
2679 3889 2982 3958 splendoris
3031 3896 3259 3950 sidereis
3305 3900 3609 3954 detractum

2027 3983 2110 4028 est
2159 3975 2514 4032 luminaribus
2568 3988 2846 4049 totamque
2881 3982 3276 4040 elementorum
3327 3991 3610 4044 materiam

2029 4061 2249 4117 infectio
2284 4064 2610 4133 deploranda
2660 4068 2920 4124 confudit.
2953 4070 3202 4128 Nondum
3245 4089 3468 4132 aversus
3491 4087 3612 4134 erat

2026 4151 2180 4208 furor
2232 4155 2468 4223 Domini,
2501 4161 2596 4214 sed
2643 4160 2818 4216 adhuc
2870 4178 3064 4219 manus
3119 4165 3237 4234 ejus
3268 4179 3524 4236 extenta,
3554 4181 3610 4227 et

2025 4244 2301 4299 dexteram
2326 4248 2442 4316 ejus
2466 4249 2722 4319 singulari
2747 4251 2970 4308 vulnere
2989 4254 3268 4324 fatigatam
3294 4273 3390 4328 pro
3417 4262 3611 4316 "icavit

2028 4332 2082 4385 in
2111 4349 2169 4388 se
2202 4335 2407 4404 fragilis
2429 4347 2484 4391 et
2507 4338 2680 4392 lutosa
2697 4341 3021 4408 substantia,
3049 4347 3326 4416 sensitque
3352 4350 3608 4419 reliquias

2030 4420 2274 4478 fulminei
2329 4425 2531 4481 furoris
2579 4430 2746 4484 miser
2791 4431 3168 4500 homunculus,
3225 4445 3280 4490 et
3325 4441 3608 4508 personale

2029 4514 2279 4582 delictum
2326 4521 2640 4588 proscripsit
2685 4522 2986 4578 universos.
3049 4525 3377 4584 Deturbatur
3441 4533 3606 4602 igitur

2033 4608 2351 4662 tunmltibus
2379 4604 2750 4680 frequentibus
2783 4615 3180 4671 rationabilium
3207 4608 3607 4690 creaturarum,

2032 4697 2290 4754 Dominus
2327 4701 2640 4770 majestatis,
2666 4711 2723 4757 et
2757 4720 2916 4774 super
2945 4707 3058 4762 suis
3087 4708 3333 4766 hostibus
3362 4713 3606 4767 vindica-

2034 4797 2138 4852 tus,
2167 4792 2419 4846 cadentes
2439 4794 2657 4864 angelos
2681 4811 2806 4849 cum
2829 4797 3205 4867 desperatione
3231 4802 3530 4870 damnavit,
3556 4814 3612 4859 et

2034 4879 2307 4937 hominem
2356 4886 2640 4955 castigavit
2685 4888 2738 4940 in
2768 4903 2883 4955 spe,
2907 4891 3208 4959 praevidens
3234 4905 3438 4962 quanta
3468 4897 3606 4951 bona

2030 4971 2100 5026 de
2126 4972 2270 5027 illius
2298 4986 2520 5044 peccato
2561 4986 2708 5032 esset
2750 4977 3006 5035 facturus.
3035 4982 3101 5037 Et
3133 4984 3204 5038 ob
3251 4987 3353 5040 hoc
3382 4985 3607 5042 forsitan

2030 5065 2332 5135 angelicum
2386 5079 2668 5137 peccatum
2709 5069 2765 5125 in
2811 5071 3130 5144 .Scripturis
3182 5094 3288 5134 non
3338 5078 3610 5135 invenitur

2031 5170 2368 5226 expressum,
2420 5175 2488 5214 ne
2515 5159 2813 5228 Scriptura:
2855 5165 3204 5222 mandaretur
3230 5170 3377 5239 quod
3423 5187 3607 5226 emen-

2030 5251 2149 5306 dari
2182 5268 2287 5308 non
2325 5263 2557 5324 poterat.
2616 5257 2902 5327 Requievit
2953 5275 3085 5332 ergo
3135 5262 3274 5320 Deus
3304 5266 3606 5322 rationabili

2028 5341 2142 5396 line
2168 5343 2331 5398 tantis
2361 5344 2516 5400 malis
2553 5345 2824 5417 imposito,
2852 5349 2948 5404 sed
2978 5366 3166 5407 rursus
3211 5364 3384 5410 tactus
3420 5356 3608 5412 dolore

2027 5432 2212 5487 cordis
2240 5434 2585 5502 intrinsecus,
2616 5445 2672 5492 et
2694 5440 3035 5506 peccantium
3067 5443 3343 5500 hominum
3366 5450 3600 5504 enormi-

2031 5531 2141 5576 tate
2171 5534 2448 5594 gravatus,
2477 5512 2676 5582 delevit
2701 5544 2861 5599 quem
2904 5543 3183 5588 creaverat
3225 5535 3517 5603 hominem,
3545 5548 3600 5593 et

2034 5612 2287 5668 diluvium
2335 5616 2638 5673 inhabitare
2689 5618 2815 5674 fecit
2845 5616 2996 5687 (Gen.
3028 5622 3158 5693 vn);
3192 5641 3292 5681 nec
3343 5627 3444 5683 hoc
3469 5645 3600 5684 con-

2038 5712 2234 5770 tentus,
2265 5722 2424 5778 super
2447 5708 2735 5765 Sodomatn
2767 5721 2817 5767 et
2846 5713 3203 5770 Gomorrham
3237 5718 3413 5787 ignem
3446 5721 3601 5790 pluit,

3710 1913 3929 1972 cordize,
3961 1927 4065 1979 qua
4107 1926 4205 1965 nos
4237 1912 4663 1966 misericorditer
4692 1912 4955 1978 redemit;
4987 1915 5155 1968 tertia
5185 1912 5300 1982 glo-

3713 2002 3826 2062 τὶιιι,
3856 2016 3976 2053 cum
4033 2016 4129 2054 nos
4175 2001 4517 2070 gloriﬁcabit.
4561 2000 4795 2056 Attende
4825 2011 5008 2056 autem
5055 2002 5300 2056 sedentis

3711 2092 3935 2160 gloriam
3959 2100 4012 2143 et
4040 2091 4418 2144 excellentiam
4444 2091 4726 2156 sessionis,
4748 2091 4836 2145 ubi
4865 2089 5007 2144 nulla
5038 2103 5301 2145 creatura

3711 2186 4002 2236 consedere
4053 2183 4346 2251 praesumit.
4405 2199 4423 2232 ι
4478 2180 4796 2250 Serapblm,
4847 2182 5045 2251 inquit,
5079 2184 5304 2237 stabant

3712 2273 3846 2340 (Ian.
3879 2277 3976 2341 vi),
4033 2293 4050 2325 ι
4097 2289 4201 2326 non
4229 2273 4509 2328 sedebant.
4541 2291 4560 2325 t
4603 2274 4720 2328 Vidi
4751 2273 5060 2339 Dominum,
5092 2285 5150 2330 et
5178 2277 5302 2330 uui-

3710 2381 3921 2419 versam
3972 2366 4218 2418 militiam
4255 2365 4376 2419 ctrli
4423 2365 4772 2420 assistentem
4799 2365 4849 2420 ei
4897 2363 5115 2434 (υἱώ),
5157 2383 5178 2418 a
5225 2367 5301 2419 ait

3708 2458 3967 2525 propheta
4004 2474 4014 2508 :
4052 2456 4396 2510 assistentem
4429 2457 4578 2519 dicit,
4613 2471 4718 2510 non
4754 2457 5055 2511 sedentem.
5085 2475 5105 2507 ι
5137 2455 5302 2510 Iillia

3710 2549 3935 2599 millium
3983 2547 4369 2600 ministrabant
4399 2547 4471 2609 ei,
4499 2557 4556 2600 et
4597 2546 4777 2601 decies
4825 2545 5022 2600 millies
5068 2555 5304 2601 centena

3710 2639 3876 2692 tuillia
3907 2638 4234 2690 assistebant
4275 2638 4323 2691 ei
4368 2637 4530 2708 (Dan.
4565 2639 4685 2706 vn),
4717 2657 4736 2689 ι
4776 2635 4996 2692 Daniele
5039 2646 5300 2692 testante.

3716 2748 3733 2778 α
3780 2731 3981 2783 Omnes
4026 2727 4202 2797 angeli
4251 2729 4467 2781 stabant
4517 2727 4570 2780 in
4617 2728 4844 2782 circuitu
4879 2727 5058 2782 throni
5111 2727 5302 2795 (Apoc.

3710 2822 3832 2890 vn),
3871 2839 3889 2872 ι
3918 2822 3993 2874 ait
4023 2819 4370 2888 evangelista.
4396 2819 4561 2889 276
4585 2818 4652 2873 Et
4676 2819 4804 2874 alibi
4833 2837 4847 2873 :
4876 2838 4894 2871 ι
4929 2817 5052 2872 Vidi
5083 2817 5302 2872 turbam

3712 2930 3985 2985 magnam,
4029 2929 4190 2983 quam
4220 2914 4566 2968 dinumerare
4598 2928 4757 2969 nemo
4781 2924 4999 2982 poterat
5023 2929 5094 2968 ex
5121 2913 5300 2967 omni-

3711 3006 3809 3057 bus
3831 3004 4061 3072 populis,
4081 3014 4134 3057 et
4152 3005 4368 3073 linguis,
4385 3013 4594 3057 stantes
4609 3015 4733 3058 ante
4755 3005 5007 3058 thronum
5030 3002 5249 3074 (ηεαδ.
5277 3025 5294 3055 ι

3711 3094 3816 3149 Sed
3846 3105 3900 3148 et
3943 3093 4107 3164 Virgo
4153 3095 4443 3163 singularis
4493 3105 4637 3148 astat
4687 3110 4718 3148 a
4755 3095 4963 3149 dextris
5010 3095 5066 3148 in
5101 3096 5300 3149 vestitu

3708 3188 3967 3240 deaurato
3987 3185 4159 3254 (Psal.
4194 3187 4360 3248 xttv).
4391 3184 4622 3256 Moyses,
4639 3195 4697 3238 ut
4714 3186 4893 3240 videat
4919 3195 5297 3240 transeuntem

3708 3277 4015 3341 Dominum,
4063 3284 4174 3329 stat
4225 3276 4277 3328 in
4338 3283 4487 3345 petra
4521 3272 4716 3343 (Exod.
4776 3277 5001 3339 xxxiii),
5063 3286 5121 3329 et
5151 3275 5301 3331 ﬁlias

3707 3382 3815 3426 stat
3846 3371 3900 3425 in
3937 3381 4228 3438 conspectu
4267 3370 4503 3433 Domini,
4533 3379 4588 3424 et
4623 3369 4802 3423 omnis
4839 3377 5092 3424 creatura
5129 3369 5301 3438 impe—

3709 3465 3922 3518 ratariae
3954 3462 4252 3532 majestatis
4285 3462 4509 3515 assistit.
4545 3461 4709 3516 Solus
4748 3460 4836 3515 ille
4877 3461 5154 3531 transfuga
5189 3462 5302 3531 spi-

3709 3553 3882 3615 ritus,
3933 3551 4285 3605 dissensionis
4338 3550 4706 3619 principium,
4753 3549 5004 3620 princeps
5055 3549 5298 3610 malitiae.

3709 3643 3975 3695 malorum
4016 3656 4249 3704 summa,
4276 3640 4447 3694 voluit
4493 3639 4808 3694 consedere.
4838 3638 5069 3704 Sedebo,
5099 3640 5300 3709 inquit,

3709 3733 3761 3786 in
3795 3742 3978 3787 monte
4004 3733 4312 3785 testamenti
4345 3731 4478 3798 (Im.
4510 3732 4646 3797 xiv).
4671 3728 4878 3785 Omnes
4908 3738 5083 3793 stant,
5108 3745 5301 3785 omnes

3709 3825 4044 3887 ministrant,
4087 3833 4141 3877 et
4173 3833 4228 3876 tu
4281 3823 4431 3892 pacis
4465 3820 4703 3884 inimice,
4735 3820 4927 3874 sedere
4972 3821 5302 3889 presumis?

3709 3912 3827 3980 Ipse
3859 3913 4048 3976 Filius,
4105 3913 4244 3966 idem
4277 3913 4419 3979 quod
4463 3910 4645 3974 Pater,
4675 3911 4868 3966 sedere
4899 3911 5094 3973 nescit,
5126 3912 5302 3966 donec

3710 4005 3855 4057 dicat
3879 4005 3927 4058 ei
3967 4004 4128 4058 Pater
4159 4023 4171 4058 :
4208 4022 4226 4054 ι
4267 4004 4408 4059 Sede
4433 4021 4460 4057 a
4491 4004 4700 4058 dextris
4726 4005 4861 4059 meis
4887 4001 5063 4073 (Paul.
5098 4007 5237 4073 eis).
5281 4026 5297 4054 s

3710 4092 3896 4147 Talem
3948 4092 4079 4146 vidit
4107 4109 4231 4146 eum
4259 4093 4446 4158 Isaias,
4487 4103 4543 4148 et
4591 4093 4998 4148 Dominatorem
5030 4095 5305 4150 universa

3711 4192 3869 4237 terrae
3903 4195 3958 4238 et
4002 4185 4053 4238 in
4085 4198 4251 4238 aureo
4292 4184 4484 4238 throno
4513 4199 4625 4238 sum
4651 4184 4954 4239 divinitatis
4992 4185 5302 4248 sedentem,

3712 4276 3763 4328 in
3796 4275 3881 4328 illa
3918 4276 4153 4329 secunda
4193 4277 4455 4342 sessione,
4488 4291 4594 4346 quo
4629 4291 4850 4332 carnem
4879 4286 5125 4332 nostram
5149 4279 5306 4334 cretis

3712 4364 3936 4418 invexit.

3785 4454 4042 4526 Sequitur
4078 4475 4090 4509 :
4127 4476 4145 4508 ι
4174 4458 4350 4527 Super
4379 4459 4573 4514 solium
4620 4460 4920 4516 excelsum.
4953 4477 4972 4512 ι
5007 4460 5302 4518 Excelsum

3707 4548 3900 4602 solium
3945 4549 4240 4620 angelicam
4267 4559 4513 4604 naturam
4541 4551 4812 4621 intelligo,
4843 4551 5078 4621 primam
5115 4550 5307 4608 Omni-

3708 4638 3943 4708 potentis
3969 4639 4324 4703 creationem,
4356 4650 4411 4694 et
4435 4641 4694 4710 primaria
4719 4643 4984 4712 dignitate
5013 4645 5304 4712 praeditam

3708 4736 4049 4796 potestatem.
4076 4729 4251 4798 Super
4277 4727 4419 4784 hanc
4440 4732 4617 4798 sedet,
4672 4743 4727 4787 et
4754 4735 5138 4802 supervehitur
5167 4736 5308 4791 ﬁlius

3709 4814 3976 4886 Virginis,
4037 4828 4346 4888 susceptum
4400 4821 4675 4898 hominem
4724 4822 5007 4878 ordinibus
5047 4828 5307 4894 provehit

3711 4909 4048 4978 angelorum,
4096 4912 4220 4982 quia
4250 4913 4351 4966 etsi
4373 4914 4579 4976 ,melior
4629 4923 4715 4970 est
4744 4926 4964 4981 natura,
4997 4915 5200 4971 fortior
5226 4927 5308 4971 est

3711 5001 3916 5070 gratia;
3971 5003 4018 5056 si
4081 5018 4276 5073 magna
4323 5005 4594 5074 dignitas,
4651 5005 4825 5074 major
4873 5007 4965 5061 Dei
5021 5009 5300 5070 voluntas,

3711 5105 3872 5158 quam
3897 5093 4043 5145 omni
4077 5109 4216 5146 nexu
4247 5103 4451 5150 natura
4472 5110 4717 5152 summus
4744 5097 4831 5152 ille
4851 5098 5302 5170 philosophorum

3711 5186 3906 5238 astruit
3933 5185 4202 5240 altiorem.
4237 5185 4457 5242 Elevata
4482 5198 4567 5243 est
4597 5203 4730 5259 ergo
4773 5191 5182 5261 magnificentia
5213 5193 5301 5246 Dei

3712 5290 3817 5328 non
3869 5273 4042 5328 solum
4071 5291 4234 5346 super
4277 5277 4446 5332 caelos
4495 5275 4671 5348 (Psal.
4730 5279 4872 5349 vui),
4905 5281 4998 5335 sed
5034 5292 5093 5336 et
5139 5297 5304 5353 super

3715 5363 3951 5432 angelos,
3993 5365 4119 5433 quia
4154 5376 4303 5419 tanto
4350 5368 4540 5422 melior
4566 5368 4772 5438 angelis
4817 5367 5067 5432 effectus,
5096 5381 5302 5440 quanto

3714 5452 4052 5508 differentias
4092 5470 4202 5523 prte
4241 5456 4348 5510 illis
4382 5473 4578 5512 nomen
4637 5460 4974 5514 hareditavit
5013 5460 5205 5530 (Hebr.
5237 5467 5296 5534 ι).

3717 5542 3781 5595 Et
3806 5543 3963 5612 plena
3989 5555 4107 5598 erat
4133 5547 4415 5616 majestate
4440 5547 4558 5616 ejus
4586 5548 4765 5604 omnis
4793 5560 4957 5603 terra.
4985 5550 5102 5618 Ipse
5118 5550 5295 5606 Domi-

3717 5649 3815 5688 nus
3839 5633 3982 5689 Deus
4007 5645 4188 5689 noster
4218 5639 4269 5690 in
4301 5637 4552 5691 universa
4577 5639 4944 5708 terrajudicia
4974 5639 5092 5709 ejus
5120 5637 5292 5710 (Pal.

3715 5727 3846 5793 etv),
3876 5724 3947 5777 ait
3971 5715 4279 5779 Balinista.
4315 5727 4376 5780 Et
4399 5729 4668 5797 quomodo
4701 5745 4840 5786 nunc
4869 5741 4988 5802 post
5020 5733 5154 5786 hanc
5185 5731 5292 5801 ejus
