5450 6400
893 340 997 401 797

2269 325 2506 382 SERMU
2547 327 2656 382 ιιι.

4111 335 4225 397 798

901 461 1261 520 elevationem
1315 461 1510 517 asserit
1558 459 1825 530 Propheta
1875 471 2091 516 omnem
2149 469 2350 516 terram
2390 473 2506 514 ma—
2535 462 2584 522 Α
2613 458 2985 529 cumscriptus
3017 448 3105 505 ille
3136 446 3376 519 Spiritus
3404 459 3756 512 remanentcs
3784 465 3998 508 summa
4034 466 4226 523 prose-

901 557 1104 628 jestate
1131 555 1252 624 ejus
1282 567 1403 610 esse
1432 553 1732 622 repletam?
1772 550 1947 624 (Psal.
2005 551 2184 623 uxr.)
2241 551 2347 607 Sed
2378 567 2505 608 cum

907 647 1037 701 dicit
1072 645 1290 716 plenam
1333 643 1639 713 majestate,
1679 643 1936 715 intelligit
1964 644 2151 699 dicere
2199 643 2506 712 majestatis

910 736 1218 808 cognitione
1245 749 1409 803 quam
1440 745 1566 789 ante
1612 733 1730 803 ejus
1760 734 2193 789 incarnationem
2244 743 2338 788 aut
2374 734 2507 788 nulli

908 833 1245 893 meruerunt,
1269 835 1365 878 aut
1386 825 1564 894 pauci.
1603 825 1710 880 Sed
1742 841 1886 880 nunc
1917 825 1986 880 ab
2026 833 2149 878 ortu
2175 823 2305 878 solis
2338 839 2508 894 usque

903 917 983 971 ad
1004 929 1258 970 occasum
1287 929 1483 969 nomen
1533 914 1626 969 Dei
1661 929 1916 984 magnum
1943 913 2118 985 (Psal.
2149 914 2283 982 exn)
2313 914 2511 982 prserti-

902 1015 1062 1061 catur
1121 1005 1175 1058 in
1228 1005 1499 1074 gentibus,
1551 1013 1788 1073 suntque
1838 1019 2029 1059 omnes
2098 1004 2359 1058 docibiles
2411 1004 2505 1058 Dei

905 1095 1089 1170 (Joan.
1143 1097 1242 1167 vt),
1298 1112 1436 1166 quos
1509 1095 1627 1165 ejus
1689 1096 1878 1149 unctio
1926 1095 2084 1149 docet
2130 1096 2196 1148 de
2254 1096 2508 1149 munibus

904 1185 957 1257 (1
991 1184 1155 1241 Ιοαη.
1183 1190 1266 1256 tt).
1293 1186 1425 1241 Nam
1450 1188 1551 1241 etsi
1585 1187 1637 1240 in
1672 1186 1839 1240 Israel
1864 1201 2117 1254 magnum
2143 1200 2337 1238 nomen
2367 1185 2505 1254 ejus,

901 1293 1011 1332 non
1044 1287 1251 1333 tantum
1273 1278 1385 1348 jam
1417 1280 1507 1333 uni
1560 1278 1776 1349 angulo,
1827 1279 1923 1333 sed
1953 1278 2049 1332 toti
2080 1278 2282 1332 mundo
2315 1278 2508 1332 notitia

899 1381 964 1424 ιθ
993 1369 1290 1424 divinitatis
1313 1367 1528 1423 infudit.

978 1459 1239 1529 Sequitur
1269 1480 1284 1515 :
1324 1479 1342 1512 ε
1376 1460 1440 1514 Et
1466 1475 1529 1514 ea
1578 1475 1699 1530 quae
1750 1460 1850 1514 sub
1878 1458 1997 1528 ipso
2024 1466 2183 1512 erant
2227 1457 2509 1526 replebant

902 1549 1188 1620 templum.
1227 1570 1245 1603 ι
1277 1550 1561 1620 Templum
1592 1551 1776 1620 accipe
1801 1551 2078 1605 civitatem
2112 1550 2206 1602 Dei
2251 1551 2507 1613 viventis,

900 1654 1157 1710 sponsam
1188 1643 1323 1711 ejus,
1362 1656 1484 1711 quae
1523 1659 1628 1695 non
1679 1643 1841 1695 habet
1883 1641 2178 1706 maculam,
2209 1656 2384 1709 neque
2419 1657 2510 1694 ru-

903 1746 1027 1804 gam
1064 1729 1284 1804 (Ep/tas.
1328 1735 1402 1801 v).
1453 1731 1566 1787 Sub
1607 1735 1722 1802 ipso
1753 1741 1881 1788 sunt
1928 1733 2260 1796 incarnatio,
2303 1734 2502 1802 passio,

2611 562 2773 609 cutus
2800 562 2885 608 est
2913 553 3189 624 largitate,
3221 551 3361 606 dans
3401 550 3482 607 eis
3509 551 3565 604 in
3614 561 3868 613 munere,
3902 560 3970 600 ne
3998 556 4229 614 possent

2611 642 2848 712 amplius
2891 644 3073 713 aliqua
3128 641 3495 698 labefactione
3543 637 3848 709 corrumpi.
3903 634 4227 693 Conﬁrmati

2611 737 2800 805 igitur,
2833 744 2889 790 et
2918 735 2986 789 de
3027 734 3114 789 sui
3142 742 3322 788 status
3354 733 3657 789 stabilitate
3697 729 3903 793 securi,
3935 726 4229 782 lucidioris

2610 826 2798 896 gratiae
2826 825 3045 880 subiere
3076 822 3378 894 fastigium.
3411 821 3674 878 Serviunt
3698 835 3831 890 ergo
3863 817 3962 883 illi,
3988 818 4077 871 cui
4108 829 4231 870 ser-

2609 919 2728 971 vire
2759 932 2988 992 regnare
3015 924 3120 980 est,
3153 925 3208 969 et
3245 914 3390 970 felici
3434 913 3757 978 securitate,
3789 921 3846 966 et
3881 924 4078 965 secura
4107 906 4228 963 feli-

2611 1010 2799 1063 citate.
2833 1007 2929 1063 llis
2951 1009 3163 1062 duabus
3190 1009 3291 1062 alis
3317 1007 3501 1060 volant
3529 1005 3708 1075 angeli
3734 1002 4009 1058 volatione
4035 1001 4229 1072 utique

2615 1103 2912 1168 indefessa,
2944 1111 2997 1158 et
3019 1103 3195 1159 creati
3224 1103 3463 1172 diguiter
3486 1112 3542 1156 et
3571 1101 3786 1156 fortiter
3815 1095 4148 1154 confirmati.

2686 1199 2871 1253 Tertia
2900 1197 2985 1251 ala
3035 1207 3118 1252 est
3166 1196 3462 1265 singularis
3508 1212 3664 1250 amor
3695 1195 3779 1251 sui
3826 1191 4138 1258 Creatoris;
4174 1196 4230 1244 et

2612 1289 2731 1344 hate
2753 1289 2973 1356 quidem
3001 1286 3320 1342 felicissima
3353 1288 3758 1356 subtilibusque
3785 1283 4037 1355 pennulis
4059 1283 4232 1336 inter-

2615 1389 2786 1434 texta.
2816 1380 3016 1434 Amant
3045 1379 3215 1444 enim,
3248 1387 3304 1433 et
3334 1381 3553 1443 ardent,
3585 1388 3640 1433 et
3671 1377 3990 1432 desiderant
4017 1375 4071 1430 in
4100 1386 4229 1429 eum

2612 1471 2951 1540 prospicere,
2972 1470 3127 1539 cujus
3147 1484 3336 1523 amore
3355 1466 3992 1522 feliciterincenduntur.
4011 1463 4232 1531 Quanto

2612 1563 2759 1615 enim
2793 1561 3100 1628 propiores,
3136 1569 3289 1614 tanto
3319 1559 3711 1624 ferventiores;
3739 1568 3796 1612 et
3823 1558 3876 1612 in
3906 1557 4086 1610 lumen
4112 1567 4231 1608 ma-

2607 1651 2826 1721 jestatis
2853 1653 3098 1721 absorpti
3131 1652 3400 1707 indicibili
3433 1653 3595 1706 modo
3620 1661 3676 1706 et
3703 1665 3922 1720 semper
3956 1648 4155 1703 ardent
4174 1654 4233 1704 et

2615 1759 2834 1812 semper
2866 1745 3162 1798 Satiuttlur.

902 1837 1075 1888 mors,
1098 1832 1152 1877 et
1180 1823 1358 1878 omnis
1385 1823 1475 1877 illa
1506 1825 1742 1878 horariac
1775 1823 2202 1892 dispensationis
2233 1823 2504 1887 molestia,
2538 1831 2583 1890 Β
2685 1799 2896 1900 (llum.
2935 1844 3017 1888 εει

2081 1823 2202 1878 ("lis
2233 1823 2504 1887 ιιιυίθδιίειι
2538 1831 2583 1890 Β
2685 1833 2896 1900 Quarta
2935 1844 3017 1888 est
3065 1834 3286 1888 assidua
3320 1835 3460 1890 visio
3490 1835 3818 1890 divinitatis.
3868 1799 3977 1889 Sed
4015 1841 4072 1888 et
4112 1832 4233 1888 haec

901 1915 1030 1985 quia
1067 1928 1360 1985 resurgens
1405 1929 1475 1970 ex
1515 1916 1746 1970 mortuis
1781 1917 1894 1985 jam
1919 1931 2026 1969 non
2058 1915 2291 1969 moritur
2322 1915 2504 1986 (Rom.

899 2007 1006 2077 vn).
1038 2006 1166 2063 Haec
1196 2007 1335 2062 sunt'
1359 2023 1480 2077 quae
1517 1997 1729 2077 replent
1774 2007 2098 2072 Ecelesiam,
2131 2023 2362 2077 quorum
2426 2024 2510 2061 rc-

898 2098 1150 2154 cordatio
1172 2099 1330 2153 nobis
1355 2114 1567 2153 annuas
1595 2098 1738 2166 parit
1763 2098 2159 2152 solemnitates.
2191 2097 2510 2167 lteplehitur

902 2187 960 2242 in
990 2188 1148 2244 bonis
1175 2189 1370 2244 domus
1403 2197 1505 2242 tuae
1539 2187 1712 2257 (l’sal.
1749 2192 1922 2259 thv),
1971 2199 2223 2244 sanctum
2252 2201 2336 2244 est
2367 2200 2508 2243 tem-

901 2285 1054 2357 plum
1106 2296 1292 2350 tuum,
1338 2288 1482 2356 quod
1545 2296 1670 2342 tunc
1731 2287 1981 2357 profecto
2041 2287 2408 2342 mirabilcest
2455 2287 2511 2340 in

902 2379 1182 2449 equitate,
1208 2397 1331 2436 cum
1354 2380 1600 2436 Ecclesia
1626 2395 1891 2450 personas
1913 2396 2019 2436 non
2047 2380 2270 2451 accipit,
2304 2381 2513 2453 respuit

903 2482 1154 2532 munera,
1187 2471 1474 2524 veritatem
1506 2471 1679 2540 eligit,
1709 2468 1887 2540 diligit
1925 2472 2214 2526 rationem.

979 2557 1271 2630 Sequitur:
1301 2582 1318 2613 ι
1343 2559 1630 2632 Seraphim
1659 2566 1878 2620 stabant
1903 2581 2069 2636 super
2102 2566 2256 2633 illud,
2287 2581 2385 2622 sex
2412 2567 2514 2622 alte

904 2647 1000 2703 uni
1029 2657 1085 2704 et
1113 2663 1209 2705 sex
1239 2649 1336 2705 ala:
1363 2653 1542 2707 alteri.
1577 2672 1596 2706 ι
1646 2653 1762 2710 Duo
1794 2654 2105 2726 Seraphim,
2163 2656 2415 2727 angelum
2459 2666 2515 2712 et

891 2736 1188 2795 hominem
1229 2743 1418 2812 accipe
1462 2762 1474 2797 :
1520 2743 1620 2812 Qui
1678 2746 2056 2812 incendentes,
2112 2747 2198 2804 vel
2257 2751 2515 2804 ardentes

907 2828 1188 2900 dicuntur,
1221 2847 1347 2888 cum
1397 2833 1485 2891 ille
1523 2838 1715 2892 ardeat
1742 2840 2053 2908 praesentia,
2100 2840 2190 2895 hic
2223 2843 2512 2897 memoria.

913 2932 918 2936 ‘
979 2919 1225 2977 Primum
1271 2923 1338 2978 de
1395 2925 1497 2981 alis
1559 2928 1880 2998 angelorum
1913 2930 2218 2996 videamus,
2267 2940 2323 2986 et
2365 2932 2513 3003 quali

906 3010 1073 3093 377
1097 3013 1418 3071 volitatione
1448 3016 1734 3086 ferantur;
1763 3028 1821 3074 et
1847 3021 1976 3090 quia
2008 3032 2139 3078 nota
2169 3033 2255 3079 est
2291 3033 2514 3079 senten-

908 3102 985 3156 tia
1007 3101 1119 3169 illa,
1146 3107 1420 3175 quomodo
1456 3118 1620 3178 caput
1670 3120 1727 3165 et
1772 3114 1939 3181 pedes
1968 3112 2170 3180 velent,
2199 3125 2255 3170 et
2305 3123 2517 3170 tantum

2613 1926 2811 1996 pennis
2838 1925 3212 1980 ﬂoridiuribus
3236 1926 3558 1981 intertexta.
3584 1925 3817 1992 Quanta:
3841 1924 4124 1996 dignitatis
4147 1930 4235 1979 est

2615 2015 2838 2070 assidue
2861 2016 3048 2094 videre
3078 2016 3285 2069 Deum?
3316 2016 3385 2070 Et
3414 2017 3488 2070 illi
3517 2017 3740 2086 quidem
3779 2016 4027 2086 spiritus,
4060 2015 4228 2070 etiam

2615 2123 2740 2161 cum
2771 2093 3089 2166 mittuntur,
3119 2123 3225 2160 non
3258 2106 3588 2161 fraudantur
3617 2107 3794 2177 gloria
3823 2107 4074 2171 visionis,
4101 2105 4233 2175 quia

2614 2197 2818 2264 ubique.
2855 2197 3099 2250 occurrit
3123 2197 3428 2250 divinitatis
3473 2199 3736 2263 essentia,
3783 2212 3904 2266 qua:
3943 2197 4092 2250 intus
4122 2204 4232 2258 est.

2614 2288 2799 2342 omnia
2853 2288 3224 2352 continendo,
3279 2287 3636 2357 gubernando
3690 2287 3958 2343 exterius.
4014 2284 4092 2340 De
4146 2285 4237 2340 his

2616 2379 2831 2433 duabus
2862 2378 3128 2447 scriptum
3153 2385 3239 2432 est
3265 2396 3278 2434 :
3312 2395 3331 2429 ι
3363 2377 3492 2432 Duae
3522 2392 3713 2448 pennae
3743 2375 4086 2448 singulorum
4107 2373 4236 2446 jun-

2615 2467 2887 2538 gebantur
2916 2466 3137 2538 (ΕιεςΙι.
3174 2469 3248 2540 ι);
3283 2489 3303 2523 ι
3351 2485 3476 2525 cmn
3522 2470 3820 2540 singularis
3850 2485 4008 2524 amor
4044 2485 4113 2524 ex
4145 2483 4239 2525 as-

2617 2559 2772 2613 sidua
2808 2560 3020 2614 visione
3065 2570 3350 2626 nascatur,
3387 2572 3444 2616 et
3485 2561 3769 2617 assiduam
3808 2561 4075 2618 visionem
4120 2560 4238 2616 sin-

2616 2651 2822 2720 gularis
2855 2666 3013 2705 amor
3048 2650 3267 2707 elIiciat.

2690 2737 2895 2804 Quinta
2920 2749 3005 2795 est
3031 2741 3291 2810 gaudium
3327 2750 3532 2796 nostra:
3559 2740 3998 2811 Redemptionis.
4029 2748 4086 2795 et
4116 2738 4238 2811 ipsa

2617 2831 2904 2902 multiplici
2926 2833 3210 2904 picturata
3245 2835 3540 2889 varietate.
3587 2835 3723 2902 Quis
3753 2834 4044 2889 verborum
4077 2832 4240 2903 copia

2619 2923 3053 2994 comprehendat
3085 2935 3354 2995 quantum
3386 2927 3646 2997 gaudium
3679 2927 3824 2982 Deus
3869 2927 4037 2982 homo
4064 2924 4240 2981 virtu-

2619 3013 2770 3068 tibus
2825 3014 3090 3084 angelicis
3159 3014 3523 3085 ingeneravit,
3575 3031 3702 3070 eum
3740 3024 3797 3070 et
3834 3030 4028 3071 eorum
4067 3011 4238 3070 colle-

2620 3120 2768 3176 gam,
2800 3105 2894 3174 qui
2926 3104 2996 3159 ab
3024 3106 3106 3160 eis
3139 3107 3372 3171 exierat,
3401 3105 3573 3177 278
3597 3106 3695 3162 sed
3729 3121 3838 3162 non
3884 3115 4008 3162 erat
4034 3119 4105 3160 ex
4133 3103 4236 3168 eis,

906 3196 1088 3252 media
1125 3199 1436 3265 videantur,
1485 3201 1536 3256 id
1567 3210 1672 3268 est,
1701 3201 1846 3272 quod
1870 3201 2114 3258 fuitante
2142 3205 2428 3272 mundum,
2462 3217 2520 3260 et
2545 3197 2592 3259 C
2624 3198 2822 3252 vexillo
2850 3198 3033 3253 crucis
3072 3199 3339 3263 irruente,
3368 3199 3664 3270 confregit,
3704 3208 3761 3254 et
3796 3197 4077 3254 hominem
4113 3211 4241 3268 per-

908 3291 1058 3359 quod
1099 3300 1224 3361 post
1269 3308 1392 3347 eum
1427 3293 1557 3360 erit,
1613 3296 1720 3360 bis,
1753 3311 1874 3365 quae
1908 3297 1961 3350 in
2011 3299 2305 3368 praesentia
2352 3307 2514 3364 sunt,

908 3379 1310 3451 aliquantulum
1354 3388 1773 3455 apparentibus,
1803 3389 2143 3444 Ezecbielem
2176 3391 2518 3446 adducamus

908 3472 971 3528 in
999 3475 1236 3530 medium
1279 3479 1371 3547 qui
1400 3479 1719 3533 animalium
1754 3481 1868 3536 alas
1895 3481 1997 3536 hoc
2022 3483 2185 3537 modo
2207 3483 2518 3555 distinguit,

911 3564 1100 3621 dicens
1125 3583 1138 3619 :
1177 3585 1196 3618 ι
1229 3567 1451 3623 Duabus
1474 3571 1576 3625 alis
1591 3571 1865 3637 volabant,
1894 3582 1950 3627 et
1972 3572 2092 3628 duae
2117 3590 2310 3643 pennae
2339 3576 2520 3646 singu-

906 3650 1088 3709 lorum
1108 3656 1500 3727 jungebantur,
1532 3658 1588 3714 et
1614 3660 1734 3716 dua:
1765 3662 2026 3732 tegebant
2060 3678 2250 3719 eorum
2285 3680 2516 3736 corpora

910 3741 1135 3817 (Euch.
1187 3750 1250 3819 ι).
1305 3749 1544 3817 ρΡτίπιει
1593 3766 1782 3806 eorum
1836 3753 1923 3807 ala
1961 3765 2067 3820 est,
2118 3756 2358 3825 dignitas
2409 3771 2522 3811 suae

908 3839 1307 3907 productionis.
1356 3838 1554 3895 Transi
1602 3857 1902 3913 parumper
1957 3845 2010 3899 in
2063 3860 2325 3900 arcanum
2361 3847 2524 3917 hujus

910 3929 1283 4001 intelligentia:
1306 3940 1361 3986 et
1385 3932 1708 4002 dignitatem
1740 3935 1900 4005 hujus
1916 3937 2207 3992 considera
2229 3947 2520 3993 creaturae.

910 4021 1035 4092 Ipsa
1090 4032 1175 4079 est
1236 4026 1562 4095 principium
1624 4027 1837 4083 viarum
1901 4029 2039 4096 Dei,
2102 4030 2181 4084 ait
2231 4029 2521 4101 Scriptura

914 4112 1041 4183 (Job
1070 4114 1178 4185 ιι).
1217 4114 1489 4183 Quantum
1529 4118 1888 4192 privilegium
1919 4122 2066 4192 quod
2114 4121 2206 4176 illa
2262 4123 2524 4194 cogitatio

911 4203 1179 4259 Altissimi
1205 4207 1257 4260 in
1286 4207 1387 4262 hoc
1410 4208 1645 4277 primum
1668 4227 1808 4280 opus
1843 4213 2109 4282 prorupit.
2131 4214 2374 4270 Decebat
2401 4231 2526 4285 pro-

915 4295 1082 4363 fectu,
1114 4305 1175 4351 ut
1205 4300 1464 4366 singulari
1489 4301 1663 4369 gloria
1689 4303 2059 4374 praefulgeret,
2087 4306 2232 4376 quod
2256 4309 2323 4361 de
2346 4310 2526 4362 maui-

914 4389 1020 4445 bus
1054 4388 1395 4446 Dominantis
1436 4394 1714 4462 primitiva
1763 4398 2043 4454 creatione
2070 4401 2358 4470 processit.
2393 4421 2410 4452 ι
2445 4401 2524 4456 Tu

915 4482 1255 4552 signaculum
1280 4485 1657 4543 similitudinis
1687 4528 1700 4554 ,
1741 4490 1936 4558 plenus
1967 4493 2261 4562 sapientia,
2303 4505 2358 4550 et
2395 4510 2521 4564 per-

914 4570 1094 4628 fectus
1135 4574 1356 4641 decore,
1411 4577 1463 4631 in
1517 4577 1729 4634 deliciis
1759 4583 1999 4650 paradisi
2041 4582 2138 4637 Dei
2164 4573 2344 4648 fuisti,
2390 4586 2524 4639 dicit

917 4666 1184 4736 propheta
1234 4665 1460 4736 (Ezerh.
1521 4670 1739 4735 xxvm).
1775 4691 1792 4721 )
1839 4670 1956 4726 Non
1990 4673 2168 4728 solum
2197 4675 2522 4742 similitudo,

917 4757 1015 4812 sed
1056 4767 1113 4812 et
1150 4760 1492 4829 signaculum
1542 4763 1937 4828 similitudinis,
1965 4777 2050 4819 'ut
2084 4775 2236 4820 tanto
2269 4768 2525 4824 subtilius

921 4847 1100 4919 imago
1134 4850 1228 4904 Dei
1260 4852 1570 4908 insinuetur
1614 4871 1874 4926 expressa
1926 4867 2134 4927 quanto
2181 4858 2525 4915 differentias

921 4943 1260 5012 signaculum
1296 4946 1710 5004 similitudinem
1743 4951 2024 5020 praecedit.
2058 4951 2160 5007 Ubi
2190 4962 2374 5007 autem
2405 4954 2522 5024 ple-

923 5034 1114 5090 nitudo
1140 5040 1448 5107 sapientia),
1485 5042 1704 5098 decoris
1734 5043 2021 5110 perfectio,
2049 5046 2290 5113 paradisi
2317 5047 2528 5102 delicias

923 5129 1297 5198 nominantur,
1345 5141 1456 5188 tota
1500 5135 1660 5190 simul
1695 5137 1946 5208 jungitur
1977 5139 2276 5194 beatitudo.
2331 5142 2531 5197 Subdit

926 5231 1109 5276 autem
1159 5222 1440 5296 Scriptura
1492 5231 1638 5298 quod
1667 5231 2055 5300 superexcellit
2100 5234 2331 5303 etquod
2365 5235 2531 5289 totius

925 5313 1251 5384 eloquentia:
1279 5330 1500 5387 superat
1529 5321 1870 5380 facultatem.
1916 5325 2089 5392 Quem
2142 5329 2529 5396 pretiosiorem

926 5405 1058 5460 fecit
1085 5406 1246 5464 Deus.
1278 5410 1378 5466 Hic
1407 5411 1613 5469 dictum
1640 5425 1726 5470 est
1749 5416 2014 5485 quidquid
2044 5418 2152 5473 dici
2191 5420 2386 5489 potuit.

1002 5496 1253 5555 Secunda
1293 5503 1375 5556 ala
1421 5505 1593 5573 gratia
1638 5516 1723 5562 est
1766 5508 2220 5565 confirmationis.
2266 5510 2393 5566 [hec
2442 5511 2527 5566 ala

927 5586 1159 5644 feliciori
1191 5592 1369 5648 volatu
1397 5594 1770 5653 lassitudinem
1794 5600 1993 5665 nescit,
2025 5615 2122 5668 per
2160 5603 2342 5657 omnia
2376 5603 2530 5657 simi-

929 5680 998 5734 lis
1020 5683 1372 5751 prrecedenti,
1402 5701 1503 5743 nec
1530 5687 1779 5745 inferior.
1803 5689 2140 5748 Cadentibus
2167 5695 2367 5766 quippe
2393 5710 2529 5765 pra:-

931 5775 1292 5845 sumptuusis,
1330 5787 1383 5832 et
1412 5778 1533 5836 istis
1565 5781 1617 5837 in
1657 5782 1966 5840 humilitate
2001 5783 2327 5846 durantibus
2366 5785 2530 5844 incir-

2624 3289 2796 3356 ditum
2823 3289 2891 3343 ad
2917 3304 3084 3360 regna
3117 3291 3395 3345 revocavit
3415 3290 3699 3346 coelestia?
3724 3289 3836 3346 Nec
3865 3290 4086 3356 mirum,
4111 3289 4245 3359 quia

2621 3381 2886 3435 videbant
2909 3382 3199 3436 materiam
3238 3392 3613 3452 repurgatam,
3643 3381 3710 3436 de
3741 3396 3849 3451 qua
3879 3394 4121 3451 superna
4149 3376 4245 3436 illa

2623 3473 2823 3527 civitas
2868 3473 3272 3540 remdilicatur,
3318 3475 3477 3545 cujus
3515 3474 3870 3547 participatio
3917 3473 4037 3544 ejus
4068 3473 4125 3529 in
4166 3470 4249 3530 id-

2626 3566 2805 3636 ipsum
2845 3564 3021 3636 (Prol.
3060 3571 3237 3638 cui).

2700 3658 2869 3713 Sexta
2899 3669 2983 3714 est
3008 3659 3290 3714 restitutio
3321 3674 3573 3730 supernae
3603 3661 3866 3717 civitatis.
3903 3659 4012 3717 Sed
4039 3667 4098 3716 et
4125 3659 4250 3718 hac

2625 3754 2857 3824 picturis
2886 3753 3294 3823 pulchrioribus
3317 3756 3584 3810 colorata.
3609 3754 3751 3822 Quid
3766 3755 3914 3810 enim
3937 3754 4067 3824 erit,
4094 3769 4246 3821 cum,

2630 3846 2720 3899 illo
2751 3845 2982 3900 terribili
3007 3847 3217 3916 judicio
3245 3857 3497 3918 peracto,
3535 3846 3803 3904 Dominus
3842 3848 4110 3904 virtutum
4142 3847 4247 3904 bo-

2629 3938 2809 3993 miues
2835 3925 3054 4011 angelis
3086 3938 3347 4004 sociabit,
3388 3940 3701 3996 resarciens
3730 3940 4016 4005 damnum,
4058 3937 4249 3996 redin-

2631 4039 2855 4100 tegrans
2897 4039 3229 4098 numerum,
3275 4041 3334 4088 et
3380 4048 3829 4104 unumquemque
3877 4032 4129 4089 ordinem
4178 4043 4252 4089 ex

2630 4125 2843 4198 tueritis
2871 4125 3189 4181 hominibus
3217 4127 3285 4182 ad
3316 4143 3590 4182 summam
3621 4128 3846 4183 revehet
3873 4121 4253 4182 numeralem?

2629 4216 2785 4271 Tunc
2815 4217 2962 4271 sicut
3009 4215 3309 4272 laetantium
3351 4218 3599 4272 onmium
3635 4219 3904 4274 habitatio
3932 4218 4041 4272 erit
4077 4217 4133 4271 in
4171 4214 4251 4272 ci-

2629 4309 2800 4362 vitate
2829 4308 2924 4362 Dei
2958 4305 3136 4379 (Psal.
3165 4309 3387 4381 vam),
3419 4311 3546 4380 quia
3579 4312 3851 4366 varietate
3881 4311 4124 4380 partium
4157 4323 4252 4365 or-

2631 4401 2839 4464 dinata,
2889 4398 2968 4454 nil
2996 4401 3105 4454 erit
3144 4401 3381 4470 amplius
3407 4402 3552 4471 quod
3587 4412 3874 4473 repugnet,
3915 4401 4000 4457 vel
4041 4398 4252 4470 quod}

2633 4493 2858 4548 statutis
2889 4493 3025 4548 locis
3062 4493 3240 4548 valeat
3270 4495 3495 4550 eloeari.
3543 4497 3614 4548 De
3649 4497 3733 4551 his
3762 4496 3974 4550 duabus
4001 4495 4206 4550 dicitur
4229 4509 4250 4551 :

2636 4605 2652 4636 ι
2691 4585 2818 4640 Duas
2866 4587 3128 4657 tegebant
3178 4603 3412 4657 corpora
3469 4603 3694 4653 eorum;
3739 4589 3939 4659 i'quia
3987 4587 4248 4658 gaudium

2629 4687 2830 4731 nostra:
2863 4677 3257 4747 redemptionis
3308 4687 3364 4733 et
3404 4679 3681 4733 restitutio
3717 4693 3973 4747 superum
4005 4674 4250 4732 civitatis

2628 4770 2918 4825 beatorum
2973 4770 3269 4840 spirituum
3323 4787 3559 4841 corpora
3614 4780 3911 4843 contegunt
3963 4779 4019 4825 et
4070 4784 4253 4824 resar-

2630 4863 2806 4927 ciunt,
2857 4879 2926 4918 ne
2965 4871 3075 4917 tam
3123 4865 3350 4917 ruinosa
3395 4864 3690 4919 diminutio
3736 4865 3790 4918 in
3838 4863 3929 4918 illa
3977 4861 4250 4933 superiori

2630 4953 2803 5025 gloria
2856 4967 3244 5023 cognoscatur.
3294 4956 3362 5010 Et
3406 4955 3800 5011 attendendum
3840 4963 4046 5025 quanta
4092 4954 4248 5007 beni-

2635 5046 2818 5115 gnitas
2845 5048 3035 5117 gratia:
3063 5063 3236 5117 genus
3263 5048 3566 5102 humanum
3606 5049 3660 5102 in
3690 5047 3810 5102 istis
3837 5045 4253 5100 administrato-

2638 5138 2735 5192 riis
2777 5138 3063 5206 spiritibus
3107 5119 3442 5203 accumuiet,
3483 5140 3612 5208 quia
3647 5147 3890 5208 pugnant
3933 5151 4033 5206 pro
4070 5133 4248 5199 nobis,

2638 5241 2699 5284 ut
2744 5231 2919 5285 illud:
2958 5250 2975 5282 ι
3013 5231 3242 5286 Factum
3283 5241 3369 5286 est
3416 5230 3664 5299 praelium
3705 5245 3965 5300 magnum
4014 5229 4070 5282 in
4111 5224 4252 5282 caelo

2640 5322 2830 5392 (Apoc.
2864 5321 2988 5394 xu).
3027 5341 3046 5374 ›
3087 5321 3328 5378 Vincunt
3359 5338 3460 5393 pro
3492 5323 3673 5386 nobis,
3707 5323 3851 5378 sicut
3880 5321 4084 5376 ibidem
4116 5320 4252 5375 sub-

2633 5412 2922 5484 jungitur:
2965 5431 2984 5465 ι
3017 5413 3173 5471 Nunc
3217 5415 3360 5470 facta
3395 5423 3483 5470 est
3513 5415 3742 5469 victoria
3781 5411 3997 5484 (Ibid.).
4033 5431 4053 5463 ι
4103 5410 4252 5466 Gau-

2639 5509 2771 5563 dent
2795 5523 2893 5578 pro
2921 5508 3098 5573 nobis,
3123 5508 3252 5578 quia
3281 5516 3365 5562 est
3397 5525 3416 5558 ‹
3440 5507 3698 5575 gaudium
3729 5506 3940 5578 angelis
3970 5505 4061 5559 Dei
4090 5517 4257 5573 super

2639 5615 2748 5652 uno
2771 5607 3059 5668 peccatore
3083 5599 3470 5669 preniteutiam
3493 5608 3690 5668 agente
3718 5597 3873 5669 (Luc.
3899 5597 4024 5667 xv);
4053 5615 4070 5644 ι
4096 5593 4260 5649 Fient

2639 5707 2739 5761 pro
2767 5693 2946 5756 nobis,
2979 5695 3127 5749 sicut
3159 5694 3430 5766 scripturn
3461 5703 3579 5750 est:
3615 5713 3633 5746 ι
3663 5693 3855 5764 Angeli
3893 5691 4046 5763 pacis
4067 5703 4261 5745 amare

2639 5783 2845 5843 flebant
2872 5785 3014 5860 (lsa.
3049 5787 3270 5859 sntit).
3303 5807 3323 5843 ι
3365 5786 3462 5847 Hae
3489 5796 3622 5847 sunt
3671 5784 3861 5844 felices
3889 5797 4102 5856 pennae,
4131 5780 4260 5853 qui-
