5450 6402
412 8 3937 87 ἦρ*-
5138 22 5195 41 π

1953 360 2070 422 799'
2596 357 2654 411 S.
2698 351 2902 409 I’ETliI
2932 346 3216 404 DAMIANI
3257 336 3412 397 OPP.
3456 334 3635 389 I‘AltS
3667 331 3798 388 εει]
3841 332 4079 391 τοξιυε

3089 346 3216 402 IANI
3257 336 3412 397 OPP.
3456 334 3635 389 I‘AltS
3667 331 3798 388 εει]
3841 332 4079 391 τοξιυδ
4105 335 4165 389 II.
4193 333 4660 391 -SERIONES.
5134 330 5241 391 suo

1951 485 2053 539 bus
2079 480 2168 534 ille
2197 488 2520 533 numerosus
2545 470 2689 524 ordo
2731 466 3062 535 supervolat.
3112 472 3265 518 stans
3296 457 3537 515 inirrita-
3566 457 3700 519 A'in
3722 455 3883 509 terris
3904 452 4073 508 Filius
4094 452 4209 513 Dei,
4234 461 4289 507 et
4309 459 4602 507 exsecutor
4620 445 4829 505 esstitit
4848 456 4905 501 et
4929 446 5202 516 magister
5220 464 5241 502 :

1953 576 2151 634 biliter,
2176 569 2435 625 alacriter
2461 564 2669 629 volans,
2701 570 2755 616 et
2788 561 2841 614 in
2867 556 3254 612 aeternitatem.

2026 663 2132 718 Sed
2171 658 2285 727 jam
2318 656 2653 713 mleuudum
2683 661 2765 706 est
2794 650 2862 703 ad
2901 664 3021 711 nos,
3050 657 3105 703 et
3148 646 3321 716 stvius
3348 642 3417 697 ad
3446 655 3543 695 no-

1957 766 2125 811 stram
2158 749 2556 819 retorquendus
2581 743 3000 802 humanitatem.
3029 754 3167 810 quos
3204 739 3273 793 ab
3299 733 3544 807 angelico

1898 892 1905 895 _
1954 842 2231 899 consortio
2263 853 2540 909 corporea:
2571 835 2882 904 voluptates
2908 842 2963 889 et
2998 831 3199 899 iniqua:
3237 828 3547 882 voluntates

1959 934 2212 989 dividunt
2233 939 2290 987 et
2316 928 2643 1000 abjungunt.
2675 926 2739 981 Et
2771 926 2901 981 licet
2929 924 2982 978 in
3018 924 3161 976 hanc
3186 918 3545 989 degeneravi-

1870 1090 1873 1091 ν
1961 1021 2427 1084 tuitsvauitatem,
2458 1028 2742 1090 portamus
2779 1025 2957 1070 tamen
3003 1012 3296 1082 imaginem
3325 1010 3549 1064 Creato-

1959 1115 2055 1177 ris,
2083 1127 2225 1182 qum,
2254 1110 2356 1165 etsi
2384 1108 2666 1164 obscurari
2703 1112 2899 1176 potest,
2924 1102 3115 1170 nequit
3143 1110 3324 1154 tamen
3352 1098 3544 1152 deleri.

1964 1204 2230 1260 Universa
2250 1201 2469 1255 vanitas
2488 1199 2665 1254 omnis
2688 1199 2852 1251 homo
2874 1195 3065 1250 vivens
3092 1192 3266 1259 (Psal.
3292 1191 3547 1257 xxxvtn),

1963 1296 2040 1351 ait
2080 1294 2260 1361 justus
2287 1332 2303 1355 .
2363 1291 2475 1357 sed
2525 1297 2585 1345 et
2646 1289 2700 1342 in
2743 1286 2982 1357 imagine
3047 1283 3343 1353 pertransit
3386 1282 3551 1335 homo

1960 1386 2312 1456 Assignemus
2341 1396 2473 1453 ergo
2513 1396 2609 1437 sex
2640 1379 2757 1434 alas
2797 1378 3024 1442 homini,
3054 1385 3109 1431 et
3148 1377 3195 1431 si
3243 1391 3349 1430 non
3390 1375 3547 1439 tales,

1961 1477 2365 1546 qualescunque
2395 1483 2600 1530 tamen.
2626 1472 2813 1529 Prima
2840 1471 3078 1526 hominis
3110 1470 3192 1525 ala
3226 1470 3549 1524 revertentis

1960 1568 2026 1624 ad
2058 1568 2224 1624 Deum
2251 1565 2562 1622 amaritudo
2587 1565 2772 1621 cordis
2796 1573 2905 1621 est.
2928 1563 2987 1617 lu
3012 1561 3199 1617 multis
3227 1561 3552 1617 offendimus

1960 1674 2153 1714 omnes
2197 1659 2341 1729 (Jac.
2375 1658 2484 1727 nt),
2516 1666 2573 1713 et
2619 1672 2728 1711 non
2776 1665 2863 1711 est
2899 1670 3158 1709 numerus
3192 1653 3551 1707 offensionum

1962 1761 2293 1806 nostrarum.
2318 1748 2427 1807 Sed
2448 1764 2596 1813 cum,
2626 1749 2918 1803 accedente
2936 1757 2991 1799 et
3018 1746 3348 1800 accendente
3375 1744 3550 1813 gratia

3660 564 3677 599 ι
3708 547 3904 602 Discite
3941 560 3971 598 a
4015 559 4120 606 me,
4155 542 4347 612 inquit,
4396 541 4523 610 quia
4571 541 4717 595 mitis
4760 552 4880 595 sum
4928 544 4988 595 et
5018 534 5246 592 humﬂis

3647 640 3811 697 corde
3855 636 4073 709 (laus.
4122 638 4222 703 xi).
4258 653 4277 685 ο
4329 630 4495 689 Sexta
4537 640 4622 687 est
4666 630 4925 685 charitas.
4978 626 5110 682 Ilaec
5158 636 5247 681 est

3649 730 3977 800 principium
4017 737 4073 783 et
4118 726 4266 789 linis,
4314 723 4581 780 bonorum
4628 718 4891 784 clausula,
4940 715 5249 789 singularis

3649 827 3757 882 tilia
3799 824 3994 880 summi
4022 822 4207 892 Regis.
4238 817 4583 889 Superﬂuum
4613 829 4699 873 est
4739 830 4857 873 eam
4882 814 5070 870 verbis
5096 827 5255 883 .pro-r

3650 917 3934 971 lixioribus
3964 914 4370 975 commendare,
4398 910 4487 966 cui
4516 908 4709 964 alludit
4734 916 4846 963 tam
4891 905 5239 962 sacularium

3649 1024 3810 1078 quam
3854 1007 4159 1063 divinarum
4205 1004 4510 1058 litterarum
4552 1001 4982 1067 totagf'acundis.
5030 998 5110 1053 De
5156 996 5246 1052 Itis

3649 1098 3888 1153 dicitur:
3940 1116 3957 1149 ι
3996 1096 4214 1151 Duabus
4255 1094 4357 1149 alis
4400 1092 4675 1148 volabant.
4706 1110 4726 1142 ι
4762 1089 4857 1145 liis
4881 1089 5120 1161 geminis
5144 1086 5246 1142 slis

3650 1190 3726 1245 illi
3764 1190 3983 1260 pennati
4014 1186 4235 1241 evolant
4268 1185 4336 1240 ad
4367 1197 4624 1254 superna,
4654 1181 4724 1238 de
4763 1179 4961 1252 quibus
4991 1178 5197 1233 dicitur
5228 1197 5241 1231 :

3657 1300 3674 1332 ι
3727 1278 3949 1333 Frustra
4003 1276 4209 1344 jacitur
4268 1284 4385 1331 rete
4450 1285 4579 1329 ante
4636 1270 4825 1329 oculos
4880 1278 5246 1341 pennatam.

3654 1369 3837 1441 (Prov.
3878 1370 3939 1437 l).
3971 1387 3988 1418 ι
4024 1366 4178 1433 Quod
4218 1367 4265 1421 si
4311 1365 4431 1421 istis
4468 1364 4851 1426 volaverimus,
4887 1375 4990 1417 nec
5028 1356 5249 1415 defece-

3654 1463 3845 1525 rimus,
3874 1460 4203 1530 quandoque
4242 1458 4410 1515 etiam
4451 1458 4645 1527 pennis
4673 1455 4987 1525 angelorum
5033 1450 5251 1507 volabio

3656 1570 3772 1609 mus
3802 1565 3856 1607 et
3888 1552 4189 1607 videbimus
4220 1550 4369 1605 illum
4403 1549 4457 1603 in
4485 1548 4684 1603 decore
4714 1560 4836 1609 suo,
4865 1545 4957 1614 qui
4983 1552 5069 1600 est
5104 1541 5253 1598 Doti

3655 1648 3973 1701 benedictus
4000 1645 4053 1698 in
4092 1642 4287 1699 sucula
4312 1640 4657 1699 seculorum.
4687 1639 4881 1695 Amen.

4252 1772 4651 1835 OCTOBEII.

1964 1843 2059 1949 Dei
2091 1856 2187 1898 cor
2210 1851 2489 1949 nos-trum,
2526 1840 2895 1948 recogitamus
2920 1854 3111 1949 omnes
3135 1853 3309 1892 annos
3328 1846 3557 1949 lnostros
3589 1832 3632 1887 ll
3664 1876 3898 1936 xw".
3982 1877 4196 1937 Sermo
4234 1832 4307 1934 ἀὲ
4326 1832 4406 1934 ‘8‘.
4434 1832 5081 1949 “Lg—catmge’i‘w.

1964 1941 2018 1994 in
2051 1937 2414 1992 amaritudine
2451 1936 2649 1991 anima:
2677 1944 2896 2000 nostne,
2933 1935 3280 1988 obscuratam
3312 1931 3553 1987 declara-

1963 2044 2087 2084 mus
2119 2028 2435 2094 imaginem,
2462 2035 2519 2081 et
2554 2026 2608 2081 in
2650 2035 2896 2081 nostrum
2931 2025 3257 2095 principium
3292 2023 3554 2076 reforma-

1966 2132 2109 2172 ntur.
2155 2114 2259 2171 Sed
2297 2114 2424 2184 quia
2478 2134 2496 2166 ι
2524 2115 2688 2170 corde
2730 2115 2971 2169 creditur
3010 2113 3077 2168 ad
3117 2112 3415 2183 justitiam,
3460 2126 3555 2165 ore

1967 2216 2149 2261 autem
2172 2204 2446 2260 confessio
2475 2206 2535 2260 lit
2565 2204 2903 2277 adsalutem
2933 2204 3113 2275 (Rom.
3147 2204 3224 2271 x),
3262 2223 3280 2256 ι
3310 2204 3559 2273 sequitur

1968 2298 2204 2355 secunda
2231 2312 2431 2368 penna,
2469 2298 2741 2353 confessio
2766 2296 3020 2352 videlicet
3041 2297 3172 2352 oris.
3207 2296 3348 2351 Ante
3375 2298 3558 2350 omnia

1968 2392 2264 2457 confessio,
2299 2393 2430 2447 dicit
2476 2393 2781 2463 Scriptura,
2812 2392 3058 2461 nihilque
3100 2392 3441 2463 Deogratius
3476 2400 3559 2445 est

1968 2501 2131 2554 quam
2162 2485 2410 2540 confiteri
2455 2495 2510 2541 et
2540 2499 2799 2540 accusare
2843 2485 2985 2553 quod
3028 2484 3223 2540 fecisti.
3268 2485 3428 2540 Plena
3476 2493 3559 2538 est

1972 2576 2151 2631 omnis
2178 2576 2459 2646 Scriptura
2491 2590 2644 2631 sacra
2675 2583 2841 2631 tanta
2871 2576 3087 2631 virtutis
3111 2575 3443 2639 testimonio,
3472 2574 3558 2629 cui

1970 2676 2080 2723 tam
2108 2666 2321 2723 Veteris
2348 2668 2685 2724 Testamenti
2725 2683 2888 2738 quam
2936 2667 3071 2723 Novi
3105 2678 3217 2724 tota
3259 2668 3430 2723 servit
3466 2683 3561 2720 au.

1969 2758 2226 2823 etoritas;
2258 2760 2375 2814 ista:
2402 2759 2669 2829 siquidem
2692 2760 2813 2813 dua:
2838 2760 3071 2814 virtutes
3099 2768 3247 2821 sunt,
3276 2771 3401 2829 qua:
3427 2759 3562 2812 mul-

1972 2851 2211 2920 tiplicem
2266 2850 2542 2905 cumulum
2594 2850 2862 2906 scelerum
2913 2860 3223 2906 nostron
3283 2860 3410 2906 ante
3469 2850 3561 2904 Dei

1967 2940 2158 2997 oculos
2184 2941 2544 2996 abscondunt.
2582 2940 2659 2996 Dc
2702 2941 2789 2995 his
2824 2941 3063 2997 dicitur:
3100 2960 3120 2993 ι
3152 2941 3281 2996 Dum
3312 2943 3565 3012 tegebant

1967 3050 2159 3090 corum
2171 3050 2422 3104 corpora.
2441 3055 2457 3086 ι
2478 3034 2654 3099 Beati,
2674 3054 2693 3087 ι
2713 3034 2878 3097 enim,
2899 3049 3164 3103 «quorum
3179 3034 3422 3088 mmissa‘
3437 3042 3564 3086 sunt

1972 3123 2312 3194 iniquitates,
2362 3133 2416 3180 et
2451 3139 2680 3195 quorum
2725 3115 2869 3178 te'eta
2914 3133 3042 3178 sunt
3070 3132 3318 3195 peccata.
3364 3123 3565 3178 Beatus

1970 3185 2085 3281 vir,
2122 3216 2210 3271 cui
2260 3185 2367 3271 non
2422 3185 2706 3287 imputavit
2752 3215 3016 3272 Dominus
3054 3185 3335 3286 peccatum
3386 3214 3561 3285 (Psal.
3592 3185 3639 3246 θ

1972 3306 2151 3375 xxxi).
2184 3325 2203 3358 ι
2229 3305 2546 3375 Imputavit,
2575 3307 2736 3371 dixit,
2764 3323 2871 3364 non
2893 3306 3042 3363 fecit.
3069 3306 3173 3374 Qui
3197 3308 3341 3361 enirn
3370 3323 3562 3377 pecca-

1974 3409 2085 3452 tum
2110 3413 2216 3453 non
2250 3397 2399 3464 fecit,
2436 3413 2544 3453 non
2574 3407 2677 3463 est,
2711 3399 2816 3454 nisi
2852 3414 3013 3462 unus,
3041 3408 3098 3453 et
3128 3400 3215 3453 hic
3245 3397 3417 3454 Filius
3447 3399 3563 3454 Dei.

1975 3490 2148 3548 Omne
2192 3501 2371 3547 autem
2400 3492 2545 3562 quod
2592 3494 2705 3561 ipse
2751 3492 2909 3548 nobis
2949 3508 3056 3547 non
3105 3491 3272 3563 379
3301 3493 3571 3563 imputare

1977 3584 2300 3647 decreverit,
2338 3584 2417 3639 sic
2444 3593 2550 3649 est,
2582 3584 2736 3654 quasi
2770 3600 2877 3639 non
2923 3584 3109 3639 fuerit.
3143 3584 3325 3638 Tertia
3354 3584 3437 3637 ala
3487 3592 3571 3639 est

1977 3692 2123 3748 spes.
2172 3676 2298 3731 Hac
2342 3686 2444 3743 est,
2474 3676 2597 3748 quae
2641 3676 2861 3750 fragiles
2909 3678 3123 3733 animos
3166 3677 3326 3749 erigit
3373 3677 3439 3732 ad
3479 3693 3572 3733 su-

1978 3772 2170 3839 perna,
2195 3783 2316 3838 qua:
2340 3769 2556 3824 taedium
2584 3770 3009 3847 exspectationis
3036 3770 3256 3841 levigat,
3288 3786 3410 3839 quae
3433 3785 3572 3839 pra:-

1979 3858 2146 3931 sumit
2188 3860 2256 3913 de
2288 3857 2664 3913 misericordia
2689 3856 2911 3927 iudicis,
2956 3867 3011 3915 et
3044 3860 3095 3914 in
3128 3860 3325 3915 divina
3352 3859 3573 3930 pietatis

1977 3952 2302 4008 obversatur
2346 3951 2569 4021 palatio.
2603 3950 2809 4018 Quarta
2845 3959 2930 4005 est
2974 3952 3155 4005 timor.
3207 3950 3315 4006 Iste
3343 3958 3447 4014 est,
3479 3949 3573 4019 qui

1979 4040 2227 4102 succurit
2251 4058 2506 4099 eameam
2529 4051 2740 4099 vestem
2771 4052 3017 4098 nostram
3043 4058 3168 4099 ossa
3195 4052 3493 4114 penetrans
3522 4050 3576 4096 et

1980 4136 2114 4206 ipsis
2159 4150 2218 4190 se
2263 4135 2553 4189 infundens
2590 4132 2858 4190 medullis.
2899 4132 3048 4191 OlI‘er
3082 4135 3360 4203 paululum
3402 4134 3576 4189 oculis

1901 4294 1906 4298 η
1979 4227 2163 4283 cordis
2196 4226 2485 4296 imaginem
2517 4225 2757 4292 Domini,
2787 4234 2844 4282 et
2882 4224 3029 4280 illius
3060 4225 3292 4290 Domini,
3321 4224 3413 4294 qui
3449 4222 3577 4278 fecit

1982 4318 2182 4374 coelum
2231 4327 2288 4372 et
2331 4326 2556 4383 terram,
2585 4318 2678 4387 qui
2713 4325 3042 4387 potestatem
3090 4318 3257 4372 habet
3300 4331 3498 4385 corpus
3523 4326 3578 4370 et

1986 4409 2227 4463 animam
2259 4407 2477 4462 mittere
2510 4407 2563 4462 in
2595 4408 2901 4477 gehennam
2929 4404 3148 4478 (Hatria.
3182 4408 3272 4473 x);
3301 4406 3457 4475 cujus
3486 4423 3579 4474 pa-

3660 1975 3957 2037 XXVIII.
3982 1976 4193 2035 Sermo
4226 1972 4299 2034 de
4324 1972 4389 2034 S.
4428 1970 4642 2032 Fidele
4672 1978 4968 2047 martyre.

4250 2090 4488 2149 SEBIO
4528 2089 4660 2146 LIII.

3841 2206 3907 2245 οε
3940 2206 3984 2245 Β.
4020 2205 4152 2244 ιυεΑ
4196 2201 4583 2242 ενλμῦιιιετλ.
4628 2184 4822 2253 (ιιγιιι
4849 2196 5047 2239 ωτοι.

3733 2305 3867 2371 Quia
3896 2319 3992 2373 per
4021 2299 4392 2371 Erangelium,
4422 2294 4786 2357 dilectissimi.
4816 2295 4883 2350 de
4913 2294 5161 2351 tenebris
5191 2293 5261 2349 ad

3662 2398 3836 2452 lucem
3871 2398 4129 2451 reductus
4154 2405 4238 2451 est
4274 2392 4529 2458 mundus,
4560 2391 4756 2448 merito
4786 2389 5261 2461 e'vangelistarum

3661 2487 3889 2557 gloriam
3922 2488 4164 2541 celebrat
4195 2485 4424 2556 populus
4444 2481 4807 2539 Christianus.
4840 2480 4948 2536 Sed
4974 2481 5125 2535 inter
5154 2494 5262 2537 ec-

3665 2590 3810 2635 teros
3842 2576 3901 2632 Β.
3938 2577 4137 2639 Lucas,
4165 2577 4253 2630 cui
4276 2588 4516 2646 praeeris
4552 2571 4912 2629 famulatum
4939 2582 5024 2627 est
5050 2585 5261 2636 sermo,

3665 2672 3792 2725 dunt
3818 2670 4032 2740 gemina
4063 2668 4182 2740 styli
4211 2668 4444 2739 species,
4474 2675 4530 2722 et
4558 2664 4927 2737 evangelicam
4956 2673 5012 2720 et
5043 2674 5266 2735 apostoc

3666 2763 3826 2816 liram
3860 2762 4095 2817 contexit
4130 2759 4437 2823 historiam,
4489 2767 4747 2830 tanquam
4796 2740 5028 2814 diversis
5065 2772 5263 2829 agrum

3667 2854 3923 2910 Ecclesia:
3954 2852 4201 2924 frugibus
4228 2852 4392 2911 ditat.
4421 2852 4563 2906 unde
4590 2849 4842 2906 videlicet
4872 2848 5105 2921 populus
5132 2864 5261 2905 esu-

3669 2949 3813 3001 riens
3856 2947 4022 3009 vivat,
4068 2943 4210 2999 unde
4239 2955 4369 3014 grex
4403 2942 4606 2997 Christi
4651 2941 4877 2996 virentia
4923 2940 5118 2997 salutis
5166 2942 5267 2997 aLio

3668 3050 3845 3092 nienta
3878 3038 4157 3107 decerpat.
4204 3034 4296 3090 ila:
4326 3034 4486 3105 plane
4518 3044 4647 3089 sunt
4679 3033 4847 3105 380
4875 3031 5081 3104 fruges,
5126 3049 5269 3103 quas

3667 3125 3869 3198 Ioseph
3904 3126 4163 3182 fratribus
4192 3124 4423 3181 contulit
4467 3122 4623 3195 (Cen.
4657 3128 4822 3193 sui);
4870 3123 4982 3178 bzec
5009 3125 5265 3191 pecunia.

3673 3234 3835 3289 quant
3862 3219 3913 3271 in
3938 3232 4034 3272 ore
4057 3216 4200 3272 sacci
4230 3215 4486 3285 pracepit
4518 3215 4717 3285 imponi
4748 3211 4901 3284 (Gen.
4933 3214 5101 3283 thv).
5134 3211 5265 3269 Bac

3672 3312 3898 3382 pecunia
3955 3325 4100 3365 nunc
4157 3310 4208 3363 in
4248 3307 4509 3364 Ecclesize
4562 3322 4747 3361 mensa
4802 3308 5156 3376 proponitur,
5208 3314 5270 3359 ut

3673 3419 3840 3458 usura
3882 3401 4225 3472 postmodum
4258 3417 4286 3455 a
4320 3398 4751 3470 negotiatoribus
4778 3398 5113 3467 requiratur.
5156 3396 5272 3453 Sed

3673 3504 3729 3547 et
3770 3492 4053 3564 Beniamin
4097 3494 4201 3547 hoc
4247 3493 4411 3548 etiam
4450 3506 4561 3562 pre
4596 3490 4813 3546 ceteris
4841 3489 5081 3557 additur,
5113 3500 5172 3544 ut
5214 3492 5271 3545 in

3674 3602 3833 3641 sar-co
3878 3585 3994 3655 ejus
4038 3587 4204 3639 etiam
4252 3585 4491 3656 scyphus
4524 3599 4646 3638 cum
4694 3584 4926 3654 pecunia
4974 3592 5274 3653 reponatur

3674 3676 3828 3747 (Ceu.
3860 3678 4027 3745 xuv).
4059 3677 4229 3744 Quem
4274 3677 4422 3743 enim
4459 3672 4660 3744 Ioseph
4693 3688 4791 3745 per
4827 3675 5151 3745 mysterium
5179 3674 5274 3731 iII~

3673 3771 3842 3833 dicat,
3882 3769 3987 3824 nisi
4037 3767 4456 3838 Redemptorem
4502 3777 4772 3831 nostrum,
4818 3780 4981 3837 quem
5021 3781 5121 3821 suo
5154 3764 5275 3835 jam

3676 3871 3805 3916 tunc
3836 3860 3921 3914 ille
3946 3861 4207 3930 mysterio
4228 3858 4644 3930 przfigurabat?
4666 3860 4758 3914 Ait
4777 3860 4922 3915 enim
4949 3857 5274 3929 Scriptura:

3682 3972 3699 4005 ι
3733 3953 3867 4020 Quia
3902 3955 4062 4005 vertit
4108 3967 4304 4006 nomen
4353 3951 4497 4005 illius
4526 3949 4762 4015 Pharao,
4801 3960 4857 4006 et
4903 3953 5119 4005 vocavit
5147 3966 5277 4005 etim

3678 4042 3858 4112 lingua
3902 4040 4222 4114 Aigyptiaca
4272 4040 4614 4095 Salvatorem
4648 4040 4834 4095 mundi
4880 4037 5036 4111 (Cea.
5076 4042 5215 4110 xu).
5248 4062 5268 4095 ι

3677 4133 3817 4201 Quid
3864 4149 3960 4204 per
4007 4132 4225 4197 fratres,
4266 4133 4368 4187 nisi
4400 4133 4572 4187 sancti
4617 4131 4971 4202 designantur
5004 4131 5279 4201 apostoli?

3678 4222 3817 4291 Quid
3845 4236 3945 4294 per
3976 4222 4279 4292 Benjamin,
4314 4223 4418 4278 nisi
4458 4221 4687 4301 Paulus,
4716 4222 4809 4293 qui
4846 4222 4915 4279 de
4947 4223 5091 4278 tribu
5130 4221 5275 4280 Ben-

3672 4317 3844 4387 jamin
3872 4317 4139 4386 originem
4170 4316 4360 4371 duxit?

3751 4405 3952 4461 Omnes
3999 4422 4130 4478 ergo
4180 4408 4382 4462 fratres
4433 4409 4620 4479 fruges
4669 4406 5079 4479 pradicationis
5126 4408 5277 4463 seci-

1985 4490 2236 4554 tientiam
2277 4500 2607 4570 provocasti,
2658 4498 3034 4553 thesaurizans
3069 4499 3162 4551 tibi
3209 4501 3347 4551 iram
3394 4498 3446 4551 in
3492 4498 3578 4577 die
3610 4540 3656 4599 Β
3682 4500 3859 4570 piunt,
3907 4513 4029 4568 qua:
4068 4513 4251 4553 serere
4293 4514 4388 4569 per
4416 4501 4676 4554 mundum
4719 4499 4978 4563 debeant,
5012 4507 5070 4553 et
5108 4514 5279 4570 pecu-

1986 4591 2084 4647 irze
2102 4601 2160 4647 et
2188 4590 2537 4645 revelationis
2557 4589 2691 4659 justi
2716 4589 2908 4659 judieii
2944 4590 3037 4644 Dei
3066 4588 3240 4660 (Rom.
3271 4590 3336 4659 ι).

2056 4681 2193 4737 Cum
2222 4682 2338 4735 haec
2379 4681 2578 4736 intuitu
2626 4680 2957 4752 diligentiori
3002 4680 3369 4751 prospexeris,
3415 4681 3579 4733 timor

1983 4781 2045 4827 et
2072 4782 2279 4827 tremor
2304 4772 2522 4826 venient
2550 4786 2714 4841 super
2757 4782 2829 4835 te,
2864 4782 2920 4827 et
2952 4771 3184 4827 formido
3216 4774 3408 4828 mortis
3437 4772 3578 4826 inte—

1992 4862 2192 4917 riorem
2241 4862 2515 4918 hominem
2568 4861 2800 4917 validius
2850 4864 3172 4919 intervertet
3222 4861 3395 4935 (Paul.
3442 4863 3575 4933 Liv).

1981 4951 2127 5020 Quia
2160 4951 2323 5021 igitur
2351 4967 2476 5021 spes
2524 4952 2749 5007 multum
2787 4955 3063 5022 przesumit
3104 4964 3159 5009 et
3192 4956 3355 5009 timor
3385 4953 3578 5009 dtﬂidit

1992 5045 2173 5107 nimis,
2221 5054 2514 5114 utrumque
2553 5046 2785 5115 jungere
2814 5061 2919 5100 non
2965 5048 3216 5112 moreris,
3251 5056 3309 5101 ut
3350 5047 3402 5101 in
3435 5062 3582 5101 cotu—

1994 5136 2142 5189 muni
2174 5133 2377 5189 faciant
2397 5136 2540 5205 quod
2562 5136 2733 5191 divisa
2762 5152 2870 5191 non
2894 5148 3138 5207 possunt.
3168 5139 3324 5193 Disce
3349 5140 3428 5193 sic
3457 5154 3581 5207 spe-

1937 5237 1940 5242 ·
1998 5238 2121 5277 tare
2148 5230 2205 5277 ut
2235 5224 2459 5291 timeas;
2509 5225 2588 5281 sic
2629 5228 2844 5291 timere,
2871 5236 2930 5280 ut
2975 5243 3175 5294 speres.
3213 5230 3287 5283 Dc
3315 5230 3399 5284 his
3446 5230 3581 5282 srri-

1997 5322 2147 5380 ptnm
2176 5324 2296 5367 est:
2348 5334 2367 5365 ι
2400 5315 2525 5370 Dure
2553 5331 2745 5385 penna:
2777 5317 3110 5388 singulorum
3137 5318 3524 5387 jungchantur.
3558 5339 3576 5371 ι

1993 5405 2192 5470 Quinta
2235 5413 2320 5459 est
2354 5404 2651 5462 humilitas.
2695 5407 2873 5477 Prope
2913 5417 2996 5462 est
3039 5410 3298 5465 Dominus
3350 5411 3436 5464 his
3490 5410 3583 5479 qui

1992 5498 2343 5553 obtinuerunt
2370 5514 2484 5566 cor,
2514 5502 2591 5556 ait
2634 5501 2945 5574 Scriptura.
2977 5502 3265 5560 Humilitas
3293 5514 3376 5560 est
3407 5515 3585 5561 mater

1995 5592 2282 5661 virtutum,
2314 5598 2571 5666 superbia
2594 5599 2852 5655 vitiorum
2888 5600 3093 5672 regina,
3126 5603 3243 5658 haec
3267 5602 3378 5658 sola
3407 5604 3584 5658 virtus

1995 5685 2254 5742 virtutum
2306 5692 2526 5758 nutrix,
2574 5708 2738 5763 quam
2793 5693 2967 5749 solam
3018 5694 3070 5751 in
3132 5696 3355 5767 Virgine
3410 5706 3586 5752 matre

2003 5780 2243 5851 respexit
2274 5780 2611 5852 Altissimus;
2649 5786 2806 5856 cujus
2835 5788 3072 5856 quandiu
3115 5799 3473 5846 conversatus
3503 5800 3587 5846 est

3686 4590 3853 4654 niam,
3885 4604 4048 4657 quam
4079 4589 4145 4641 ad
4174 4605 4355 4644 usura:
4381 4588 4591 4644 lucrum
4621 4589 4675 4643 in
4708 4589 4829 4643 fidei
4858 4604 5045 4643 mensa
5078 4604 5278 4660 propo-

3685 4688 3837 4734 nant.
3878 4677 3991 4733 Soli
4035 4664 4164 4734 vero
4192 4678 4474 4749 Benjamiu
4512 4681 4679 4734 etiam
4725 4680 4963 4751 scyphus
4998 4679 5276 4749 adjicitur,

3685 4784 3743 4827 ut
3768 4788 3862 4843 per
3891 4772 4137 4836 Paulum,
4166 4789 4329 4845 quem
4375 4774 4463 4829 ille
4490 4774 4760 4845 signabat,
4796 4788 4901 4827 non
4938 4774 5279 4829 tabernaculi

3685 4867 3916 4936 cyathus
3939 4866 4211 4934 gentibus,
4239 4866 4333 4921 scd
4356 4860 4594 4935 amplum
4625 4874 4680 4920 et
4719 4864 4964 4935 patulum
4991 4864 5143 4919 verbi
5179 4880 5277 4934 po-

3685 4957 3866 5013 culum
3906 4959 4245 5026 propinetur.
4289 4955 4427 5011 Hinc
4467 4963 4552 5011 est
4590 4957 4760 5019 enim,
4793 4955 4935 5024 quod
4982 4956 5101 5009 ait:
5158 4974 5178 5007 v
5209 4954 5281 5010 Os

3687 5058 3934 5102 nostrum
3982 5057 4132 5120 patet
4159 5046 4224 5100 ad
4256 5028 4375 5111 γῶ,
4403 5062 4437 5101 o
4480 5047 4775 5108 Corinthii,
4802 5062 4899 5100 cor
4924 5056 5177 5101 nostrum
5206 5048 5281 5099 di-

3687 5141 3913 5194 latatunt
3937 5151 4038 5204 est,
4068 5156 4172 5194 non
4197 5140 4581 5210 angustiamini
4607 5140 4659 5193 in
4690 5139 4843 5193 nobis
4866 5136 4953 5209 (ΙΙ
4976 5136 5105 5191 Cor.
5129 5138 5231 5207 vt).
5257 5157 5275 5189 ι

3687 5233 3763 5286 Ac
3798 5233 3841 5284 si
3868 5233 4012 5283 dicat
4039 5250 4050 5283 :
4079 5231 4211 5297 Quia
4245 5247 4328 5283 me
4353 5231 4508 5283 vobis
4534 5230 4685 5284 verlti
4713 5238 4898 5299 potum
4928 5244 5027 5298 per
5057 5228 5279 5282 uberem

3689 5325 3954 5391 scyphum
4008 5322 4153 5393 large
4202 5324 4401 5376 viletis
4457 5322 4718 5386 inlinere,
4765 5332 4822 5375 et
4869 5336 4965 5374 vos
5017 5320 5283 5375 sitihundi

3690 5413 3872 5466 contis
3897 5414 3962 5467 ad
3988 5413 4347 5467 hauriendum
4375 5428 4472 5467 ora
4498 5412 4700 5477 laxate,
4730 5421 4790 5466 ut
4814 5411 5115 5467 decurrens
5138 5410 5277 5465 unda

3690 5522 3797 5562 nou
3830 5507 4066 5561 inaniter
4094 5506 4243 5572 ﬂuat,
4281 5508 4376 5561 sed
4419 5506 4641 5577 capacia
4674 5520 4823 5569 vasa,
4866 5506 4920 5559 in
4950 5519 5074 5576 qua:
5106 5513 5283 5557 trans-

3689 5599 3971 5665 fundatur,
4001 5600 4262 5655 inveniat.
4295 5599 4369 5653 De
4389 5614 4498 5669 quo
4521 5597 4771 5654 videlicet
4804 5606 4933 5667 potu
4962 5612 5059 5665 per
5081 5594 5271 5650 Isaiam

3692 5692 3954 5746 Dominus
3982 5692 4151 5747 dicit:
4207 5708 4225 5741 ι
4258 5690 4597 5745 Clorillcabit
4638 5704 4724 5744 me
4763 5688 4937 5743 bestia
4983 5685 5124 5757 agri,
5153 5685 5277 5739 dra-

3693 5802 3857 5844 co;.es
3892 5795 3947 5842 et
3991 5785 4350 5852 struthioucs,
4392 5785 4519 5857 quia
4561 5784 4679 5841 dedi
4724 5782 4778 5839 in
4821 5780 5039 5837 deserto
5094 5790 5276 5849 aquas,
