5450 6398
915 392 1016 446 8M

2293 369 2533 427 SERHO
2567 368 2696 422 LIII.

4143 361 4250 417 832

913 487 1141 542 ῆιιιιιῑηε
1203 485 1256 540 in
1312 481 1486 544 invio,
1537 487 1597 532 ut
1649 477 1834 530 darem
1882 479 2068 544 potum
2116 467 2318 539 populo
2368 478 2517 525 meo,
2553 468 2602 526 Α
2633 461 2836 523 listam,
2869 458 3010 512 sicut
3044 456 3392 526 promiserat,
3425 454 3688 523 loquitur,
3721 453 3816 507 sed
3846 451 3898 506 in
3938 451 4093 506 Pauli
4125 469 4260 524 apo-

918 582 1092 634 electo
1114 593 1238 632 meo
1269 574 1402 647 (Isa.
1430 577 1612 640 sun).
1644 589 1663 622 ι
1700 568 1840 636 Quid
1870 565 2017 620 enim
2062 563 2233 617 bestia
2276 559 2526 628 designat

919 671 1062 741 agri,
1111 668 1215 723 nisi
1267 663 1625 736 gentilitatem
1682 660 1872 729 utique
1923 654 2156 710 rationis
2201 647 2525 719 expertem?

900 761 1057 829 Quid
1102 773 1199 828 per
1239 758 1529 818 dracones,
1581 752 1684 806 nisi
1735 747 2026 804 malitiosi?
2071 744 2210 812 Quid
2254 757 2386 797 vero
2428 754 2527 810 per

918 849 1280 908 struthiones,
1307 846 1398 915 qui
1446 843 1670 913 pennati
1703 853 1850 904 sunt,
1885 838 1978 892 sed
2006 836 2190 890 volare
2221 839 2522 901 nequeunt,

919 942 1022 996 nisi
1066 938 1365 1007 hypocrita:
1412 933 1750 1005 figurantur?
1799 931 1891 985 Ilze
1933 945 2064 999 ergo
2111 927 2305 981 bestia:
2351 924 2523 982 Deum

918 1031 1247 1104 glorificant,
1283 1027 1411 1081 dum
1448 1026 1701 1081 Christus
1731 1022 1917 1094 gentili
1962 1019 2182 1090 populo,
2216 1017 2309 1087 qui
2340 1017 2520 1070 deser-

919 1133 1007 1176 tus
1030 1128 1151 1175 erat
1173 1130 1226 1174 et
1253 1119 1450 1182 invius,
1480 1115 1834 1171 cxuberantis
1887 1110 2166 1182 Evangelii
2205 1109 2370 1162 verba
2401 1122 2527 1177 pro-

917 1213 1091 1283 pinat.

991 1305 1244 1378 Scyphus
1278 1305 1463 1373 itaque
1489 1299 1818 1371 evangelicae
1845 1295 2272 1369 praedicationis,
2305 1293 2357 1348 in
2389 1293 2526 1347 Ben-

913 1397 1086 1468 jamin
1116 1395 1278 1450 datus
1316 1404 1402 1450 est
1427 1391 1624 1457 Paulo,
1655 1400 1714 1446 ut
1749 1391 1865 1462 ipse
1901 1389 2176 1445 desertum
2204 1383 2527 1458 gentilitatis

919 1496 1232 1569 specialiter
1258 1492 1496 1559 excolat,
1526 1500 1582 1547 et
1619 1491 1930 1545 ariditatem
1959 1488 2079 1557 ejus
2120 1487 2274 1557 largo
2321 1491 2526 1540 sancta:

913 1587 1323 1657 praedicationis
1356 1587 1530 1640 imbre
1562 1580 1852 1653 perfundat
1882 1597 1896 1634 :
1927 1579 2004 1634 De
2031 1593 2142 1649 quo
2171 1576 2386 1633 scilicet
2425 1576 2528 1630 im-

915 1676 1017 1733 bre
1049 1681 1314 1747 scriptum
1361 1685 1484 1731 est:
1532 1692 1551 1726 ι
1582 1673 1685 1741 Qui
1724 1671 1905 1743 operit
1942 1670 2142 1726 calum
2186 1667 2440 1728 nubibus,
2469 1673 2526 1721 et

915 1778 1076 1838 parat
1118 1777 1277 1823 terra:
1317 1765 1557 1838 pluviam
1607 1761 1784 1836 (Psal.
1826 1761 2032 1831 chvI).
2067 1780 2085 1814 ι
2121 1759 2278 1816 Unde
2320 1765 2377 1812 et
2409 1756 2524 1827 ipse

2630 553 2757 608 stoli
2795 550 3164 619 disputatione
3195 558 3468 602 versatur.
3508 545 3708 600 Verum
3738 544 3918 616 plane,
3948 560 4048 601 nec
4067 560 4262 615 possu-

2629 659 2752 716 mus
2815 641 3054 695 dilliteri.
3125 639 3232 693 Sed
3289 654 3411 693 cum
3473 640 3685 692 beatus
3758 636 3935 691 Lucas
4014 636 4259 705 ejusdem

2630 717 2861 803 apostoli
2913 731 3226 786 individuus
3279 745 3466 786 eomes
3526 730 3802 785 exstiterit
3854 741 4022 799 atque
4079 731 4148 784 ab
4196 745 4264 785 eo

2629 824 2886 879 didicerit
2926 838 3092 878 omne
3131 823 3276 892 quod
3313 823 3556 892 scripsit,
3616 821 3709 876 ubi
3758 821 4082 892 dignitatem
4117 838 4261 892 pra:-

2629 915 2871 985 ceptoris
2905 916 3285 983 exprimimus,
3313 913 3518 969 alumni
3541 929 3760 983 quoque
3789 917 4122 984 przcconium
4151 931 4260 970 non

2637 1018 2908 1063 tacemus.
2944 1007 3011 1062 Et
3049 1008 3291 1062 doctoris
3321 1008 3441 1061 laus
3488 1009 3753 1062 redundat
3804 1008 3856 1061 in
3911 1009 4259 1077 discipulum,

2629 1102 2759 1158 dum
2803 1101 3135 1171 evangelica:
3177 1102 3431 1156 veritatis
3469 1101 3781 1162 historiam,
3806 1117 3972 1172 quam
4008 1103 4098 1158 ille
4143 1103 4264 1158 livi-

2628 1197 2780 1252 nitus
2837 1196 3052 1259 didicit,
3107 1195 3197 1250 hic
3246 1210 3314 1250 ex
3365 1195 3483 1265 ejus
3531 1209 3629 1250 ore
3677 1195 3990 1265 percipiens
4031 1195 4266 1251 fideliter

2628 1287 2877 1358 apicibus
2900 1288 3168 1342 exaravit.
3199 1285 3430 1355 Quantae
3462 1301 3594 1356 ergo
3623 1286 3910 1358 dignitatis
3930 1297 4266 1358 quantaeque

2628 1381 2700 1435 sit
2732 1378 3075 1434 excellentia:
3105 1379 3168 1434 Β.
3215 1378 3416 1442 Lucas,
3447 1379 3499 1433 in
3530 1379 3632 1433 hoc
3663 1377 3874 1448 liquido
3901 1379 4264 1448 deprehendi-

2573 1487 2584 1498 ί
2631 1480 2742 1535 tur,
2802 1473 2931 1542 quia
2976 1487 3102 1527 cum
3152 1470 3370 1527 Marcus
3419 1487 3449 1526 a
3504 1469 3668 1526 beato
3698 1470 3878 1526 Pedro
3908 1472 4159 1540 edoctus,
4208 1479 4266 1527 et

2632 1561 2920 1640 biatthasus
2969 1572 3136 1632 atque
3181 1561 3442 1628 Joannes,
3495 1563 3588 1632 qui
3634 1563 3992 1632 Evangelium
4053 1565 4266 1621 descri-

2631 1645 2882 1716 bserunt,
2909 1651 3293 1723 Redemptoris
3321 1653 3498 1709 nostri
3515 1662 3668 1725 gesta
3689 1654 3742 1709 in
3769 1663 3914 1709 terra
3945 1654 4264 1724 didicerint,

2636 1745 2738 1801 iste
2781 1744 2958 1810 solus,
3009 1753 3070 1800 ut
3112 1745 3186 1801 ita
3225 1745 3442 1816 loquar,
3486 1747 3592 1802 hoc
3634 1746 3988 1819 Evangelium
4018 1749 4266 1805 scribere

916 1831 1138 1927 Paulus,
1195 1862 1288 1934 qui
1317 1831 1397 1917 se
1445 1831 1751 1930 apostolum
1795 1865 1853 1911 et
1903 1855 2229 1925 magistrum
2279 1849 2522 1922 gentium
2559 1831 2602 1889 Β
2634 1838 2856 1934 inerti".
2907 1838 3052 1907 (ιυοά

2111 1869 2229 1907 mm
2279 1849 2522 1922 εοηιίιιη,
2559 1831 2602 1889 Β
2634 1838 2856 1900 meruit,
2907 1838 3052 1907 quod
3099 1852 3131 1893 e
3171 1837 3314 1896 ctelo
3344 1839 3651 1903 descendit,
3710 1839 3840 1894 dum
3894 1841 4108 1896 scilicet
4157 1842 4261 1898 hoc

915 1970 1039 2011 esse
1082 1964 1314 2009 testatur
1366 1949 1451 2022 (II
1498 1950 1633 2004 Tim.
1678 1949 1750 2018 t),
1803 1948 1882 2001 ait
1919 1946 1986 2000 ad
2028 1944 2296 1998 Galatas:
2334 1959 2354 1993 ι
2388 1939 2524 1996 Cum

916 2048 1180 2102 vidissent
1205 2046 1350 2115 quod
1395 2043 1666 2100 creditum
1696 2050 1782 2097 est
1811 2039 1944 2095 mihi
1990 2034 2344 2108 Evangelium
2387 2049 2528 2104 pra:-

915 2140 1072 2210 putii.
1104 2139 1248 2212 sicut
1275 2147 1330 2193 et
1358 2137 1522 2192 Petro
1563 2133 2020 2190 circumcisionis.
2062 2131 2164 2199 Qui
2195 2129 2343 2183 enim
2390 2141 2526 2198 ope-

916 2243 1069 2286 ratus
1093 2241 1180 2287 est
1209 2230 1372 2285 Petro
1405 2229 1457 2283 in
1500 2226 1865 2297 apostolalum
1912 2221 2372 2282 circumcisionis.
2404 2233 2528 2289 ope-

915 2334 1072 2379 ratus
1100 2335 1185 2379 est
1225 2331 1279 2377 et
1306 2321 1437 2376 mihi
1469 2321 1616 2374 inter
1639 2328 1830 2389 gentes
1851 2315 1998 2389 (Gal.
2028 2316 2109 2385 ιι).
2143 2335 2160 2367 ι
2197 2313 2299 2370 Ubi
2334 2321 2527 2369 notan-

919 2417 1052 2471 dum
1083 2423 1293 2486 quanta
1336 2414 1480 2468 beati
1517 2411 1670 2466 Pauli
1703 2411 1961 2481 dignitas,
1993 2416 2198 2479 quanta
2229 2407 2300 2462 sit
2330 2406 2523 2477 gloria.

914 2495 1187 2562 Nimirum
1225 2507 1316 2577 qui
1355 2506 1572 2560 beatum
1606 2504 1853 2568 Petrum,
1886 2512 1942 2559 et
1986 2511 2219 2557 exteros
2248 2497 2527 2570 apostolos

913 2601 1098 2656 adhuc
1140 2600 1415 2671 passibilis
1451 2614 1516 2654 ac
1575 2596 1824 2653 mortalis
1864 2596 2105 2660 edocuit,
2139 2596 2255 2665 ipse
2294 2592 2527 2648 Paulum

908 2693 1025 2763 jam
1051 2693 1387 2764 glorificatus
1408 2700 1463 2746 et
1501 2704 1664 2761 super
1688 2690 1911 2762 angelos
1937 2689 2212 2744 exaltatus
2241 2687 2523 2742 instruxit.

989 2782 1247 2854 Magister
1278 2782 1653 2854 apostolorum
1698 2780 1909 2836 exstitit
1941 2779 2214 2843 Christus,
2260 2793 2387 2834 cum
2429 2778 2528 2833 1ιο-

916 2875 1126 2929 minum
1159 2874 1470 2944 subjaceret
1516 2870 1761 2941 injuriis;
1796 2870 2025 2925 Paulum
2055 2871 2254 2926 docere
2295 2882 2406 2924 non
2437 2869 2529 2924 de-

914 2965 1172 3036 dignatus
1193 2973 1296 3028 est,
1321 2979 1448 3019 cum
1467 2961 1581 3030 jam
1608 2962 1877 3018 virtutum
1897 2959 2203 3016 caelestium
2229 2959 2528 3015 vallaretur

909 3057 1215 3127 obsequiis.
1257 3056 1392 3112 Cum
1421 3055 1544 3110 aliis
1572 3055 1804 3125 degebat
1835 3054 2116 3124 apostolis,
2151 3053 2280 3107 dum
2324 3062 2526 3108 nostra:

915 3147 1268 3203 mortalitatis
1313 3147 1491 3202 adhuc
1541 3146 1756 3200 infirma
1794 3143 2092 3215 perferret;
2140 3142 2369 3199 Paulum
2416 3145 2520 3200 sibi

915 3241 1245 3296 familiarem
1299 3239 1446 3301 fecit,
1495 3239 1880 3304 cum,calcato
1921 3252 1986 3292 ac
2033 3246 2289 3307 potenter
2331 3251 2527 3292 everso

916 3332 1114 3386 mortis
1140 3330 1390 3400 imperio,
1419 3337 1662 3400 paterna:
1684 3329 1986 3398 majestatis
2015 3326 2154 3384 solio
2179 3327 2524 3398 przesideret.

919 3420 1058 3476 llinc
1104 3431 1188 3475 est
1227 3421 1372 3490 quod
1419 3420 1536 3474 ait:
1593 3439 1613 3470 ς
1642 3417 1840 3473 Notum
1890 3419 2046 3473 vobis
2091 3417 2254 3481 facio,
2299 3416 2525 3483 fratres,

914 3511 1080 3580 281
1113 3509 1488 3579 Evangelium,
1538 3509 1683 3579 quod
1725 3507 2159 3579 evangelizatum
2209 3516 2295 3563 est
2340 3523 2370 3563 a
2415 3523 2524 3569 me,

916 3602 1046 3670 quia
1077 3617 1182 3655 non
1213 3609 1296 3654 est
1330 3600 1633 3656 secundum
1675 3601 1975 3661 hominem,
2025 3613 2202 3670 neque
2247 3601 2393 3656 enim
2425 3614 2528 3671 ego

916 3693 988 3748 ab
1020 3692 1240 3747 homine
1269 3693 1450 3762 accepi
1486 3692 1641 3756 illud,
1671 3707 1848 3762 neque
1875 3691 2066 3757 didici,
2110 3693 2206 3746 sed
2249 3705 2347 3762 per
2372 3706 2528 3746 reve-

916 3782 1179 3837 Iationem
1207 3780 1336 3837 Jesu
1363 3780 1568 3836 Christi
1607 3779 1752 3851 (Gal.
1783 3781 1844 3852 l).
1880 3799 1898 3832 ι
1933 3781 2166 3849 Ideoque
2191 3780 2321 3835 licet
2348 3780 2526 3834 sancti

919 3873 1152 3943 apostoli
1206 3888 1306 3942 per
1348 3873 1663 3942 corporales
1705 3872 1934 3928 obtutus
1973 3883 2168 3928 cuncta
2222 3872 2528 3929 Salvatoris

914 3963 1093 4018 nostri
1121 3973 1271 4036 gesta
1295 3962 1699 4034 perspexeriut,
1731 3962 1784 4016 in
1815 3962 1963 4017 nulla
1995 3972 2176 4017 tamen
2207 3961 2350 4017 beati
2373 3962 2525 4017 Pauli

915 4072 1250 4130 praecessere
1297 4057 1569 4121 notitiam,
1599 4057 1726 4110 dum
1758 4056 1903 4110 idem
1935 4055 2083 4110 hunc
2124 4056 2192 4110 de
2236 4055 2378 4111 cmlo
2407 4071 2528 4111 ma-

917 4151 1089 4221 gister
1117 4150 1378 4206 instruxit
1406 4149 1498 4218 qui
1528 4132 1816 4203 ante'cum
1853 4146 1959 4202 illis
1998 4147 2052 4202 in
2089 4157 2235 4202 terra
2274 4161 2530 4218 corpora-

915 4245 1046 4299 liter
1073 4242 1360 4298 habitavit.
1392 4240 1549 4296 Unde
1576 4249 1660 4294 est
1701 4240 1846 4309 quod
1874 4240 1943 4294 ad
1972 4238 2288 4294 Corinthios
2317 4254 2416 4308 per
2447 4237 2528 4292 in-

920 4333 1347 4403 terrogationem
1378 4332 1515 4386 dicit
1541 4347 1554 4386 :
1615 4349 1631 4381 ι
1667 4328 1806 4384 Num
1837 4345 1957 4384 sum
1991 4329 2305 4400 apostolus?
2334 4327 2528 4385 Nonne

916 4425 1105 4480 Jcsum
1134 4424 1422 4477 Dominum
1470 4431 1720 4476 nostrum
1771 4420 1915 4475 vidi?
1945 4419 2134 4475 Nonne
2164 4434 2303 4490 opus
2343 4434 2524 4473 meum

919 4529 1020 4570 vos
1064 4515 1196 4570 estis
1229 4514 1282 4568 in
1310 4511 1574 4568 Domino?
1601 4511 1654 4583 (Ι
1686 4508 1812 4566 Cor.
1837 4509 1982 4582 vut.)
2017 4531 2034 4562 ι
2073 4511 2184 4566 Deo
2218 4510 2405 4580 itaque
2443 4523 2527 4564 re-

918 4607 1154 4672 velante,
1184 4608 1250 4660 ad
1293 4614 1499 4660 tantam
1528 4604 1778 4674 pervenit
1824 4605 2068 4660 scientia:
2103 4603 2524 4674 plenitudinem,

918 4706 1086 4767 atque
1113 4699 1183 4751 ita
1211 4697 1508 4766 perductus
1533 4705 1620 4750 est
1645 4695 1698 4750 in
1727 4710 1945 4750 omnem
1973 4694 2306 4766 evangelica:
2330 4696 2530 4766 regula:

917 4789 1210 4844 veritatem
1237 4796 1315 4853 ut,
1350 4802 1473 4842 cum
1510 4801 1704 4842 omnes
1736 4794 2112 4856 superessent,
2146 4785 2524 4857 apostolorum

920 4880 1239 4950 magisterio
1285 4895 1395 4934 non
1445 4889 1652 4949 egeret.
1702 4877 1842 4934 Hinc
1882 4887 1965 4932 est
1999 4877 2146 4947 quod
2194 4879 2263 4932 ad
2305 4876 2530 4933 Galatas

918 4971 1055 5027 dicit
1085 4988 1098 5024 :
1139 4989 1155 5017 ι
1187 4969 1326 5025 Cum
1353 4979 1536 5024 autem
1568 4969 1774 5040 placuit
1801 4970 1853 5024 ei
1882 4969 1973 5038 qui
2004 4983 2092 5024 me
2121 4968 2431 5040 segregavit
2461 4983 2527 5023 ex

917 5072 1080 5119 utero
1108 5065 1301 5118 matris
1329 5079 1489 5130 meae,
1527 5073 1584 5118 et
1609 5063 1949 5145 vocavwr
1980 5062 2213 5133 gratiam
2259 5077 2440 5128 suam,
2470 5068 2532 5114 ut

920 5153 1195 5209 revelaret
1239 5153 1438 5208 Filium
1492 5169 1652 5210 suum
1707 5154 1760 5208 in
1816 5169 1947 5220 me,
1991 5162 2050 5208 ut
2091 5155 2528 5226 evangelizarem

876 5271 887 5280 -
920 5244 1073 5300 illum
1119 5246 1173 5300 in
1214 5245 1501 5314 gentibus,
1543 5246 1808 5300 continuo
1848 5260 1966 5300 non
1997 5245 2247 5316 acquievi
2283 5247 2438 5308 carni
2477 5254 2532 5300 et

919 5337 1197 5408 sanguini,
1225 5352 1402 5407 neque
1429 5337 1550 5392 veni
1583 5335 2019 5409 Hierosolymam
2052 5338 2120 5393 ad
2149 5348 2529 5394 antecessores

919 5440 1076 5482 meos
1119 5428 1394 5497 apostolos
1433 5427 1636 5499 (Colat.
1693 5429 1755 5499 l).
1789 5451 1807 5483 ι
1860 5430 2090 5498 Quando
2134 5443 2318 5488 autem
2369 5432 2527 5498 ierit,

920 5519 1118 5588 aperit,
1173 5534 1296 5573 cum
1344 5520 1664 5592 subjungit:
1718 5541 1736 5572 ι
1779 5521 1984 5577 Deinde
2023 5532 2148 5593 post
2198 5539 2372 5578 annos
2421 5532 2533 5578 trcs

921 5611 1046 5663 veni
1092 5608 1520 5681 Hierosolymam
1561 5613 1747 5668 videre
1776 5612 1998 5676 Petrum
2030 5614 2220 5686 (Ibid.)
2252 5635 2270 5668 ι
2307 5614 2528 5680 Videre,

921 5713 1030 5753 non
1062 5700 1296 5754 discere.

995 5788 1101 5846 Sed
1133 5791 1276 5847 dicet
1307 5791 1538 5862 aliquis:
1574 5795 1670 5851 llic
1701 5812 1882 5852 sermo
1921 5814 2028 5853 non
2059 5797 2262 5852 Lucam
2294 5813 2531 5868 cvange-

711 6359 958 6398 ,ε’-’⁵⁷⁷

2634 1929 2876 2001 Spiritus
2902 1939 3126 1985 sanctus
3156 1930 3325 1986 Paulo
3359 1931 3582 1987 cmlitus
3615 1931 3900 1997 revelavit,
3930 1943 3985 1988 et
4017 1943 4270 2002 postmo-

2630 2022 2760 2076 dum
2833 2037 2932 2092 per
2964 2021 3222 2088 eumdem
3290 2021 3541 2089 Paulum,
3615 2023 3776 2093 quasi
3836 2038 3936 2094 per
3995 2023 4267 2097 organum

2629 2129 2814 2181 suum,
2860 2113 2922 2168 Β.
2975 2113 3137 2172 Lucae
3182 2113 3442 2172 Christus
3490 2116 3748 2172 innotuit.
3810 2116 3950 2173 Hinc
3995 2127 4084 2174 est
4118 2118 4266 2190 quod

2633 2205 2747 2275 ipse
2773 2204 2977 2261 Paulus
3003 2205 3128 2260 ait:
3179 2223 3198 2257 ι
3245 2205 3329 2260 Ad
3365 2208 3810 2279 experimentum
3835 2209 4086 2278 quteritis
4120 2208 4262 2279 ejus,

2629 2296 2723 2367 qui
2763 2297 2817 2352 in
2844 2313 2932 2353 me
2955 2296 3200 2368 loquitur
3217 2297 3473 2370 Christus
3496 2297 3586 2370 (ll
3615 2299 3740 2353 Cor.
3766 2302 3914 2369 χιιι).
3950 2321 3968 2352 ι
4250 2296 4254 2301 ’

2703 2389 2780 2444 De
2800 2389 2942 2445 cmlo
2961 2403 3095 2460 ergo
3116 2386 3371 2444 Christus
3393 2389 3449 2444 in
3472 2389 3703 2444 Paulum
3727 2400 4012 2462 gestorum
4036 2407 4264 2448 suorum

2630 2489 2978 2534 sacramenta
3001 2480 3265 2550 profudit,
3282 2481 3591 2552 eademque
3604 2496 3704 2552 per
3727 2481 3953 2536 Paulum
3969 2482 4021 2537 in
4039 2482 4264 2550 Lucam,

2629 2569 2780 2623 velut
2806 2557 2973 2625 aurea
2998 2569 3178 2626 fistula
3199 2570 3500 2637 mediante,
3519 2570 3836 2635 transfodit,
3858 2582 3916 2626 ut
3946 2572 4074 2628 huic
4103 2572 4268 2629 beato

2630 2647 2765 2716 viro
2799 2673 2909 2715 non
2956 2659 3234 2716 immerito
3286 2675 3593 2739 congruere
3647 2661 3919 2728 videatur,
3975 2664 4122 2733 quod
4171 2680 4270 2734 per

2630 2749 2828 2805 Isaiam
2853 2751 3090 2806 dicitur:
3123 2771 3141 2802 ι
3173 2751 3394 2808 Primus
3417 2753 3485 2807 ad
3511 2750 3646 2807 Sion
3673 2750 3841 2808 dicit:
3871 2753 4012 2810 Ecce
4034 2756 4266 2821 adsum;

2631 2851 2688 2898 et
2738 2838 3086 2898 Hierusalem
3155 2843 3551 2916 evangelistam
3603 2843 3748 2900 dabo
3811 2844 3970 2914 (Ira.
4022 2846 4168 2914 xu).
4246 2867 4266 2899 ι

2631 2932 2868 3003 Ideoque
2924 2949 3033 2989 non
3078 2949 3236 3002 casu,
3273 2936 3368 2990 sed
3425 2933 3667 3006 Spiritus
3712 2939 3892 2993 sancti
3949 2940 4269 3011 magisterio

2631 3022 2836 3080 factum
2885 3035 2989 3089 est,
3015 3034 3076 3082 ut
3118 3027 3316 3083 beatus
3357 3025 3670 3094 Matthzeu‘s,
3718 3030 3811 3099 qui
3844 3046 3874 3084 a
3905 3043 4271 3089 conversante

2633 3115 2717 3170 itr
2736 3125 2884 3170 terra
2939 3118 3173 3173 Domino
3227 3115 3585 3191 Evangelium
3638 3121 3853 3189 didicit,
3905 3124 4269 3197 quadraginta

2554 3193 2598 3255 C
2632 3207 3023 3276 generationes
3087 3210 3469 3264 enumerando
3519 3209 3822 3266 descendat
3886 3193 4260 3284 (ΜαιιΙι.ἰ);

2634 3298 2812 3354 Lucas
2843 3313 2974 3354 vero
3010 3299 3355 3370 septuaginta
3384 3311 3594 3372 septem
3624 3303 4017 3372 cognationum
4060 3308 4271 3378 gradus

2635 3391 3305 3455 ascendendo,describat
3329 3389 3485 3463 (Luc.
3502 3391 3607 3464 ιιι).
3634 3392 3741 3448 Per
3765 3396 4271 3469 quadragenarium

2634 3481 2837 3552 quippe
2888 3498 3184 3538 numerum
3238 3483 3393 3539 labor
3449 3487 3797 3557 exprimitur,
3851 3503 3961 3558 quo
4014 3490 4271 3548 videlicet

2634 3572 2891 3630 Christus
2946 3575 3001 3629 in
3061 3590 3296 3646 corpore
3344 3593 3469 3643 suo,
3516 3579 3662 3648 quod
3711 3590 3797 3634 est
3847 3581 4117 3650 Ecclesia,
4170 3601 4271 3656 per

2635 3668 2851 3722 diversa
2881 3669 3006 3722 vitae
3037 3669 3198 3739 hujus
3227 3680 3473 3740 tempora
3515 3671 3799 3744 fatigatur.
3842 3673 3980 3731 Hinc
4010 3686 4097 3731 est
4119 3680 4269 3749 quod

2635 3759 2849 3832 Moyses
2890 3760 3091 3833 (Exod.
3117 3763 3269 3831 xxiv)
3301 3772 3355 3819 et
3398 3763 3547 3820 Elias
3586 3782 3685 3836 per
3714 3769 4086 3841 quadraginta
4147 3758 4267 3830 dies

2634 3853 3028 3909 continuavere
3074 3853 3345 3926 jejunium
3385 3855 3508 3928 (III
3564 3856 3697 3928 Reg.
3741 3860 3884 3929 xix).
3936 3860 4042 3917 Sed
4071 3872 4125 3918 et
4153 3865 4270 3936 ipse
4351 3847 4355 3855 ’

2634 3943 2902 4002 Dominus
2926 3948 3027 4004 sub
3056 3950 3248 4004 eodem
3274 3949 3442 4021 282
3467 3966 3698 4006 numero
3738 3953 4005 4010 abstFnuit
4023 3972 4052 4011 a
4072 3973 4268 4028 perce-

2634 4037 2820 4108 ptione
2841 4038 3324 4110 ciborumﬂlault.
3341 4044 3438 4113 tv).
3455 4041 3561 4097 Per
3581 4041 3803 4116 Moysen
3828 4045 4014 4116 itaque
4036 4047 4144 4113 lex,
4172 4065 4271 4118 per

2633 4134 2810 4190 Ellam
2835 4137 3145 4206 prophetia.
3174 4152 3272 4208 per
3293 4137 3578 4194 Christum
3605 4155 3737 4195 vero
3760 4140 3895 4197 Novi
3923 4142 4266 4200 Testamenti

2633 4235 2888 4295 patenter
2937 4226 3260 4298 intelligitur
3302 4229 3502 4299 gratia.
3560 4229 3668 4286 Per
3724 4232 4079 4290 atllictionem
4132 4251 4268 4308 ergo

2632 4321 2791 4393 legis,
2844 4323 3168 4392 prophetiae,
3202 4322 3384 4389 simul,
3441 4333 3497 4380 et
3542 4327 3756 4396 gratiae,
3807 4327 3965 4382 labor
4019 4329 4268 4388 inuuitnr

2631 4413 2962 4468 universalis
3008 4413 3290 4482 Ecclesiae,
3343 4429 3442 4486 per
3492 4416 3750 4474 universa
3805 4419 4055 4476 mortalis
4102 4419 4266 4491 hujus

2633 4504 2760 4559 vita:
2807 4503 3006 4559 saecula
3061 4503 3324 4575 fatigatae.
3381 4505 3519 4562 Hinc
3577 4517 3666 4562 est
3728 4509 3875 4580 quod
3939 4511 4034 4565 lilii
4099 4512 4266 4568 Israel

2637 4596 2902 4652 aerumnis
2953 4604 3120 4666 atque
3172 4594 3454 4652 laboribus
3513 4598 3741 4655 diutina:
3799 4603 4266 4673 peregrinationis

2640 4688 2841 4751 attriti,
2875 4697 2999 4758 post
3027 4685 3391 4759 quadraginta
3418 4704 3592 4745 annos
3629 4698 3833 4745 terram
3871 4704 4000 4745 sunt
4025 4695 4265 4762 promis-

2639 4780 2811 4835 sionis
2843 4779 3074 4851 ingressi
3099 4764 3238 4848 idos.
3279 4780 3382 4851 v.),
3415 4781 3543 4848 quia
3578 4782 3832 4838 videlicet
3859 4798 4053 4840 omnes
4074 4785 4262 4853 electi,

2609 4938 2617 4947 κ
2639 4883 2764 4944 post
2790 4888 3072 4928 emensum
3101 4874 3263 4944 hujus
3292 4874 3754 4945 peregrinationis
3781 4891 4102 4946 excursum,
4133 4896 4258 4936 mox

2640 4966 2993 5020 haareditario
3007 4964 3131 5034 jure
3165 4974 3366 5021 terram
3390 4967 3691 5022 viventium
3716 4969 4094 5040 possidebunt.

2714 5054 2819 5113 Per
2861 5073 3153 5114 numerum
3219 5073 3376 5128 ergo,
3427 5075 3591 5129 quem
3663 5061 3956 5118 Matthazus
4017 5065 4264 5132 ordinat,

2641 5149 2916 5218 susceptio
2972 5147 3264 5203 laboriosa:
3308 5150 3661 5206 mortalitatis
3701 5161 3939 5218 nostrae;
3990 5171 4087 5224 per
4111 5154 4266 5210 illum

2638 5256 2792 5305 vero,
2823 5257 2985 5311 quem
3034 5240 3210 5296 Lucas
3258 5242 3465 5312 posuit,
3507 5243 3884 5300 indubitanter
3937 5247 4266 5318 exprimitur

2641 5336 2968 5408 mysterium
2999 5342 3200 5389 nostra:
3227 5335 3642 5405 redemptionis.
3694 5337 3800 5394 Per
3827 5339 3980 5394 illum
4012 5341 4266 5396 similiter

2643 5444 2932 5483 numerum
2954 5429 3250 5484 edoeemnr
3276 5431 3400 5498 quia
3416 5429 3865 5500 Cltristus,juxta
3894 5435 4264 5504 prophetiam,

2643 5530 2868 5588 peccata
2907 5529 3093 5574 nostra
3140 5521 3259 5591 ipse
3288 5523 3529 5592 portavit
3571 5523 3709 5594 (lsa.
3763 5533 3929 5592 un);
3973 5540 4073 5595 per
4099 5527 4262 5582 istum

2643 5629 2776 5668 vero
2841 5625 3245 5684 consequenter
3298 5614 3671 5680 addiscimus,
3729 5617 3898 5688 quia,
3957 5616 4261 5678 secundum

2643 5701 2984 5772 Apeslolum,
3038 5702 3222 5756 omnia
3282 5703 3442 5758 nobis
3488 5704 3692 5760 delicta
3751 5706 3974 5760 donavit
4003 5706 4142 5776 (Col.
4177 5706 4261 5773 ιι).

2645 5797 2766 5867 Ipse
2810 5796 3012 5866 Quippe
3067 5807 3171 5863 eSt,
3230 5799 3415 5868 Agnus
3465 5800 3555 5869 qui
3597 5800 3812 5855 oblatus
3854 5813 3961 5870 est,
3993 5801 4122 5871 quia
4153 5801 4268 5870 ipse
