5450 6396
0 1215 32 1268 εξ
45 1221 58 1260 τ.

40 5141 60 5611 \

2051 387 2158 443 803

2655 395 2715 451 S.
2755 396 2956 452 PETRI
3000 397 3278 458 DAMIAM
3312 401 3462 458 OPP.
3507 403 3687 460 PARS
3717 407 3847 466 SEU
3889 411 4124 472 TOIUS
4155 415 4218 474 η.
4243 448 4308 459 -
4332 417 4721 483 εειιιιοπε.

5237 437 5323 491 8".“

2048 505 2215 560 voluit
2262 504 2392 574 (Ita.
2436 507 2593 578 tut);
2639 507 2755 578 ipse
2789 521 2890 576 est,
2949 512 3041 583 qui
3070 523 3126 569 et
3166 514 3387 570 abstulit
3413 527 3634 587 peccata
3664 527 3711 584 Α
3743 531 3888 590 tem;
3950 527 4104 583 docet
4151 530 4273 597 iste,
4323 548 4482 604 quam
4533 539 4866 609 perdiderat,
4900 558 5060 602 ovem
5111 554 5324 620 scapulis

2048 597 2231 651 mundi
2278 596 2456 666 (Joau.
2506 599 2564 668 ι).
2627 598 3086 671 Septuagenarius
3130 609 3329 679 quippe
3372 611 3638 679 septimus

3743 617 4047 688 impositam
4094 623 4161 675 ad
4211 624 4352 680 ovile
4401 630 4678 698 pr0prium
4727 647 5077 694 revocantem
5121 617 5320 708 (uitta.

2047 703 2322 750 numerus,
2351 703 2512 758 quem
2545 689 2718 746 Lucas
2737 695 2939 762 posuit,
2963 697 3338 783 {emissionem
3367 701 3638 766 signiﬁcat
3740 723 3873 762 xvut
3899 727 3914 773 ;
3959 708 4087 764 Luc.
4144 715 4254 782 xv).
4292 689 4656 788 Ille-perhibet
4685 689 5040 786 descendisse
5066 689 5321 790 medicum

2043 789 2419 848 peccatorum,
2454 781 2595 835 sicut
2628 781 2743 851 ipse
2791 781 3050 840 Domitius
3082 787 3276 851 innuit,
3321 803 3444 843 cum
3474 789 3634 845 Petro
3737 799 3804 852 ad
3847 811 4112 870 :egrotos;
4165 803 4366 862 fatetur
4414 810 4516 866 iste

2043 870 2302 937 quaerenti
2343 871 2555 938 quoties
2592 883 2777 927 essent
2839 875 3158 930 dimittenda
3191 875 3345 931 fratri
3387 891 3630 948 peccata,

2040 959 2348 1028 respondit:
2398 978 2415 1009 ι
2465 961 2594 1016 Dico
2627 961 2719 1016 tibi
2771 977 2876 1017 non
2923 973 3129 1019 tantum
3160 966 3383 1035 septies,
3413 969 3507 1022 sed
3538 985 3629 1024 us-

2038 1066 2143 1120 que
2167 1034 2480 1123 Iseptuagies
2501 1054 2700 1123 septies
2723 1053 2938 1124 (lauit.
2974 1057 3148 1126 xvm).
3206 1034 3230 1108 »⁷
3271 1056 3380 1112 Nec
3407 1060 3627 1126 mirum,

2036 1144 2080 1198 si
2109 1159 2207 1214 per
2235 1146 2378 1200 hunc
2410 1161 2712 1213 numerum,
2742 1148 2832 1217 qui
2863 1148 2928 1203 ab
2975 1149 3275 1206 undenario
3311 1161 3366 1206 et
3403 1153 3628 1208 denario

2034 1234 2316 1298 nascitur,
2364 1234 2614 1290 humanm
2667 1238 2950 1306 pravitatis
3013 1238 3235 1296 abolitio
3283 1242 3621 1312 designatur.

2035 1322 2372 1378 Undenarius
2402 1326 2598 1394 quippe
2624 1342 2883 1382 numerus
2911 1329 2955 1383 si
2979 1331 3182 1400 septies
3211 1334 3620 1402 multiplicatur,

2027 1410 2271 1479 profecto
2297 1412 2873 1487 sepiuagintaseptem
2900 1434 3110 1474 summa
3141 1424 3461 1493 completur.
3514 1424 3620 1479 Sed

2024 1502 2283 1556 denarius
2333 1504 2424 1572 qui
2479 1505 2755 1574 perfectus
2801 1517 2885 1561 est
2941 1524 3221 1574 numerus,
3293 1512 3618 1584 Decalogum

2024 1589 2714 1659 signat.Peruudenarium
2739 1613 2890 1663 vero,
2917 1602 3006 1669 qui
3032 1601 3174 1656 hunc
3199 1608 3615 1674 transgreditur.

2021 1684 2175 1752 quid,
2200 1685 2301 1740 nisi
2325 1686 2512 1757 legalis
2538 1693 2916 1763 transgressio,
2949 1694 3213 1765 ﬁguratur
3240 1698 3271 1750 Ρ

2091 1772 2224 1828 Cum
2252 1790 2378 1846 ergo
2409 1778 2460 1830 in
2497 1789 2605 1833 tota
2634 1781 2721 1834 illa
2751 1797 2963 1836 summa
2990 1783 3146 1854 legis,
3169 1786 3329 1840 simul
3357 1796 3411 1841 et
3435 1796 3613 1843 trans-

2015 1865 2314 1929 gressionis
2345 1878 2576 1937 uterque
2622 1887 2885 1927 numerus
2913 1877 3431 1944 comprehendatur,
3479 1880 3608 1949 quid
3639 1897 3685 1956 Β

2015 1953 2236 2022 mirum,
2293 1956 2336 2010 si
2381 1973 2478 2027 per
2510 1975 2628 2014 eam
2679 1963 2943 2019 scelerum
2977 1968 3225 2023 remissio
3253 1969 3610 2039 designetur?

2013 2041 2370 2112 Septenarius
2412 2048 2572 2119 plane
2613 2069 2893 2120 numerus,
2925 2059 3015 2125 qui
3040 2073 3203 2129 supra
3237 2062 3521 2118 Dominum
3555 2066 3608 2119 in

2011 2133 2258 2190 columba
2306 2138 2608 2205 descendit,
2651 2159 2851 2202 nostra:
2905 2151 3192 2218 pravitatis
3246 2155 3608 2212 undenarium

2012 2225 2269 2282 abolevit.
2319 2230 2395 2286 De
2424 2247 2532 2302 quo
2559 2236 2764 2292 scilicet
2794 2240 3186 2296 charismatum
3234 2261 3463 2300 numero
3512 2265 3608 2318 per

2010 2314 2207 2373 Isaiam
2266 2321 2501 2377 dicitur:
2550 2343 2570 2375 ι
2616 2325 2941 2398 Requieseet
2992 2349 3155 2402 super
3202 2350 3326 2390 eum
3370 2314 3607 2407 Spiritus

2008 2413 2310 2482 sapientite.
2359 2426 2414 2472 et
2441 2419 2780 2489 intellectus;
2837 2423 3071 2496 Spiritus
3100 2432 3334 2496 consilii,
3365 2443 3418 2486 et
3447 2435 3604 2490 forti-

2007 2502 2239 2568 tudinis;
2293 2505 2526 2576 Spiritus
2570 2513 2830 2575 scientiae.
2868 2526 2923 2570 et
2964 2520 3218 2587 pietatis;
3259 2532 3313 2576 et
3358 2525 3604 2595 implebit

2002 2604 2125 2646 eum
2177 2591 2379 2663 Spiritu
2437 2598 2646 2655 timoris
2684 2602 2895 2660 Domini
2950 2606 3084 2671 (lsa.
3125 2611 3225 2678 xt).
3287 2631 3306 2664 ι
3352 2591 3504 2669 Unde
3539 2616 3599 2672 Β.

2000 2680 2197 2748 Lucas,
2224 2694 2282 2739 ut
2304 2690 2509 2757 expiari
2534 2706 2634 2746 nos
2657 2708 2685 2745 a
2722 2697 2927 2750 nostris
2954 2699 3253 2756 sceleribus
3280 2719 3376 2771 per
3403 2706 3602 2761 adven-

2002 2780 2114 2824 tum
2167 2777 2339 2830 nostri
2385 2776 2685 2836 Salvatoris
2713 2787 2988 2851 ostendat,
3026 2806 3136 2845 non
3177 2791 3246 2846 ab
3274 2796 3600 2866 evangelica

1995 2867 2325 2922 narrationis
2349 2873 2596 2938 exordio,
2618 2877 2710 2930 sed
2734 2893 2762 2930 a
2788 2877 3056 2950 baptismo
3087 2884 3372 2954 duntaxat,
3394 2888 3598 2946 Christi

1993 2959 2336 3026 cognationis
2364 2963 2610 3018 ordinem
2660 2967 2896 3025 inchoat.
2953 2972 3105 3040 Quod
3154 2980 3321 3033 etiam
3367 2982 3422 3036 in
3457 2983 3597 3038 libro

1989 3046 2266 3103 Geneseos
2288 3053 2568 3108 evidenter
2595 3059 2922 3127 ostenditur,
2949 3065 3035 3118 tibi
3060 3065 3297 3124 Lamech
3327 3055 3592 3130 uxoribus

1995 3138 2110 3190 suis
2149 3138 2351 3195 dixisse
2381 3154 2669 3200 narratur:
2712 3169 2729 3200 t
2772 3151 3085 3223 Septuplum
3115 3157 3248 3214 ultio
3279 3162 3494 3217 dabitur
3524 3165 3590 3220 de

1987 3224 2142 3291 Cain,
2165 3230 2230 3282 de
2253 3229 2485 3287 Lamech
2521 3251 2646 3291 vero
2673 3244 2976 3312 septuagies
3005 3249 3202 3316 septies
3235 3250 3387 3320 (Gen.
3423 3260 3518 3325 tv).

1991 3313 2138 3370 Ultio
2178 3321 2374 3389 quippe
2410 3325 2476 3378 de
2525 3323 2756 3382 Lamech
2807 3313 3112 3404 septuagies
3155 3313 3357 3410 septies
3408 3313 3580 3402 danda

1986 3407 2207 3472 dicitur,
2245 3413 2368 3478 quia
2415 3418 2758 3486 septuaginta
2795 3433 2999 3492 septem
3032 3407 3279 3485 homines
3304 3434 3370 3488 de
3405 3436 3578 3492 femo-

1986 3495 2137 3551 ribus
2155 3497 2270 3565 ejus
2290 3503 2646 3570 perhibentur
2665 3513 2893 3577 egressi,
2909 3527 2994 3578 ac,
3020 3522 3360 3584 postmodum
3379 3523 3581 3583 diluvio

1981 3595 2226 3651 voraute,
2255 3589 2567 3648 referuntur
2595 3597 2853 3668 absorpti.
2892 3605 2998 3657 Sed
3038 3609 3162 3674 quia
3188 3609 3423 3667 Lamech
3458 3633 3580 3684 per-

1982 3677 2214 3742 cutiens,
2262 3681 2374 3735 sive
2400 3698 2689 3752 percussus
2724 3693 3067 3761 exprimitur,
3112 3700 3240 3770 quid
3277 3717 3377 3771 per
3407 3706 3572 3769 hunc,

1978 3768 2083 3823 nisi
2133 3771 2340 3848 primus
2387 3780 2856 3857 parens.humani
2903 3768 3438 3862 generis'llguratnr,
3475 3801 3567 3868 qui

1975 3858 2235 3915 nimirum
2266 3867 2471 3931 peccati
2511 3867 2700 3934 telum,
2747 3887 2854 3942 quo
2891 3879 3100 3944 primus
3139 3858 3252 3950 ipse
3282 3858 3573 3952 percussus

1976 3948 2204 4017 interiit,
2260 3956 2512 4012 universo
2539 3973 2754 4029 quoque
2781 3967 2966 4033 generi
3000 3984 3338 4030 successum
3386 3991 3571 4046 poste-

1974 4040 2153 4095 ritatis
2208 4041 2460 4100 inﬂixit?
2510 4048 2585 4103 De
2637 4051 2739 4107 hoc
2784 4067 2917 4125 ergo
2973 4057 3208 4116 Latnech
3262 4040 3505 4125 septuagi

1965 4399 2233 4466 siquidem
2271 4416 2552 4471 peccatum
2599 4411 2858 4479 originale
2906 4399 3224 4485 pennatis“,
3260 4429 3400 4493 quod
3452 4431 3563 4499 ipse

1965 4505 2060 4558 per
2088 4491 2341 4562 baptismi
2393 4497 2474 4551 sui
2529 4500 2694 4569 (unde
2740 4503 2916 4561 Lucas
2962 4509 3170 4582 incipit)
3218 4491 3556 4576 sacramenta

1961 4580 2178 4635 delevit.
2236 4583 2335 4638 Ubi
2369 4587 2616 4645 videlicet
2643 4592 2708 4646 de
2736 4594 2825 4648 illo
2849 4598 3078 4654 dicitur:
3135 4580 3157 4654 t
3206 4604 3348 4663 Ecce
3375 4612 3560 4680 Agnus
3591 4595 3639 4654 ί)
3664 4580 3808 4675 enim
3864 4638 4048 4680 uoster
4094 4641 4150 4684 et

1960 4668 2078 4735 Dei,
2116 4673 2208 4740 qui
2234 4674 2370 4728 tollit
2392 4690 2608 4745 peccata
2641 4686 2822 4739 tnuudi
2855 4688 3036 4757 (lacn.
3069 4696 3128 4762 t).
3167 4715 3185 4747 ι

2027 4761 2434 4831 Redemptionts
2494 4784 2624 4852 ergo
2697 4785 2894 4832 nostra;
2974 4787 3258 4841 materiam
3320 4801 3549 4862 uterque

1957 4945 2121 4999 tionis
2173 4957 2386 5017 partem
2429 4951 2530 5006 sibi
2582 4957 2812 5027 quisque
2863 4977 3156 5032 congruam
3219 4987 3442 5030 sumunt
3491 4991 3548 5034 ut

1953 5034 2243 5094 Mattheus
2287 5056 2384 5110 per
2437 5049 2844 5114 generationum
2902 5050 3100 5112 lineam
3150 5062 3543 5135 descendendo,

1951 5127 2229 5185 Christum
2257 5133 2326 5187 ad
2358 5149 2455 5189 nos
2478 5151 2795 5204 peccatores
2819 5146 2885 5201 de
2918 5150 3073 5205 ccelis
3100 5154 3386 5212 advenisse
3425 5175 3544 5228 per-

1950 5218 2173 5286 hibeat;
2227 5221 2404 5279 Lucas
2434 5238 2610 5284 autem
2651 5247 2679 5285 a
2731 5250 3072 5297 sacramento
3111 5245 3455 5315 baptismatis
3478 5255 3544 5308 ad

1946 5319 2158 5379 patrem
2207 5329 2376 5383 usque
2413 5325 2799 5394 conscendens,
2831 5332 3061 5390 traxisse
3108 5351 3208 5392 nos
3258 5355 3441 5396 secum
3475 5347 3541 5401 ad

1945 5400 2226 5457 celestem
2293 5404 2516 5475 gloriam
2581 5425 2929 5482 peccatorum
3001 5427 3251 5484 sordibus
3322 5433 3538 5490 ablutos

1942 5493 2214 5548 ostendat.
2264 5495 2355 5552 lile
2394 5499 2660 5570 siquidem
2711 5511 2904 5563 astruit
2927 5510 3200 5570 Christum
3233 5520 3299 5572 ad
3331 5530 3533 5579 terram

1944 5582 2370 5641 misericorditer
2399 5589 2854 5663 descendentem;
2913 5604 3015 5658 iste
3044 5605 3248 5663 fatetur
3275 5628 3397 5666 eum
3438 5632 3536 5672 nos

1942 5668 2009 5720 ad
2062 5673 2301 5728 caelestia
2357 5680 2748 5740 sublevantem.
2813 5691 3062 5750 Ostendit
3115 5699 3202 5753 ille
3254 5715 3530 5772 pastorem

1941 5765 2426 5834 nonagintanovem
2463 5789 2594 5831 oves
2621 5776 2674 5833 in
2719 5780 2945 5839 desertis
2978 5792 3198 5858 pascuis
3224 5795 3528 5868 relinquen-

4563 813 4632 868 ad
4680 816 5072 878 incolumitatis
5121 834 5322 883 aeterna

3735 890 3926 957 gaudia
3979 907 4163 947 secum
4211 911 4311 951 nos
4353 899 4634 958 reduxisse
4681 919 4928 965 sanatos.
4958 912 5215 970 Ostendit
5246 919 5321 973 illo

3734 979 3903 1034 solum
3937 980 4280 1054 Unigenitum
4325 1004 4355 1042 a
4407 991 4567 1049 Patre
4605 997 4673 1051 ad
4706 1016 4804 1055 nos
4836 1005 5063 1059 missum
5101 1026 5117 1070 ;
5176 1014 5320 1065 docet

3731 1070 3834 1126 iste
3862 1077 4117 1142 quoniam
4169 1084 4235 1134 ad
4297 1083 4578 1142 cmlestetn
4635 1094 4868 1159 patriam
4919 1098 5316 1157 multitudinem

3732 1165 4004 1219 transtulit
4030 1169 4348 1227 electorum.

3797 1253 3968 1310 Porro
4012 1264 4292 1333 utriusque
4332 1270 4680 1340 evangelista
4720 1275 5078 1336 intentionem
5128 1301 5231 1338 una
5258 1285 5313 1340 Β.

3726 1343 4016 1412 Apostolus
4058 1356 4324 1408 sententia
4373 1363 4813 1430 comprehendit,
4845 1369 5082 1425 dicens:
5123 1393 5141 1424 ε
5183 1375 5315 1429 Misit

3727 1435 3867 1490 Deus
3908 1438 4100 1495 Filium
4147 1458 4304 1499 suum
4339 1448 4390 1501 in
4416 1450 4822 1511 similitudinem
4870 1462 5058 1516 carnis
5087 1467 5310 1532 peccati.

3724 1538 3783 1580 ut
3812 1530 3879 1583 de
3903 1542 4125 1601 peccato
4168 1534 4457 1594 damnaret
4511 1557 4793 1611 peccatum
4839 1550 4890 1602 in
4943 1530 5113 1607 carne
5142 1554 5308 1622 (Rom.

3721 1619 3862 1686 vtu).
3904 1638 3922 1670 ι
3977 1621 4108 1680 Nam
4148 1640 4272 1680 cum
4311 1630 4471 1684 dicit:
4512 1651 4530 1684 ι
4569 1634 4712 1691 Μὶεἰι
4762 1639 4902 1706 Deus
4932 1641 5128 1699 Filium
5151 1619 5306 1700 suum

3720 1709 3772 1764 in
3803 1713 4212 1773 similitudinem
4245 1725 4428 1779 carnis
4479 1732 4724 1796 peccati;
4776 1751 4795 1784 ι
4841 1737 5078 1791 ostendit
5127 1754 5307 1794 susce-

3717 1801 3957 1866 ptionem
3992 1810 4336 1866 mortalitatis
4361 1824 4580 1882 nostra,
4614 1835 4774 1888 quam
4804 1821 5088 1881 Mattheus
5131 1842 5310 1898 aperte

3715 1891 3980 1956 declarat,
4039 1911 4161 1950 cum
4215 1901 4280 1952 ad
4323 1902 4597 1962 Abraham
4643 1912 5042 1977 descendendo,
5076 1891 5304 1984 quadra-

3715 1984 3858 2052 ginta
3892 1991 4269 2055 generationes
4296 2009 4602 2053 enumerat.
4632 2000 4766 2055 Cum
4820 2018 4950 2058 vero
4978 2009 5260 2080 subjuugit
5291 2025 5306 2064 :

3719 2092 3737 2124 ι
3777 2075 3841 2128 Et
3895 2079 3961 2131 de
4016 2094 4241 2148 peccato
4289 2086 4566 2145 damnavit
4617 2104 4896 2161 peccatum
4955 2099 5010 2152 in
5283 2123 5302 2157 ι

3713 2167 4064 2224 abolitionem
4113 2175 4363 2242 perhibet
4399 2191 4766 2249 peccatorum,
4809 2203 4970 2256 quam
5004 2189 5184 2250 Lines
5229 2194 5308 2248 in-

3711 2257 4023 2314 dubitanter
4045 2267 4319 2332 exprimit,
4343 2284 4465 2323 cum
4495 2277 4834 2344 septuaginta
4861 2290 5072 2350 septem
5105 2299 5307 2355 cogna-

3710 2350 3913 2403 tionum
3962 2352 4158 2408 lineam
4203 2359 4352 2412 texit.
4385 2359 4557 2427 Quam
4584 2365 4831 2423 videlicet
4864 2381 5156 2443 utramque
5181 2350 5305 2432 aeu-

3709 2442 3933 2495 tentiam
3968 2445 4107 2500 idem
4141 2446 4338 2506 Paulus
4369 2469 4477 2508 uno
4524 2456 4652 2511 alibi
4685 2460 4951 2517 versiculo
4981 2468 5302 2536 complexus

3703 2542 3814 2593 est,
3849 2535 4073 2591 dicens:
4122 2557 4140 2590 ι
4186 2540 4344 2598 Jesus
4390 2546 4639 2628 Christus
4689 2553 4919 2609 traditus
4960 2567 5045 2611 est
5080 2535 5303 2630 propter

3703 2620 3901 2677 delicta
3930 2637 4136 2692 nostra,
4184 2640 4238 2684 et
4279 2619 4577 2692 resurrexit
4617 2653 4836 2710 propter
4850 2619 5298 2714 justiticatiouem

3701 2723 3944 2769 nostram
3998 2717 4172 2786 (Rom.
4207 2724 4303 2794 tv).
4342 2743 4362 2777 ι
4399 2726 4688 2784 Descendit
4732 2734 4876 2788 enim
4931 2737 5188 2797 Christus
5247 2755 5301 2798 ut

3701 2817 3801 2857 nos
3827 2819 3855 2857 a
3902 2809 4141 2875 peccatis
4179 2816 4444 2883 eriperet:
4477 2821 4716 2876 surrexit
4762 2834 4939 2880 autem
4973 2835 5032 2883 ut
5061 2834 5298 2891 undere

3692 2892 3919 2962 justitite
3945 2898 4144 2954 nitidos
4172 2904 4473 2961 exhiberet.

3769 2985 3902 3050 Quae
3933 2989 4192 3046 nimirum
4225 2997 4506 3067 utriusque
4536 2998 4681 3058 beati
4703 3008 5049 3077 evangelista
5073 3013 5296 3071 diversi-

3697 3085 3779 3129 tas
3801 3081 3966 3133 etiam
3991 3082 4043 3135 in
4069 3083 4169 3140 hoc
4193 3089 4476 3146 evidenter
4503 3099 4825 3164 ostenditur,
4857 3105 4980 3170 quia
5007 3105 5294 3166 Mattheus

3691 3182 3788 3236 per
3818 3169 4189 3240 Salomonem,
4237 3178 4290 3233 in
4336 3183 4491 3250 cujus
4521 3198 4694 3243 matre
4737 3169 4904 3248 David
4934 3210 5034 3263 per
5080 3200 5290 3255 adulte-

3559 3275 3577 3307 ι
3613 3259 3656 3321 C
3691 3262 3830 3314 rium
3861 3268 4088 3332 corruit,
4124 3267 4417 3328 Dominicte
4445 3281 4814 3345 generationis
4839 3284 5034 3339 lineam
5065 3291 5290 3346 descen-

3686 3351 3861 3407 dendo
3891 3358 4178 3425 producit;
4237 3360 4412 3418 Lucas
4437 3377 4617 3423 autem
4644 3387 4743 3440 per
4771 3373 4980 3430 Nathan
5013 3385 5285 3446 ascendit,

3684 3460 3783 3513 per
3811 3448 3963 3516 cujus
3992 3452 4243 3507 videlicet
4263 3457 4600 3538 :equivoeum
4628 3465 4946 3534 prophetam
4980 3470 5084 3526 hoc
5109 3474 5284 3541 ipsum

3682 3533 3923 3602 ejusdem
3955 3540 4124 3595 David
4158 3535 4460 3612 peccatum
4487 3533 4748 3608 Dominus
4790 3557 5049 3624 expiavit,
5097 3533 5153 3616 et
5209 3567 5285 3617 sic

3681 3630 3835 3696 quasi
3887 3630 4096 3699 lapsum
4145 3637 4437 3694 miseratus
4491 3645 4687 3698 erexit.
4742 3645 4832 3701 llle
4881 3648 5066 3720 itaque
5122 3654 5284 3709 docet

3681 3717 3774 3771 Dei
3810 3719 4011 3776 Filium
4051 3724 4117 3777 ad
4159 3741 4258 3780 nos
4287 3728 4570 3786 humiliter
4600 3734 4921 3793 inclinatum
4951 3717 5114 3802 ;'iste
5151 3760 5272 3812 pro-

3676 3811 3890 3862 nuntiat
3924 3813 4210 3870 nobiscum
4236 3820 4394 3873 simul
4423 3838 4546 3876 cum
4581 3825 4892 3896 triumphali
4917 3831 5086 3899 gloria
5121 3811 5277 3889 coeli-

3677 3905 3763 3950 tus
3792 3901 4108 3956 exaltatum.
4139 3905 4423 3963 Descendit
4452 3914 4596 3967 enim
4636 3915 4886 3973 Christus
4914 3922 4981 3973 ad
5004 3922 5280 3994 jaeeutcs,

3676 3997 3849 4042 uteos
3878 4005 4062 4044 secum
4105 3999 4364 4062 provehat
4389 3999 4441 4054 iu
4485 4012 4629 4057 astra
4676 4008 4926 4065 victores.
4962 4012 5115 4070 Unde
5163 4036 5275 4073 non

3737 4437 3849 4494 lloc
3892 4445 4052 4511 igitur
4101 4449 4152 4504 in
4205 4455 4426 4522 pr0prio
4460 4459 4678 4516 nomine
4707 4467 4940 4533 pratulit
4969 4474 5115 4539 qqu
5148 4476 5269 4545 ipse

3665 4535 4010 4594 postmodum
4071 4538 4136 4590 de
4196 4541 4481 4600 Salvatore
4531 4553 4871 4624 conocripsit.
4928 4535 5266 4635 Redemptor

4197 4633 4306 4702 ipse
4365 4640 4432 4691 de
4487 4653 4661 4696 morte
4697 4649 4954 4714 surrexit,
4981 4662 5035 4704 et
5065 4633 5165 4709 nos
5193 4660 5262 4712 al

3660 4714 3900 4768 ctelestia
3943 4720 4185 4777 viventes
4235 4726 4302 4779 de
4345 4732 4576 4785 mortuis
4605 4734 4852 4791 elevavit.
4895 4739 5050 4797 Unde
5074 4754 5128 4797 et
5163 4761 5263 4814 per

3657 4805 3969 4871 Apostolum
3993 4811 4190 4868 dicitur
4219 4815 4243 4868 ἳ
4268 4834 4284 4867 ι
4320 4817 4421 4885 Qui
4463 4837 4559 4875 nos
4586 4830 5057 4897 conresuseitavit,
5087 4835 5260 4910 38‘

3653 4902 3707 4945 et
3736 4900 4031 4954 consedere
4059 4901 4182 4958 fecit
4212 4920 4397 4961 secum
4437 4910 4488 4964 in
4513 4913 4824 4971 calentibus
4852 4917 5068 4987 (Ephes.
5091 4900 5194 4992 ﬁ)?
5221 4900 5249 4978 ἶ

3656 4980 3774 5050 Ipse
3830 4988 4010 5056 itaque
4064 4993 4437 5063 principaliter
4475 5014 4824 5074 consurgens.
4862 4980 4990 5063 “sive
5029 4980 5254 5070 elevans

3653 5071 3874 5140 dicitur,
3910 5082 4164 5147 quoniam
4190 5086 4255 5138 ad
4287 5087 4389 5142 hoc
4433 5091 4499 5144 de
4545 5071 4719 5149 morte
4752 5099 5013 5166 surrexit,
5059 5111 5117 5156 ut
5151 5120 5252 5161 nos

3655 5163 3708 5217 in
3760 5179 3932 5222 morte
3975 5182 4273 5238 prostratos
4323 5179 4597 5250 erigeret:
4651 5186 4721 5242 ad
4766 5188 4866 5243 hoc
4913 5163 5163 5249 ascendit
5193 5199 5246 5252 iu

3651 5257 3870 5320 emtum,
3909 5270 3968 5315 ut
4011 5277 4193 5318 secum
4226 5283 4325 5322 nos
4351 5271 4418 5325 ad
4447 5273 4689 5330 celestis
4728 5278 5052 5337 sublevaret.
5087 5287 5246 5353 Quod

3651 5349 3812 5416 igitur
3855 5351 3916 5407 Β.
3954 5353 4128 5412 Lucas
4151 5360 4215 5414 de
4239 5360 4458 5418 Christo
4484 5368 4772 5424 scribendo
4797 5374 5090 5439 perhibuit,
5113 5349 5242 5433 ’δοε-

3647 5443 3802 5509 quasi
3846 5447 4156 5514 prophetice
4185 5454 4405 5521 proprio
4433 5458 4652 5513 nomine
4690 5461 5009 5534 designavit.
5039 5469 5106 5522 Et
5137 5472 5240 5526 hoc

3647 5545 3898 5601 magnum
3926 5550 4073 5592 certe
4098 5544 4436 5610 mysterium,
4462 5548 4604 5616 quod
4629 5548 4689 5603 Β.
4715 5550 4889 5608 Lucas
4910 5571 4939 5607 a
4966 5555 5238 5624 baptismo

3647 5619 3941 5704 Saltatnris
3987 5630 4192 5699 incipit,
4226 5644 4280 5686 ct
4307 5651 4476 5704 usque
4516 5639 4582 5692 ad
4625 5641 4790 5696 Deum
4823 5619 5233 5717 Patrem'gene-

4097 5697 4107 5699 _
4390 5697 4402 5704 _
4872 5697 4886 5698 κ
4963 5697 5029 5700 κη
5066 5697 5202 5717 σθ---

3643 5697 3909 5768 rationum
3943 5718 4137 5772 lineam
4170 5727 4509 5781 ascendendo
4533 5731 4796 5797 producit.
4827 5732 4929 5788 Per
4955 5734 5229 5794 lavacrum

3640 5805 3836 5874 quippe
3871 5811 4007 5865 sacri
4045 5811 4386 5881 baptismatis
4411 5832 4437 5871 a
4464 5822 4703 5889 pet-catis
4733 5824 5024 5892 abluimur,
5076 5839 5128 5883 et
5151 5831 5226 5884 sic
