5450 6400
794 398 922 458 805

2330 382 2568 444 SERMO
2607 383 2716 439 LIll

4064 385 4171 443 806

793 512 929 569 Deo
964 509 1121 565 Patri
1160 524 1259 581 per
1290 504 1642 563 Hediatorem
1692 503 1788 562 Dei
1819 512 1875 561 et
1924 502 2207 560 hominum
2234 516 2433 558 recon-
2463 506 2516 565 Α
2541 480 2647 553 εει
2675 496 2821 552 enim
2864 495 3011 569 (Isa;
3038 495 3212 567 xxix).
3251 515 3270 549 ι
3308 494 3443 564 Quis
3470 495 3618 551 enim
3648 504 3734 552 est
3782 494 3923 553 liber
3964 496 4057 555 ille
4088 500 4166 556 si-

796 601 1102 658 ciliamur.
1150 598 1211 654 In
1238 597 1515 669 baptismo
1542 595 1731 665 itaque
1754 602 2065 651 estnostra:
2090 593 2439 650 ascensionis

798 692 1068 756 initium,
1094 700 1151 747 et
1190 690 1271 746 sic
1298 691 1367 743 ad
1395 688 1565 743 Deum
1591 701 1624 742 a
1656 686 1967 743 viventibus
1994 685 2314 758 pervenitur
2337 698 2439 754 per

795 785 949 842 boni
982 784 1170 853 operis
1200 782 1621 838 incrementum.
1687 827 1691 831 .

881 873 1007 931 Nec
1050 872 1490 945 praetereundum
1530 873 1659 943 quia
1692 886 1818 927 cum
1862 869 2201 941 Redemptor
2246 878 2438 926 noster

802 980 989 1024 verus
1023 970 1212 1038 utique
1235 968 1309 1023 sit
1335 984 1427 1023 rex
1466 976 1522 1021 et
1555 968 1837 1033 sacerdos,
1877 967 2020 1024 sicut
2059 968 2120 1023 B.
2149 967 2437 1024 Mattbteus

802 1059 1036 1128 regiam
1065 1056 1185 1127 ejus
1228 1058 1406 1113 texuit
1460 1057 1819 1113 describendo
1862 1058 2221 1129 progeniem;
2278 1059 2360 1115 sic
2404 1074 2437 1115 e

799 1147 1042 1205 diverso
1064 1146 1243 1203 Lucas
1271 1142 1681 1204 sacerdotalem
1702 1148 1910 1205 indicat
1936 1165 2038 1221 per
2062 1164 2281 1205 omnem
2313 1160 2432 1206 tex-

802 1245 934 1295 tum
969 1239 1059 1295 sui
1085 1238 1382 1296 voluminis
1406 1223 1749 1311 dignitatem.
1779 1240 1837 1296 In
1863 1243 2194 1297 sacerdotali
2234 1245 2435 1315 quippe

796 1329 1153 1403 plerumque
1165 1340 1420 1387 versatur
1445 1330 1643 1400 ollicio,
1681 1341 1739 1389 et
1761 1333 1890 1388 dum
1920 1332 2137 1390 diversa
2164 1334 2433 1393 Dominici

798 1426 1001 1497 operis
1031 1436 1182 1496 gesta
1230 1427 1526 1498 percurrit,
1559 1429 1628 1483 ab
1668 1427 1755 1484 his
1788 1437 1971 1484 tamen
1998 1444 2121 1499 qua'
2148 1430 2216 1485 ad
2249 1444 2433 1485 sacer-

801 1516 1027 1571 dotium
1053 1518 1349 1588 pertinent,
1377 1532 1488 1573 non
1518 1517 1744 1573 recedit.
1790 1517 1952 1574 Modo
1980 1520 2127 1574 enim
2159 1521 2430 1576 sacerdoti

802 1607 1128 1679 delegatum
1178 1618 1369 1663 narrat
1393 1607 1652 1676 ofﬁcium,
1702 1611 1864 1667 modo
1897 1611 2239 1682 progeniem,
2270 1613 2432 1669 modo

798 1698 1011 1762 vicem,
1063 1699 1224 1755 modo
1265 1698 1615 1765 sacrificium,
1665 1700 1828 1755 modo
1877 1701 2121 1756 nominat
2144 1700 2428 1772 templum,

800 1796 863 1843 et
902 1804 1031 1843 cum
1063 1788 1293 1859 plurima
1343 1790 1489 1845 intra
1538 1806 1711 1847 sacra:
1755 1791 2000 1848 historia:
2030 1794 2227 1849 seriem
2273 1810 2426 1849 com-

2541 598 2761 661 gnatus,
2788 588 2893 645 nisi
2917 597 3169 648 sanctum
3197 587 3557 660 Evangelium
3584 589 3832 661 mysticis
3871 590 4165 661 ﬁguratum

2538 680 2835 736 sententiis
2866 680 3206 747 obvolutum,
3240 687 3296 735 et
3325 682 3395 734 ab
3423 680 3685 739 humanae
3722 682 3924 737 mentis
3967 682 4165 738 intelli-

2538 773 2723 844 gentia
2751 772 2942 843 procul
2968 788 3174 829 arcana
3194 773 3432 844 quadam
3458 770 3835 843 profunditate
3859 774 4167 830 remotum?

2538 862 2643 919 Hic
2665 864 2912 935 profecto
2937 862 3078 919 liber
3103 863 3193 919 ille
3214 873 3319 930 est,
3346 863 3415 919 de
3436 879 3547 934 quo
3571 863 3815 920 Joannes
3844 864 3918 920 ait
3946 884 3959 920 :
3989 883 4011 919 ί
4041 866 4162 924 Vidi

2540 954 2604 1009 in-
2626 956 2850 1010 dextera
2873 955 3131 1012 sedentis
3152 969 3335 1025 supra
3369 954 3630 1009 thronum
3664 954 3864 1010 librum
3892 956 4160 1027 scriptum

2538 1048 2707 1113 intus,
2736 1060 2791 1103 et
2815 1047 2971 1115 foris,
3005 1050 3286 1119 signatum
3317 1046 3513 1119 sigillis
3540 1056 3753 1118 septem
3786 1048 3973 1120 (Apoc.
4010 1050 4091 1122 v).
4133 1067 4155 1104 ι

2536 1138 2668 1206 Quae
2721 1148 2852 1194 sunt
2898 1149 3085 1199 autem
3132 1138 3310 1211 sigilla
3337 1178 3353 1205 ,
3402 1138 3605 1208 quibus
3640 1138 3782 1195 liber
3808 1140 4163 1211 evangelicus

2535 1233 2861 1305 obsignatus
2888 1232 3111 1300 dicitur,
3145 1232 3251 1288 nisi
3274 1242 3486 1303 septem
3517 1232 3613 1287 illa
3639 1243 4010 1302 sacramenta,
4037 1236 4161 1307 qui-

2534 1322 2640 1380 bus
2666 1326 2855 1396 utique
2892 1335 3042 1381 totus
3081 1326 3219 1387 ordo
3236 1325 3553 1382 «Dominicze
3587 1326 4015 1396 dispensationis
4050 1329 4159 1384 iur-

2534 1415 2757 1487 pietur?
2792 1416 3047 1472 videlicet
3073 1416 3381 1471 incarnatio
3410 1416 3649 1481 Domini,
3682 1418 3977 1483 nativitas,
4026 1434 4159 1489 pas-

2534 1507 2638 1573 sio,
2670 1508 3031 1575 resurrectio,
3059 1509 3125 1564 ad
3156 1508 3326 1565 caelos
3350 1510 3623 1573 ascensio,
3647 1510 3845 1566 deinde
3862 1512 4157 1582 judicium,

2532 1610 2813 1671 postremo
2844 1603 3118 1672 regnum?
3148 1601 3246 1657 His
3274 1603 3461 1672 itaque
3488 1603 3684 1671 sigillis
3708 1603 3849 1659 liber
3881 1606 4158 1679 evangeli-

2534 1706 2634 1747 cus
2661 1692 2735 1749 ita
2763 1694 3015 1763 signatus
3040 1702 3146 1761 est,
3182 1703 3242 1748 ut
3265 1694 3369 1748 nisi
3394 1710 3519 1749 eum
3544 1694 3800 1751 Christus
3824 1697 4154 1765 aperuisset,

2533 1782 2762 1838 cuil.bet
2788 1784 3014 1839 omnino
3047 1795 3239 1854 patere
3271 1799 3380 1839 non
3412 1794 3623 1855 posset.
3668 1771 4156 1859 Unde'subjungi-

799 1879 1139 1948 ρηιιθιιάει,
1170 1880 1475 1936 intentione
1522 1889 1726 1949 tamen,
1778 1897 1884 1951 qua
1915 1893 2180 1953 coeperat,
2234 1900 2424 1955 prose.
2459 1873 2502 1932 Β
2534 1880 2663 1926 tur:
2700 1892 2717 1922 ι
2757 1873 2902 1929 Ecce
2946 1874 3080 1929 vicit
3122 1873 3207 1929 leo
3251 1875 3319 1930 de
3362 1875 3507 1930 tribu
3558 1873 3734 1941 Juda,
3770 1876 3925 1932 radix
3955 1877 4153 1949 David,

801 1972 1015 2041 quendi
1052 1960 1347 2029 sacerdotii
1388 1982 1726 2043 perseverat.
1774 1972 1910 2029 Nam
1947 1975 2067 2046 ipso
2094 1991 2208 2032 sua:
2234 1992 2429 2033 narra-

802 2063 981 2119 tionis
1009 2064 1167 2120 initio
1188 2066 1268 2121 sic
1290 2080 1521 2121 exorsus
1554 2074 1660 2131 est,
1687 2065 1913 2122 dicens:
1952 2086 1971 2119 ι
2006 2067 2131 2123 Fuit
2154 2068 2208 2122 in
2233 2068 2428 2125 diebus

801 2151 1045 2244 Herodi?
1071 2154 1217 2225 regis
1238 2153 1441 2209 Iudaeas
1458 2154 1720 2210 sacerdos
1730 2155 1973 2225 quidam,
1986 2145 2428 2214 n‘omineZacha—

802 2243 940 2308 tias,
984 2246 1052 2299 de
1094 2246 1213 2301 vice
1252 2246 1414 2312 Abia,
1469 2255 1525 2301 et
1550 2262 1688 2302 uxor
1725 2247 1874 2303 illius
1900 2248 1969 2303 de
2000 2248 2214 2304 filiabus
2240 2251 2427 2307 Aaron

804 2336 969 2407 (Luc.
1002 2337 1066 2407 I).
1114 2356 1132 2389 ι
1165 2338 1371 2394 Deinde
1405 2339 1579 2408 ipsum
1614 2326 1955 2395 sacerdotem
1996 2341 2065 2397 ad
2096 2342 2423 2399 adolendum

802 2436 936 2484 ante
966 2428 1162 2510 .altare
1197 2430 1531 2486 sacrificium
1561 2432 1776 2486 statuit.
1817 2432 2173 2488 Postmoduin
2205 2449 2427 2506 quoque

804 2521 874 2576 ad
903 2520 1149 2590 ejusdem
1178 2522 1481 2578 sacerdotis
1508 2523 1731 2578 domum
1769 2523 1997 2579 Mariam
2038 2526 2305 2597 virginem
2338 2529 2423 2583 di-

805 2614 958 2685 rigit.
1015 2613 1144 2669 Tria
1195 2629 1414 2685 quoque
1459 2616 1674 2671 cantica
1730 2616 1784 2670 in
1838 2616 2090 2672 Ecclesia
2151 2620 2424 2675 cantanda

798 2705 1094 2771 describit,
1144 2706 1289 2777 quod
1340 2707 1547 2763 nullum
1578 2708 2041 2780 evangelistarum
2074 2720 2273 2781 praeter
2297 2729 2423 2768 eum

803 2795 1006 2853 fecisse
1038 2798 1358 2867 reperitur:
1406 2814 1574 2854 unum
1616 2800 1827 2855 scilicet
1874 2800 2171 2865 Zachariie,
2226 2818 2426 2858 secun-

804 2889 937 2942 dum
992 2886 1199 2956 Mariae,
1245 2890 1465 2944 tertium
1515 2890 1791 2969 Simeonis
1820 2890 1975 2962 (Luc.
2024 2908 2039 2946 I
2072 2902 2130 2947 et
2165 2893 2247 2963 ti).
2278 2893 2425 2961 Qua-

806 2981 1119 3051 dragesimo
1154 2996 1283 3037 vero
1330 2981 1419 3037 die
1470 2992 1758 3053 postquam
1800 2992 1962 3039 natus
1993 2992 2099 3049 est,
2131 2984 2422 3042 Dominum

805 3085 934 3125 cum
978 3071 1299 3127 umlierihus
1330 3071 1382 3126 in
1435 3073 1636 3141 templo
1682 3082 1871 3128 narrat
1916 3076 2179 3131 oblatum.
2220 3076 2424 3134 Deinde

808 3160 1151 3223 duodcnnem
1193 3163 1246 3216 in
1301 3164 1492 3216 eodem
1551 3163 1752 3233 templo
1802 3165 1945 3221 inter
1986 3168 2241 3223 doctores
2292 3184 2426 3223 con-

808 3252 989 3306 stituit
1022 3252 1369 3308 residentem.
1403 3252 1667 3309 Parentes
1700 3242 1919 3325 quoque
1974 3258 2190 3315 Domini
2236 3270 2424 3315 narrat

807 3357 913 3417 per
933 3344 1175 3413 singulos
1200 3359 1375 3400 annos
1404 3346 1457 3399 in
1486 3345 1833 3401 solemnitate
1860 3349 2107 3418 paschali
2158 3351 2425 3407 orationis

808 3436 985 3505 gratia
1009 3436 1348 3492 Hierusalem
1379 3438 1676 3493 ascendere
1698 3439 1910 3494 solitos.
1940 3441 2226 3498 Postremo
2245 3442 2423 3498 Evan-

808 3527 1007 3597 gelium
1063 3544 1222 3582 suum
1282 3528 1387 3584 hoc
1440 3530 1560 3585 sine
1607 3530 1908 3595 concludit,
1952 3540 2010 3586 ut
2038 3533 2218 3588 dicat:
2256 3551 2277 3585 ι
2314 3533 2422 3606 Ipsi

809 3619 1103 3673 adorantes
1138 3619 1368 3690 regressi
1397 3628 1524 3674 sunt
1556 3620 1609 3675 in
1654 3619 1997 3678 Hierusalem
2045 3638 2169 3679 cum
2221 3625 2423 3695 gaudio

813 3724 1030 3781 magno,
1052 3718 1109 3765 et
1126 3718 1283 3765 erant
1304 3726 1523 3781 semper
1544 3712 1598 3766 in
1624 3712 1827 3782 templo
1842 3713 2151 3773 laudantes.
2175 3724 2233 3770 et
2251 3715 2421 3771 bene-

809 3800 1054 3856 dicentes
1084 3801 1252 3856 Deum
1291 3800 1443 3870 (Luc.
1478 3802 1653 3873 χιιν).
1694 3821 1713 3855 ι

885 3889 1036 3946 Unde
1064 3890 1125 3945 [lt
1168 3900 1227 3945 ut
1259 3890 1318 3945 Β.
1362 3891 1542 3948 Lucas
1575 3892 1727 3947 vituli
1753 3894 1993 3965 speciem
2018 3884 2201 3950 teneat
2229 3935 2245 3961 ,
2281 3894 2424 3953 sicut

812 3994 869 4039 et
916 3982 1163 4039 Ezechiel
1217 3987 1481 4054 propheta
1529 3985 1750 4057 (Ezech.
1796 3987 1840 4058 t)
1870 3994 1922 4042 et
1971 3987 2213 4043 Joannes
2242 3989 2422 4043 Evan-

813 4076 1003 4148 gelista
1054 4078 1241 4147 (Apoc.
1285 4078 1387 4149 tv)
1430 4092 1491 4134 se
1524 4079 1733 4134 vidisse
1776 4081 2156 4148 pronuntiant.
2207 4078 2421 4138 Vitulus

815 4169 1077 4240 siquidem
1111 4170 1166 4224 in
1206 4170 1407 4240 templo
1436 4170 1648 4226 solebat
1674 4172 1883 4227 olferri.
1932 4171 2003 4227 Et
2026 4172 2167 4227 bene
2198 4171 2417 4241 vitulus,

817 4259 944 4329 quia
987 4274 1155 4315 sacrae
1198 4259 1397 4331 linguae
1446 4276 1667 4316 vomere
1695 4263 1877 4318 cordis
1919 4263 2095 4317 nostri
2125 4278 2256 4318 arva
2288 4279 2419 4334 pro-

819 4350 1008 4417 sulcat,
1047 4353 1564 4424 eaque-evangelici
1613 4354 1842 4409 seminis
1866 4355 2017 4425 jactu
2064 4355 2217 4412 vitali
2263 4355 2421 4427 fruge

819 4442 1088 4500 fecundat.
1116 4444 1213 4502 Vel
1244 4454 1394 4500 certe
1426 4445 1630 4502 idcirco
1662 4445 1725 4501 Β.
1751 4446 1929 4505 Lucas
1954 4448 2104 4503 vituli
2130 4450 2422 4519 praetendit

820 4533 1125 4606 imaginem,
1157 4536 1284 4606 quia
1314 4538 1441 4592 dum
1465 4537 1838 4608 evangelicam
1869 4548 2034 4610 atque
2058 4542 2415 4611 apostolicam

822 4625 1074 4689 describit
1098 4626 1405 4693 historiam,
1435 4626 1621 4684 hostes
1645 4628 1850 4685 Christi
1882 4641 2048 4701 atque
2074 4632 2418 4689 adversarios

818 4732 959 4773 verae
973 4718 1118 4784 fidei,
1143 4727 1401 4789 tauquam
1418 4719 1628 4776 duobus
1648 4721 1909 4777 cornibus
1922 4723 2173 4790 ventilat,
2191 4738 2415 4795 eosque,

820 4824 891 4864 ne
936 4822 1113 4864 aream
1140 4809 1425 4865 catholicae
1478 4810 1739 4866 Ecclesiae
1774 4813 2192 4883 depopulentur,
2248 4830 2421 4888 expu-

823 4910 964 4971 gnat.
1010 4901 1106 4957 His
1153 4901 1339 4972 itaque
1376 4902 1637 4957 cornibus
1683 4904 2067 4972 praemunitur,
2119 4905 2318 4976 quibus
2367 4917 2422 4963 et

827 4989 1024 5046 Iudaeos
1047 4990 1206 5046 feriat
1233 5006 1341 5047 non
1370 4993 1679 5060 credentes,
1732 5003 1788 5049 et
1826 4994 2115 5051 haereticos
2141 4996 2271 5052 hinc
2295 4998 2423 5058 inde

821 5084 1094 5140 concludat
1121 5100 1153 5153 a
1178 5084 1363 5155 regula
1390 5100 1534 5141 vera:
1554 5084 1679 5141 fidei
1701 5085 2063 5142 declinantes.

890 5163 1046 5246 285
1083 5172 1320 5247 Scripsit
1350 5174 1537 5245 itaque
1563 5175 1627 5229 Β.
1654 5174 1832 5233 Lucas
1861 5178 2233 5248 apostolorum
2259 5178 2415 5236 labo-

826 5280 927 5331 res,
954 5274 1005 5321 et
1038 5276 1193 5322 actus
1214 5307 1230 5332 ,
1276 5266 1473 5337 quibus
1510 5276 1567 5321 et
1595 5267 1712 5337 ipse
1739 5266 2112 5324 collaborator
2147 5270 2415 5326 interfuit.

827 5356 1042 5427 Scripsit
1066 5366 1121 5411 et
1143 5356 1495 5430 Evangelium
1518 5398 1534 5425 ,
1563 5358 1709 5430 quod
1739 5361 1895 5430 quasi
1924 5362 2198 5433 signatum
2230 5364 2415 5436 magni

826 5448 1050 5505 thesauri
1077 5450 1288 5518 pondus
1316 5450 1385 5506 de
1408 5448 1547 5505 ctelo
1574 5452 1839 5522 percepit.
1872 5450 1972 5508 Cui
1998 5454 2253 5510 videlicet
2281 5454 2414 5510 illud

826 5538 966 5596 Isaia:
991 5540 1304 5595 vaticinium
1332 5551 1701 5613 congruenter
1735 5550 1991 5615 aptatur,
2030 5560 2141 5615 quo
2171 5546 2411 5602 dicitur:

831 5649 852 5685 ι
884 5630 948 5690 ες.
969 5631 1072 5687 erit
1098 5630 1251 5687 vobis
1280 5632 1422 5689 visio
1463 5633 1732 5699 omnium,
1779 5634 1925 5691 sicut
1972 5636 2137 5692 verba
2182 5636 2305 5693 libri
2336 5638 2415 5693 si-

825 5723 982 5795 gnati,
1013 5736 1175 5793 quem
1203 5737 1327 5777 cum
1369 5720 1622 5777 dederint
1650 5724 1846 5779 scienti
1895 5723 2137 5795 litteras,
2187 5728 2410 5783 dicent:

826 5814 952 5892 Lege
978 5820 1161 5882 κειται,
1190 5823 1245 5871 et
1273 5813 1661 5885 respondebit:
1692 5814 1808 5873 Non
1840 5831 2109 5887 possum:
2138 5818 2410 5891 signatum

2533 1966 2750 2034 aperire
2780 1965 3017 2029 librum,
3068 1975 3125 2022 et
3176 1964 3390 2021 solvere
3438 1975 3648 2037 septem
3700 1968 3985 2039 signacula
4035 1967 4155 2038 ejus

2533 2054 2718 2127 (Apoc.
2752 2058 2831 2129 v).
2866 2076 2885 2109 ι
2919 2057 2978 2113 In
3004 2058 3237 2114 Actibus
3266 2073 3399 2114 vero
3429 2059 3804 2129 apostolorum
3834 2062 3963 2116 dum
3992 2062 4152 2132 quasi

2530 2148 2733 2203 nudam
2758 2157 2951 2202 narrat
2974 2148 3284 2214 historiam,
3308 2150 3716 2218 quodammodo
3742 2152 4023 2208 nascentis
4053 2152 4153 2207 Ec-

2529 2222 2713 2296 clesia:
2743 2250 2991 2297 teneram
3018 2241 3191 2296 lactat
3221 2240 3531 2297 infantiam.

2603 2330 2712 2388 Sed
2739 2332 2783 2387 si
2810 2332 3105 2403 diligenter
3148 2334 3487 2391 attendimus
3515 2335 3643 2406 quia
3674 2335 3921 2392 medicus
3944 2346 4029 2393 est
4060 2337 4151 2394 ille

2529 2426 2622 2498 qui
2653 2426 2868 2492 scribit,
2903 2427 2981 2481 nil
3009 2427 3157 2482 aliud
3185 2428 3241 2483 in
3272 2428 3365 2483 illa
3396 2429 3704 2507 reperimus
3732 2431 3993 2495 historia,
4041 2432 4147 2487 nisi

2529 2520 2802 2573 duntaxat
2843 2518 3155 2574 animarum
3201 2519 3579 2592 languentium
3630 2522 3986 2578 medicinam.
4030 2522 4148 2579 Ha-

2528 2625 2705 2665 mante
2730 2611 2932 2681 quippe
2956 2612 3384 2677 conversationi,
3409 2612 3565 2682 quasi
3596 2615 3892 2682 quamdam
3922 2616 4153 2671 rectitu-

2528 2701 2673 2756 dinis
2704 2702 2903 2757 lineam
2929 2704 3141 2770 tendit,
3176 2711 3232 2758 et
3259 2718 3358 2773 per
3395 2719 3519 2759 eam
3545 2719 3645 2759 nos
3679 2704 3829 2760 velut
3858 2719 3956 2776 per
3984 2706 4149 2762 semi-

2528 2802 2640 2850 tam
2672 2794 2889 2866 dirigit;
2923 2795 3152 2851 utsicut
3202 2795 3539 2867 primitivam
3587 2796 3890 2853 Ecclesiam
3945 2798 4150 2855 vixisse

2525 2886 2938 2956 perpendimus,
2964 2887 3019 2941 in
3048 2897 3317 2957 quantum
3348 2886 3583 2943 facultas
3624 2889 3902 2959 suppetit,
3945 2898 4005 2946 et
4043 2890 4147 2962 ipsi

2529 2974 2714 3029 vivere
2747 2976 3086 3041 studeamus,
3115 2986 3391 3046 quatenus
3420 2976 3613 3032 eadem
3640 2979 3850 3047 puritas
3871 3017 3887 3044 ,
3928 2994 4053 3049 qua:
4080 2980 4149 3036 de

2526 3063 2742 3135 origine
2766 3063 2937 3120 fontis
2966 3074 3219 3132 emanat,
3268 3066 3434 3122 etiam
3475 3081 3577 3137 per
3608 3068 3835 3123 declivia
3868 3068 4149 3125 nihilomi-

2531 3167 2937 3227 uuspostrema
2966 3159 3260 3220 decurrat,
3300 3170 3357 3214 et
3382 3160 3561 3229 qualis
3591 3161 3822 3217 orieudo
3864 3161 4147 3232 progredi-

2452 3223 2496 3285 Ο
2532 3256 2619 3302 tur
2640 3223 2674 3314 ,‘
2708 3248 2832 3304 talis
2864 3251 2918 3304 iu
2953 3250 3061 3305 [ine
3104 3260 3378 3306 servetur.
3400 3223 3585 3307 -Uuus
3614 3262 3702 3307 est
3740 3223 3888 3307 enini
3918 3223 4035 3324 ipse
4080 3254 4148 3308 de

2526 3350 2766 3411 quatuor
2794 3340 3112 3398 fluminibus
3141 3337 3417 3412 paradisi,
3450 3345 3543 3412 qui
3588 3343 3844 3399 videlicet
3888 3344 4148 3401 uberibus

2526 3433 2790 3488 doctrina:
2816 3449 2928 3490 sute
2961 3433 3183 3490 ﬂuentis
3215 3436 3534 3490 universam
3576 3437 4145 3494 mundi-latitudinem

2528 3523 2798 3592 irrigavit.
2826 3524 2905 3578 De
2928 3524 3131 3594 quibus
3162 3524 3422 3580 videlicet
3462 3527 3623 3595 aquis
3652 3541 3750 3594 per
3778 3526 3977 3582 Isaiam
4004 3528 4148 3584 dici—

2528 3624 2616 3669 tur
2642 3631 2654 3667 :
2688 3634 2706 3667 t
2741 3614 2942 3671 Scissa:
2972 3624 3103 3670 sunt
3128 3616 3184 3670 in
3208 3616 3430 3671 deserto
3454 3632 3633 3686 aqum,
3683 3628 3738 3671 et
3782 3628 4059 3675 torrentes
4090 3621 4148 3675 in

2526 3704 2847 3772 solitudine,
2876 3714 2931 3761 et
2961 3721 3084 3775 quae
3114 3719 3234 3761 erat
3256 3708 3414 3763 arida
3450 3708 3503 3761 iu
3531 3718 3824 3777 stagnum,
3867 3720 3925 3764 et
3953 3709 4149 3767 sitiens

2525 3798 2579 3853 in
2608 3798 2789 3854 fontes
2823 3814 3092 3870 aquarum
3124 3799 3261 3872 (Ira.
3288 3801 3478 3872 xxxv).
3518 3819 3539 3854 ι

2600 3890 2967 3946 Recurramus
2997 3893 3202 3961 itaque,
3250 3893 3628 3961 dilectissimi,
3663 3894 3731 3950 ad
3776 3894 4146 3953 innocentiam

2521 3982 2818 4052 primitiva:
2861 3983 3150 4044 Ecclesiae.
3193 3992 3253 4038 ut
3279 3984 3583 4050 discamus,
3615 3996 3671 4040 et
3697 4001 3951 4055 possessa
3983 3987 4148 4042 relin«

2523 4088 2715 4143 quere,
2752 4076 2886 4131 etin
2923 4076 3085 4147 regia:
3121 4077 3462 4146 paupertatis
3489 4077 3846 4149 simplicitate
3881 4080 4145 4150 gaudere.

2524 4162 2641 4219 Non
2674 4166 2726 4219 in
2752 4165 2863 4220 ima
2886 4181 2985 4219 nos
3010 4179 3245 4221 terrena:
3267 4167 3591 4223 substantiae
3615 4170 3828 4239 pondus
3850 4171 4145 4241 deprimat,

2522 4257 2666 4327 quod
2697 4258 2765 4312 ad
2799 4272 3052 4327 supernae
3084 4258 3429 4314 Hierusalem
3478 4260 3710 4329 gloriam
3745 4261 3861 4317 Rex
3904 4263 4148 4319 cmlestis

2521 4348 2735 4403 invitat.
2770 4347 2881 4404 Nos
2920 4364 3028 4404 non
3076 4348 3145 4405 ab
3182 4351 3286 4405 hoc
3333 4360 3542 4408 temere
3582 4353 3821 4417 carnalis
3873 4352 4148 4411 illecebras

2520 4440 2774 4495 retrahat
2798 4440 3133 4496 lenocinium
3155 4482 3170 4505 ,
3198 4441 3401 4511 quibus
3430 4444 3621 4513 utique
3656 4460 3757 4515 per
3786 4446 4148 4515 praecedentis

2521 4534 2694 4587 nostri
2736 4534 3126 4604 Redemptoris
3165 4535 3452 4590 introitum
3501 4532 3654 4606 patet
3697 4539 3821 4594 aula
3854 4539 4142 4595 caelorum.

2520 4622 2658 4678 Nam
2692 4625 2819 4679 dum
2846 4626 3219 4695 generationis
3249 4626 3368 4696 ejus
3386 4630 3522 4683 ordo
3544 4628 3615 4683 ab
3635 4630 3944 4684 humilitate
3967 4631 4149 4701 bapti-

2519 4716 2713 4770 smatis
2756 4717 2827 4770 ad
2875 4716 3095 4771 Patrem
3129 4733 3302 4787 usque
3346 4719 3691 4790 producitur,
3737 4720 3911 4790 liquet
3951 4720 4147 4791 procul

2522 4806 2709 4872 dubio,
2733 4808 2863 4879 quia
2883 4809 3081 4880 patriae
3099 4809 3346 4865 caelestis
3371 4812 3681 4881 ingressum
3705 4826 3765 4866 se
3787 4812 4147 4881 sequentibus

2524 4898 2833 4971 pollicetur,
2863 4908 2920 4954 et
2948 4915 3058 4970 quo
3084 4901 3239 4970 prior
3264 4901 3534 4962 introivit.
3562 4902 3665 4956 sibi
3696 4902 4147 4958 ministrantibus

2524 4992 2671 5047 viam
2702 4994 2921 5049 stravit.
2955 5011 2974 5045 ι
3012 4992 3171 5059 Volo,
3202 4993 3381 5063 inquit
3414 4994 3610 5059 Pater,
3647 5003 3707 5049 ut
3740 4996 3832 5050 ubi
3864 5011 3965 5067 ego
3999 5012 4144 5061 sum,

2432 5094 2437 5099 ‘
2525 5082 2642 5139 illic
2671 5085 2744 5139 sit
2770 5092 2826 5139 et
2854 5083 3108 5139 minister
3132 5099 3288 5140 meus
3318 5085 3504 5155 (Joan.
3543 5088 3680 5158 xu);
3721 5106 3740 5139 ι
3785 5096 3847 5142 ut
3882 5088 4145 5165 nimirum

2526 5175 2595 5229 ad
2616 5184 2783 5244 caput
2806 5189 2867 5230 se
2889 5176 3138 5230 membra
3164 5175 3447 5247 colligant,
3472 5186 3529 5232 et
3557 5179 3725 5248 (sicut
3751 5180 3948 5235 eodem
3977 5196 4145 5249 spon-

2525 5268 2688 5323 dente
2718 5268 3080 5338 promittitur)
3114 5269 3206 5324 ubi
3234 5269 3404 5325 fuerit
3443 5284 3646 5342 corpus
3686 5276 3747 5327 et
3783 5273 3984 5344 aquila:
4018 5289 4147 5329 cun-

2522 5368 2819 5429 gregentur
2846 5358 3067 5430 (Matth.
3102 5360 3256 5432 ntv)

2593 5448 2764 5521 286
2806 5466 2825 5502 ο
2867 5449 3146 5506 Adeamus
3192 5466 3327 5522 ergo
3363 5466 3489 5507 cum
3541 5452 3740 5510 fiducia
3775 5454 3843 5510 ad
3884 5455 4141 5511 thronum

2519 5541 2732 5611 gratia,
2766 5550 2827 5596 ut
2857 5542 3291 5599 misericordiam
3322 5559 3767 5617 consequamur,
3808 5557 3864 5603 et
3906 5548 4144 5619 gratiam

2518 5632 2866 5687 inveniamus
2897 5633 2949 5688 in
2980 5633 3184 5690 auxilio
3218 5644 3529 5705 opportuno
3572 5636 3765 5710 (Hebr.
3797 5638 3898 5709 tv).
3938 5658 3958 5691 ι
4004 5637 4141 5694 Nam

2518 5722 2685 5795 (sicut
2724 5723 2869 5779 idem
2915 5724 3051 5781 dicit
3090 5726 3409 5800 Apostolus)
3446 5729 3612 5784 talem
3641 5730 3908 5785 habemus
3928 5729 4143 5800 pontifi-

2519 5830 2671 5886 cem,
2717 5816 2811 5889 qui
2856 5817 3105 5875 consedit
3139 5817 3194 5876 in
3227 5818 3455 5878 dextera
3480 5821 3630 5881 sedis
3657 5822 4053 5896 magnitudinis
4086 5823 4139 5878 in
