5450 6396
73 1227 164 1274 .....i

82 5133 102 5591 ι

2004 373 2108 432 807
2651 370 2712 423 S.
2755 367 2957 423 PETRI
3006 365 3283 422 DAMIANI
3325 363 3475 419 OPP.
3517 361 3694 416 PARS
3732 362 3860 418 SEU
3905 362 4139 417 TOML'S

3151 366 3283 421 IAM
3325 363 3475 419 OPP.
3517 361 3694 416 PARS
3732 362 3860 418 SEU
3905 362 4139 417 TOML'S
4171 362 4231 417 ΙΙ.
4276 394 4343 403 —-
4371 361 4756 418 δειωοκεε.
5201 360 5299 418 ως

2002 490 2157 543 etclis
2193 485 2377 556 (Hebr.
2416 485 2555 552 vttt),
2591 491 2904 536 sanctorum
2958 482 3205 535 Minister
3229 522 3242 543 ,
3282 489 3334 534 et
3372 481 3481 530 veri
3518 490 3593 530 ta-
3627 484 3668 539 Α
3700 489 3751 530 et
3798 489 4086 546 antequam
4137 479 4380 547 martyrii
4436 481 4652 532 occasio
4702 479 5036 548 pra~beretnr
5063 521 5077 541 ,
5135 484 5300 534 vitam

2005 577 2306 638 bernaCuIi,
2341 576 2482 643 quod
2520 575 2636 626 lixit
2666 575 2829 638 Deus,
2876 584 2931 624 et
2977 586 3082 632 ιιι
3123 574 3302 625 homo.
3337 571 3462 622 illnc
3497 570 3594 620 ita-

2004 686 2110 740 que
2136 681 2192 723 se
2219 668 2328 734 jam
2361 675 2544 719 noster
2567 665 2790 734 spiritus
2813 665 3037 732 dirigat,
3071 663 3193 716 illuc
3223 662 3455 728 diruptis
3486 668 3598 713 ler-

2008 777 2152 816 rena:
2183 758 2635 827 concupiscentia:
2667 756 2899 809 vinculis
2923 763 3216 807 :estuanter
3238 752 3450 805 evolare
3473 767 3601 803 con-

2008 850 2228 912 tendat;
2259 858 2312 903 et
2339 848 2427 900 ubi
2458 857 2620 915 caput
2647 847 2888 900 eminere
2915 844 3252 905 considerat,
3301 859 3357 895 se
3387 857 3601 910 quoque

2004 927 2317 996 secuturum
2349 953 2469 991 esse
2495 937 2753 991 confidat.
2801 937 2874 989 De
2919 947 3030 1004 qn.
3075 934 3325 986 videlicet
3355 934 3554 987 dicitur
3586 950 3597 984 ε

2013 1047 2032 1082 ι
2071 1031 2186 1086 Non
2219 1031 2270 1083 in
2308 1028 2616 1083 manufaeta
2650 1037 2834 1082 sancta
2863 1025 3017 1078 Jesus
3049 1026 3294 1078 introivit
3329 1025 3604 1091 exempla-

2007 1125 2088 1177 ria
2120 1137 2388 1179 verorum.
2423 1121 2514 1173 sed
2544 1121 2595 1172 in
2630 1119 2808 1188 ipsum
2836 1117 3051 1176 eualum,
3082 1125 3140 1168 ut
3165 1124 3426 1185 appareat
3462 1128 3604 1167 nunc

2006 1215 2179 1270 vultui
2213 1214 2304 1269 Dei
2337 1227 2435 1283 pro
2464 1213 2617 1267 nobis
2646 1210 2834 1278 (Hebr.
2866 1211 2964 1280 ts).
2999 1228 3016 1261 ι
3045 1208 3157 1263 lllic
3182 1223 3313 1277 ergo
3343 1207 3603 1262 habemus

2007 1305 2337 1376 pontificem,
2386 1303 2477 1371 qui
2511 1301 2778 1369 justificat
2817 1310 3168 1371 peccatores;
3200 1300 3309 1354 illic
3342 1298 3606 1353 habemus

2007 1405 2063 1453 et
2091 1411 2294 1467 regem,
2322 1396 2413 1464 qui
2441 1404 2669 1450 coronat
2705 1401 2825 1463 post
2854 1394 3137 1449 victoriam
3184 1393 3604 1462 triumphantes.

2006 1488 2100 1556 qui
2132 1485 2386 1540 nimirum
2414 1486 2480 1538 ad
2507 1485 2608 1539 hoc
2637 1484 2888 1553 dignatus
2927 1491 3013 1537 est
3049 1483 3114 1536 de
3144 1484 3373 1536 summis
3407 1482 3472 1534 ad
3502 1483 3607 1534 ima

2008 1590 2193 1635 nostra
2215 1576 2568 1635 descendere.
2607 1586 2666 1629 ut
2696 1590 2797 1630 nos
2824 1590 3010 1630 secum
3038 1576 3106 1629 ab
3136 1574 3336 1628 infimis
3372 1574 3438 1628 ad
3485 1588 3608 1642 pro-

2008 1671 2130 1739 pria
2162 1668 2492 1731 sublevaret,
2521 1666 2677 1721 Jesus
2702 1666 2953 1721 Christus
2985 1667 3489 1744 Dominusyoster,
3517 1664 3607 1734 qui

1993 1737 2132 1815 ‘bum
2167 1759 2280 1814 Deo
2303 1758 2464 1813 Patre
2494 1767 2548 1813 et
2575 1757 2780 1828 Spiritu
2811 1770 3000 1814 saneto
3045 1759 3176 1812 vivit
3220 1737 3276 1812 ει.
3322 1765 3511 1827 regnat
3555 1757 3606 1809 in

2009 1849 2216 1912 Iacob.
2234 1847 2573 1904 seminiorum.
2606 1850 2799 1901 Amen.

2610 1935 2843 1992 SERMO
2881 1935 3012 1991 LIV.

2116 2045 2183 2084 ns
2222 2045 2422 2085 suere
2461 2045 2650 2085 FIDELE
2688 2045 2961 2084 manus.
3016 2028 3210 2097 (xxvttt
3247 2026 3501 2096 ocrosa.)

2087 2123 2518 2198 Nostisnfratres
2537 2123 2843 2177 charissimi
2863 2162 2878 2186 ,
2911 2122 3038 2191 quia
3067 2122 3272 2176 idcirco
3293 2121 3360 2174 ad
3386 2119 3611 2173 audien-

2015 2212 2114 2268 das
2144 2222 2444 2284 martyrum
2471 2212 2676 2268 Christi
2709 2214 2969 2269 victorias
3009 2211 3325 2281 frequenter
3356 2225 3418 2264 es
3453 2209 3612 2262 insti-

2017 2309 2226 2362 tutione
2269 2306 2639 2362 ecclesiastica
2687 2307 3078 2368 convenimus,
3131 2314 3188 2356 ut
3238 2307 3365 2356 dttm
3424 2315 3612 2355 eorum

2016 2398 2183 2468 gestis
2218 2397 2648 2471 instruimuNad
2674 2411 2913 2450 amorem
2938 2395 3176 2450 caelestis
3204 2394 3390 2462 patriae
3413 2433 3425 2453 ,
3452 2406 3611 2460 quam

2009 2486 2246 2560 'viriiiter
2273 2486 2614 2540 decertantes
2644 2486 2822 2556 adepti
2850 2495 2992 2549 sunt,
3025 2485 3323 2539 ferventius
3352 2484 3615 2537 accenda-

2017 2593 2173 2644 ntur;
2206 2577 2439 2645 dumque
2475 2576 2595 2631 illos
2635 2577 2937 2631 audivimus
2969 2578 3148 2632 edicta
3184 2591 3402 2646 regum,
3439 2575 3616 2628 minas

2022 2667 2361 2736 principum,
2410 2667 2702 2720 tribunalia
2737 2667 2980 2733 iudicum
3033 2675 3480 2726 contemnentes,
3540 2672 3619 2720 tot

2009 2753 2410 2827 's'uppliciorum
2456 2770 2658 2826 genera
2703 2756 3038 2824 percurrisse
3064 2794 3078 2819 ,
3118 2754 3316 2823 pudeat
3357 2754 3620 2822 ingenuos

2019 2850 2261 2905 fidelium
2305 2833 2518 2903 arimos
2556 2849 2747 2902 saltem
2792 2847 2974 2902 carnis
3004 2860 3116 2900 suae
3149 2846 3293 2899 vitiis
3323 2860 3431 2899 non
3475 2844 3622 2898 obsi-

2019 2949 2188 2996 stere.
2222 2939 2536 2994 Pudendum
2567 2953 2799 3008 namque
2833 2947 2920 2992 est
2947 2938 3025 2992 sic
3056 2935 3379 2992 bellatorum
3418 2934 3618 2989 Christi

2015 3039 2264 3100 spectare
2291 3031 2566 3096 victorias,
2589 3041 2649 3085 ut
2677 3031 2804 3084 dum
2834 3032 2971 3085 alios
3001 3030 3418 3098 triumphalibus
3443 3026 3615 3082 titulis

2016 3123 2329 3194 insignitus,
2354 3121 2520 3192 spolia
2549 3139 2612 3176 ex
2645 3123 2893 3177 hostibus
2924 3129 3202 3190 reportare
3229 3119 3616 3188 conspicimus,

3705 575 3964 641 martyrio
3993 574 4209 643 dignam
4240 572 4456 625 duxisse
4483 575 4847 641 cognoscitur.
4877 572 5008 626 Nam
5041 565 5168 627 cum
5195 573 5302 627 cla-

3704 667 3777 718 ris
3807 665 4060 717 natalium
4097 664 4266 716 titulis
4291 663 4594 725 fulciretur,
4625 673 4677 715 et
4701 665 4972 717 arridente
4999 680 5188 718 rerum
5215 679 5304 720 co-

3705 761 3786 825 pia
3814 797 3827 819 ,
3866 757 4005 808 viam
4056 755 4238 808 mundi
4277 765 4460 823 posset
4506 769 4610 807 non
4660 754 4981 823 ingloriosus
5031 759 5304 824 arripere,

3705 858 3887 915 spreto
3917 857 4228 916 magnatum
4271 847 4637 915 quorumlibet
4683 849 4986 915 patrocinio
5007 889 5020 909 ,
5053 850 5306 917 religioso

3706 941 3931 991 devotus
3959 939 4214 1005 episcopo
4257 935 4449 989 maluit
4493 935 4773 991 adhaerere
4800 976 4814 999 ,
4864 945 4920 988 ut
4951 951 5009 990 se
5052 947 5310 1006 patenter

3704 1029 4039 1090 ostenderet,
4085 1042 4190 1080 non
4231 1026 4297 1079 ad
4344 1026 4612 1095 gratiam,
4660 1027 4745 1081 vel
4775 1027 4992 1080 divitias
5043 1027 5308 1082 anhelare

3705 1122 3961 1190 potentis,
3995 1120 4088 1174 sed
4119 1119 4548 1173 benedictionem
4589 1120 4768 1187 potius
4806 1119 5009 1190 eligere
5053 1123 5308 1176 sacerdo-

3709 1213 3796 1265 tis.
3835 1211 3969 1266 Cum
4000 1226 4109 1280 quo
4134 1210 4390 1265 videlicet
4429 1225 4536 1265 non
4573 1211 4640 1264 ad
4677 1210 4975 1279 litigiorum
5005 1211 5310 1266 forensium

3703 1302 3901 1371 jurgia,
3942 1316 4049 1356 non
4083 1302 4149 1355 ad
4198 1301 4534 1371 pmtigiosa
4565 1300 4818 1370 figmenta
4859 1316 5179 1365 scenarum,
5205 1317 5310 1357 non

3709 1394 3775 1447 ad
3825 1392 4108 1447 theatralia
4153 1393 4374 1462 dignum
4423 1393 4578 1445 duxit
4621 1406 4929 1447 commeare
4972 1394 5311 1461 spectacula,

3709 1485 3801 1540 sed
3838 1495 4137 1554 martyrum
4166 1485 4347 1553 potius
4373 1498 4625 1538 carceres
4653 1483 4930 1538 visitahat.
4969 1484 5036 1539 Et
5064 1487 5197 1556 quia
5223 1487 5314 1539 de-

3711 1588 3868 1631 votus
3895 1577 4227 1646 martyribus
4250 1573 4373 1638 fuit,
4394 1576 4719 1643 quandoque
4742 1585 4949 1629 martvr
4972 1576 5094 1629 fieri
5118 1584 5173 1630 et
5200 1576 5315 1645 ipse

3711 1669 4032 1738 promeruit.

3785 1758 3877 1813 Sic
3931 1759 4059 1812 olim
4113 1757 4457 1828 dispensator
4493 1757 4581 1812 ille
4615 1760 4807 1814 domus
4859 1761 5023 1830 regiae
5072 1761 5310 1822 Ahdias.

3636 1837 3682 1898 Β
3711 1852 3834 1920 quia
3867 1849 4160 1918 prophetas
4195 1859 4411 1904 centum
4445 1850 4496 1902 in
4524 1849 4792 1919 specubus
4826 1850 5181 1906 absconditos
5216 1867 5311 1920 pa-

3712 1943 3808 2003 vit,
3841 1939 4212 2009 prophetalem
4240 1940 4474 2010 gratiam
4520 1948 4575 1992 et
4614 1940 4729 2008 ipse
4772 1942 5122 2009 postmodum
5155 1943 5314 2010 digne

3714 2041 4124 2095 remuneratus,
4159 2031 4366 2100 accepit
4396 2029 4515 2100 (111
4548 2029 4673 2100 Reg.
4704 2032 4881 2100 svnt).
4933 2033 4998 2086 Et
5043 2034 5139 2101 qni
5187 2042 5316 2086 tunc

3716 2140 3856 2194 pane
3889 2124 4058 2178 simul
4082 2133 4139 2177 et
4163 2138 4301 2192 aqua
4339 2122 4724 2192 prophetarum
4757 2123 4892 2177 aluit
4916 2124 5019 2191 pia:
5051 2125 5314 2200 spduiita-

3719 2222 3788 2293 ti;
3825 2218 4126 2271 ministerio
4154 2214 4388 2277 turbam,
4422 2228 4566 2268 nunc
4598 2215 4893 2283 prophetia:
4917 2229 5029 2268 sua:
5050 2216 5312 2274 oraculis,

3716 2306 4027 2361 calestibus
4053 2305 4303 2357 videlicet
4332 2303 4627 2369 alimentis,
4655 2303 4966 2358 universam
5001 2305 5239 2361 recreat.
5267 2316 5320 2358 et

3717 2400 3895 2468 pascit
3925 2397 4246 2450 Ecclesiam.
4280 2396 4370 2450 Sic
4403 2392 4588 2458 Iosue,
4614 2397 4706 2464 qui
4733 2394 4897 2464 Moysi
4926 2436 4940 2457 ,
4983 2396 5201 2450 ductori
5239 2397 5315 2448 vi-

3717 2490 3911 2543 delicet
3940 2486 4248 2541 lsraeliticte
4274 2485 4479 2556 plebis,
4508 2485 4826 2554 obsequium
4870 2484 5172 2540 famulatus
5216 2488 5318 2539 imo

3718 2581 3926 2649 pendit,
3959 2579 4134 2632 eident
4166 2578 4504 2647 postmodum
4536 2579 4699 2646 plebi,
4730 2588 4786 2631 et
4809 2576 5160 2631 laudabiliter
5185 2593 5319 2647 pne-

3721 2671 3842 2734 fuit,
3872 2679 3927 2722 et
3961 2670 4025 2721 de
4055 2669 4170 2737 ejus
4195 2667 4522 2722 adversariis
4548 2680 4670 2720 cum
4701 2681 4891 2736 magna
4918 2667 5090 2735 gloria
5121 2671 5318 2720 trium-

3723 2743 3910 2829 phavit
3939 2761 4072 2830 (los.
4108 2761 4167 2826 t-).
4212 2759 4350 2825 Quid
4397 2757 4631 2811 Eliseum
4673 2757 4925 2822 referam,
4962 2758 5057 2826 qui
5092 2759 5224 2811 dum
5257 2759 5322 2809 ab

3723 2853 3835 2906 Elia
3861 2850 4104 2920 separari
4133 2865 4233 2903 nec
4256 2848 4322 2901 ad
4350 2858 4680 2902 momentum
4708 2849 4926 2917 patitur.
4952 2849 5071 2914 ejus
5090 2848 5323 2902 subinde

3723 2945 3974 3014 spiritum
4014 2944 4282 3010 duplicem
4325 2940 4699 3009 promantur?
4744 2937 4850 3008 (ιγ
4884 2937 5008 3008 Reg.
5045 2941 5133 3008 ιι.)
5167 2940 5244 2993 Ac
5277 2941 5322 2992 si

3715 3035 3828 3103 jam
3889 3045 4016 3088 tunc
4083 3033 4343 3100 Dominus
4396 3030 4524 3084 illud
4574 3029 4943 3100 evangelicum
4996 3029 5318 3083 intonaret:

3729 3144 3745 3176 ι
3781 3124 3880 3190 Qui
3910 3123 4101 3190 recipit
4130 3121 4448 3190 prophetam
4491 3121 4544 3174 in
4595 3120 4814 3173 nomine
4841 3120 5119 3187 prophetae
5138 3159 5153 3182 ,
5181 3135 5323 3174 mer-

2016 3213 2122 3282 ipsi
2156 3213 2208 3286 in
2241 3226 2373 3281 pace
2401 3213 2696 3267 domestica
2721 3210 3137 3280 subrepentibus
3159 3211 3320 3268 vitiis,
3350 3210 3494 3264 velut
3534 3209 3615 3261 in—
3641 3209 3685 3271 C
3718 3219 3902 3271 cedem
3938 3215 4213 3283 propheta:
4244 3212 4472 3280 accipiet
4502 3209 4720 3281 (Matth.
4747 3205 4822 3278 ι).
4866 3228 4882 3259 ι

2019 3304 2343 3358 s'.diantibus
2359 3305 2689 3360 adversariis
2703 3306 2977 3358 enerviter
2993 3304 3430 3359 succumbamus.
3449 3303 3618 3356 Porro

2020 3405 2204 3450 autem
2243 3395 2385 3450 beati
2436 3405 2745 3465 martyres,
2792 3404 2845 3448 et
2890 3404 3182 3464 antequam
3234 3395 3285 3447 in
3322 3395 3621 3447 certamin

2022 3476 2338 3558 sanguinem
2393 3489 2709 3554 funderent,
2757 3489 2986 3544 diversis
3026 3487 3258 3542 ﬂoruere
3309 3488 3616 3540 virtutibus.

2021 3578 2191 3636 Nobis
2215 3589 2417 3645 autem,
2436 3597 2560 3651 quia
2584 3596 2683 3656 pro
2713 3578 3028 3634 defensione
3057 3581 3176 3634 fidei
3202 3580 3337 3633 mori
3365 3596 3468 3632 non
3495 3594 3620 3647 pos-

2026 3684 2236 3734 sumus,
2288 3680 2659 3724 consummata
2708 3670 2932 3724 victoria
2980 3679 3081 3733 est,
3129 3670 3173 3723 si
3222 3670 3273 3722 in
3305 3679 3616 3723 sanctarum

2026 3761 2444 3815 conversatione
2495 3761 2756 3826 virtutum
2785 3763 2970 3815 vivere
3003 3763 3316 3814 studeamus
3340 3800 3354 3822 ,
3400 3769 3457 3812 ttt
3496 3759 3618 3812 inde

2024 3864 2128 3905 nos
2157 3849 2404 3920 protinus
2429 3849 2822 3916 transferatmrr
2848 3850 2915 3902 ad
2949 3865 3197 3917 regnum,
3234 3850 3374 3901 unde
3401 3847 3473 3900 illi
3507 3862 3616 3899 me-

2012 3955 2187 4006 ruere
2215 3942 2553 4011 martyrium.
2580 3941 2656 3994 Ex
2688 3942 2812 3994 vitae
2837 3941 3038 4009 quippe
3063 3941 3294 4002 meritis,
3323 3940 3518 4007 quibus
3546 3939 3617 3990 illi

2025 4034 2271 4088 obtinere
2315 4043 2630 4088 meruerunt
2675 4033 2759 4086 sui
2804 4032 3123 4088 certaminis
3171 4032 3449 4100 palmam,
3497 4031 3620 4082 inde

2027 4139 2128 4179 nos
2150 4124 2354 4194 absque
2395 4125 2503 4180 ullo
2538 4126 2932 4196 persecutionis
2961 4125 3241 4180 obstaculo
3270 4124 3619 4193 perducimur

2027 4215 2096 4269 ad
2123 4230 2405 4270 coronam.

2097 4309 2258 4363 Aliud
2289 4309 2454 4376 igitur
2483 4309 2772 4370 inunctis
2800 4310 3134 4380 martyribus
3163 4309 3500 4364 solummodo
3528 4326 3618 4362 ve-

2029 4399 2209 4454 nerari
2271 4408 2326 4452 et
2393 4399 2649 4452 admirari
2695 4399 2973 4463 debemus,
3011 4401 3154 4453 aliud
3182 4401 3346 4452 etiam
3395 4402 3615 4453 imitari.

2033 4486 2384 4542 Admirernur
2427 4487 2635 4542 scilicet
2661 4497 2975 4543 constanter
3016 4498 3069 4542 et
3113 4490 3345 4560 ingenue
3380 4491 3616 4542 morien-

3793 3308 4084 3361 Enimvero
4132 3320 4230 3357 nec
4259 3304 4433 3357 solum
4481 3302 4688 3356 sanctis
4742 3300 5076 3369 martyribus
5127 3301 5322 3356 boatu:

3723 3403 3826 3455 iste
3877 3401 4076 3453 Fidelis
4119 3397 4353 3451 oﬂicium
4397 3397 4498 3465 pia:
4536 3394 4857 3450 humilitatis
4899 3393 5147 3447 exhibuit
5174 3435 5190 3455 ,
5228 3396 5320 3448 sed

3723 3492 4055 3562 diligentiam
4083 3504 4237 3542 suam
4265 3489 4332 3541 ad
4359 3486 4649 3540 lucrandos
4671 3484 4837 3538 etiam
4865 3499 4978 3546 eos,
5023 3488 5115 3553 qui
5152 3485 5322 3539 idolo-

3724 3600 3842 3636 rum
3881 3582 4162 3635 erroribus
4219 3578 4574 3639 tenebantur,
4604 3577 4870 3630 extendit.
4909 3575 4974 3628 Et
5019 3579 5164 3630 sicut
5211 3578 5322 3643 ipse

3722 3677 3955 3744 propriis
4000 3673 4210 3724 videtur
4256 3669 4438 3723 verbis
4486 3682 4759 3731 asserere,
4805 3668 4931 3720 dum
4969 3666 5019 3719 in
5073 3669 5321 3720 stetnlari

3722 3767 3910 3817 militia
3957 3771 4303 3822 versaretur,
4355 3760 4526 3829 magis
4572 3758 4757 3813 divino
4791 3759 5014 3827 parebat
5056 3760 5319 3828 imperio,

3720 3856 3878 3924 φαίη
3912 3865 4157 3917 terreno,
4187 3854 4323 3906 adeo
4352 3862 4408 3904 ut
4440 3851 4726 3905 nonnullos
4770 3867 4799 3904 a
4837 3851 5061 3920 profana
5098 3853 5320 3907 idoluiao

3723 3949 3837 4018 tria:
3885 3948 4097 4000 cultura
4143 3955 4540 4013 compesceret.
4584 3955 4638 3998 et
4670 3944 4738 3998 ad
4783 3946 4896 3999 veri
4943 3946 5034 4000 Dei
5070 3948 5320 4001 notitiam

3722 4037 4022 4096 salutitenio
4039 4036 4497 4089 admonitionibus
4519 4035 4832 4090 advocaret.
4853 4035 5185 4093 Militaribus
5209 4041 5322 4112 qni-

3722 4131 3844 4184 dem
3873 4129 4068 4183 castris
4097 4130 4237 4182 inter
4258 4136 4400 4190 erat,
4434 4128 4532 4182 sed
4551 4127 4790 4182 celestis
4817 4129 5019 4184 minus:
5045 4131 5204 4199 signa
5232 4147 5321 4201 ge.

3723 4222 3895 4274 rebat.
3927 4223 4274 4274 Armatorum
4308 4220 4543 4289 denique
4589 4219 4874 4274 videbatur
4916 4223 5119 4278 cuneis
5151 4224 5321 4277 admi-

3722 4315 3883 4377 sceri,
3918 4312 4009 4366 sed
4044 4328 4140 4380 pro
4170 4312 4483 4366 cmlestibus
4511 4313 4711 4366 castris
4741 4312 4950 4366 sociare
4987 4314 5091 4367 sibi
5134 4315 5322 4370 aliena

3722 4405 4080 4474 professionis
4130 4403 4328 4458 milites
4353 4403 4651 4474 satagebat.
4689 4401 4898 4470 Quibus
4924 4404 5186 4461 nimirum
5218 4423 5321 4462 non

3724 4504 3960 4548 terrente
4012 4494 4218 4546 militia:
4264 4493 4500 4546 balteum
4531 4533 4543 4556 ,
4600 4509 4708 4547 non
4756 4494 5068 4562 temporalis
5118 4499 5322 4566 stipen-

2028 4586 2134 4642 tes,
2157 4576 2433 4631 imitemur
2461 4578 2687 4633 honesta
2733 4594 2943 4633 morum
2989 4579 3404 4635 conversatione
3431 4580 3620 4634 viven-
3654 4567 3700 4625 ί)
3727 4586 3799 4637 dii
3829 4585 4143 4638 donativum
4175 4625 4188 4646 ,
4234 4584 4328 4638 sed
4358 4584 4597 4639 caelestis
4627 4585 4980 4653 promittebas
5009 4588 5182 4642 curia:
5208 4605 5319 4643 mn-

2011 4663 2132 4724 tes.
2156 4668 2494 4724 Veneremur
2535 4670 2586 4723 in
2631 4671 2768 4735 illis,
2811 4672 2952 4741 quod
2979 4688 3176 4746 cwpus
3205 4689 3361 4728 suum
3387 4689 3484 4744 pro
3516 4673 3620 4727 fide

2029 4761 2259 4815 diversis
2285 4762 2553 4816 tradidere
2581 4763 2890 4832 suppliciis;
2921 4766 3197 4820 imitemur
3230 4776 3409 4819 autem
3435 4808 3446 4829 ,
3477 4767 3620 4834 quod

2032 4868 2253 4909 carnem
2277 4868 2429 4908 suam
2455 4864 2579 4909 ante
2606 4857 2992 4910 cruciﬁxerunt
3017 4874 3138 4911 cum
3168 4859 3312 4910 vitiis
3337 4898 3350 4921 ,
3398 4869 3455 4912 et
3492 4873 3622 4911 con-

2033 4945 2402 5014 cupiscentiis.
2436 4946 2784 4999 Admiremur
2812 4947 2930 5001 illos
2956 4948 3184 5000 viriliter
3215 4949 3526 5009 morientes,
3556 4964 3622 5002 ne

2030 5039 2197 5093 vitam
2223 5038 2325 5107 ipsi
2352 5049 2638 5108 negarent,
2681 5040 2775 5094 sed
2802 5048 2857 5093 et
2890 5040 3168 5094 imitemur
3207 5055 3305 5109 per
3337 5041 3622 5095 charitatis

2034 5131 2208 5186 selum
2242 5133 2445 5185 sanctis
2465 5133 2934 5188 exhortationibus
2957 5133 3294 5193 insistentes,
3340 5143 3398 5188 ut
3440 5136 3504 5187 ad
3546 5137 3625 5187 vi-

2035 5228 2147 5274 tam
2188 5228 2244 5274 et
2289 5221 2424 5276 alios
2469 5225 2762 5278 traherent.
2795 5224 2860 5278 Et
2885 5233 2942 5278 ut
2971 5225 3229 5295 breviori,
3258 5227 3400 5294 quod
3428 5227 3622 5297 gestio,

2033 5324 2286 5364 sermone
2307 5311 2625 5365 concludam
2648 5353 2662 5377 ,
2690 5322 2818 5368 tunc
2843 5316 3103 5370 memoria
3133 5328 3425 5386 martyrum
3464 5317 3628 5386 digne

2035 5399 2329 5465 recolitur,
2388 5401 2434 5453 si
2489 5402 2615 5455 dum
2667 5418 2814 5458 mors
2858 5419 3048 5459 eorum
3095 5405 3289 5476 ingerit
3329 5408 3491 5478 287
3531 5425 3627 5461 au-

2035 5491 2146 5545 dita
2198 5492 2558 5560 miraculum,
2598 5494 2914 5564 praecedens
2957 5497 3124 5553 etiam
3156 5499 3267 5553 vita
3312 5500 3526 5554 ducitur
3575 5502 3626 5553 in

2037 5584 2362 5654 exemplum.

2111 5677 2248 5730 Ecce
2272 5677 2332 5731 Β.
2363 5688 2568 5750 martyr
2595 5679 2697 5734 iste
2730 5679 2949 5747 Fidelis,
2981 5682 3134 5751 cujus
3172 5684 3330 5738 hodie
3367 5683 3631 5739 festivita-

2044 5775 2152 5822 tem
2183 5769 2408 5824 colimus
2431 5810 2445 5836 ,
2488 5772 2628 5825 sicut
2674 5782 2946 5841 gestorum
2975 5775 3090 5844 ejus
3118 5785 3346 5832 testatur
3377 5776 3626 5840 historia,

3723 4698 4003 4748 metptttnt.

3797 4773 3908 4825 Sub
3950 4786 4178 4826 terrenae
4211 4773 4392 4842 itaque
4421 4771 4628 4826 militia:
4658 4771 4940 4841 chlamyde
4979 4788 5079 4841 pro
5128 4777 5321 4830 castris

3724 4865 4037 4920 cmlestihus
4064 4868 4266 4924 stabat,
4303 4875 4360 4918 ut
4397 4867 4462 4919 de
4500 4875 4715 4919 terrena
4747 4865 5056 4934 transfugas
5095 4865 5318 4928 faceret,

3725 4958 3922 5022 quibus
3969 4973 4252 5008 numerum
4295 4956 4532 5010 caelestis
4569 4956 4775 5008 militia:
4801 4966 5041 5026 augeret.
5093 4957 5233 5012 Huic
5270 4971 5321 5011 et

3736 5049 3902 5100 David
3930 5048 4104 5100 simile
4135 5046 4264 5114 quid
4294 5046 4486 5101 fecisse
4511 5048 4887 5116 cognovimus.
4912 5047 5168 5102 videlicet
5197 5064 5318 5104 cum

3731 5141 3868 5208 apud
3901 5139 4064 5192 .‘tchis
4096 5153 4275 5206 regem
4304 5138 4466 5200 Geth,
4491 5137 4710 5190 Saulcm
4740 5138 4952 5208 fugiens
4987 5151 5316 5195 moraretur.

3733 5229 4000 5297 Opulenta
4036 5230 4290 5282 nimirum
4325 5229 4493 5297 spolia
4524 5232 4588 5282 de
4621 5229 4702 5283 his
4728 5244 4870 5297 sape
4901 5231 5214 5296 regionibus
5238 5247 5319 5283 an-

3735 5320 3966 5383 ferebat,
3987 5321 4182 5387 quibus
4211 5321 4500 5388 praedictus
4536 5320 4702 5374 Aehis
4731 5320 5061 5389 imperabat;
5087 5332 5146 5374 et
5170 5323 5317 5388 juxta

3735 5427 3852 5480 qua:
3879 5411 4159 5479 Scriptura
4194 5420 4425 5464 testatur
4451 5450 4464 5473 ,
4505 5421 4562 5463 ut
4594 5411 4836 5479 ejusdem
4871 5412 5052 5464 verbis
5083 5412 5278 5479 loquar
5307 5431 5316 5462 :

3742 5520 3759 5551 ι
3800 5501 4147 5555 Percutiebat
4197 5501 4363 5554 David
4395 5514 4609 5574 omnem
4639 5509 4891 5562 terrram,
4924 5514 5020 5553 nec
5053 5503 5320 5568 relinque-

3736 5595 3830 5648 bat
3859 5595 4128 5648 viventem
4163 5596 4336 5646 virum
4368 5603 4422 5647 et
4457 5592 4760 5656 mulierem,
4791 5593 5092 5660 tollensque
5119 5607 5250 5646 oves
5270 5601 5318 5644 et

3739 5686 3923 5748 boves,
3953 5696 4004 5739 et
4037 5686 4242 5745 asinos,
4273 5696 4327 5738 et
4357 5685 4615 5746 camelos,
4646 5693 4701 5737 et
4727 5696 4930 5750 vestes,
4958 5683 5128 5755 288
5151 5697 5318 5741 κιαι

3741 5778 4043 5844 tchatnr,ct
4067 5778 4318 5831 veniebat
4340 5777 4404 5830 ad
4430 5777 4611 5832 Acitis.
4646 5797 4660 5826 ι
4681 5774 4849 5842 Quem
4875 5793 4995 5829 cum
5028 5779 5316 5844 interna-
