5450 6390
2305 348 2542 408 SERMO
2582 345 2718 404 LIV.

4079 335 4190 398 850

849 491 932 534 ret
955 477 1167 534 Actus:
1202 493 1222 530 ι
1259 490 1314 531 ιη
1341 487 1506 546 quem
1534 468 1743 527 lrruisti
1777 465 1976 525 hodie?
2003 484 2022 520 ›
2059 463 2251 538 (IReg.
2288 461 2449 532 XVII.)
2481 467 2532 526 Α
2557 458 2709 514 cuitu
2767 469 2889 546 ejus
2953 461 3252 526 tempestas
3313 451 3494 546 valida
3529 447 3740 546 _(l’sal.
3795 467 3932 520 xxx;
3966 452 4186 546 gnatm.

850 568 1124 626 fatebatur
1152 567 1243 623 ille
1273 580 1333 622 se
1363 574 1556 621 contra
1590 561 1876 619 meridiem
1918 557 2084 625 Juda,
2126 555 2215 612 vel
2262 565 2456 611 contra

851 661 1101 735 regiones
1149 657 1318 715 lsrael
1364 655 1661 712 insiluisse.
1701 651 1872 708 David
1913 650 2102 720 itaque
2135 645 2456 733 alienigena:

849 754 998 824 regi,
1043 752 1201 824 quasi
1247 750 1503 807 devotum
1544 763 1606 803 se
1641 754 1872 813 urgente
1911 741 2274 802 necessitate,
2313 751 2454 808 prte-

847 843 1073 910 buerat;
1103 842 1200 898 sed
1225 857 1290 898 ex
1321 838 1553 912 profano
1574 833 1693 904 ejus
1727 832 1928 904 poonlo
1953 841 2166 902 strages
2193 828 2456 898 plurimas

847 933 1232 992 coacervabat.
1264 933 1466 988 Beatus
1493 943 1625 984 vero
1653 925 1856 982 Fidelis
1886 925 1989 980 sub
2017 919 2298 978 saecularis
2327 933 2458 988 pro-

849 1026 1085 1082 fessione
1115 1025 1324 1081 militia:
1369 1025 1424 1079 in
1466 1022 1753 1093 procinctu
1781 1027 2094 1074 castrorum
2123 1013 2456 1078 caelestium,

845 1117 1170 1176 desudabat.
1231 1116 1528 1186 Propterea
1582 1111 1789 1169 mundo
1841 1109 1952 1165 imo
2005 1106 2237 1177 principi
2298 1103 2460 1174 hujus

845 1209 1058 1276 mundi,
1087 1209 1175 1265 cui
1209 1207 1394 1279 specie
1424 1215 1584 1262 tenus
1613 1202 1824 1259 servire
1850 1199 2173 1262 videbatur,
2203 1195 2456 1258 illudens,

845 1315 1112 1374 sequaces
1129 1313 1415 1373 quousque
1440 1295 1726 1368 satagebat
1749 1292 2094 1358 abstrahere,
2119 1287 2462 1361 potiorisque

844 1391 1056 1449 militia:
1084 1392 1320 1448 ratibus
1347 1402 1666 1461 aggregare.
1837 1397 1841 1401 '
2063 1446 2067 1450 ἠ

918 1480 1012 1537 Ille
1041 1481 1208 1550 igitur
1236 1479 1384 1535 ferro
1415 1479 1670 1534 nationes
1703 1474 2028 1534 barbaricas
2057 1472 2457 1536 obtruncabat;

843 1575 952 1632 iste
971 1575 1151 1648 gladio
1173 1573 1437 1646 Spiritus,
1457 1572 1604 1644 quod
1624 1580 1708 1626 est
1723 1571 1963 1626 Verbum
1992 1568 2087 1622 Dei
2110 1566 2330 1640 (Ep/tes.
2359 1565 2458 1637 vr),

842 1682 875 1721 ι
904 1666 1108 1722 carnali
1137 1666 1250 1721 vita
1273 1664 1560 1730 inconditi,
1593 1671 1651 1718 et
1674 1677 1868 1717 revera
1895 1658 2172 1716 barbarici
2198 1658 2340 1720 ritus
2362 1657 2465 1714 ho-

842 1759 1022 1816 mines
1048 1757 1353 1815 occidebat.
1383 1755 1480 1813 ille
1504 1755 1848 1812 diversorum
1896 1761 2105 1808 turmas
2139 1751 2460 1806 animalium

2559 549 2756 620 xxvu).
2781 565 2799 599 ι
2830 545 3004 601 Porro
3035 545 3090 601 in
3115 552 3296 601 morte
3325 542 3542 598 Domini
3570 543 3842 599 elementa
3874 545 4088 601 turbata
4115 544 4190 601 le-

2559 648 2781 712 guntur.
2811 636 2983 710 289
3010 636 3243 704 Quantae
3270 650 3402 707 ergo
3433 635 3719 704 dignitatis
3762 643 3869 701 est,
3903 651 4203 709 quamque

2559 730 2762 786 nobilis
2793 730 3008 800 insigne
3032 726 3319 798 triumphi,
3348 725 3418 780 ad
3441 726 3617 781 instar
3648 725 3946 784 Dominicm
3968 733 4186 796 mortis,

2558 820 2724 876 etiam
2755 821 2810 876 in
2841 819 3210 876 decollatione
3238 818 3499 891 martyris
3527 818 3797 874 elementa
3829 817 4002 876 fuisse
4025 837 4184 878 com-

2561 913 2753 968 mota?
2803 919 2887 985 ut
2916 924 2984 966 ex
3037 909 3224 981 aliqua
3274 918 3434 981 parte
3482 909 3679 965 mortis
3730 907 3850 978 ejus
3903 912 4190 968 moriendo

2561 1012 2775 1060 teneret
2817 1001 3052 1059 formam
3079 1042 3095 1070 ,
3125 1000 3285 1072 cujus
3313 999 3560 1057 imitatus
3604 1010 3692 1058 est
3721 1000 3958 1058 vivendo
3987 1002 4194 1061 doctri-

2559 1109 2709 1149 nam.

2631 1226 2771 1283 lllud
2797 1226 2963 1284 etiam
2993 1227 3499 1300 parvipendendum
3521 1235 3759 1297 nonest,
3784 1229 3932 1301 quod
3959 1230 4186 1302 quidam

2563 1335 2630 1375 ex
2663 1321 3115 1402 persecutoribus
3160 1337 3191 1376 a
3221 1321 3494 1377 daemonio
3540 1321 3870 1392 perhibetur
3897 1333 4188 1395 arreptus,

2563 1416 2656 1486 qui
2689 1415 2950 1470 nimirum
2999 1431 3126 1471 cum
3170 1414 3526 1486 promitteret
3572 1415 3870 1486 sepultura:
3896 1431 3956 1473 se
3987 1432 4191 1489 corpus

2564 1508 2827 1578 martyris
2873 1522 3000 1566 cum
3033 1522 3234 1578 magna
3286 1507 3599 1564 reverentia
3645 1492 4002 1576 traditurum,
4046 1511 4095 1566 si
4123 1527 4192 1568 eo

2564 1591 2968 1653 interveniente
2993 1607 3304 1654 mereretur
3334 1614 3365 1652 a
3390 1597 3661 1654 daemonio
3688 1599 3937 1667 liberari,
3970 1617 4098 1658 mox
4128 1613 4192 1658 ut

2565 1688 2803 1742 cadaver
2838 1688 3102 1760 martyris
3149 1689 3359 1759 tetigit,
3413 1687 3628 1744 daemon
3668 1687 3958 1746 abscessit.
3989 1691 4049 1748 ln
4082 1693 4193 1749 hoc

2567 1779 2736 1834 etiam
2764 1780 3010 1851 ejusdem
3041 1780 3218 1836 nostri
3250 1779 3637 1852 Redemptoris
3657 1785 3946 1853 perspicue
3971 1783 4192 1843 videtur

842 1855 1051 1925 rapuit;
1089 1853 1179 1909 hic
1201 1852 1392 1908 brulos
1417 1845 2057 1943 llominésédﬁcfilefia’
2080 1844 2462 1943 slaPU'ngf‘
2494 1851 2535 1910 Β
2565 1844 2896 1942 exemplum.
2929 1870 3214 1942 Siquidem
3242 1886 3310 1926 ex
3335 1844 3478 1943 ipsis.
3492 1844 3942 1943 persecutoribus
3967 1870 4191 1935 Domini

843 1944 1194 2017 capessendae
1251 1941 1482 1998 rationis
1536 1939 1797 2012 pabulum
1837 1937 2007 1993 vitale
2049 1935 2326 2009 perduxit.
2363 1934 2458 1990 ille

841 2036 1128 2093 consultus
1153 2035 1250 2092 Dei
1277 2050 1335 2090 se
1364 2031 1565 2106 populo
1593 2032 1903 2087 testabatur
1933 2029 2214 2086 exstitisse
2235 2036 2460 2083 contra-

844 2129 1013 2197 rium,
1045 2129 1148 2185 iste
1171 2129 1336 2183 etiam
1361 2125 1505 2197 parti
1534 2123 1780 2180 ﬁdelium
1807 2120 2215 2194 quodammodo
2245 2136 2306 2175 se
2332 2137 2459 2191 per-

844 2218 1070 2276 hibebat
1087 2218 1381 2285 obsistere,
1401 2217 1528 2272 dum
1556 2214 1875 2271 saecularem
1900 2212 2152 2268 militiam
2179 2211 2460 2267 videretur

842 2326 970 2370 cum
1003 2310 1315 2368 inﬁdelibus
1361 2308 1633 2379 baiulare.
1684 2305 1911 2362 Militari
1960 2319 2199 2373 namque
2245 2302 2459 2374 profes-

843 2406 999 2463 sione
1022 2405 1476 2476 superﬁcietenus
1505 2401 1794 2458 videbatur
1820 2413 2092 2462 asserere,
2114 2398 2261 2468 quod
2287 2397 2458 2450 haere-

843 2499 1074 2562 ditatem
1113 2499 1242 2566 Dei,
1291 2497 1447 2570 cujus
1477 2497 1593 2567 ipse
1621 2510 1750 2565 pars
1780 2505 1923 2559 erat,
1952 2491 2187 2547 diversis
2215 2488 2459 2545 moribus

843 2590 996 2648 velut
1035 2589 1362 2663 quibusdam
1405 2587 1624 2662 gladiis,
1654 2593 2017 2657 oppugnaret.
2049 2583 2142 2638 Sic
2169 2582 2457 2647 nimirum,

845 2681 928 2738 sic
979 2689 1168 2739 sancta
1203 2678 1355 2736 fraus
1403 2677 1634 2734 liberius
1683 2676 2041 2748 procedebat,
2079 2673 2210 2728 dum
2243 2672 2311 2739 is,
2369 2672 2458 2728 cui
2500 2712 2502 2714 τ

844 2775 1086 2846 suspicio
1109 2774 1323 2840 deerat,
1349 2771 1703 2843 acquirendis
1726 2769 1947 2825 Christo
1970 2766 2220 2822 ﬁdelibus
2246 2765 2460 2821 insiste-

845 2872 960 2929 bat.
985 2870 1302 2928 Videbimus
1340 2868 1544 2942 igitur,
1590 2867 1718 2938 quia
1749 2864 1810 2919 Β.
1843 2864 2048 2920 Fidelis
2090 2863 2158 2918 ad
2194 2877 2458 2918 coronam

844 2963 1118 3036 martyrii,
1149 2962 1348 3019 merito
1377 2961 1719 3033 praecedente
1749 2957 2034 3029 pertinuit,
2059 2957 2154 3027 qui
2178 2955 2460 3011 lucrandis

844 3046 1137 3114 animabus
1161 3071 1294 3114 vere
1318 3055 1607 3111 charitatis
1643 3054 1825 3110 studio
1864 3061 1921 3109 et
1955 3059 2085 3107 ante
2129 3049 2459 3120 martyrium

847 3149 1152 3207 desudavit.
1184 3148 1351 3219 Quasi
1373 3149 1522 3205 enim
1537 3132 1685 3204 bona
1711 3156 1877 3212 terra,
1903 3155 1961 3202 et
1984 3144 2137 3201 ferax
2163 3145 2317 3215 prius
2335 3159 2459 3216 ger-

847 3258 974 3299 men
997 3242 1174 3299 sancti
1202 3241 1386 3313 operis
1405 3239 1666 3312 protulit,
1696 3248 1752 3296 et
1783 3239 1864 3295 sic
1890 3237 2088 3294 deinde
2115 3236 2461 3308 triumphalis
2489 3233 2537 3297 C

844 3336 1035 3414 gloriae
1055 3336 1238 3392 lumen
1259 3335 1494 3406 excepit.
1529 3332 1669 3390 Hinc
1692 3341 1779 3389 est
1801 3332 1948 3389 enim
1969 3372 1985 3398 ,
2025 3332 2172 3403 quod
2213 3330 2270 3386 in
2300 3328 2462 3400 hujus

847 3426 1039 3486 mundi
1063 3426 1364 3499 primordio
1395 3426 1550 3496 prius
1586 3435 1732 3480 terra
1765 3424 2078 3496 germinare
2118 3423 2458 3495 praacipitur,

848 3518 1099 3589 sequenti
1128 3532 1258 3574 vero
1287 3516 1375 3573 die
1405 3517 1698 3572 luminaria
1750 3516 1823 3571 in.
1851 3515 1993 3572 cmlo
2022 3513 2161 3571 ﬁunt
2199 3512 2353 3588 (Gen.
2381 3515 2457 3587 t);

847 3610 978 3683 quia
1006 3623 1230 3667 necesse
1254 3617 1362 3675 est,
1394 3624 1495 3664 nos
1541 3608 1720 3684 primo
1761 3615 1968 3669 sanctae
2013 3606 2352 3678 operationis
2380 3607 2463 3660 vi-

848 3701 990 3758 tales
1012 3700 1222 3758 fruetus
1249 3697 1471 3762 aﬁ‘erre,
1508 3709 1567 3753 ut
1611 3697 1688 3769 ad
1709 3684 2205 3769 "Vcontemplandum
2233 3712 2462 3752 summm

846 3793 1098 3850 veritatis
1131 3793 1354 3858 lumen,
1407 3764 1690 3846 valeamus
1738 3789 2088 3860 postmodum
2143 3789 2456 3860 pervenire.

847 3885 1080 3943 Domum
1109 3899 1305 3956 nempe
1333 3899 1490 3940 suam
1519 3899 1684 3953 supra
1732 3883 1948 3938 ﬁrmam
1997 3891 2208 3954 petram
2239 3881 2294 3936 in
2325 3894 2460 3951 pace

847 3979 1213 4048 fundaverat,
1261 3980 1404 4035 unde
1457 3977 1804 4050 postmodum
1837 3977 1966 4031 dum
2007 3977 2156 4030 venti
2187 3977 2459 4031 minarum

846 4071 1114 4140 furerent,
1144 4072 1272 4128 dum
1308 4073 1512 4128 diversi
1538 4071 1928 4142 suppliciorum
1956 4068 2158 4125 fluctus
2177 4070 2457 4143 impinge-

846 4174 993 4231 rent,
1021 4165 1314 4222 immobilis
1338 4165 1695 4236 permanebat
1714 4161 1934 4234 (Matth.
1960 4160 2082 4233 vn).
2104 4161 2173 4216 Et
2197 4171 2454 4233 tanquam

847 4257 1004 4313 radix
1047 4257 1249 4328 egregii
1283 4255 1464 4310 trunci
1507 4255 1674 4309 robur
1700 4253 1854 4325 prius
1897 4253 1952 4307 lu
1992 4252 2209 4308 occulto
2255 4267 2459 4308 conce-

843 4357 1020 4422 perat,
1042 4364 1150 4420 quo
1171 4347 1307 4404 fulta
1329 4349 1676 4419 postmodum
1702 4346 1885 4403 adulta
1913 4361 2072 4418 seges
2093 4347 2242 4402 auris
2259 4346 2456 4418 impel-

843 4439 1080 4499 lentibus
1103 4456 1210 4497 non
1241 4441 1494 4498 cadebat.
1522 4440 1582 4496 ln
1615 4455 1753 4511 pace
1781 4439 1948 4510 igitur
1979 4454 2046 4494 ex
2087 4440 2229 4494 bona
2260 4454 2453 4508 opera-

841 4532 991 4592 tione
1033 4534 1380 4607 promeruit,
1433 4533 1581 4611 quod
1640 4532 1877 4588 invictus
1925 4529 1979 4586 in
2047 4532 2450 4602 persecutionis

2564 1966 2877 2036 quicunque
2899 1968 3223 2038 mysterium
3246 1969 3587 2023 sacrosancti
3612 1970 3861 2040 corporis
3882 1971 4003 2043 ejus
4022 1970 4194 2028 attin-

2563 2071 2694 2127 gere
2717 2066 3072 2124 meruerunt,
3103 2074 3136 2113 a
3170 2059 3484 2115 dzemonum
3511 2060 3646 2133 jugo
3676 2061 3842 2118 soluti
3871 2073 4000 2120 sunt
4019 2106 4034 2133 ,
4058 2065 4192 2136 ipso

2565 2150 2837 2220 redempti
2892 2151 3196 2223 sanguine,
3245 2167 3411 2222 quem
3481 2152 3766 2210 fuderunt;
3813 2155 3993 2228 Atque
4042 2166 4104 2213 ut
4135 2157 4196 2218 in

2565 2243 2832 2312 martyrio
2864 2258 2964 2298 suo
2991 2257 3187 2300 servus
3213 2245 3530 2317 passionem
3573 2246 3792 2302 Domini
3822 2248 3909 2304 sui
3936 2248 4191 2306 videatur

2562 2338 2718 2408 quasi
2743 2337 3103 2409 pedissequus
3127 2337 3352 2406 imitari,
3376 2340 3502 2396 dum
3523 2339 3813 2398 carniﬁces
3835 2342 4195 2420 principisuo

2561 2429 2850 2498 miracula,
2875 2446 2996 2502 qua:
3019 2447 3117 2504 per
3135 2432 3358 2488 beatum
3375 2443 3674 2506 martyrem
3697 2445 3921 2492 ostensa
3943 2436 4194 2506 fuerant,

2563 2525 2917 2591 nuntiarent;
2949 2527 3208 2597 cuiquam
3239 2526 3368 2582 talia
3398 2527 3608 2584 referre
3635 2529 3863 2587 omnino
3884 2531 4191 2602 prohibuit,

2562 2627 2939 2689 perpetuoque
2985 2621 3168 2675 celare
3213 2621 3444 2677 territus
3491 2621 3807 2694 imperavit.
3861 2623 3996 2693 Quis
4037 2626 4190 2681 enim

2562 2709 2669 2765 hoc
2695 2710 2948 2777 audiens,
2977 2726 3087 2767 non
3120 2711 3256 2767 illud
3283 2712 3540 2785 protinus
3568 2714 3637 2770 ad
3668 2716 3996 2772 memoriam
4028 2731 4195 2774 revo—

2562 2813 2672 2871 cet,
2703 2805 2850 2876 quod
2880 2806 3160 2878 principes
3187 2808 3539 2864 sacerdotum
3580 2808 3777 2866 dixere
3802 2791 4147 2870 custodibus
4172 2827 4190 2867 :

2568 2914 2587 2949 ι
2624 2895 2825 2964 Dicite,
2863 2897 3072 2969 inquit,
3100 2899 3230 2969 quia
3257 2899 3514 2972 discipuli
3547 2899 3668 2970 ejus
3701 2911 3866 2958 noctu
3897 2913 4194 2970 venerunt,

2562 2996 2619 3044 et
2648 2989 2816 3046 furati
2847 2998 2978 3045 sunt
3003 3006 3131 3047 eum
3151 3032 3167 3058 ,
3217 2991 3372 3048 vobis
3403 2991 3839 3061 dormientibus;
3871 3003 3929 3050 et
3957 2996 4002 3052 si
4029 2997 4192 3050 audi-

2564 3089 2679 3137 tunt
2710 3080 2877 3139 fuerit
2908 3098 2941 3138 a
2965 3084 3221 3153 prmside,
3253 3098 3353 3138 nos
3379 3084 3734 3140 suadebimus
3758 3085 3842 3152 ei,
3870 3094 3925 3142 et
3962 3101 4193 3144 securos

2566 3186 2667 3228 vos
2691 3170 2958 3238 faciemus
2985 3172 3205 3244 (Matth.
3225 3173 3450 3244 xxvnt).
3475 3192 3494 3226 ι
3525 3173 3619 3229 Isti
3649 3175 3919 3245 siquidem
3951 3177 4192 3234 docuere

2567 3263 2860 3329 custodes,
2912 3272 2973 3318 ut
3024 3263 3377 3320 mendacium
3431 3265 3734 3338 ﬁngerent;
3789 3266 3879 3322 ille
3927 3271 4192 3340 praecepit

2565 3354 2908 3422 oﬁicialibus,
2940 3366 3001 3412 ut
3023 3357 3313 3412 veritatem
3335 3357 3559 3414 silentio
3582 3359 4009 3431 supprimerent.
4042 3363 4193 3428 Utri-

2565 3464 2672 3519 que
2703 3449 2964 3505 nimirum
3010 3448 3262 3505 veritatis
3291 3457 3422 3505 sunt
3450 3449 3695 3518 inimici,
3732 3452 3862 3508 dum
3905 3463 4002 3510 aut
4031 3471 4188 3512 com-

2565 3554 2753 3602 menta
2799 3544 3031 3600 fallaciae
3075 3545 3330 3616 nequiter
3373 3545 3685 3614 fabricant,
3733 3555 3832 3603 aut
3888 3550 4185 3611 veritatem

2565 3639 2786 3696 silentio
2816 3636 3176 3709 malignitatis
3197 3637 3499 3694 occultant.

2634 3773 2746 3831 Nos
2776 3782 2993 3841 autem,
3041 3772 3243 3829 fratres
3275 3774 3626 3842 charissimi,
3675 3775 3770 3848 qui
3819 3786 3928 3834 tam
3975 3781 4186 3854 egregii

2563 3870 2927 3926 constantiam
2975 3868 3307 3940 praeliatoris
3350 3869 3695 3937 audivimus,
3744 3872 3838 3942 qui
3877 3881 4045 3931 tanta:
4073 3876 4193 3932 vir-

2564 3962 2697 4017 tutis
2726 3961 2960 4033 insignia
2989 3971 3248 4038 tanquam
3281 3961 3464 4031 posita
3503 3962 3607 4016 sub
3652 3963 3828 4019 oculis
3867 3963 4148 4021 intuemur
4169 4009 4186 4034 ,

2561 4071 2617 4113 et
2646 4057 2752 4129 ipsi
2783 4056 3016 4111 virtutes
3037 4055 3245 4111 habere
3270 4071 3398 4110 cum
3430 4054 3526 4110 Dei
3553 4056 3949 4126 omnipotentis
3975 4059 4185 4115 auxilio

2561 4151 2897 4207 studeamus.
2923 4149 3135 4205 Pudeat
3161 4150 3264 4205 sub
3291 4148 3523 4221 ignavia:
3548 4158 3770 4222 torpore
3799 4149 4182 4224 languescere,

2559 4244 2686 4314 quia
2717 4243 2854 4299 alios
2882 4243 3164 4299 cernimus
3200 4257 3325 4297 cum
3361 4251 3509 4297 tanta
3539 4243 3607 4298 ad
3649 4241 3850 4298 etelum
3879 4244 4050 4315 gloria
4081 4261 4181 4318 pe-

2559 4345 2798 4391 netrare.
2847 4334 3148 4390 lncalescat
3194 4349 3352 4391 mens
3392 4343 3583 4390 nostra
3615 4334 3684 4391 ad
3715 4350 3950 4408 agonem
3997 4347 4184 4396 certa-

2557 4427 2750 4493 minis;
2777 4433 2832 4482 et
2856 4427 2904 4481 si
2931 4442 3040 4486 non
3060 4426 3216 4481 timet
3238 4426 3504 4481 audacter
3522 4441 3648 4482 cum
3677 4427 3834 4484 hoste
3858 4428 4181 4503 conﬂigere.
4226 4469 4233 4475 -

2556 4531 2664 4573 non
2720 4517 2934 4572 dubitet
2976 4515 3116 4572 duce
3157 4515 3415 4587 Christo,
3467 4514 3686 4572 facilem
3729 4517 3833 4573 sibi
3889 4518 4180 4580 victoriam

841 4606 1060 4693 stadio,
1113 4637 1170 4682 et
1218 4606 1622 4697 imperterritus
1648 4623 1820 4679 stetit.
1862 4621 2179 4678 Elaboravit
2207 4621 2262 4677 in
2311 4623 2449 4691 otio,
2481 4606 2866 4682 υρτονθηὶπει
2917 4607 2987 4663 El

2025 4621 2179 4677 ,ηνη
2207 4621 2262 4677 in
2311 4623 2449 4691 οιίο⁹
2481 4606 2532 4666 D
2557 4608 2866 4682 provenire.
2917 4607 2987 4663 Et
3033 4608 3254 4679 quidem
3301 4608 3460 4664 nobis
3512 4609 3693 4664 minor
3715 4617 3804 4666 est
3829 4611 4003 4678 labor,
4048 4629 4177 4672 cum

840 4716 987 4784 quod
1015 4716 1294 4788 superavit
1319 4716 1375 4770 in
1403 4714 1564 4771 bello.
1589 4713 1738 4770 intra
1765 4715 1918 4792 pacis
1947 4714 2151 4769 moenia
2173 4714 2452 4788 conquisi-

839 4804 942 4870 vit,
971 4807 1115 4876 quod
1147 4806 1201 4862 in
1225 4821 1420 4878 campo
1447 4806 1623 4862 victor
1654 4805 1911 4862 obtinuit.

910 4895 1060 4954 Inter
1082 4906 1278 4954 ctrtera
1307 4905 1490 4954 autem
1519 4897 1843 4954 meritorum
1864 4896 1984 4969 ejus
2012 4897 2246 4971 insignia
2269 4940 2285 4967 ,
2311 4898 2444 4955 illud

836 4995 1057 5059 quantae
1081 4986 1267 5060 gloriae
1299 4995 1406 5054 est,
1439 4989 1583 5060 quod
1607 4989 1799 5044 beatus
1826 4989 1938 5056 hic,
1968 4997 2024 5046 et
2050 4990 2448 5058 invictissimus

837 5089 1075 5152 martyr,
1102 5095 1229 5137 mox
1255 5089 1317 5136 ut
1339 5083 1518 5154 capite
1546 5096 1724 5138 caesus
1749 5090 1853 5149 est,
1880 5083 2098 5139 turbida
2124 5093 2444 5154 tempestas,

833 5184 896 5232 et
919 5173 1088 5230 nimia
1110 5175 1419 5232 coruscatio
1440 5176 1642 5232 dicitur
1665 5177 1996 5234 emersisse?
2030 5176 2147 5234 lloc
2169 5179 2445 5249 siquidem

837 5268 1036 5325 divinae
1057 5268 1161 5326 fuit
1185 5271 1460 5341 aequitatis
1476 5271 1771 5343 judicium,
1802 5279 1862 5326 ut
1888 5286 1988 5344 per
2013 5271 2121 5328 hoc
2154 5269 2444 5328 manifesta

837 5359 1196 5428 claresceret,
1219 5362 1364 5433 quod
1395 5362 1489 5434 qui
1534 5369 1831 5434 martyrem
1869 5377 2029 5419 suum
2061 5361 2359 5434 recipiebat
2389 5362 2443 5419 in

837 5453 1031 5526 gloria,
1059 5463 1293 5512 tortores
1322 5457 1441 5528 ejus
1465 5457 1628 5530 digne
1659 5457 1897 5513 terrebat
1925 5458 1978 5514 in
2006 5458 2107 5512 ira.

907 5547 991 5603 Ad
1023 5549 1426 5606 terriﬁcandum
1458 5550 1645 5622 itaque
1684 5551 1947 5621 reprobus
1985 5551 2300 5607 coruscatio
2323 5595 2339 5622 ,
2388 5560 2444 5608 et

839 5644 1132 5708 tempestas
1158 5639 1366 5710 erupit;
1403 5639 1603 5713 quibus
1633 5641 1883 5698 videlicet
1914 5642 2306 5699 comitantibus
2352 5659 2443 5698 su-

835 5743 1038 5798 pernus
1073 5731 1278 5788 arbiter
1318 5733 1387 5788 ad
1420 5732 1687 5802 judicium
1727 5734 1941 5800 veniet,
1996 5735 2140 5790 sicut
2184 5749 2280 5805 per
2311 5751 2442 5805 pro-

834 5819 1057 5891 phetam
1085 5812 1287 5879 dicitur
1316 5842 1330 5878 :
1368 5843 1389 5877 ι
1424 5825 1570 5898 Ignis
1596 5835 1722 5880 ante
1743 5843 1867 5882 eum
1897 5828 2134 5899 prmibit,
2158 5838 2215 5885 et
2245 5829 2298 5886 in
2327 5829 2437 5884 cir-

1238 5920 1519 5986 Ρηιοι.
1556 5922 1832 6001 exuv.

2559 4713 2742 4760 tamen
2774 4717 3068 4760 commune
3115 4703 3188 4758 sit
3236 4702 3546 4773 praemium.
3597 4702 3734 4772 Quis
3773 4705 3919 4760 enim
3963 4709 4181 4764 nesciat

2553 4795 3064 4869 incomparabiliter
3089 4810 3212 4851 esse
3242 4793 3514 4852 diﬁicilius
3542 4795 3722 4869 gladio
3744 4797 4018 4855 cervicem
4039 4802 4179 4858 sub-

2553 4884 2706 4963 dere,
2732 4907 2897 4964 quam
2926 4890 3065 4962 gulae
3087 4890 3379 4946 illecebras
3399 4890 3704 4946 cohibere?
3727 4891 3860 4959 Quis
3889 4907 3998 4950 non
4024 4893 4180 4951 malit

2551 4977 2788 5044 estuare
2834 4985 3153 5048 laboribus,
3203 4982 3290 5039 vel
3334 4983 3584 5040 nuditate
3627 4981 3959 5056 frigescere,
4008 5001 4177 5057 quam

2553 5077 2899 5134 ﬂammarum
2946 5075 3246 5132 furentium
3280 5076 3533 5132 incendia
3564 5075 3877 5133 sustinere?
3903 5075 4036 5146 Quis
4064 5094 4178 5138 non

2554 5173 2728 5228 levius
2758 5178 2983 5228 censeat
3010 5170 3243 5236 esurire,
3276 5177 3333 5225 et
3361 5169 3518 5225 sitire
3538 5210 3554 5235 ,
3578 5184 3744 5241 quam
3787 5170 3902 5226 radi
3930 5170 4173 5240 ungulis,

2551 5265 2636 5322 vel
2670 5264 2969 5321 bestiarum
3009 5263 3286 5320 morsibus
3313 5262 3491 5319 tradi?
3528 5262 3612 5318 An
3662 5279 3767 5318 non
3806 5263 4175 5334 periculosius

2550 5367 2658 5423 est,
2688 5359 2741 5412 in
2770 5355 2989 5429 publico
3013 5355 3277 5411 micantia
3306 5352 3656 5411 frementium
3685 5370 3877 5425 regum
3912 5355 4172 5413 mandata

2550 5457 2928 5514 contemnere,
2959 5461 3127 5518 quam
3155 5446 3397 5502 latenter
3428 5445 3483 5500 in
3524 5454 3708 5502 mente
3736 5446 3924 5518 pravis
3952 5448 4169 5516 cOgita-

2551 5545 2795 5601 tionibus
2842 5541 3164 5599 contraire?
3217 5540 3586 5612 Setnetipsum
3639 5540 3801 5596 morti
3851 5540 4167 5597 ultroneum

2551 5640 2792 5704 tradere,
2821 5652 2986 5708 quam
3035 5635 3350 5692 voluntates
3395 5635 3648 5707 proprias
3669 5677 3684 5701 ,
3715 5646 3773 5691 et
3810 5635 3994 5691 carnis
4024 5637 4172 5693 desi—

2550 5733 2700 5790 deria
2745 5729 3065 5788 refrenare?
3104 5729 3242 5787 Cum
3288 5730 3474 5802 itaque
3515 5731 3698 5786 minus
3750 5729 4051 5787 laborando
4098 5733 4169 5788 ad

2549 5828 2796 5886 eamdem
2820 5825 3217 5883 beatitudinem
3257 5825 3564 5889 tendimus,
3595 5841 3694 5880 cur
3735 5825 4083 5884 decertantes
4114 5828 4172 5884 in

3546 5920 3627 5983 26
