5450 6392
798 401 903 458 8ιό

2283 388 2519 447 εειωο
2550 387 2664 444 LV.

4002 376 4113 435 8ιὸ

790 511 1004 581 litibus,
1027 507 1377 567 detractoriis
1406 508 1752 563 sermonibus
1790 504 2145 576 jucundatur,
2179 505 2397 559 evolan-
2425 516 2475 570 Α
2504 514 2612 553 non
2637 496 2981 553 defendimus
3020 494 3325 561 dimissam,
3359 493 3429 549 ad
3475 504 3675 549 metam
3706 507 3905 549 cursus
3928 493 4116 563 porri-

795 605 927 662 dum
948 603 1120 660 estad
1142 601 1366 657 secundi
1389 600 1592 671 gradus
1614 599 2029 677 sublimitatem,
2054 606 2115 652 ut
2136 598 2391 653 sitmitis.

796 695 945 752 Mitis
973 702 1086 760 est,
1128 693 1223 764 qui
1252 693 1388 748 nulli
1420 682 1600 748 reddit
1630 692 1832 748 malum
1863 707 1964 763 pro
2007 691 2170 749 malo.
2206 690 2394 746 Laesus

794 786 1011 843 veniam
1041 784 1214 855 petit,
1263 792 1321 838 et
1350 783 1626 839 hencfacit
1656 782 1999 837 laedentibus.
2031 780 2145 836 Nec
2176 783 2392 852 plenam

789 878 963 945 jactet
990 874 1309 938 victoriam,
1360 872 1606 942 quisquis
1650 872 1794 926 hunc
1826 870 2076 925 fortassis
2122 870 2389 936 ascendit,

793 981 919 1021 cum
947 965 1017 1019 s'it
1045 964 1194 1019 omni
1226 962 1589 1034 lacrymarum
1632 960 1782 1015 fonte
1812 961 2198 1032 plangendum,
2246 963 2392 1031 quod

793 1059 981 1115 tandiu
997 1058 1130 1123 luto,
1148 1066 1201 1113 et
1226 1038 1389 1127 292
1414 1056 1572 1110 lateri
1591 1055 1691 1110 sub
1703 1054 2007 1111 Pharaonis
2036 1056 2390 1115 servierintus

790 1156 1102 1219 potestate;
1146 1156 1201 1202 et
1238 1148 1361 1201 ideo
1383 1146 1565 1210 beati,
1592 1146 1683 1213 qui
1733 1145 1943 1216 lugent.
1985 1132 2388 1202 Luctusautem

787 1248 1105 1297 sanctorum
1132 1254 1238 1294 non
1266 1247 1347 1293 est
1378 1237 1443 1292 de
1470 1237 1833 1291 diminutione
1862 1252 2068 1302 rerum,
2100 1238 2165 1292 de
2192 1253 2388 1309 corpo-

787 1348 912 1387 rum
936 1331 1269 1396 infirmitate,
1301 1330 1369 1384 de
1398 1329 1685 1406 ferocitate
1710 1328 2046 1385 sublimioris
2070 1333 2385 1399 potestath;

784 1422 976 1495 lugent
997 1424 1141 1481 enim
1170 1431 1417 1494 peccata,
1442 1422 1529 1477 vel
1556 1423 1799 1493 propria,
1822 1423 1909 1478 vel
1934 1422 2137 1489 aliena,
2170 1424 2386 1479 ruinam

782 1515 1014 1581 mundi,
1065 1513 1451 1569 detrimentum
1498 1512 1663 1579 fidei,
1710 1522 2086 1585 contemptum
2108 1513 2382 1585 justitize,

784 1606 1172 1662 abundantiam
1208 1604 1538 1676 iniquitatis,
1570 1605 1893 1662 dilationem
1919 1607 2095 1678 regni.

855 1695 969 1752 Nec
1013 1696 1104 1751 hic
1145 1697 1629 1753 consummationis
1683 1700 1955 1754 terminus
1997 1699 2381 1770 imponendos,

710 1804 711 1807 ‘
781 1802 911 1843 cum
946 1786 1191 1857 perfecta
1219 1787 1437 1857 justitia
1472 1788 1549 1843 sit
1583 1788 1815 1859 diligere
1866 1790 2179 1860 proximum
2241 1792 2383 1847 sicut

2501 592 2676 661 genas
2699 597 2785 644 est
2814 589 3062 655 dextera,
3093 595 3155 642 ut
3179 600 3279 657 pro
3299 584 3514 656 iustitia
3543 601 3650 641 non
3676 586 3853 642 solum
3894 593 4114 665 nostra,

2501 679 2597 735 sed
2625 691 2680 734 et
2708 674 2936 734 alterius
2960 678 3403 749 persecutionem
3447 678 3754 748 patiamur,
3802 686 3858 734 et
3885 678 4122 734 resista-

2500 785 2622 824 mus
2651 784 2823 838 usque
2853 770 2922 824 ad
2952 770 3309 841 sanguinem,
3345 770 3432 826 vel
3462 784 3638 841 usque
3665 770 3736 825 ad
3762 779 4019 840 mortem.
4047 770 4116 828 Et

2498 861 2603 915 hoc
2629 870 2733 926 est,
2767 861 2912 931 quod
2942 860 3297 931 subsequitur
3326 879 3339 916 :
3379 880 3398 913 ι
3436 860 3610 925 Beati,
3644 861 3738 932 qui
3778 863 4118 933 persecutio—

2496 972 2621 1011 nem
2648 958 2936 1027 patiuntur
2960 956 3500 1038 propterjustitiam.
3537 976 3556 1010 ι
3603 956 3736 1012 Post
3776 958 3896 1013 haec
3928 967 4117 1013 autem

2494 1050 2662 1121 quid?
2688 1049 2788 1105 llic
2816 1050 3167 1105 adhmremus
3193 1049 3424 1105 Domino
3442 1090 3457 1116 ,
3500 1056 3557 1105 et
3583 1064 3726 1105 unus
3755 1064 3881 1104 cum
3908 1063 3976 1107 eo
4002 1050 4120 1124 spi-

2495 1141 2634 1195 ritus
2661 1140 2948 1196 elﬁcimur.
2996 1140 3100 1197 Hic
3154 1140 3519 1212 disrumpitur
3567 1142 3775 1207 nubes,
3806 1152 3863 1197 et
3910 1142 4120 1200 transit

2493 1231 2696 1285 oratio.
2744 1231 2845 1291 Hic
2894 1232 3136 1288 revelata
3185 1232 3328 1287 facie
3390 1231 3623 1302 gloriam
3674 1220 3889 1287 Domini
3944 1233 4111 1307 293

2491 1318 2859 1387 speculamur.
2905 1318 3005 1375 llic
3039 1319 3273 1375 dulcedo
3308 1319 3558 1389 Spiritus,
3612 1318 3791 1374 cordis
3839 1320 4110 1385 suavitas,

2483 1408 2738 1481 jubilatio
2780 1412 3001 1467 mentis.
3052 1411 3253 1467 Beatus
3285 1411 3571 1483 [pepulus,
3608 1413 3702 1482 qui
3757 1413 3861 1468 scit
3902 1411 4115 1480 jubila-

2484 1496 2699 1558 tionem
2735 1501 2910 1576 (Psal.
2957 1502 3251 1575 Lxxxvtn).

2563 1593 2858 1653 Videamus
2900 1597 2944 1651 si
2974 1595 3117 1652 forte
3163 1597 3344 1666 aliqua
3387 1597 3661 1652 sermonis
3706 1596 4105 1669 consequentia

2486 1686 2856 1743 beatitudines
2881 1688 3017 1743 istas
3042 1696 3250 1759 septem
3276 1688 3434 1742 donis
3468 1689 3525 1741 ὃ.
3563 1686 3805 1770 διιίεἰιυε
3830 1689 4107 1757 possimus

2487 1778 2792 1849 assignare.
2836 1776 3230 1849 Paupertatem
3258 1778 3487 1849 spiritus
3524 1787 3753 1849 generat
3784 1779 3953 1833 timor
3983 1778 4102 1841 Dei.

710 1870 713 1875 ’
780 1879 1055 1950 seipsum;
1102 1886 1158 1934 et
1206 1877 1327 1947 ejus
1374 1893 1637 1937 excessus
1685 1880 1857 1937 libera
1902 1882 2238 1947 discretione
2262 1923 2277 1948 ,
2327 1892 2384 1939 et
2413 1885 2459 1945 Β
2488 1870 2580 1940 qui
2614 1870 2808 1940 pungit
2836 1870 3101 1936 animam,
3126 1880 3180 1924 ct
3206 1870 3533 1942 sanguinem
3556 1870 3721 1933 elicit,
3750 1879 3805 1925 et
3829 1871 3978 1943 cogit
4003 1886 4105 1927 nos

710 1986 713 1991 '
775 1969 1018 2026 discreta
1045 1970 1372 2040 redarguere
1395 1970 1669 2027 libertate.
1700 1972 1804 2041 Qui
1827 1972 1973 2027 enim
1997 1989 2096 2044 pro
2124 1989 2380 2045 persona,

775 2078 943 2135 quam
972 2063 1131 2134 gerit,
1164 2078 1272 2117 non
1306 2064 1509 2119 resistit
1537 2065 1919 2135 peccantibus,
1965 2066 2031 2121 de
2060 2082 2161 2122 suo
2198 2082 2259 2122 se
2285 2082 2385 2121 no-

777 2152 921 2208 verit
947 2152 1165 2208 silentio
1190 2166 1313 2219 esse
1342 2154 1737 2210 damnandum.
1783 2155 1972 2211 Esurit
1999 2171 2154 2227 ergo,
2184 2166 2241 2212 et
2266 2158 2384 2213 sitit

769 2241 1075 2313 justitiam,
1129 2246 1223 2314 qui
1266 2240 1397 2299 vitia
1446 2246 1723 2315 destruit,
1786 2249 2057 2303 construit
2106 2249 2379 2315 virtutes;

712 2350 713 2353 ‘
776 2333 996 2391 sobrius
1024 2334 1149 2399 sibi,
1182 2333 1363 2403 justus
1404 2336 1693 2406 proximo,
1726 2338 1848 2407 pius
1877 2338 2008 2393 Deo.
2055 2338 2225 2409 Cujus
2268 2342 2383 2395 ani-

774 2439 927 2482 mam
950 2429 1059 2483 urit
1088 2430 1239 2485 zelus
1269 2431 1464 2489 domus
1494 2432 1613 2499 Dei,
1663 2436 1755 2505 qui
1802 2445 1990 2491 cantat
2017 2452 2140 2493 cum
2176 2438 2327 2508 justo
2360 2455 2375 2492 :

780 2534 801 2570 α
834 2516 1136 2577 Tabcsoere
1183 2538 1273 2578 me
1322 2522 1453 2579 fecit
1500 2525 1651 2581 zelus
1696 2536 1842 2595 tuus,
1891 2529 2020 2599 quia
2050 2528 2206 2584 obliti
2250 2539 2382 2586 sunt

772 2613 943 2669 verba
968 2622 1059 2668 tua
1086 2614 1294 2672 inimici
1318 2618 1448 2673 mei.
1486 2638 1506 2671 ι

847 2702 956 2761 Sed
996 2705 1122 2776 quia
1170 2709 1466 2763 secundum
1503 2726 1693 2767 vocem
1741 2715 1999 2779 oratoris,
2053 2716 2377 2786 plerumque

770 2794 1145 2866 summumjus
1168 2798 1376 2854 malitia
1398 2810 1503 2866 est,
1518 2811 1573 2855 et
1595 2803 2218 2875 ineonsideratajustitia
2240 2823 2378 2876 prae-

769 2885 1019 2955 cipitium
1055 2889 1310 2957 parturit,
1342 2889 1465 2947 ideo
1495 2894 1742 2963 sequitur
1773 2911 1785 2947 ;
1826 2912 1844 2945 ‹
1878 2894 2030 2949 Beati
2062 2898 2378 2951 misericor-

768 2976 887 3032 des.
932 2995 953 3029 ι
988 2974 1364 3037 Misericordia
1395 2993 1481 3038 est
1509 2986 1818 3054 speciosum
1872 2989 2127 3043 humanze
2163 2999 2373 3047 naturae

762 3075 1177 3135 ornamentum,
1221 3071 1378 3143 cujus
1405 3088 1601 3145 expers
1634 3076 1776 3131 male
1821 3077 2152 3149 degenerat,
2193 3092 2249 3137 et
2276 3084 2375 3139 ho-

763 3157 971 3212 minem
1006 3158 1283 3216 dillitetur.
1314 3163 1408 3218 Est
1449 3174 1629 3219 autem
1661 3182 1786 3221 vera
1820 3170 2220 3237 misericordia,
2245 3189 2368 3229 cum

2489 1979 2738 2033 quaarere
2767 1964 3119 2019 medicinam.
3150 1963 3196 2017 Δ
3246 1962 3444 2017 timore
3478 1972 3593 2028 tuo,
3627 1961 3883 2026 Domine,
3905 1977 4103 2019 conco-

2486 2058 2665 2127 pimus
2720 2066 2778 2112 et
2824 2055 3223 2126 parturivimus
3254 2095 3270 2121 ,
3310 2044 3566 2125 spiritum
3626 2053 3825 2109 salutis
3869 2052 4103 2109 fecimus

2448 2192 2451 2195 .
2486 2165 2653 2220 super
2688 2158 2918 2217 terram,
2960 2151 3065 2205 hoc
3116 2158 3221 2215 est,
3273 2148 3530 2218 spiritum
3563 2148 3923 2219 paupertatis,
3969 2146 4105 2206 dicit

2485 2241 2654 2298 lsaias
2701 2243 2965 2314 propheta
3014 2241 3151 2314 (Ita.
3182 2240 3358 2312 xxvr),
3413 2240 3526 2294 imo
3564 2254 3661 2310 per
3680 2239 3877 2295 Isaiam
3908 2239 4100 2295 Domi—

2486 2354 2611 2394 nus.
2642 2338 2743 2395 Hic
2772 2340 2905 2396 facit
2948 2354 3047 2395 nos
3081 2339 3354 2394 mundana
3390 2338 3473 2395 vel
3510 2339 3843 2409 relinquere,
3878 2337 3966 2394 vel
3988 2354 4101 2395 non

2483 2436 2901 2506 concupiscere,
2952 2435 3138 2491 clavus
3176 2434 3393 2490 clavum
3447 2433 3753 2505 expellens,
3798 2442 3855 2489 et
3892 2434 4101 2504 pertin-

2480 2544 2616 2600 gens
2637 2544 2812 2599 usque
2845 2529 2915 2584 ad
2964 2528 3289 2584 divisionem
3322 2527 3520 2582 anima:
3552 2536 3608 2582 et
3639 2528 3887 2597 spiritus.
3911 2524 4098 2581 Pietas

2480 2629 2668 2675 autem
2698 2621 2859 2676 mites
2882 2619 3033 2685 facit,
3068 2622 3196 2674 dum
3225 2636 3324 2675 nos
3352 2619 3582 2675 dulciori
3622 2619 3816 2689 spiritu
3841 2618 4098 2689 superfu-

2479 2726 2571 2767 sos
2624 2711 2694 2765 ad
2740 2710 3181 2766 mansuetudinis
3240 2710 3541 2766 thalamum
3610 2709 3932 2765 introducit.
3988 2708 4095 2777 Qui

2478 2804 2625 2859 enim
2658 2786 2878 2860 efferati
2912 2818 3039 2857 sunt
3065 2802 3346 2871 superbia,
3376 2801 3639 2857 sublimes
3664 2802 3717 2856 in
3749 2802 3927 2857 oculis
3950 2799 4091 2865 suis,

2478 2898 2738 2951 ardentes
2785 2896 3011 2960 invidia,
3078 2895 3315 2950 invicem
3372 2895 3710 2960 mordentes,
3754 2902 3808 2949 et
3853 2894 4091 2949 invicem

2477 2988 2814 3059 consumpti,
2846 2988 3122 3058 quomodo
3170 2987 3503 3058 mitigatoria
3537 2995 3765 3056 possunt
3796 2987 3945 3041 indm
3976 2988 4093 3060 pie-

2478 3088 2588 3135 tate
2610 3080 2633 3134 ?
2654 3080 2825 3135 Porro
2856 3080 3087 3135 scientia
3118 3078 3323 3133 luctum
3357 3080 3521 3149 parit.
3548 3078 3767 3133 Scimus
3787 3078 3936 3133 enim
3959 3079 4089 3147 quia

2475 3170 2776 3242 singularis
2810 3170 3045 3225 scientia
3088 3179 3174 3223 est
3230 3169 3538 3239 recogitare
3576 3184 3749 3222 annos
3784 3176 4003 3223 nostros
4033 3168 4090 3223 in

760 3251 1205 3321 superexaltatur
1234 3255 1610 3312 misericordia
1648 3255 1891 3327 judicio,
1919 3277 2043 3317 eum
2076 3262 2159 3317 vel
2206 3263 2370 3335 largi-
2398 3243 2442 3303 (ἶ
2475 3262 2851 3318 amaritudine
2896 3261 3095 3315 animae
3124 3268 3327 3335 nostra;
3350 3259 3509 3330 (lsai.
3540 3258 3797 3330 xxxvrn),
3823 3268 3878 3313 et
3906 3259 4091 3315 multi-

760 3349 882 3396 tate
924 3340 1260 3407 substantia),
1311 3346 1397 3400 vel
1442 3346 1583 3402 bona
1614 3348 1932 3418 voluntate,
1980 3353 2065 3409 vel
2117 3354 2364 3411 doctrina

755 3429 939 3496 verbi,
966 3432 1052 3486 vel
1078 3434 1326 3505 exemplo
1347 3435 1503 3501 facti,
1536 3438 1772 3509 proximi
1800 3455 2021 3513 corpus,
2047 3456 2102 3499 et
2124 3446 2363 3501 animam

756 3520 1096 3579 relevemus.
1123 3524 1256 3599 Cum
1284 3538 1468 3583 autem
1490 3529 1607 3600 jam
1636 3537 1668 3585 a
1697 3531 1947 3588 claritate
1977 3535 2029 3589 in
2058 3536 2362 3595 claritatem

754 3614 844 3672 sic
888 3618 1217 3687 coeperimus
1245 3621 1563 3690 ambulare,
1594 3638 1626 3679 a
1659 3622 1908 3699 claritate
1950 3629 2135 3683 cordis
2166 3631 2361 3698 nostri,

754 3705 829 3761 ad
856 3705 1267 3764 clarilleandum
1290 3725 1386 3767 cor
1416 3714 1673 3782 proximi,
1721 3717 2022 3772 mundandi
2067 3734 2257 3776 sumus
2295 3722 2365 3775 ab

752 3797 908 3851 omni
963 3797 1376 3869 inquinamento
1426 3803 1610 3859 carnis
1666 3814 1722 3860 et
1785 3807 2048 3877 spiritus,
2092 3811 2161 3866 ab
2212 3813 2361 3867 omni

753 3883 923 3953 hujus
965 3888 1148 3942 mundi
1193 3891 1542 3961 aspersione,
1590 3909 1725 3963 pure
1769 3911 2067 3969 prcsseque
2094 3902 2357 3971 tergendi.

752 3976 904 4032 sicut
928 3976 1308 4049 subiungitur:
1342 4000 1360 4032 ι
1396 3982 1548 4037 Beati
1581 3986 1784 4041 mundo
1813 3989 2001 4045 corde.
2034 4008 2054 4042 ι
2083 3989 2215 4058 Quis
2242 3992 2360 4063 διο-

753 4070 992 4125 riabitur
1012 4079 1225 4128 castum
1251 4075 1542 4131 se'habere
1582 4092 1680 4133 cor
1729 4076 1915 4149 (Prov.
1961 4081 2096 4151 xx)?
2121 4081 2357 4139 Pravum

736 4172 840 4227 est
894 4177 993 4217 cor
1042 4163 1314 4233 hominis,
1363 4176 1417 4220 et
1451 4169 1844 4226 .incrustahile.
1884 4173 2017 4241 Quis
2060 4189 2358 4246 cognoscet

747 4253 925 4309 illud?
946 4253 1080 4325 (Jer.
1110 4258 1270 4328 xvii.)
1303 4258 1530 4314 Difﬁcile
1549 4271 1633 4316 est
1676 4262 1807 4318 illud
1840 4268 2125 4333 mundare,
2152 4284 2274 4323 cum
2303 4271 2353 4324 in

748 4345 871 4401 suis
897 4346 1097 4405 abditis
1121 4350 1478 4417 delitescens,
1527 4355 1855 4413 irruentium
1885 4360 2111 4430 recipiat
2138 4365 2354 4433 agmina

748 4437 1183 4508 cogitationum,
1231 4442 1521 4514 plurimum
1560 4448 1726 4503 etiam
1772 4451 2135 4508 renitentibus
2172 4454 2347 4521 nobis,

749 4529 851 4585 sed
881 4543 1225 4601 nequaquam
1254 4534 1429 4589 obniti
1470 4536 1797 4594 valentibus.
1839 4540 1934 4596 llle
1975 4542 2142 4612 igitur
2187 4562 2347 4599 mun-

751 4622 883 4677 dum
914 4637 1012 4691 cor
1039 4624 1221 4690 habet,
1253 4627 1344 4696 qui
1376 4628 1660 4701 utriusque
1694 4631 1950 4689 hominis'
1980 4605 2217 4693 motibus
2251 4640 2352 4695 mi-
2382 4605 2431 4665 Β

754 4712 963 4784 ligatis,
993 4714 1273 4784 passiones
1322 4733 1428 4773 non
1448 4764 1456 4770 Α
1479 4722 1642 4779 modo
1670 4726 1943 4801 reprimit,
1972 4730 2069 4785 sed
2114 4731 2349 4803 ignorat,

753 4806 989 4861 naturali
1014 4822 1177 4863 cursu
1199 4809 1465 4867 bonorum
1506 4829 1735 4885 operum
1761 4820 2149 4890 communitus,
2173 4826 2352 4887 cruci‘

752 4895 893 4954 ﬁxus
922 4900 1148 4968 mundo,
1175 4911 1231 4958 et
1255 4904 1344 4960 cui
1372 4906 1667 4975 crucifixus
1693 4920 1776 4967 est
1820 4915 2054 4972 mundus
2086 4915 2230 4990 (Gal.
2261 4919 2346 4992 ιι).

747 4989 915 5046 Pauci
947 5002 1149 5073 autem,
1199 4996 1398 5068 quibus
1428 5013 1487 5055 se
1518 4999 1778 5058 infuderit
1820 5012 1983 5061 tanta:
2013 4989 2207 5079 gratiae
2236 4989 2352 5081 ple-

748 5083 959 5141 nitudo.
985 5084 1306 5165 Quicunque
1335 5100 1518 5146 autem
1552 5093 1626 5149 illi
1656 5104 1787 5153 snnt
1807 5138 1826 5163 ,
1863 5100 1977 5169 jam
2009 5112 2135 5156 sunt
2180 5119 2349 5175 prope

746 5174 983 5244 palmam
1029 5192 1281 5246 superum
1326 5183 1651 5249 vocationis,
1678 5188 1744 5243 si
1790 5202 1960 5258 pace,
2010 5207 2118 5262 qua
2157 5174 2346 5250 refecti

746 5270 897 5334 sunt,
924 5268 1215 5337 pacificare
1242 5274 1501 5329 studeant
1526 5276 1876 5349 dissidentes,
1924 5291 1979 5338 et
2006 5284 2188 5341 dicere
2218 5300 2343 5343 cum

744 5356 1015 5452 Propheta
1044 5378 1057 5415 :
1097 5380 1115 5413 ι
1147 5362 1285 5421 Cum
1313 5364 1398 5421 bis
1436 5367 1529 5438 qui
1572 5370 1807 5428 oderunt
1833 5390 2020 5446 pacem
2072 5392 2220 5435 eram
2250 5397 2345 5452 pa-

742 5450 933 5508 cilicus
959 5452 1138 5525 (Prol.
1184 5461 1359 5532 cxtx).
1399 5480 1419 5519 ο
1453 5460 1665 5519 Idcirco
1712 5468 2092 5526 subinfcrtur:
2136 5492 2155 5526 ε
2186 5450 2337 5532 Beati

741 5542 974 5613 paciﬁci,
1013 5564 1043 5604 ι.
1064 5560 1172 5602 non
1214 5548 1389 5623 solum
1432 5554 1645 5623 pacati,
1696 5558 1791 5613 sed
1814 5561 2053 5630 pacifici,
2076 5562 2340 5623 facientes

742 5647 948 5704 pacem,
976 5639 1287 5697 concordia
1316 5644 1525 5701 semina
1553 5648 1910 5708 seminantes.

813 5722 921 5782 Sed
963 5727 1093 5797 quia
1138 5731 1336 5799 sapius
1384 5734 1469 5789 vel
1517 5737 1827 5796 adulatione
1873 5747 2211 5813 potentium,
2252 5752 2337 5806 vel

740 5827 924 5872 amore
950 5818 1661 5894 tcmporalium,justitiam
1711 5841 1804 5885 aut
1844 5834 2205 5907 dimittimus,
2243 5850 2339 5898 aut

2471 3340 2703 3428 plieibus
2725 3357 3095 3429 lacrymarum
3116 3356 3157 3409 ri
3168 3355 3305 3409 vulis
3325 3356 3547 3425 propria
3570 3353 3769 3409 deﬂere
3786 3354 4013 3411 delicta.

2544 3449 2619 3504 De
2650 3448 2972 3504 fortitudine
3002 3463 3135 3504 vero
3161 3450 3407 3504 nascitur
3445 3447 3638 3513 fames,
3686 3456 3742 3502 et
3772 3447 3895 3503 sitis
3923 3446 4090 3520 justi-

2469 3544 2595 3609 tire;
2628 3558 2751 3597 cum
2779 3542 2978 3597 virium
3006 3542 3075 3597 sit
3106 3557 3212 3597 non
3244 3556 3566 3613 pauearmn,
3599 3556 3698 3612 pro
3721 3541 4089 3611 libertateju-

2468 3637 2631 3691 stitia:
2661 3634 2823 3699 mori,
2855 3634 3053 3689 nedum
3086 3633 3234 3704 loqui
3266 3652 3282 3686 ε
3312 3644 3369 3689 et
3401 3635 3490 3688 ubi
3516 3634 3659 3687 Deus
3694 3634 3747 3688 in
3782 3650 3947 3690 causa
3972 3646 4084 3701 est,

2468 3742 2570 3782 nec
2612 3726 2759 3780 allici
2812 3705 3117 3791 blanditiis,
3147 3741 3245 3781 nec
3278 3734 3489 3779 terrore
3519 3726 3749 3781 moveri.
3776 3724 4081 3783 Consilium

2465 3829 2650 3871 autem
2690 3815 3127 3871 misericordiam
3162 3817 3326 3884 parit,
3352 3833 3474 3871 cum
3505 3833 3721 3872 summa
3757 3820 3928 3877 totius
3948 3817 4083 3877 cou-

2464 3907 2573 3964 silii
2599 3908 2672 3962 sit
2708 3906 2997 3963 consulere
3022 3908 3297 3973 omnibus,
3329 3918 3380 3963 ct
3433 3909 3788 3967 infirmitates
3820 3922 3929 3967 tam
3956 3912 4080 3968 ani-

2465 4011 2703 4063 marum,
2733 4012 2901 4069 quam
2924 4012 3219 4069 corporum
3248 3999 3482 4070 benigna
3500 4014 3667 4055 tuanu
3686 4002 4079 4059 misericordia:

2462 4090 2770 4146 sublevare.
2792 4088 3056 4146 Munditia
3078 4091 3262 4147 cordis
3288 4094 3357 4148 ali
3381 4092 3694 4149 intellectus
3722 4095 3963 4164 puritate
3987 4097 4081 4153 deo

2461 4183 2698 4247 scendit,
2727 4183 2821 4253 qui
2851 4183 3034 4238 cordis
3066 4185 3411 4255 receptacula
3441 4196 3661 4259 purgat,
3687 4197 3744 4243 et
3770 4187 4078 4246 latebrosos

2460 4276 2578 4343 ejus
2610 4274 2837 4331 affectus
2865 4277 3183 4333 acutissima
3216 4279 3731 4350 circumspectionis
3782 4283 3921 4339 falce
3950 4300 4079 4340 suc-

2458 4368 2610 4423 cidit.-
2659 4368 2834 4425 Porro
2886 4368 3151 4439 pacificus
3194 4373 3262 4424 ab
3296 4372 3468 4441 ipsius
3515 4375 3799 4444 sapientia:
3825 4378 4076 4434 nascitur

2456 4461 2795 4527 summitate,
2821 4462 3123 4519 conformis
3158 4463 3234 4520 illi
3272 4463 3591 4535 Sapientiae,
3613 4484 3737 4539 qum
3755 4472 3931 4541 pretio
3945 4487 4077 4529 san--

2456 4552 2637 4621 guinis
2666 4553 2752 4607 sui
2778 4563 2834 4608 et
2860 4562 3062 4609 terram
3091 4554 3423 4625 paciﬁcavit,
3450 4568 3507 4613 et
3528 4560 3750 4616 etelum.

2492 4648 2493 4651 “
2527 4644 2809 4702 Fortassis
2861 4648 3052 4715 etiam,
3088 4648 3133 4703 si
3172 4647 3490 4721 diligentius
3521 4667 3955 4724 perscrntemur,
3984 4674 4073 4717 se-

2454 4747 2603 4810 ptem
2640 4740 3019 4811 petitionibus,
3054 4758 3176 4813 quae
3211 4744 3265 4797 in
3295 4746 3547 4800 oratione
3580 4746 3859 4804 Dominica
3893 4754 4073 4808 conti-

2454 4838 2675 4895 nentur,
2731 4846 2827 4887 eas
2876 4833 3073 4887 iterum
3100 4846 3464 4891 concateaare
3502 4841 3824 4908 poterimus.
3853 4842 3931 4898 llli
3954 4854 4072 4901 ete-

2454 4922 2568 4978 nim
2593 4924 2661 4979 de
2690 4924 2887 4979 timore
2917 4924 3131 4982 Domini
3176 4938 3553 4998 paupertatem
3596 4934 3822 5002 spiritus
3852 4937 4069 5009 ample-

2452 5023 2699 5083 ctuntur,
2739 5018 2834 5088 qui
2874 5017 3083 5085 volunt,
3136 5028 3197 5075 ut
3229 5023 3609 5080 sanctificetur
3656 5027 3710 5081 in
3743 5027 3824 5083 eis
3864 5044 4067 5088 nomen

2453 5107 2693 5175 Domini,
2742 5120 2799 5164 et
2853 5109 3045 5165 dicunt
3074 5127 3195 5165 cum
3242 5112 3534 5170 l’salmista
3568 5135 3583 5171 :
3619 5136 3638 5169 ‹
3675 5117 3903 5177 Custodi
3940 5122 4064 5179 ani-

2450 5215 2598 5254 mam
2634 5214 2835 5265 meam,
2875 5203 3133 5272 quoniam
3160 5212 3387 5261 sanctus
3408 5221 3528 5276 sum
3572 5205 3746 5279 (Psal.
3784 5214 4010 5284 Lxxxv).
4037 5234 4057 5267 I

2451 5288 2555 5358 Qui
2605 5306 2737 5349 vero
2791 5302 2920 5348 sunt
2960 5294 3145 5359 mites,
3199 5296 3303 5351 nisi
3344 5311 3483 5368 quos
3514 5300 3689 5371 pietas
3720 5302 3933 5370 imbuit,
3967 5306 4063 5378 qui

2447 5399 2574 5439 cum
2592 5385 2859 5455 patientia
2879 5395 2935 5441 et
2959 5391 3382 5448 mansuetudine
3416 5392 3739 5465 frequenter
3754 5400 4058 5469 postulant,

2446 5476 2784 5531 utadveniat
2812 5492 3039 5548 regnum
3080 5479 3194 5546 Dei,
3244 5483 3533 5554 cupientes
3574 5486 3820 5553 dissolvi,
3850 5498 4059 5549 etesse

2439 5584 2567 5626 cum
2594 5570 2815 5627 Christo
2838 5571 2862 5625 ?
2884 5569 3144 5644 (Philipp.
3176 5573 3241 5644 t.)
3273 5573 3518 5643 Quorum
3544 5580 3891 5639 universitati
3922 5598 4056 5639 san—

2443 5669 2565 5717 ctus
2586 5669 2803 5717 eructat
2825 5662 3017 5719 dicens
3042 5680 3053 5715 :
3087 5680 3107 5716 t
3149 5665 3419 5738 Exspecta
3442 5670 3760 5738 Dominum,
3788 5682 3845 5729 et
3871 5686 4057 5731 custo-

2441 5751 2498 5807 di
2522 5753 2667 5808 viam
2699 5755 2839 5824 ejus,
2872 5762 2929 5808 et
2979 5756 3246 5813 exaltabit
3297 5768 3375 5829 te,
3422 5770 3484 5815 ut
3511 5762 3835 5821 haereditate
3864 5769 4055 5838 capias

2443 5854 2646 5902 terram
2688 5845 2863 5925 (Paul.
2888 5850 3111 5923 xxxvn);
3146 5872 3164 5905 ι
3201 5863 3350 5909 terra
3391 5854 3539 5914 enim
3583 5856 3885 5916 viventium
3927 5876 4053 5933 pto-
