2725 3198
36 527 110 989 Ξ

36 1690 47 1772 ξ

2583 19 2689 199 η

999 219 1050 249 εἰς
1314 221 1342 247 S.
1364 219 1462 247 PETRI
1484 213 1813 245 DAEIIANIOPRPARS
1834 214 1899 242 SEU
1922 215 2038 243 TOML‘S
2052 214 2083 242 ll.
2104 229 2137 235 -—
2153 213 2336 243 SERMONES
2575 210 2628 240 Il.

999 280 1115 307 mittitur
1130 279 1297 313 possidenda.
1311 277 1360 310 Qui
1377 281 1464 303 autem
1478 275 1580 310 lugent,
1595 273 1645 300 nisi
1662 280 1729 307 quos
1742 272 1780 297 in-
1798 272 1822 299 Δ
1839 277 1880 298 tur
1896 273 2041 305 imperator
2059 272 2085 298 in
2109 271 2204 302 milite,
2225 270 2352 298 laudatur
2371 268 2451 297 miles
2467 268 2496 296 In
2507 267 2626 304 Inpu-

998 326 1079 353 strult
1101 324 1211 351 scientia
1227 323 1362 354 salutaris,
1379 321 1423 356 qtti
1440 322 1542 355 piarunt
1563 320 1641 346 Ulltlis
1653 319 1782 352 lacrytua-

998 378 1057 398 rum
1070 369 1235 396 voluntatem
1251 368 1295 395 Dei
1310 368 1400 393 volunt
1417 367 1473 393 fieri
1490 367 1560 392 sicut
1576 367 1601 391 in
1618 364 1696 394 oculo,
1711 364 1745 389 ita
1760 364 1783 388 in

999 420 1068 442 terra
1085 423 1091 446 ;
1109 415 1178 442 sicut
1192 415 1217 440 in
1240 413 1350 447 angelis,
1369 413 1404 439 ita
1427 413 1452 438 iu
1465 411 1627 438 hominibus,
1644 410 1726 435 Porro
1745 409 1784 433 {a-

995 467 1064 491 mes,
1078 463 1105 486 et
1115 460 1174 486 sitis
1184 458 1294 492 justitia:
1307 458 1338 484 de
1350 457 1446 484 mentis
1462 456 1618 483 fortitudine
1627 460 1782 488 grncratnr,

995 512 1055 540 quae
1067 504 1250 538 quotidianum
1267 510 1363 537 panem
1386 502 1419 528 ab
1433 502 1497 535 ipsis
1514 501 1558 527 Dei
1576 500 1699 525 lliaiiiillls
1712 507 1783 532 qum-

995 551 1051 583 rit;
1066 558 1162 585 panem
1177 550 1250 575 illum
1279 549 1401 575 videlicet
1418 548 1462 581 qui
1479 554 1525 573 cor
1551 547 1665 572 homini:
1687 545 1783 571 mntir-

994 601 1061 623 mat.
1078 596 1127 630 Qui
1142 595 1222 622 etiam
1249 594 1439 621 misericordes
1466 597 1536 621 sunt,
1552 592 1603 617 nisi
1621 591 1664 624 qui
1682 598 1729 623 pro
1746 590 1783 615 fa-

994 641 1097 672 cultate
1110 639 1253 668 consulunt
1263 639 1400 670 omnibus,
1410 642 1438 665 et
1448 636 1543 664 audaci
1559 635 1724 663 conscientia
1737 642 1785 669 pa-

994 692 1069 714 ctum
1086 686 1189 714 faciunt
1208 692 1269 712 cum
1286 685 1352 717 Deo,
1378 684 1499 711 dicentes
1515 692 1522 709 :
1541 691 1551 708 ι
1580 681 1692 709 Dimitte
1706 680 1784 708 nobis

993 732 1084 760 debita
1099 737 1202 763 nostra,
1230 730 1302 758 sicut
1315 734 1344 757 et
1365 736 1414 757 nos
1438 728 1601 756 dimittimus
1615 726 1784 754 debitoribus

992 776 1196 813 mttostris.
1214 785 1224 803 ι
1246 775 1374 803 Mundum
1399 779 1489 802 autem
1504 781 1553 801 cor
1579 780 1632 800 non
1647 772 1698 800 nisi
1712 771 1783 799 luci-

992 822 1120 850 dissimus
1149 820 1265 856 percipit
1292 819 1457 851 intellectus,
1479 818 1524 854 qui
1537 825 1590 846 non
1605 816 1742 845 inducitur
1755 816 1783 843 in

992 867 1178 898 tentatiouem,
1209 872 1307 901 rogans
1320 873 1336 893 a
1355 865 1437 893 Patre
1460 864 1603 895 luminum,
1622 870 1675 890 non
1687 867 1781 890 utnon

992 918 1122 945 tentetur,
1144 912 1192 940 sed
1207 917 1237 939 ut
1250 919 1303 939 non
1328 911 1481 943 inducatur,
1510 909 1650 937 excutiens
1669 906 1781 935 latroci-

1838 322 1903 343 toro.
1933 316 2061 343 Testatur
2075 317 2125 342 hoc
2141 315 2308 343 Turonensis
2332 313 2452 342 Ecclesia
2468 313 2627 341 tum.

1836 364 1955 395 corporis
1971 364 2028 397 ejus
2053 363 2206 393 continens,
2228 368 2288 396 qua
2302 359 2490 395 possessiones
2503 364 2570 387 suas
2578 366 2627 387 ea-

1837 409 1919 435 lt‘ndit
1941 417 1954 433 ξι
1981 409 2047 434 mari
2062 416 2146 441 usque
2165 408 2197 433 ad
2216 414 2300 438 mare,
2317 413 2399 441 quam
2413 404 2627 433 fecundam-rs

1837 462 1921 487 rogos,
1938 458 1964 479 ct
1976 458 2140 479 ornaverunt
2156 453 2302 486 principes,
2329 452 2371 478 cui
2386 450 2502 478 Romani
2514 449 2624 485 ponti!-

1836 508 1879 526 ces
1891 508 2000 525 summm
2016 500 2148 525 libertatis
2161 499 2266 533 fastigia
2282 498 2470 533 providerunt.

1871 546 1980 571 Acmlit
1996 546 2075 571 etiam
2094 546 2125 570 ad
2140 545 2252 578 gloriam
2269 543 2442 575 confessoris,
2457 543 2519 577 quia
2541 542 2568 570 in
2585 542 2626 576 ip-

1836 592 1889 617 sius
1918 593 2019 617 lmnorc
2048 591 2174 617 nonnulla
2202 590 2305 616 sedium
2323 589 2517 623 episcopalium
2529 587 2626 615 funda-

1834 640 1923 663 menta
1939 635 2025 663 locata
2045 640 2116 666 sunt.
2140 636 2211 670 quod
2223 635 2286 670 (nisi
2302 634 2391 670 fallor)
2408 634 2442 662 de
2455 633 2510 661 alio
2520 641 2575 662 non
2590 633 2628 661 le~

1833 681 1906 716 gitur
1919 681 2086 708 conft-ssore.
2102 680 2239 709 Seiutillat
2252 680 2340 715 longe,
2352 679 2460 715 lateque
2471 679 2563 715 fulgor
2571 679 2629 707 ela-

1835 725 1925 752 ritatis
1948 725 2031 757 illius,
2046 730 2073 753 et
2089 726 2122 753 de
2137 725 2249 753 remotis
2271 724 2363 752 mundi
2377 724 2499 760 partibus
2510 724 2545 751 ad
2556 731 2627 759 pr:-

1833 770 1949 797 sentiam
1965 770 2052 797 sancti
2065 769 2189 805 corporis
2205 768 2287 805 295
2304 768 2459 797 festinatur.
2476 768 2627 796 Clementia

1833 815 1994 848 divinitatis,
2008 820 2036 843 et
2061 816 2180 851 regibus,
2192 820 2220 842 et
2236 822 2319 850 regno
2333 818 2426 841 nostro
2438 813 2558 849 providit
2574 813 2626 839 mi-

1834 860 2018 892 sericorditer.
2034 860 2081 888 ubi
2096 865 2199 887 tantum
2212 859 2302 887 lumen
2316 859 2350 886 ad
2364 859 2512 886 remedium
2526 865 2627 892 pecca-

1833 909 1923 934 torum
1951 905 1978 932 in
2001 904 2129 932 mulum
2154 904 2307 932 collocavit.
2326 904 2410 931 Actus
2424 902 2482 937 eius
2501 907 2528 930 et
2540 902 2629 929 vitam

991 958 1115 987 nantium
1141 962 1244 985 turmas
1272 957 1441 993 negotiorum
1463 955 1616 991 paciﬁcatio
1629 961 1692 981 vero
1703 961 1717 981 a
1731 952 1783 980 Sa-
1796 958 1821 989 ιι
1835 951 1952 980 Severus
1964 951 2077 986 insignis
2097 955 2200 982 orator,
2228 950 2265 977 ita
2280 956 2330 977 suo
2340 949 2491 976 nobilitavit
2505 949 2627 983 eloquio.

991 1004 1093 1040 pientia
1108 1003 1166 1039 ipsa
1188 1002 1336 1035 descendit,
1355 1002 1400 1030 ubi
1422 1001 1570 1029 liberamur
1582 1008 1597 1027 a
1612 999 1693 1031 maio,
1708 999 1782 1026 etab

992 1048 1114 1076 omnium
1137 1046 1311 1082 iniquitatum
1336 1045 1500 1074 mundamur
1513 1044 1628 1072 infiusu.
1643 1044 1705 1071 liae
1719 1047 1783 1071 sunt

991 1098 1096 1129 septem
1119 1092 1313 1124 beatituilincs,
1338 1096 1443 1127 septem
1457 1090 1538 1121 dona,
1558 1095 1661 1125 septem
1676 1089 1783 1124 petitio-

992 1144 1050 1170 nes,
1073 1141 1176 1172 septem
1205 1135 1377 1167 candelabra,
1405 1139 1508 1170 septem
1530 1135 1657 1165 lucerna.
1678 1139 1783 1168 septcm

994 1180 1138 1214 inlusoria,
1152 1185 1255 1216 septem
1268 1180 1359 1215 spicae,
1373 1184 1400 1207 et
1423 1179 1450 1207 in
1461 1186 1514 1214 qua
1528 1183 1592 1206 sunt
1607 1178 1669 1210 alia,
1682 1185 1740 1212 qure
1756 1177 1782 1204 in

993 1233 1056 1252 arce
1068 1223 1215 1260 septenarii
1226 1223 1333 1252 numeri
1345 1222 1547 1258 Scripturarum
1560 1222 1728 1250 consecravit
1736 1228 1784 1249 au-

991 1270 1114 1297 ctoritas.

1026 1313 1250 1343 Adolescentulus
1265 1321 1330 1350 ergo
1354 1321 1437 1342 ausus
1461 1321 1521 1342 sum
1550 1318 1635 1342 totam
1658 1312 1783 1341 lectionis

991 1359 1073 1394 liuius
1085 1359 1183 1388 seriem
1204 1359 1358 1394 explanare,
1376 1359 1483 1386 illorum
1499 1363 1620 1393 rogatus,
1636 1358 1691 1385 imo
1706 1365 1782 1385 com-

992 1407 1086 1442 pulsus
1107 1406 1244 1442 precibus,
1265 1410 1293 1433 et
1307 1410 1451 1441 pmepto,
1470 1405 1569 1440 quibus
1581 1404 1721 1437 nec’velle,
1733 1411 1785 1432 nec

992 1451 1319 1487 posse.fueratobviarc.
1339 1451 1392 1479 Sed
1416 1455 1445 1478 ut
1470 1450 1596 1485 ιιι-τηετιιί
1621 1449 1784 1477 solenmitati

992 1497 1189 1533 aliquantulum
1212 1497 1382 1529 insistamus,
1398 1496 1550 1528 favorabili,
1574 1500 1599 1523 et
1612 1493 1714 1523 mellita
1726 1494 1785 1522 dul-

991 1543 1088 1572 redine
1111 1543 1267 1571 redundans
1291 1547 1363 1570 tanta
1392 1542 1525 1569 festivius
1543 1546 1597 1573 cst,
1613 1541 1640 1568 in
1659 1548 1712 1576 qua
1727 1541 1785 1568 lau-

992 1589 1054 1616 tlcm
1077 1588 1170 1616 dicunt
1188 1588 1248 1616 Deo
1271 1595 1366 1615 omnes
1392 1587 1477 1615 sancti
1497 1586 1566 1621 ejus,
1581 1592 1607 1614 et
1621 1591 1692 1614 totus
1709 1586 1785 1614 orbis

1835 1004 1864 1026 ut
1878 1003 1905 1026 et
1920 998 2061 1026 historiam
2079 997 2209 1025 relatione
2222 996 2300 1031 plena
2313 995 2437 1023 veritatis
2449 1000 2627 1031 proponeret.

1834 1049 1861 1071 et
1888 1043 2032 1070 t1tetoricis
2061 1042 2166 1077 legibus
2197 1041 2384 1077 multipliciter
2417 1041 2571 1075 iusiguiret.
2595 1040 2631 1068 Et

1834 1097 1906 1116 nunc
1919 1088 1994 1115 arida
2012 1087 2053 1114 vcl
2067 1087 2159 1122 jejuna
2176 1087 2266 1122 lingua
2280 1091 2384 1119 nostra,
2400 1086 2464 1122 quid
2475 1086 2575 1113 audeat
2595 1086 2630 1113 de

1835 1135 1959 1162 laudibus
1970 1133 2031 1169 ejus
2046 1133 2267 1165 immurmurare,
2294 1131 2371 1167 cujus
2394 1130 2480 1159 laudis
2492 1130 2574 1166 plena
2586 1136 2630 1158 est

1835 1185 1906 1208 terra
1920 1180 1932 1207 τ

1869 1226 1909 1255 Ne
1923 1232 2013 1254 tamen
2028 1226 2055 1254 in
2074 1225 2158 1253 tantis
2169 1224 2275 1261 gaudiis
2288 1222 2420 1259 cujusque
2437 1222 2571 1251 sermonis
2589 1222 2631 1249 vi-

1833 1273 1946 1301 deamur
1966 1272 2112 1304 immunes.
2131 1270 2326 1299 recurrentium
2339 1275 2381 1298 est
2396 1269 2429 1297 ad
2443 1269 2630 1304 evangelicam

1829 1317 1990 1348 lectionem,
2014 1318 2040 1343 in
2065 1324 2118 1352 qua
2146 1316 2197 1343 sub
2220 1316 2302 1343 trium
2324 1315 2457 1343 brevitate
2479 1314 2629 1342 verborum

1834 1365 1967 1400 sapientia
1980 1364 2026 1392 Dci
2039 1363 2127 1391 Patris
2137 1364 2219 1391 totius
2234 1363 2358 1390 humana
2367 1361 2541 1397 perfectionis
2550 1369 2631 1388 sum-

1834 1416 1905 1437 mam
1921 1408 2050 1441 inclusit;
2066 1409 2105 1435 ait
2133 1404 2225 1436 euitn':
2247 1417 2257 1433 ι
2276 1407 2382 1441 Videte,
2396 1407 2513 1443 vigilate.
2527 1411 2630 1434 etora-

1835 1460 1872 1482 te.
1894 1465 1903 1481 ι
1923 1454 1969 1482 ille
1995 1454 2041 1490 qui
2068 1454 2142 1481 videt
2163 1454 2274 1485 omnia.
2301 1452 2426 1480 hortatur
2447 1460 2495 1480 nos
2513 1457 2543 1479 ut
2562 1459 2628 1479 eor-

1834 1500 1973 1536 pomlibus
1986 1499 2073 1528 oculis
2084 1499 2251 1535 postpositis,
2266 1498 2473 1526 mentislumine
2487 1498 2631 1525 videamus

1834 1545 1919 1573 oculis
1930 1545 1994 1578 illis,
2005 1545 2038 1572 de
2048 1545 2146 1580 quibus
2157 1551 2205 1579 per
2215 1543 2387 1571 Salomonem
2399 1544 2512 1571 dicitur:
2525 1552 2535 1568 ι
2545 1542 2626 1570 Oculi

1835 1590 1966 1626 sapientis
1987 1591 2014 1618 in
2025 1590 2114 1625 capite
2137 1588 2309 1625 ejus(E¢-cle.
2333 1589 2374 1625 ιι).
2398 1598 2408 1616 ι
2425 1588 2550 1624 Pmcipit
2560 1596 2632 1624 ergo

992 1633 1068 1661 clara
1095 1640 1162 1661 voce
1180 1633 1304 1660 resultat.
1332 1632 1378 1660 isti
1394 1636 1457 1674 sunt
1481 1631 1615 1663 advocati,
1630 1639 1698 1666 quos
1712 1631 1782 1666 apud
1796 1630 1820 1662 C
1835 1641 1863 1664 ιη
1877 1636 1927 1664 non
1941 1635 2068 1664 ,οιῑιιιάίη

1554 1632 1615 1663 υδιί-
1630 1639 1698 1666 ilum
1712 1631 1782 1666 apud
1796 1630 1820 1662 C
1835 1641 1863 1664 ut
1877 1636 1927 1664 soli
1941 1635 2113 1664 solitudinem
2129 1635 2214 1663 nostri
2232 1635 2323 1662 cordis
2334 1634 2531 1670 ingrediamur,
2543 1639 2570 1662 et
2583 1641 2630 1661 re-

988 1679 1108 1714 judicem
1127 1678 1339 1707 ltabcmus.'Pro
1357 1686 1410 1714 quo
1427 1679 1470 1706 isti
1486 1678 1702 1711 intercesserint,
1716 1685 1780 1706 scu-

993 1726 1105 1753 tentiam
1120 1733 1174 1753 non
1188 1725 1265 1752 timet
1278 1725 1431 1760 capitalem.

1027 1771 1222 1807 Coniugiumne
1245 1778 1311 1806 ergo
1326 1771 1359 1798 ad
1385 1770 1498 1806 probata
1517 1769 1654 1806 sull‘ragia,
1666 1777 1716 1797 nec
1733 1777 1783 1797 nos

993 1817 1132 1845 deterreat
1155 1816 1305 1844 enormitas
1327 1822 1519 1852 peccatorum;
1546 1816 1609 1851 quia
1635 1815 1721 1849 major
1741 1819 1784 1843 est

991 1861 1102 1890 illorum
1126 1861 1228 1897 pietas,
1250 1869 1332 1897 quant
1359 1861 1485 1897 impietas
1505 1866 1607 1888 nostra.
1628 1860 1783 1888 Ccnsiliarii

992 1911 1058 1935 sunt
1068 1906 1140 1943 regis
1159 1907 1254 1940 nostri,
1274 1911 1303 1934 et
1329 1907 1414 1942 ipsius
1430 1907 1476 1934 irte
1489 1913 1560 1942 stupe
1574 1906 1716 1939 resistunt,
1733 1913 1784 1933 nec

993 1959 1043 1980 nos
1054 1951 1184 1979 deserunt
1197 1951 1224 1979 in
1249 1949 1369 1986 tempore
1383 1951 1463 1979 malo.
1482 1951 1577 1979 Sciunt
1592 1952 1664 1979 enim
1678 1953 1722 1980 ubi
1734 1959 1784 1980 nos

993 1993 1163 2033 reliquerint,
1192 1997 1302 2036 quantis
1319 1997 1437 2024 hostium
1454 1996 1560 2024 insidiis
1569 2001 1718 2032 pateamus.
1732 1997 1785 2024 Su-

994 2043 1129 2079 spiremus
1143 2042 1225 2079 igitur
1244 2043 1278 2071 ad
1291 2042 1398 2071 illorum
1415 2043 1587 2076 memoriam,
1604 2047 1632 2070 ut
1643 2046 1785 2079 protegant

994 2096 1045 2116 nos
1056 2089 1107 2116 sub
1119 2089 1214 2116 umbra
1229 2087 1333 2115 alarum
1361 2095 1484 2121 auarum,
1497 2088 1584 2116 donec
1600 2092 1720 2116 transeat
1732 2087 1784 2115 ini-

993 2134 1094 2169 quitas,
1107 2138 1134 2162 et
1147 2134 1296 2170 perducant
1319 2142 1369 2163 nos
1387 2134 1420 2162 ad
1435 2142 1563 2170 sponsum
1584 2133 1721 2168 Ecclesiae,
1737 2133 1784 2170 qui

993 2185 1035 2209 est
1045 2181 1117 2209 Deus
1135 2180 1294 2209 benedictus
1304 2181 1331 2208 in
1343 2181 1451 2209 smeula.
1464 2181 1559 2209 Amen.

1290 2226 1405 2255 SEIHIO
1423 2226 1490 2254 LVL

1031 2281 1065 2301 ιιι
1075 2281 1098 2301 s.
1110 2280 1228 2301 unum
1247 2280 1370 2300 srtscoru
1383 2280 1417 2301 ετ
1432 2280 1605 2301 εοκῖεςωιιι.
1622 2273 1660 2308 (at
1674 2273 1749 2308 tvov.)

1031 2317 1134 2346 Nobilis
1148 2317 1194 2345 ille
1206 2317 1357 2351 confessor,
1381 2318 1554 2345 sacerdotum
1569 2318 1664 2354 gloria,
1679 2325 1786 2354 gemma
1798 2310 1825 2340 ’θ

993 2361 1166 2399 pontificum,
1180 2362 1340 2390 clericorum
1362 2362 1459 2395 forma,
1472 2361 1562 2390 lumen
1579 2363 1790 2396 monachorum,

995 2407 1144 2435 solemnem
1173 2407 1244 2435 diem
1269 2407 1437 2436 universitati
1464 2413 1565 2436 nostra:
1588 2408 1714 2443 pmﬂxit.
1737 2408 1787 2437 llic

995 2456 1039 2481 cst
1065 2451 1196 2480 Martinus
1223 2452 1414 2480 miraculorum
1438 2458 1573 2488 potestate
1596 2453 1729 2486 sublimis,
1740 2455 1786 2489 qui

997 2503 1132 2526 terrarum
1157 2498 1250 2526 orbem
1273 2498 1376 2526 lumine
1396 2505 1453 2526 sua:
1473 2499 1636 2534 cognitionis
1654 2499 1785 2534 implevit.

995 2543 1129 2580 Egyptus
1139 2543 1277 2579 religionis
1291 2548 1389 2577 mater,
1402 2548 1429 2572 et
1440 2544 1615 2572 eremitarutn
1628 2544 1790 2573 fecundissi-

997 2597 1042 2617 ma
1068 2589 1172 2622 nutrix,
1194 2588 1351 2622 Martinum,
1369 2590 1451 2618 lautis
1472 2590 1535 2618 [iiiis
1552 2591 1643 2626 posuit
1653 2590 1681 2618 in
1694 2598 1788 2619 exem-

996 2635 1082 2670 plum.
1107 2633 1199 2663 Crevit
1213 2633 1239 2662 in
1259 2635 1421 2663 immensum
1445 2636 1518 2664 fama
1541 2637 1659 2665 nominis
1677 2636 1746 2672 ejus.
1761 2642 1789 2666 et

998 2688 1064 2708 ausa
1075 2681 1150 2708 estin
1158 2680 1242 2715 ipsam
1253 2681 1435 2715 apostolorum
1449 2682 1600 2718 irrumpere
1610 2683 1786 2720 dignitatem;

998 2733 1114 2760 quorum
1128 2733 1225 2754 manus
1235 2730 1420 2754 tractaverunt
1432 2726 1466 2754 de
1479 2727 1563 2755 verbo
1574 2727 1645 2761 vita,
1662 2727 1688 2765 (1
1703 2728 1785 2757 Joan.

1000 2779 1006 2797 I
1020 2772 1029 2805 >
1044 2771 1091 2806 qui
1118 2771 1201 2799 filium
1230 2772 1347 2801 hominis
1374 2773 1446 2800 inter
1461 2772 1531 2800 ﬁlios
1545 2774 1683 2802 hominum
1702 2774 1790 2803 felicis

999 2816 1075 2843 vocis
1097 2815 1185 2843 cilicio
1210 2815 1391 2852 divulgarunt.
1416 2817 1446 2845 In
1465 2825 1574 2845 omnem
1602 2823 1701 2847 terram
1727 2826 1790 2856 per-

1000 2863 1097 2894 vagata
1122 2865 1163 2886 est
1190 2860 1321 2888 memoria
1349 2861 1419 2888 tanti
1434 2861 1579 2896 pontiﬁcis,
1594 2868 1622 2890 et
1637 2864 1790 2900 ubicunque

1000 2910 1111 2934 resonat
1127 2905 1190 2933 rules
1203 2905 1323 2941 Christi,’
1336 2912 1416 2936 sonat
1435 2908 1489 2936 vita
1510 2901 1627 2937 Martini.
1643 2909 1786 2939 Cloritlca-

1831 1683 1971 1711 volvamus
1986 1686 2107 1710 veterum
2120 1682 2243 1710 sarcinas
2261 1685 2445 1717 peccatorum,
2458 1680 2558 1716 quibus
2566 1681 2631 1716 pol-

1831 1728 1881 1756 luti
1896 1735 2000 1761 sumus,
2014 1732 2042 1756 et
2054 1727 2185 1756 obvolutl.

1866 1772 1989 1801 Primum
2018 1780 2085 1809 ergo
2111 1772 2252 1808 videamus
2276 1772 2347 1807 apud
2370 1779 2420 1800 nos
2449 1775 2628 1807 peccatorum

1833 1817 2038 1846 abundantiam.
2054 1827 2064 1843 I
2080 1816 2195 1852 Prwter
2210 1824 2309 1844 nomen
2321 1820 2409 1849 tuum,
2426 1816 2550 1848 Domie,
2564 1823 2631 1850 pru-

1832 1861 1974 1898 pitiaberis
1997 1866 2109 1897 peccato
2136 1868 2197 1889 meo
2212 1868 2220 1889 :
2236 1860 2349 1888 multum
2369 1865 2412 1889 est
2438 1861 2511 1888 enim
2537 1859 2629 1896 (Paul.

1832 1908 1928 1944 xxiv),
1947 1917 1957 1934 ι
1983 1907 2022 1935 ait
2047 1907 2143 1936 unicus
2159 1907 2205 1935 ille
2227 1907 2416 1935 consecrarius
2434 1906 2507 1942 regis
2518 1907 2628 1934 sterni.

1833 1952 2011 1981 Peccavimus
2031 1960 2113 1988 super
2134 1959 2278 1980 numerum
2300 1958 2390 1980 arente
2404 1951 2499 1983 maris.
2512 1955 2541 1978 et
2555 1951 2630 1978 mul-

1834 1999 1957 2034 tiplicata
1980 2003 2044 2027 sunt
2056 2003 2168 2034 peccata
2179 2003 2283 2026 nostra.
2299 1997 2339 2026 Tu
2354 1997 2563 2025 Innumerabilia
2577 2005 2631 2025 ιιιι-

1834 2052 1941 2073 merare
1961 2044 2114 2077 contendis,
2129 2048 2157 2071 et
2178 2044 2323 2074 iusumma
2335 2050 2436 2079 ponere
2457 2042 2529 2078 quod
2550 2050 2633 2071 sum-

1834 2098 1907 2118 mam
1921 2090 2088 2126 exsuperat!
2102 2089 2182 2123 Ecce,
2195 2089 2308 2124 grandia
2319 2096 2443 2121 acervus,
2460 2088 2630 2123 impetuosoa

1834 2140 1962 2169 torrens,
1992 2143 2045 2164 nec
2069 2140 2156 2171 potest
2185 2135 2282 2163 discuti
2302 2139 2377 2162 tanta
2400 2134 2529 2167 miseria;
2559 2142 2630 2170 quo-

1834 2181 1908 2210 niam
1933 2181 2089 2217 iniquilatea
2120 2185 2221 2209 nostra:
2249 2186 2432 2216 supergressa:
2458 2184 2522 2207 sunt
2547 2185 2633 2215 caput

1835 2230 1960 2254 nostrum
1974 2225 2061 2260 (Paul.
2078 2226 2192 2261 xum).
2205 2225 2409 2253 Ambulavimus
2420 2224 2490 2253 collo
2504 2229 2631 2257 extemo,
2688 2238 2689 2244 ι

1836 2272 1907 2300 oculi
1921 2272 2006 2300 nostri
2032 2271 2104 2307 pleni
2129 2276 2193 2299 sunt
2208 2271 2341 2304 vanitate,
2353 2277 2434 2298 aures
2447 2270 2630 2298 detractione.

1838 2317 1988 2346 Odoremus
2001 2325 2054 2345 non
2068 2317 2179 2344 odorem
2193 2320 2402 2351 unguentorum,
2422 2314 2449 2342 in
2463 2321 2517 2349 quo
2529 2322 2632 2350 sponsa

1839 2371 1869 2392 se
1893 2370 2005 2392 currere
2037 2362 2170 2399 gloriatur
2184 2369 2192 2393 ;
2219 2360 2266 2389 sed
2279 2360 2389 2388 odorem
2406 2360 2503 2388 mortis
2515 2359 2543 2387 in
2558 2367 2633 2387 utor-

1839 2414 1904 2440 tem,
1921 2415 2037 2443 quantm
2062 2414 2094 2435 os
2117 2406 2310 2434 maledictione
2332 2410 2361 2433 et
2379 2404 2634 2446 amaritudinepie-
2688 2404 2689 2439 1

1838 2461 1903 2481 num
1914 2447 1975 2481 es'se
1989 2451 2159 2481 describitur.
2172 2450 2268 2479 Manus
2280 2454 2379 2478 metra:
2391 2450 2478 2486 plena
2491 2453 2558 2477 sunt
2566 2458 2635 2478 san-

1837 2502 1929 2539 guine,
1959 2496 2042 2537 pedes
2070 2500 2176 2529 veloces
2189 2499 2224 2527 ad
2241 2499 2400 2534 sangvinem
2417 2497 2631 2529 claudendum;

1841 2548 1980 2579 contritio,
2007 2550 2034 2575 et
2053 2545 2199 2573 infelicitas
2212 2544 2240 2572 in
2256 2544 2306 2571 viis
2326 2543 2435 2576 nostris,
2457 2547 2484 2571 et
2498 2542 2542 2570 via
2554 2543 2632 2578 pacis

1841 2594 1968 2630 abiecta;
2001 2600 2055 2620 non
2080 2595 2124 2620 est
2149 2590 2230 2619 timor
2255 2590 2304 2618 Dei
2326 2594 2389 2617 ante
2409 2588 2501 2617 oculos
2520 2592 2632 2616 nostros
2688 2603 2689 2610 η

1840 2638 1929 2675 (Paul.
1941 2637 2011 2673 aut).
2024 2636 2094 2671 Quid
2110 2636 2193 2671 igitur
2207 2635 2371 2666 faciendum,
2391 2635 2418 2662 in
2442 2641 2496 2669 quo
2515 2641 2632 2669 ψει-ιιι-
2688 2644 2689 2675 ἦ

1841 2684 1917 2717 dum,
1941 2690 2029 2719 quove
2052 2681 2261 2718 confugiendum
2275 2681 2288 2707 2
2311 2680 2442 2708 Standum
2467 2683 2511 2707 est
2535 2679 2631 2706 inice

1841 2736 1949 2762 acervo,
1962 2736 2015 2757 nou
2034 2735 2176 2760 novarum,
2199 2726 2246 2754 sed
2262 2730 2382 2754 veterum
2396 2725 2502 2761 frugum
2518 2723 2629 2760 (Esses.

1841 2775 1895 2810 III),
1907 2779 1935 2803 et
1947 2774 2061 2801 videnda
2084 2772 2152 2800 visio
2179 2772 2353 2803 timescenda,
2375 2776 2403 2798 et
2417 2775 2630 2798 statuamusnoa

1841 2823 1905 2848 ante
1930 2819 2024 2847 oculos
2061 2822 2180 2850 nostros,
2208 2823 2243 2845 ne
2261 2815 2343 2851 iudex
2355 2815 2516 2852 quandoque
2531 2821 2597 2850 argu
2619 2820 2630 2841 t

1841 2873 1900 2897 nos,
1924 2870 1953 2893 et
1978 2869 2080 2892 statuat
2107 2871 2158 2892 nos
2176 2868 2240 2891 ante
2262 2862 2359 2890 faciem
2382 2865 2514 2890 nostram.
2528 2860 2556 2888 in
2576 2862 2629 2887 hac
2677 2890 2680 2893 ,

1841 2911 1944 2939 visione
1957 2910 2003 2939 Dei
2020 2909 2125 2937 videtur
2135 2917 2152 2937 a
2165 2910 2243 2937 nobis
2259 2914 2354 2938 ventus
2369 2907 2493 2941 turbinis,
2507 2906 2569 2943 quia
2584 2914 2629 2934 se
