5450 6378
775 355 883 412 817

2217 335 2452 392 SERMO
2493 331 2625 387 LVI.

3989 311 4095 379 8'5

775 468 1016 528 eundum
1065 467 1242 522 virum
1283 463 1510 533 justum,
1556 458 1650 515 hic
1697 455 1954 513 involuta:
1997 461 2128 506 sunt
2165 449 2376 505 semitae
2406 459 2457 515 Α
2485 443 2623 516 (lsa.
2667 439 2827 512 xui).
2895 458 2916 490 ι
2974 435 3168 492 Vidisti
3225 431 3697 533 dissimulantem,
3738 423 4094 533 .vide’etiam

776 575 1065 633 gressuum
1101 569 1290 613 eorum
1318 551 1442 626 (Job
1473 551 1574 622 vr).
1613 547 1691 604 Ne
1717 556 1873 617 putes
1909 553 2092 599 autem
2122 542 2269 596 hanc
2301 541 2381 592 vi-

777 628 993 707 sionem
1054 647 1199 702 inter
1249 657 1419 713 parva
1475 633 1976 697 connumerandam
2011 672 2027 696 ,
2085 645 2209 686 eum
2265 628 2382 682 haec

780 740 1047 812 perducat
1086 735 1154 791 ad
1179 734 1444 789 visionem
1469 726 1775 791 cherubim,
1811 732 1866 779 et
1894 719 2212 777 animalium
2243 731 2385 787 pen-

778 841 1076 893 natorum;
1125 838 1182 882 ct
1206 825 1275 880 ad
1305 822 1476 894 ipsius
1505 816 1839 875 dominantis
1883 812 2194 868 introducat
2220 819 2381 878 aspe-

779 931 950 978 ctum.

859 1008 990 1065 Visa
1042 1007 1209 1079 igitur
1266 999 1600 1060 abundantia
1651 1003 2003 1069 peccatorum
2048 998 2382 1052 nostrorum,

778 1105 1066 1158 videamus
1092 1098 1333 1156 secundo
1359 1087 1746 1168 negligentiam
1793 1097 2062 1144 nostram.
2091 1082 2385 1140 Traximus

777 1204 1006 1266 peccata
1039 1201 1229 1248 nostra
1254 1191 1398 1247 sicut
1426 1197 1624 1243 restem
1658 1183 1894 1254 longam,
1923 1188 1979 1236 et
2004 1177 2227 1248 sanguis
2254 1190 2384 1230 san-

777 1265 1003 1358 guinem
1037 1284 1236 1354 tetigit,
1289 1291 1343 1337 et
1374 1275 1869 1337 dissimulavimus;
1897 1269 2117 1336 vulnus,
2142 1277 2193 1323 et
2225 1265 2384 1330 livor,

777 1357 836 1434 et
876 1377 1029 1449 plaga
1083 1384 1318 1440 tumens,
1358 1380 1412 1427 et
1445 1385 1553 1425 non
1584 1366 1902 1437 aspeximus
1947 1361 2084 1434 (ιω.
2134 1360 2196 1432 ι).
2226 1357 2387 1414 Zelus

781 1470 879 1524 Dei
905 1468 1132 1525 recessit
1155 1481 1185 1521 a
1219 1463 1400 1528 nobis,
1447 1469 1503 1518 et
1532 1476 1633 1515 nos
1659 1456 2111 1528 contempsimus.
2146 1452 2237 1508 Sic
2262 1467 2389 1522 pec~

777 1572 1032 1619 calorum
1061 1555 1394 1616 multitudini
1450 1551 1837 1625 negligentiam
1892 1547 2256 1609 cumulantes,
2288 1543 2386 1598 ob-

779 1654 1084 1712 struximus
1141 1649 1300 1705 nobis
1359 1647 1465 1702 iter
1491 1641 1876 1706 confessionis,
1913 1635 2389 1708 semitasjustitia:

781 1747 1075 1808 evitamus,
1134 1755 1242 1796 non
1293 1737 1469 1795 solum
1521 1735 1880 1805 negligentes,
1924 1729 2022 1786 sed
2049 1727 2194 1783 etde
2222 1724 2391 1796 ncgli~

776 1835 964 1908 gentia
1018 1832 1338 1903 gloriantes,
1391 1828 1547 1900 juxta
1607 1825 1738 1880 illud
1794 1823 1898 1877 viri
1951 1818 2382 1890 sapientissimi:
2422 1852 2463 1910 Β

785 1944 809 1977 c
849 1922 950 1992 Qui
982 1921 1149 1994 293
1178 1935 1304 1975 cum
1346 1915 1742 1980 malefecerint,
1798 1911 2053 1966 laetantur
2101 1918 2156 1966 et
2208 1908 2388 1964 exsul-

781 2028 903 2073 tant
930 2017 985 2073 in
1037 2019 1200 2072 rebus
1226 2013 1484 2087 pessimis
1539 2008 1725 2082 (Prov.
1764 2009 1847 2080 ιι).
1882 2028 1900 2062 ι
1950 2006 2044 2061 Vis
2065 2007 2228 2072 scire,
2257 2007 2385 2075 quia

779 2111 852 2167 de
879 2117 1226 2182 peccatorum
1257 2103 1612 2168 abundantia,
1647 2101 1972 2173 negligentia
2015 2099 2248 2169 pessima
2277 2099 2386 2153 ﬁlia

781 2211 1081 2274 generatur
1106 2203 1133 2256 τ
1170 2219 1189 2252 α
1222 2200 1490 2258 Peccator
1518 2211 1643 2254 cum
1690 2195 1904 2250 venerit
1946 2195 2000 2249 in
2060 2192 2384 2265 profundum

779 2298 1072 2361 malorum,
1101 2296 1400 2352 contemnit
1435 2292 1620 2367 (Prov.
1649 2293 1830 2362 xviii).
1856 2312 1873 2343 ›
1908 2291 1949 2346 Ε
1980 2293 2260 2347 contrario
2294 2300 2390 2366 aq;

780 2401 919 2454 tem,
977 2390 1068 2459 qui
1110 2389 1278 2446 Deum
1334 2388 1510 2454 timet,
1557 2387 1692 2443 nihil
1734 2389 1998 2460 negligit;
2050 2389 2201 2460 quia,
2237 2407 2253 2441 ‹
2295 2367 2386 2460 qui

778 2481 996 2537 modica
1019 2481 1249 2550 spernit,
1279 2480 1540 2550 paulatim
1564 2481 1798 2536 decidet.
1833 2503 1850 2532 ι
1874 2481 2233 2536 Peccatorum
2251 2483 2391 2536 inul-

783 2571 963 2628 titudo
1009 2571 1415 2644 negligentiam,
1460 2571 1794 2645 negligentia
1823 2582 2217 2645 contemptum,
2252 2591 2386 2630 eon-

778 2674 1024 2734 temptas
1062 2672 1296 2722 mortem
1327 2665 1647 2720 interminat
1686 2667 2102 2736 sempiternam.

2488 513 2828 609 quaecunque
2857 530 3084 587 minima
3122 533 3524 582 numerantem.
3551 539 3571 572 ι
3603 517 3870 590 Vestigia,
3896 513 4094 584 inquit,

2485 605 2685 703 pedum
2715 638 2965 681 nieorum
2990 617 3350 676 dinumerasti
3382 613 3524 686 (Job’
3544 611 3688 679 xm).
3727 628 3746 661 ι
3779 606 3916 676 Quis
3946 605 4098 661 locus

2486 700 2597 783 erit
2617 724 2754 793 spei,
2790 735 2914 777 cum
2958 715 3176 774 venerit
3203 713 3395 784 judex,
3437 709 3530 781 qui
3565 706 3720 764 stetit
3750 704 3852 760 sub
3885 700 4095 770 judice,

2485 814 2913 890 praecinentibus
2967 809 3136 872 tubis,
3188 801 3662 861 conclamantibus
3719 794 3950 867 angelis,
3981 792 4096 848 ele-

2487 884 2690 964 mentis
2747 901 3068 959 ardentibus
3113 898 3143 952 ?
3191 897 3275 952 Ad
3324 895 3481 963 cujus
3508 891 3777 963 fugiemus
3808 884 4095 947 auxilium,

2487 1014 2610 1055 eum
2637 995 2816 1052 ventis
2837 1009 2907 1047 ex
2933 1000 3247 1047 transverso
3280 984 3604 1048 furentibus,
3659 976 3954 1037 mundialis
3983 992 4102 1032 ma-

2488 1091 2649 1146 china
2698 1084 3008 1151 divelletur,
3065 1089 3123 1136 et
3171 1079 3311 1151 ignis
3364 1075 3758 1132 incandesceus
3787 1069 4010 1132 caelum,
4045 1077 4101 1124 et

2491 1191 2694 1238 terram
2742 1177 3000 1234 ﬁnalibus
3032 1173 3360 1231 immiscehit
3414 1168 3686 1226 incendiis
3710 1168 3735 1221 τ
3757 1165 3953 1222 Veniet
3985 1163 4100 1235 ipse

2489 1287 2613 1327 cum
2637 1277 2912 1341 potestate
2943 1281 3142 1338 magna
3177 1274 3233 1320 et
3261 1263 3547 1334 majestate
3573 1278 3586 1326 ;
3623 1257 3731 1314 non
3753 1271 3879 1312 cum
3909 1253 4099 1310 dulce-

2490 1367 2619 1422 dine
2646 1374 2701 1420 et
2731 1361 3044 1419 humilitate
3072 1400 3088 1424 ,
3137 1357 3264 1430 quia
3297 1355 3406 1410 illic
3426 1352 3641 1423 justitia
3674 1350 3835 1422 plena
3858 1355 3943 1402 est
3970 1345 4101 1402 dex-

2491 1470 2607 1515 tera
2625 1457 2764 1528 ejus,
2798 1471 2921 1527 quae
2943 1454 3034 1510 hic
3058 1448 3496 1508 misericordiam
3528 1443 3822 1502 seminavit
3864 1449 3920 1496 et
3946 1452 4100 1508 spar-

2489 1551 2587 1606 sit.
2635 1548 2791 1604 Tunc
2828 1547 2919 1602 ille
2963 1544 3279 1601 misericors
3329 1539 3518 1596 oculus
3545 1553 3651 1593 non
3676 1542 3886 1608 parcet,
3909 1541 3963 1587 et
3990 1545 4098 1587 non

2491 1639 2881 1704 miserebitur;
2915 1635 3009 1693 sed
3031 1633 3304 1708 percutiet
3333 1640 3388 1688 et
3409 1629 3642 1691 occidet,
3688 1626 3909 1680 indutus
3934 1623 4097 1685 iram,

2493 1735 2679 1789 furore
2711 1732 2971 1804 repletus,
3026 1727 3221 1801 plenus
3259 1722 3607 1782 crudelitate.
3647 1719 3972 1774 Beccatores
4006 1731 4103 1770 au-

2493 1835 2602 1880 tem
2635 1823 2765 1894 quid
2817 1823 2840 1875 ’ἶ
2872 1821 3132 1876 Videntes
3186 1814 3555 1871 turbabuntur
3591 1811 3790 1865 timore
3822 1805 4098 1869 horribili,

2492 1917 2589 1973 sed
2639 1911 3026 1984 incorrigibili,
3081 1907 3367 1965 audientes
3419 1904 3551 1960 illud
3599 1901 3935 1957 horrendum
3966 1899 4102 1953 toni-

2494 2020 2679 2064 trum:
2711 2025 2729 2058 ‹
2759 2005 2859 2068 lte,
2890 2000 3191 2064 maledicti,
3240 1995 3292 2054 in
3349 1998 3532 2066 ignem
3585 2003 3849 2048 aeternum
3877 1990 4102 2062 (Matth.

2491 2101 2643 2171 xxv).
2685 2118 2703 2152 ›
2736 2097 2937 2167 Quanti
2967 2106 3129 2166 putas
3156 2092 3364 2148 doloris
3390 2087 3729 2144 eritexcludi
3762 2101 3791 2140 a
3819 2085 3960 2139 facie
3980 2082 4102 2149 Dei,

2491 2192 2700 2257 videre,
2725 2199 2780 2246 et
2811 2191 3042 2260 perdere
3084 2187 3279 2250 Deum,
3326 2198 3452 2239 cum
3484 2196 3580 2236 rex
3611 2178 3797 2251 gloria:
3821 2176 4103 2234 civitatem

2491 2285 2657 2356 297
2685 2283 2975 2341 sublimem
3023 2278 3274 2345 intrabit,
3307 2275 3525 2333 miseris
3564 2272 3950 2346 peccatoribus
3986 2284 4106 2324 om-

2493 2378 2547 2432 ni
2579 2391 2674 2448 Spe
2726 2372 3118 2430 misericordia:
3150 2371 3202 2426 iu
3258 2378 3588 2442 perpetuum
3619 2366 3855 2439 sigillata
3891 2364 3916 2419 τ
3945 2363 4108 2432 Quis-

2492 2470 2617 2540 quis
2646 2483 2776 2541 ergo
2801 2483 2882 2534 es,
2912 2467 3004 2538 qui
3029 2463 3342 2522 contemnis
3369 2462 3591 2518 divitias
3615 2460 3901 2525 bonitatis,
3933 2464 3988 2513 et
4010 2471 4102 2528 pa-

2492 2562 2699 2618 tientize
2741 2561 2862 2625 Dei,
2903 2559 3085 2630 relege
3129 2568 3336 2613 textum
3399 2555 3656 2627 Epistolne
3700 2555 3768 2608 ad
3822 2551 4105 2608 Romanos

2493 2655 2670 2728 (Rom.
2700 2655 2780 2728 v),
2805 2663 2862 2710 et
2893 2654 2983 2710 illa
3009 2653 3107 2709 tibi
3135 2650 3350 2724 plenius
3400 2649 3548 2706 dicet
3569 2648 3699 2721 quia
3733 2662 3844 2702 non
3881 2642 4106 2701 eVasisti

853 2753 990 2810 Vide
1025 2764 1080 2810 et
1108 2755 1269 2810 tertio
1298 2754 1616 2825 patientiam
1654 2764 1710 2812 et
1752 2755 2231 2824 longanimitatem
2291 2757 2387 2810 Dei
2485 2748 2756 2818 judicium
2788 2746 2908 2802 Dei.

781 2849 982 2904 nostri.
1015 2863 1033 2898 ι
1080 2845 1208 2902 Htec
1246 2844 1447 2914 fecisti,
1476 2855 1532 2902 et
1565 2847 1708 2903 tacui
1759 2844 1942 2918 (Prov.
1976 2847 2091 2920 xv).
2124 2867 2154 2920 ί»
2192 2847 2387 2904 Omnia

777 2940 932 2995 videt
975 2947 1030 2993 et
1069 2938 1252 2994 omnia
1317 2939 1487 3002 audit,
1545 2938 1788 3008 nihilque
1818 2947 2089 2992 remotum
2119 2939 2186 2993 ab
2216 2938 2390 2994 oculis

778 3031 923 3100 ejus,
957 3029 1025 3085 de
1068 3044 1177 3100 quo
1224 3028 1425 3084 dicitur
1455 3043 1470 3083 :
1499 3047 1518 3081 ι
1554 3028 1708 3084 Oculi
1748 3029 1958 3083 Domini
1986 3029 2039 3083 in
2069 3028 2217 3083 omni
2269 3028 2390 3084 loco

777 3122 1219 3193 contemplantur
1239 3120 1412 3177 honos
1438 3130 1490 3176 et
1539 3120 1712 3176 malos
1746 3119 1922 3192 (Psal.
1949 3123 2159 3189 Lxxtv).
2193 3141 2211 3174 ι
2247 3120 2393 3176 Ocu-

2563 2842 2766 2914 Aspice
2791 2849 2846 2897 et
2871 2847 3070 2911 quarto
3099 2837 3536 2895 misericordiam
3577 2834 3720 2907 ejus,
3752 2833 3882 2888 licet
3904 2845 4104 2903 pecca-

2492 2935 2665 3000 veris,
2690 2933 2822 2989 licet
2872 2932 3218 3004 neglexeris,~
3247 2941 3303 2987 et
3351 2927 3742 3000 provocaveris
3774 2924 4100 2998 patientiam

2495 3027 2616 3094 Dei,
2653 3035 2884 3098 paratus
2931 3034 3018 3081 est
3045 3033 3227 3084 tamen
3275 3021 3558 3090 misereri,
3601 3037 3725 3077 cum
3755 3018 4019 3084 volueris,
4051 3025 4109 3073 et

2493 3123 2697 3178 reverti
2741 3121 2808 3176 ad
2842 3128 3234 3182 revertentem,
3267 3117 3542 3181 oblivisci,
3573 3123 3630 3170 et
3673 3124 3854 3183 tegere
3876 3122 4108 3184 peccata

779 3217 866 3271 los
923 3215 1201 3270 hominum
1255 3214 1506 3278 timuisti,
1546 3213 1734 3279 oculos
1763 3224 1947 3268 autem
1976 3212 2244 3268 Altissimi
2273 3227 2383 3267 non
2416 3216 2461 3276 C
2495 3223 2614 3281 tua,
2645 3225 2696 3270 et
2722 3213 2995 3286 projicere
3020 3215 3083 3287 in»
3107 3210 3437 3282 profundum
3463 3209 3654 3264 maris.
3685 3206 3796 3262 Nec
3818 3205 3930 3260 erit
3952 3220 4106 3260 mora

779 3307 1049 3378 expavisti
1078 3307 1100 3361 'i
1127 3305 1269 3361 Ecce
1313 3306 1427 3376 ipse
1456 3306 1710 3376 cognovit
1760 3305 1942 3361 omnia
1981 3305 2302 3372 novissima,
2333 3314 2390 3361 et

779 3400 1024 3469 antiqua,
1059 3413 1236 3468 neque
1260 3397 1327 3452 ah
1375 3396 1620 3462 Oriente,
1648 3412 1827 3467 neque
1856 3399 1924 3453 ab
1952 3397 2270 3463 Occidente,
2298 3416 2390 3454 ue-

779 3508 888 3560 que
917 3506 946 3544 a
970 3491 1202 3545 desertis
1233 3490 1509 3545 montibus
1538 3490 1692 3546 locus
1720 3500 1813 3570 est_
1839 3490 2100 3563 fugiendi,
2127 3494 2387 3562 quoniam

781 3583 927 3636 Deus
945 3580 1244 3649 judex'est.
1279 3579 1426 3635 Vidit
1447 3597 1615 3653 opera
1659 3591 1770 3647 tua,
1812 3598 2070 3638 recursus
2103 3592 2158 3638 et
2188 3600 2390 3640 excur-

779 3690 878 3729 sus
930 3672 1261 3744 ilagitiorum
1319 3683 1581 3741 tuorum;
1639 3684 1695 3728 et
1723 3673 1989 3729 continuit
2031 3674 2169 3729 iram
2209 3691 2385 3731 suam.

2494 3307 2640 3361 inter
2667 3305 3048 3370 confitentem,
3072 3313 3127 3358 et
3156 3303 3566 3365 remittentem;
3598 3300 3741 3353 inter
3771 3306 4103 3368 gementem.

2491 3408 2544 3452 et
2571 3397 2806 3468 gemitus
2836 3395 3246 3459 exatidientem,
3303 3393 3433 3463 quia
3480 3391 3776 3462 benignus,
3801 3396 3857 3443 et
3888 3387 4106 3443 miseri-

2491 3503 2614 3543 cors
2644 3496 2751 3542 est.
2785 3485 2925 3541 Sunt
2949 3485 3202 3540 homines
3233 3484 3420 3539 mundi
3467 3481 3661 3538 faciles
3683 3485 3750 3536 ad
3781 3482 3942 3544 iram,
3971 3475 4106 3535 diﬂl-

2491 3579 2623 3634 ciles
2651 3580 2719 3634 ad
2748 3576 3229 3642 misericordiam;
3274 3576 3420 3630 Deus
3465 3582 3648 3630 autem
3673 3583 3729 3628 et
3758 3573 3825 3627 ad
3858 3573 4105 3626 irascen-

2491 3671 2618 3725 dum
2653 3669 2912 3734 diiiieilis,
2970 3676 3026 3722 et
3072 3667 3252 3722 facilis
3301 3667 3367 3720 ad
3398 3664 3799 3724 miserandum.
3829 3661 4109 3718 Revoiant

779 3765 991 3820 Caelum
1023 3779 1129 3818 non
1155 3762 1488 3828 fulminavit,
1515 3777 1656 3832 aqua
1679 3779 1788 3818 non
1809 3764 2128 3830 submersit,
2158 3780 2264 3819 non
2294 3764 2388 3819 ab-
2479 3762 2568 3818 illi
2597 3762 2668 3817 ad
2718 3761 3036 3832 Opprobria.
3067 3775 3192 3830 qua:
3253 3759 3617 3822 remiserunt;
3658 3757 3760 3812 iste
3787 3770 3908 3810 eum
3935 3755 4107 3809 renti-

781 3853 998 3910 sorbuit
1048 3852 1244 3920 tellus;
1295 3861 1498 3909 etcum
1536 3854 1717 3909 omnis
1746 3863 1890 3908 terra
1921 3854 2076 3924 plena
2111 3858 2183 3911 sit
2209 3857 2383 3927 gloria

782 3943 1021 4010 Domini,
1075 3943 1128 3998 in
1179 3943 1350 4013 gloria
1401 3943 1518 4014 ejus
1565 3952 1712 3999 tuam
1745 3946 2024 4001 miseriam
2071 3951 2385 4014 evomuisti,

782 4050 888 4092 nec
937 4033 1203 4090 reveritus
1255 4021 1687 4104 es-praisentem
1725 4036 2040 4102 Dominum,
2093 4049 2150 4094 et
2200 4055 2385 4094 coram

784 4135 940 4181 tanta
972 4127 1234 4182 munditia
1268 4137 1388 4183 tuas
1437 4128 1811 4185 immunditias
1837 4143 2121 4186 exercere.
2155 4133 2271 4203 ipse
2293 4151 2388 4189 au-

783 4233 893 4278 tem
919 4222 1094 4293 quid?
1130 4241 1149 4274 ι
1193 4221 1327 4292 Ego,
1360 4223 1561 4293 inquit,
1593 4223 1753 4294 quasi
1785 4239 1896 4280 non
1934 4225 2146 4279 videns.
2185 4243 2204 4276 ι
2240 4224 2388 4279 Nun-

783 4311 918 4381 quid
957 4310 1120 4367 alicui
1160 4313 1536 4368 ministrorum
1585 4329 1832 4382 suorum,
1859 4315 1952 4384 qui
1984 4315 2230 4372 vindices
2261 4326 2387 4372 sunt

782 4405 881 4458 im:
900 4401 1036 4472 ejus,
1063 4404 1115 4458 in
1141 4405 1245 4461 hoc
1263 4405 1439 4476 ipsum
1454 4406 1736 4462 constituti
1754 4407 2017 4463 revelavit
2033 4409 2386 4480 ignominiam

784 4499 977 4554 tuam?
1007 4499 1171 4566 Ecce,
1202 4501 1368 4565 videt,
1401 4510 1457 4557 et
1481 4510 1662 4568 tacet;
1692 4502 1864 4570 videt,
1892 4518 1996 4560 nec
2023 4505 2380 4572 manifestat;

2488 3851 2646 3919 serit,
2671 3852 2751 3907 sic
2778 3859 2866 3907 est
2891 3850 3049 3920 quasi
3087 3865 3196 3904 non
3253 3847 3439 3904 fuerit.
3471 3847 3552 3902 Ad
3583 3847 3775 3902 limina
3799 3845 4104 3917 potentium

2491 3940 2834 4011 frequentius
2864 3939 3224 4004 excubamus,
3258 3954 3366 3994 non
3393 3937 3659 3993 habentes
3681 3937 3884 3992 liberos
3913 3952 4109 3992 acces-

2491 4048 2586 4090 sus
2612 4033 2681 4088 ad
2714 4032 3160 4102 colloquendum,
3201 4041 3256 4086 et
3301 4031 3345 4086 si
3403 4030 3533 4100 quid
3574 4028 3943 4098 deliquimus,
3980 4043 4108 4099 sup-

2488 4121 2725 4194 plicibus
2772 4122 2967 4187 oculis,
3017 4120 3159 4177 faeie
3208 4120 3470 4176 tribulata
3501 4161 3517 4187 ,
3567 4121 3751 4176 verbis
3807 4119 4109 4175 humilibus

2489 4216 2870 4272 emendamus.
2922 4214 3004 4268 illi
3044 4226 3234 4270 autem
3275 4213 3598 4284 plerumque
3653 4214 3892 4284 superbo
3921 4213 4107 4275 oculo,

2489 4315 2547 4364 et
2596 4307 2830 4364 humero
2858 4306 3162 4378 dedignati,
3220 4305 3451 4376 pedibus
3481 4305 3596 4361 suis
3631 4305 3978 4376 provolutus,
4021 4303 4119 4360 vel.

2488 4399 2764 4472 respicere
2795 4399 3012 4456 nolunt.

2562 4491 2684 4548 Non
2731 4493 2814 4549 sic
2873 4493 3139 4550 Dominus
3187 4491 3370 4560 Iesus,
3425 4492 3518 4563 qui
3557 4491 3818 4548 libentius
3857 4490 4109 4566 loquitur

783 4589 953 4659 videt,
1001 4604 1104 4649 nec
1154 4591 1403 4665 judicat;
1459 4593 1627 4658 videt.
1688 4610 1789 4655 nec
1815 4594 2060 4655 vindicat
2087 4612 2102 4667 ;
2133 4597 2298 4665 videt,
2331 4607 2385 4656 et
2409 4572 2465 4637 D
2491 4599 2705 4645 mecum
2751 4603 2916 4662 ιιιιπιιι

1955 4594 2060 4655 iam
2087 4612 2102 4667 ;
2133 4597 2298 4665 videi,
2331 4572 2465 4656 ειιῑ)
2491 4599 2705 4645 mecum
2751 4603 2916 4662 quam
2973 4600 3074 4662 ego
3131 4602 3348 4655 secum;
3403 4601 3571 4660 quem
3621 4586 3848 4646 invenio
3887 4590 4107 4660 quoties

782 4681 1347 4752 videredissimulat;
1398 4695 1579 4755 vocat,
1619 4696 1675 4742 et
1719 4703 1824 4743 non
1853 4690 2054 4756 audis;
2089 4693 2380 4761 promittit,

782 4782 840 4828 et
880 4775 1225 4841 contemnis;
1280 4776 1540 4843 minatur,
1589 4765 1691 4834 nec
1717 4779 1936 4846 metuis,
1964 4789 2018 4835 et
2043 4781 2384 4839 thasaurizas

783 4863 922 4918 iram
969 4864 1066 4920 tibi
1115 4865 1169 4921 in
1199 4867 1289 4923 die
1318 4865 1436 4924 ire.
1467 4867 1602 4925 Cum
1635 4885 1766 4943 ergo
1794 4872 1865 4926 sit
1889 4870 2059 4941 judex
2094 4873 2276 4942 justus
2329 4887 2383 4932 et

786 4955 969 5022 fortis,
998 4957 1227 5012 multum
1258 4968 1343 5015 est
1380 4960 1619 5030 patiens,
1651 4978 1752 5018 nec
1779 4963 2040 5021 irascitur
2077 4982 2174 5037 per
2202 4969 2381 5038 singu-

785 5047 867 5114 los
891 5047 1004 5104 dies
1028 5046 1202 5127 (Psat.
1227 5053 1348 5120 vn).
1391 5051 1532 5108 Ecce
1563 5054 1816 5110 continet
1840 5056 2001 5122 iram,
2027 5036 2278 5130 repudia
2298 5036 2384 5116 ιυ-

785 5155 984 5202 rorem.
1039 5143 1236 5198 avertit
1288 5144 1500 5212 oculos,
1556 5133 2173 5221 peccantibusparcit;
2223 5153 2380 5209 etilli

783 5233 964 5289 omnia
1010 5233 1126 5290 ha‘c
1174 5236 1226 5289 in
1281 5236 1728 5305 stunnjudicium
1778 5255 2116 5314 eongregant
2138 5247 2381 5303 omnium

784 5321 885 5376 rei.
938 5321 1195 5395 Nunquid
1243 5327 1335 5395 qui
1379 5326 1451 5381 ita
1485 5329 1672 5396 tacuit,
1724 5338 1780 5385 et
1840 5332 2015 5399 siluit,
2064 5350 2283 5407 semper
2305 5336 2386 5395 ita

787 5412 988 5468 tacebit
1013 5412 1138 5471 tAn
1162 5430 1270 5470 non
1295 5415 1494 5486 legisti,
1518 5419 1644 5490 quia
1669 5422 1735 5476 ad
1752 5419 2022 5490 judicium
2054 5428 2258 5491 veniet,
2288 5443 2382 5499 pa-

785 5503 1031 5559 tientiam
1078 5505 1361 5573 abjieiens,
1408 5511 1772 5570 humilitatem
1815 5517 2089 5586 nesciens,
2124 5521 2382 5592 ignorans

782 5596 1215 5654 misericordiam
1245 5601 1267 5654 ?

854 5685 1144 5744 Attendisti
1202 5691 1474 5760 patienter
1518 5706 1814 5766 tacentem,
1861 5704 2084 5756 attende
2124 5715 2177 5759 et
2210 5704 2381 5774 impa-

783 5781 984 5838 tienter
1007 5780 1319 5853 loquentem
1345 5801 1358 5837 :
1391 5807 1406 5838 ι
1432 5788 1584 5845 Sicut
1607 5793 1939 5861 parturiens,
1966 5794 2162 5866 inquit,
2190 5797 2382 5866 loquar

2491 4697 2719 4753 quaaro;
2753 4685 2844 4753 qui
2870 4684 3117 4740 occurrit
3142 4699 3268 4739 cum
3299 4683 3536 4755 panibus
3562 4682 3815 4754 fugienti,
3846 4682 3940 4752 qui
3981 4682 4105 4734 vul-

2491 4781 2607 4828 tum
2657 4773 2842 4829 laetum
2887 4776 3128 4831 ostendit
3178 4776 3337 4841 mihi,
3368 4777 3464 4848 qui
3488 4792 3671 4846 meam!
3696 4774 4080 4847 paenitentiam

2489 4864 2636 4918 sicut
2658 4865 3030 4920 innocentiam
3060 4867 3429 4936 amplexatur,
3459 4867 3662 4937 ubique
3693 4866 3869 4932 larius,
3903 4858 4107 4936 ubique

2489 4956 2690 5022 bonus,
2723 4957 2927 5027 ubique
2956 4958 3100 5029 pius,
3137 4959 3338 5028 ubique
3377 4959 3556 5016 dulcis
3581 4975 3704 5016 cum
3736 4975 3932 5032 magna
3958 4959 4104 5013 mul-

2494 5049 2730 5107 titudine
2753 5051 3060 5108 dulcedinis
3089 5070 3221 5110 suae.
3251 5054 3368 5110 Non
3407 5054 3537 5110 facit
3566 5055 3946 5125 supercilium,
3970 5069 4104 5110 ocu-

2491 5145 2574 5203 los
2604 5163 2709 5202 non
2741 5149 3013 5218 obliquat,
3059 5165 3166 5205 non
3212 5150 3506 5221 detorquet
3549 5149 3771 5215 faciem,
3806 5164 3907 5204 nee
3936 5149 4102 5205 verba

2494 5249 2713 5296 resonat
2757 5239 3085 5313 ampullosa,
3137 5241 3233 5298 sed
3267 5242 3512 5299 occurrit
3567 5242 3892 5308 revertenti,
3926 5250 3983 5297 et
4014 5256 4105 5297 ac-

2490 5335 2665 5389 currit
2706 5335 2759 5390 in
2792 5335 3098 5406 amplexus,
3146 5334 3285 5392 flens
3332 5350 3501 5407 super
3560 5334 3773 5392 collum.
3811 5350 4017 5398 meum,
4049 5341 4105 5388 et

2482 5421 2636 5492 jubet
2667 5423 2899 5495 proferri
2933 5426 3132 5480 stolam
3183 5427 3442 5495 primam,
3467 5426 3585 5481 dari
3608 5426 3871 5481 annulum
3896 5425 4123 5480 iutelli-'

2487 5517 2684 5586 gentia:
2729 5517 2882 5589 (Luc.
2920 5520 3036 5585 xv),
3070 5528 3126 5575 et
3154 5519 3388 5574 ealceari
3419 5521 3587 5588 pedes
3612 5520 3663 5573 in
3697 5517 4100 5591 praeparatione

2489 5607 2772 5682 Evangelii
2822 5609 3041 5683 (Epiros.
3082 5613 3184 5682 vr),
3241 5613 3295 5668 in
3353 5613 3543 5679 choro,
3586 5622 3641 5670 et
3675 5609 4002 5684 symphonia
4031 5609 4101 5665 ad

2489 5717 2726 5772 superna
2772 5706 2969 5774 gaudia
3019 5706 3287 5767 revocari,
3329 5714 3386 5759 et
3405 5707 3582 5761 occidi
3619 5703 3848 5758 vitulum
3877 5704 4100 5776 sagina—

2495 5803 2607 5850 tum
2662 5796 2714 5852 in
2767 5796 3146 5852 remissionem
3201 5807 3555 5867 peccatorum
3611 5811 3882 5852 meorum.
3935 5793 4101 5855 Vides
