5450 6394
2091 343 2197 401 διο
2714 340 2771 393 S.
2801 338 2997 394 PETRI
3030 336 3309 392 DAMlA-Nl
3346 336 3496 394 OPP.
3528 335 3708 390 PARS
3748 334 3876 390 SEU
3919 332 4244 393 TOMUSII.
4288 368 4353 376 —
4394 336 4778 393 SERMONES.
5238 338 5337 393 820

2092 468 2220 521 ergo
2246 465 2410 521 quam
2466 450 2621 520 iungi
2671 448 2932 517 patientia
2970 447 3040 501 sit
3072 447 3126 501 in
3154 448 3283 511 Deo,
3311 461 3475 517 quam
3507 446 3661 502 velox
3691 451 3739 509 Λ
3768 458 3948 499 arcem
3998 445 4419 509 innocentiefet
4445 448 4671 519 grandia
4708 446 4929 502 vulnera
4966 446 5050 502 sic
5084 448 5335 517 revinxit,

2092 541 2485 599 misericordia.
2519 558 2539 591 t
2564 536 2934 607 Longanimis,
2973 556 2993 590 ι
3030 537 3103 591 ait
3125 547 3368 597 sanctus,
3398 556 3416 589 ο
3447 546 3501 591 et
3520 535 3665 590 mul-

2093 646 2206 689 tum
2236 630 2549 687 misericors
2589 624 2764 699 (Paul.
2810 628 2929 699 cu).
2966 646 2985 680 ι
3028 627 3286 683 Libenter
3317 628 3484 699 igitur
3511 628 3579 682 ad
3612 636 3665 683 te

2090 720 2361 789 confugio,
2384 719 2609 773 Domine
2631 717 2784 781 Jesu,
2827 719 2920 788 qui
2949 719 3150 771 diutius
3179 721 3399 786 pateris,
3434 728 3491 775 et
3519 719 3665 772 velo-

2089 812 2228 871 citer
2255 810 2553 875 misereris,
2576 810 2702 878 quia
2731 818 2784 863 tu
2810 823 2871 863 es
2915 809 3075 875 Deus,
3103 819 3159 863 et
3189 824 3295 863 non
3324 810 3487 863 homo
3523 810 3665 863 sicut

2089 900 2355 972 propheta
2378 900 2505 954 dicit
2536 897 2681 969 (Ou.
2731 903 2828 967 xt),
2853 900 2944 967 qui
2978 910 3157 954 servet
3186 899 3345 965 iram,
3368 898 3665 954 abscondat

2088 989 2377 1053 malitiam,
2396 987 2693 1043 vindictam
2730 988 2990 1057 inquirat.

2157 1079 2242 1136 Ad
2288 1080 2404 1134 haec
2431 1086 2486 1133 et
2532 1077 2675 1131 istud
2708 1076 3163 1131 considerandum
3208 1078 3261 1131 in
3293 1076 3661 1131 misericordia

2091 1170 2406 1227 miserantis
2454 1169 2581 1240 quia
2610 1168 2790 1224 saeculi
2826 1168 3074 1222 homines
3101 1166 3291 1233 semel,
3315 1176 3410 1221 aut
3438 1168 3540 1227 bis,
3570 1175 3664 1219 aut

2090 1260 2317 1319 multum
2367 1261 2585 1332 septies,
2641 1258 2724 1313 vel
2771 1258 2951 1313 decies
3007 1259 3306 1323 dimittunt,
3350 1259 3438 1311 ltic
3479 1268 3662 1310 autem

2092 1350 2287 1406 millies
2335 1351 2389 1404 in
2415 1348 2524 1413 die,
2558 1340 2611 1403 si
2644 1347 2760 1403 fieri
2787 1357 2992 1418 posset,
3024 1363 3142 1419 qua:
3165 1348 3555 1402 committimus
3575 1348 3661 1400 di-

2088 1441 2277 1503 mittit.
2305 1449 2359 1493 et
2383 1440 2487 1495 hoc
2513 1440 2753 1508 quandiu
2809 1439 3057 1504 vivimus,
3088 1439 3326 1509 quandiu
3350 1438 3665 1507 peregrina-

2091 1546 2214 1585 mur
2255 1532 2324 1585 ab
2351 1531 2492 1601 ipso.
2524 1528 2667 1585 Visis
2720 1530 2885 1601 igitur
2934 1530 3018 1585 his
3046 1546 3165 1600 qua:
3202 1530 3662 1592 enumeravimus,

2088 1620 2276 1675 attolle
2328 1620 2517 1675 oculos
2566 1621 2734 1675 etiam
2788 1620 2855 1674 ad
2881 1621 3174 1675 videndum
3198 1620 3413 1686 Domini
3442 1618 3664 1689 largita-

2089 1723 2223 1775 tem,
2277 1711 2393 1765 sive
2445 1710 2890 1764 familiaritatem.
2943 1708 3000 1764 Si
3036 1709 3124 1764 cui
3173 1711 3408 1763 maxime
3455 1708 3660 1777 potenti

2088 1804 2341 1869 iecimus,
2376 1801 2521 1873 quod
2562 1801 2610 1855 ei
2656 1800 2987 1870 displiceret,
3021 1800 3258 1868 nunquid
3306 1799 3538 1868 amplius
3562 1813 3659 1851 no—
3691 1780 3736 1840 Β

2088 1896 2297 1949 hiscum
2344 1892 2517 1961 loqui,
2548 1892 2746 1945 nedum
2791 1891 2994 1961 aliquid
3033 1891 3241 1961 largiri,
3272 1891 3352 1943 vel
3384 1891 3662 1945 familiaris

2087 1985 2380 2057 dignatur?
2403 1983 2610 2040 Graves
2647 1998 2837 2037 sumus
2882 1984 2929 2038 ei
2984 1984 3144 2037 etiam
3174 1983 3243 2037 ad
3275 1983 3584 2046 videndum,
3608 1992 3666 2037 et

2086 2091 2189 2145 pm
2226 2089 2423 2146 magno
2470 2073 2735 2128 beneﬂcio
2758 2082 3060 2144 computat,
3090 2074 3135 2127 si
3182 2074 3373 2129 saltem
3411 2091 3440 2128 a
3477 2084 3662 2129 nostra

2087 2165 2311 2220 laesione
2359 2165 2619 2227 desistat;
2679 2172 2735 2218 et
2780 2162 3336 2233 licet.multiplicibus
3355 2175 3412 2217 et
3453 2164 3665 2219 devotis

2090 2254 2372 2324 obsequiis
2425 2253 2777 2308 defendamus
2808 2251 3094 2316 offensam,
3134 2269 3349 2323 semper
3376 2262 3552 2306 tamen
3582 2254 3667 2307 in—

2083 2344 2247 2412 juria
2276 2345 2533 2402 memoria
2564 2344 3109 2415 pnetervolateculos
3134 2344 3295 2405 illius,
3324 2360 3420 2397 nec
3441 2346 3662 2398 oblitte-

2089 2435 2202 2490 rari
2226 2435 2368 2491 valet
2391 2434 2477 2490 vel
2505 2435 2789 2497 benellcio,
2819 2436 2898 2488 vel
2922 2435 3206 2503 obsequio,
3238 2436 3319 2489 vel
3363 2436 3476 2504 ipsa
3498 2435 3665 2506 επ

2088 2527 2253 2580 etiam
2306 2534 2593 2580 vetustate.
2644 2525 2895 2593 Nunquid
2932 2527 3007 2579 ita
3059 2524 3200 2579 Deus
3247 2540 3423 2585 meus,
3452 2528 3664 2579 iniseri-

2088 2616 2272 2673 c0tdia
2301 2608 2455 2670 mea?
2480 2616 2651 2670 Absit.
2683 2614 2974 2670 Consuevit
3022 2616 3167 2670 enim
3195 2616 3463 2669 honorare
3491 2616 3663 2685 poeni-

2090 2700 2290 2771 tentes',
2321 2706 2491 2777 magis
2521 2722 2681 2775 quam
2735 2705 3081 2769 innocentes;
3135 2715 3493 2768 revertentes,
3520 2707 3663 2774 plus-

2088 2811 2253 2867 quam
2306 2806 2669 2860 remanentcs,
2708 2798 2835 2867 quia
2885 2796 3133 2850 devotior
3160 2805 3244 2850 est
3276 2794 3517 2850 fervidus
3546 2809 3661 2866 pm.

2085 2888 2269 2942 nitens
2314 2902 2474 2957 quam
2526 2888 2737 2957 tepidus
2794 2888 3080 2953 innocens,
3112 2902 3235 2942 cum
3265 2886 3353 2943 ille
3380 2889 3665 2943 materiam

2084 2977 2317 3034 fervoris
2350 2980 2563 3043 habeat,
2607 2980 2694 3033 hic
2719 2979 3033 3047 tepiditatis.

2154 3067 2427 3122 Fortassis
2455 3070 2893 3137 praesumptionis
2920 3085 3138 3140 arguar,
3174 3068 3285 3138 qui,
3312 3074 3498 3124 contra
3520 3083 3660 3137 pra-.-

2084 3166 2303 3227 ceptum
2350 3118 2615 3227 Aporstoli,
2665 3159 2955 3212 verborum
2981 3118 3278 3214 onorita'tes
3316 3118 3547 3221 induco:
3566 3159 3660 3212 sed
3688 3118 3735 3182 ο

2084 3246 2263 3301 habeo
2283 3246 2352 3301 ad
2382 3261 2598 3302 manum
2630 3248 2967 3314 testimonia,
3002 3263 3102 3302 nec
3122 3262 3307 3317 parva,
3338 3262 3436 3303 nec
3466 3262 3657 3317 pauca,

2085 3353 2209 3409 qua:
2230 3348 2285 3393 et
2311 3338 2424 3407 ipsa
2460 3338 2739 3394 credibilia
2780 3334 2921 3393 fa'cta
2950 3346 3078 3393 sunt
3104 3339 3287 3403 nimis,
3318 3348 3373 3392 et
3395 3354 3514 3409 quae
3540 3352 3666 3407 pos-

2082 3430 2197 3483 sint
2238 3425 2555 3483 satisfacere
2599 3427 2984 3482 murmuranti.
3010 3426 3206 3481 Petrus
3230 3429 3529 3497 apostolus,
3557 3444 3663 3484 non

2086 3517 2316 3586 quilibet
2365 3517 2660 3587 apostolus,
2718 3518 2811 3572 sed
2871 3518 3124 3587 princeps
3168 3518 3553 3586 apostolorum,
3578 3520 3663 3571 cui

2085 3612 2325 3666 traditus
2347 3621 2430 3667 est
2473 3612 2807 3680 principatus
2850 3612 2971 3665 caeli
3011 3620 3064 3663 et
3089 3620 3248 3664 terra:
3278 3610 3495 3679 (Matth.
3527 3602 3664 3679 xvt),

2085 3700 2331 3771 nunquid
2359 3715 2467 3757 non
2494 3702 2561 3756 de
2588 3701 2756 3757 choro
2800 3700 3175 3770 poenitentium
3203 3707 3308 3764 est,
3340 3712 3391 3754 et
3419 3701 3482 3755 de
3518 3712 3665 3757 sorte

2091 3791 2334 3860 graviter
2379 3790 2948 3861 injusteruthonne
2973 3792 3085 3860 ipse
3113 3802 3217 3853 est,
3255 3792 3345 3860 qui
3374 3791 3539 3846 Deuzn
3571 3809 3665 3845 ne-

2087 3882 2257 3951 gavit,
2282 3880 2499 3950 reliquit
2546 3882 2887 3951 magistrum,
2932 3882 3164 3935 amicum
3195 3882 3449 3945 deseruit,
3476 3881 3664 3935 fefellit

2086 3970 2456 4040 promissum?
2481 3970 2568 4039 qui
2600 3970 2764 4039 coepit
2794 3969 3052 4024 detestari
3092 3979 3143 4022 et
3165 3969 3375 4037 jurarc,
3402 3970 3527 4038 quia
3556 3984 3661 4023 non

2086 4061 2239 4115 norit
2266 4060 2535 4115 hominem
2581 4058 2796 4130 (Matth.
2850 4060 3023 4127 xxvi),
3064 4060 3335 4129 uegationi
3369 4060 3662 4129 perjurium

2086 4157 2316 4221 addens,
2356 4156 2569 4210 crimini
2598 4156 2806 4209 crimen
2843 4153 3138 4223 adjiciens?
3162 4155 3385 4211 Cecidit.
3430 4155 3522 4209 sed
3555 4171 3660 4210 non

2086 4260 2167 4303 est
2196 4248 2434 4314 collisus,
2462 4249 2588 4317 quia
2626 4246 2883 4301 Dominus
2932 4246 3213 4316 supposuit
3242 4262 3459 4300 manum
3481 4261 3658 4298 suam.

2085 4333 2222 4392 Vide
2268 4338 2395 4406 quid
2440 4337 2581 4392 dicat
2637 4336 2971 4403 Scriptura:
3031 4355 3048 4386 ι
3107 4337 3403 4405 Respexit,
3464 4337 3659 4405 inquit,

3768 544 3826 589 ut
3855 552 3958 590 non
3989 536 4159 589 solum
4206 536 4463 599 vulneris,
4515 536 4609 593 sed
4645 553 4744 593 nec
4762 538 4925 593 etiam
4958 539 5339 598 cicatricis»-

3765 626 3921 695 stigia
3980 635 4339 679 remanerent.
4390 626 4730 696 Rcdargutus
4773 628 4916 682 enim
4944 642 4973 681 a
5000 628 5268 699 propheta
5286 638 5339 683 et

3766 717 4065 770 retorsione
4120 717 4426 785 parabolica
4470 717 4751 787 sugillatus
4799 718 4933 772 dixit
4984 737 4997 772 :
5038 738 5058 771 ι
5114 718 5339 774 Peccavi

3766 805 3850 877 (ll
3888 806 4010 875 Reg.
4042 808 4162 874 xtt).
4202 824 4221 857 ι
4254 806 4319 860 Et
4368 807 4457 861 ille
4498 824 4563 862 ex
4604 809 4856 864 thesauro
4901 809 5103 864 divina!
5132 810 5342 863 miseri.

3765 898 3961 952 cordia:
4001 897 4184 951 statim
4236 895 4519 950 subintulit
4575 914 4589 950 :
4651 915 4669 948 ο
4728 898 5025 953 Transtulit
5084 899 5342 953 Dominus

3766 994 4042 1053 peccatum
4071 999 4099 1035 η
4123 992 4196 1047 te,
4223 992 4278 1038 et
4298 998 4403 1037 non
4433 985 4685 1040 morieris
4706 985 4915 1057 (Ibid)
4946 1006 4965 1038 ι
4995 986 5341 1041 Translatum

3764 1085 3847 1129 est
3877 1084 4179 1143 peccatum,
4206 1084 4261 1131 et
4285 1076 4547 1137 ablatum,
4586 1081 4730 1146 quod
4768 1079 5042 1133 dividebat
5074 1079 5220 1133 inter
5244 1078 5342 1131 Da-

3766 1169 3866 1271 viil~
3882 1177 3938 1271 et
3962 1168 4163 1271 Deum;
4189 1176 4260 1271 ‘et
4284 1167 4500 1271 sublato
4521 1183 4587 1269 eo
4616 1168 4787 1271 Daviq
4816 1168 5076 1271 idem-nti
5099 1170 5272 1239 prius.

3835 1255 3938 1310 Sed
3974 1266 4027 1310 et
4069 1256 4158 1311 ille
4189 1254 4297 1311 νυ
4325 1256 4625 1320 electionis,
4665 1259 4757 1327 qui
4778 1254 4995 1311 ‘volavit
5016 1272 5187 1327 super
5214 1273 5341 1326 pen-

3764 1362 3860 1401 nas
3889 1355 4193 1413 ventorum,
4224 1348 4314 1416 qui
4361 1348 4480 1416 plus
4510 1349 4763 1403 omnibus
4791 1348 5080 1412 laboravit,
5114 1350 5202 1403 cui
5226 1364 5343 1403 crc-

3764 1438 3873 1489 dita
3919 1445 4046 1490 sunt
4074 1436 4287 1507 eloquia
4330 1438 4443 1500 Dei,
4476 1453 4655 1493 nonne
4692 1439 4899 1507 primus
4928 1440 4981 1494 in
5004 1439 5340 1507 primitivam

3764 1528 4063 1582 Ecclesiam
4113 1530 4325 1585 caeteris
4367 1531 4646 1585 ardentius
4690 1530 4865 1587 fertur
4892 1527 5341 1603 eﬂerbuisselﬂ

3764 1617 3886 1673 Cor.
3908 1622 4018 1688 xv.)
4036 1621 4199 1676 Actus
4220 1622 4499 1690 apostolici
4518 1633 4641 1677 sunt
4658 1624 4709 1676 in
4728 1622 5341 1692 testimonium,quanta

3764 1709 3902 1763 mala
3933 1708 4123 1764 fecerit
4175 1713 4379 1766 sanctis
4406 1713 4496 1768 Dei
4527 1714 4579 1767 in
4603 1712 4959 1769 Hierusalem.
5005 1712 5107 1769 Hic
5136 1723 5341 1779 autem,

3763 1799 3854 1867 qui
3884 1808 4029 1852 tanta
4078 1800 4217 1854 mala
4252 1799 4402 1865 fecit,
4454 1810 4600 1856 tanta
4655 1810 4844 1873 postea
4898 1815 5095 1871 passus
5124 1812 5208 1857 est
5246 1818 5343 1873 pro

3764 1894 3981 1947 nomine
4007 1894 4234 1958 Christi,
4268 1904 4324 1951 et
4354 1895 4500 1951 lucet
4528 1897 4581 1950 in
4606 1897 4946 1952 firmamento
4971 1897 5118 1959 ccli,
5142 1913 5247 1952 nec
5264 1908 5344 1953 est

3764 1981 3943 2052 aliqua
3992 1999 4205 2054 gemma
4254 1986 4546 2055 pretiosior
4575 1987 4626 2041 in
4660 2002 4861 2043 corona
4916 1985 5083 2057 Regis
5127 1990 5339 2043 etet-ni.

3764 2072 4004 2127 Accedat
4034 2085 4088 2129 et
4121 2075 4208 2128 illa
4238 2076 4452 2137 mulier,
4480 2091 4601 2145 quae
4620 2087 4826 2147 septem
4846 2078 5157 2141 daemoniis,
5184 2078 5351 2133 idest

3764 2163 4034 2218 universis
4069 2166 4216 2219 vitiis
4267 2166 4539 2221 cumulata
4585 2168 4706 2231 fuit,
4730 2169 4816 2223 cui
4864 2168 5091 2223 multum
5115 2171 5341 2232 amanti,

3765 2252 3992 2308 multum
4040 2256 4353 2318 dimittitur,
4403 2271 4523 2326 qua:
4584 2258 4758 2327 prima
4802 2258 4947 2313 videt
4998 2256 5343 2314 Doctinuma

3764 2352 3991 2396 mortn~s
4016 2354 4410 2413 resurgentem,
4436 2346 4804 2413 apostolorum
4846 2347 5113 2413 anostola,
5146 2346 5344 2404 dilecta

3763 2435 3981 2503 proprie
4012 2434 4312 2490 Salvatoris
4338 2434 4534 2505 (Hart.
4570 2438 4700 2505 xvt).

3839 2524 4024 2581 Veniat
4072 2542 4216 2581 nunc
4269 2528 4447 2582 omnis
4490 2529 4855 2584 innocentium
4892 2530 5120 2591 chorus,
5148 2539 5203 2584 et
5234 2540 5343 2585 tota

3762 2617 4004 2685 virginea
4059 2619 4269 2687 puritas
4318 2618 4605 2683 ItiUﬂCllll’,
4630 2620 4751 2690 quis
4798 2621 4923 2685 erit,
4956 2620 5047 2689 qui
5277 2624 5343 2675 ad

3764 2708 3991 2763 istorum
4041 2708 4269 2775 gloriam
4316 2710 4580 2777 aspirare,
4606 2712 4798 2764 nedum
4826 2712 5218 2765 transcendere
5248 2726 5339 2763 au-

3762 2795 3924 2849 deat?
3970 2794 4261 2864 Propterea
4312 2796 4616 2852 conﬁtebor
4658 2797 4775 2856 tibi.
4830 2798 5057 2852 Domine
5108 2797 5262 2863 Jcsu,
5294 2808 5346 2852 et

3766 2886 3976 2939 laudem
4031 2885 4263 2940 tribuam
4332 2888 4533 2942 nomini
4588 2897 4697 2950 tuo,
4734 2889 4859 2959 quia
4906 2890 5048 2958 apud
5083 2898 5136 2943 te
5165 2890 5347 2958 propi-

3768 2976 3919 3031 tiatio
3967 2986 4069 3041 est,
4098 2986 4150 3031 ct
4181 2987 4401 3047 propter
4445 2978 4617 3048 legem
4646 2988 4791 3035 tuam
4832 2980 5063 3033 sustinui
5091 2988 5144 3033 te
5173 2976 5341 3049 (Pist.

3767 3068 3972 3131 cxxtx),
4011 3069 4255 3133 Domine.
4288 3070 4418 3136 Qua:
4463 3084 4545 3125 est
4592 3072 4690 3124 ista
4719 3072 4822 3137 lex,
4851 3087 4969 3141 qum
4995 3074 5346 3141 propitiatio?

3765 3159 3899 3227 Quia
3928 3158 4186 3225 oﬂ'ensus,
4206 3170 4255 3215 te
4282 3162 4603 3216 clementem
4630 3162 4932 3231 promittis;
4960 3162 5341 3231 panitentiata

3765 3250 4041 3313 admittis;
4070 3250 4265 3319 punire
4291 3252 4685 3319 pratermittis.
4714 3252 4899 3323 Magna
4932 3262 5015 3306 est
5048 3253 5217 3321 igitur
5243 3256 5347 3307 vir-

3767 3348 3852 3393 tus
3879 3340 4193 3409 ptrnitentia
4219 3356 4505 3404 vera,cum
4538 3342 4852 3396 Ambrosius
4880 3343 5023 3397 dicat
5064 3361 5078 3395 :
5112 3343 5348 3400 Facilius

3768 3428 3945 3481 inveni
3985 3443 4079 3481 eos
4106 3428 4197 3497 qui
4256 3428 4619 3483 innocentiam
4670 3440 5022 3484 servaverunt
5051 3447 5221 3501 quam
5250 3434 5342 3503 qui

3768 3532 4062 3585 congruam
4082 3528 4309 3585 egerunt
4338 3521 4763 3587 pmniteutiam.’

3840 3606 3971 3660 γης
4019 3616 4072 3660 et
4119 3619 4271 3662 sexto
4302 3608 4599 3662 custodiam
4631 3609 4768 3677 ejus,
4809 3610 4931 3680 quia
4966 3610 5071 3666 nisi
5106 3611 5230 3681 ipse
5253 3628 5346 3669 CI-

3766 3696 4014 3751 stodierit
4040 3713 4158 3759 nos,
4191 3696 4392 3751 frustra
4432 3699 4735 3765 vigilamus.

3839 3787 4091 3840 Decursis
4146 3786 4307 3855 igitur
4354 3802 4447 3840 sex
4496 3787 4793 3843 visionibus
4831 3789 4969 3853 istis,
4996 3799 5343 3849 transeamu

3766 3879 3832 3932 ad
3874 3880 4162 3930 secundam
4211 3878 4507 3931 Salvatm'is
4563 3892 4749 3934 vocem
4799 3880 5076 3935 dicentis:
5117 3899 5137 3931 ι
5198 3881 5337 3953 Vigi-

3769 3972 3890 4023 lzite.
3928 3990 3944 4020 ι
3982 3970 4319 4036 γὶεἰιηωιυῖη
4370 3972 4623 4033 omnino,
4674 3980 4728 4024 et
4775 3987 4994 4026 somnus
5047 3973 5123 4027 al
5167 3975 5343 4030 oculis

3765 4059 4112 4125 auferendus,
4167 4061 4290 4130 quia
4348 4062 4586 4115 latrones
4639 4061 4789 4115 multi
4825 4060 5075 4115 obsident
5104 4064 5215 4119 iter
5253 4080 5347 4119 no-

3767 4163 3937 4206 strum
3969 4154 4220 4205 toxit‘atis
4246 4152 4540 4206 missilibus
4571 4150 4918 4213 fonttitlantli,
4947 4154 5152 4207 nullum
5194 4171 5346 4225 pror-

3766 4261 3855 4298 Sus
3876 4246 4192 4297 intentatum
4222 4246 4453 4298 transire
4469 4246 4816 4299 sustinentes.
4838 4242 4969 4298 Ttes
4984 4247 5133 4300 enim
5160 4248 5348 4303 hostes

3767 4337 4067 4405 [Irmt‘EpUOS
4116 4335 4377 4387 habemus
4404 4344 4455 4388 et
4483 4335 4837 4403 praecipitium
4875 4336 5189 4401 suadentes,
5220 4354 5343 4392 car-

2093 4444 2111 4476 ι
2151 4427 2413 4481 Dominus
2437 4426 2655 4479 Petrum
2700 4425 2909 4495 (Ibid).
2944 4444 2961 4476 ι
2991 4424 3316 4493 Rcspectum
3349 4426 3544 4480 Christi
3576 4443 3661 4480 se-
3688 4461 3738 4520 Β
3769 4443 3913 4485 tzctn,
3950 4426 4243 4485 diabolum,
4295 4436 4343 4476 et
4393 4427 4682 4489 mundum;
4733 4442 4794 4478 ex
4824 4425 5019 4493 quibus
5044 4427 5179 4489 duo,
5218 4439 5273 4481 et
5306 4430 5345 4481 si

2086 4516 2273 4585 quitur
2296 4515 2449 4571 ﬂetus
2476 4516 2644 4577 Petri,
2672 4524 2725 4569 et
2752 4515 3108 4585 lacrymarum
3143 4516 3446 4568 amaritudo
3478 4515 3660 4569 dulce—

2087 4610 2265 4664 dinem
2295 4610 2527 4678 antiqua:
2553 4609 2830 4679 dignitatis
2853 4610 3141 4661 instaurat.

2155 4698 2386 4762 Felices,
2446 4708 2630 4754 sancte
2672 4696 2933 4767 :tpostole,
2962 4697 3213 4769 lacrytuae
3245 4704 3367 4759 tua},
3404 4712 3525 4766 qua:
3550 4696 3661 4750 cul-

2083 4795 2209 4858 p’am
2258 4789 2498 4853 abluunt,
2530 4788 2755 4858 gradum
2802 4788 3121 4853 restituunt,
3154 4789 3332 4843 debita
3359 4791 3659 4853 dimittunt,

2085 4880 2346 4949 ampliora
2404 4879 2768 4933 committunt.
2815 4879 3072 4947 Respexit
3116 4878 3306 4948 pietas,
3337 4880 3659 4948 etimpietns

2084 4971 2273 5035 cessit,
2325 4980 2381 5025 et
2422 4970 2652 5025 accessit
2704 4970 2879 5035 prisca
2958 4969 3317 5022 familiaritas.
3376 4969 3653 5036 llettique:

2092 5082 2111 5112 ε
2147 5050 2334 5116 Simon
2377 5060 2623 5125 Joannis,
2652 5059 2829 5129 diligis
2875 5075 2959 5113 me
3011 5060 3130 5127 plus
3180 5060 3299 5112 liis?
3338 5058 3503 5112 Pasre
3534 5076 3662 5114 oves

2085 5166 2238 5204 meas
2278 5148 2458 5219 (Joau.
2493 5150 2608 5214 XXI)
2640 5166 2654 5201 :
2698 5168 2715 5200 ι
2746 5158 2800 5203 et
2846 5149 2932 5202 his
2977 5148 3196 5209 similia,
3232 5149 3359 5217 quid
3388 5158 3533 5211 sunt,
3558 5150 3659 5201 nisi

2084 5254 2280 5309 magna
2310 5239 2628 5293 documenta
2674 5236 3098 5293 familiaritatis?
3138 5238 3271 5292 Illud
3294 5240 3457 5291 etiam
3482 5240 3660 5309 singu-

2082 5329 2200 5384 lare
2221 5329 2398 5384 sancti
2426 5327 2663 5397 Spiritus
2683 5342 2965 5396 organum,
2992 5343 3147 5397 quem
3173 5331 3377 5383 invenit
3404 5330 3664 5385 Dominus

2086 5420 2381 5475 secundum
2427 5434 2521 5474 cor
2568 5434 2753 5483 suum,
2793 5422 2877 5471 cui
2936 5419 3167 5472 revelata
3216 5430 3341 5473 sunt
3373 5420 3576 5471 incerta
3607 5430 3662 5474 et

2090 5510 2298 5566 occulta
2340 5511 2617 5579 sapientia:
2665 5510 2798 5575 Dei,
2848 5526 3027 5563 nonne
3074 5527 3195 5564 cum
3249 5512 3555 5569 homicidio.
3607 5521 3661 5563 et

2094 5601 2354 5657 adulterio
2400 5602 2686 5671 insignitus
2729 5612 2811 5655 cst
2841 5613 2965 5656 nota
3014 5613 3063 5656 et
3087 5603 3303 5655 nomine
3329 5605 3660 5671 proditoris?

2105 5694 2205 5747 Sed
2237 5693 2354 5747 vide
2386 5710 2542 5761 quam
2589 5691 2749 5748 (‘CiCl'i
2779 5694 3111 5762 pmtiilenlim
3164 5694 3301 5748 saltu
3336 5696 3555 5745 rccilitit
3594 5695 3659 5749 ad

3766 4516 4055 4582 aliquando
4099 4515 4477 4574 intermittunt,
4527 4528 4797 4583 nunquam
4826 4525 5003 4568 tamen
5028 4514 5344 4579 dimittunt;

3768 4610 3959 4660 tertius
4004 4618 4209 4669 autem,
4264 4606 4507 4659 diabolus
4562 4606 4840 4666 videlicet,
4889 4607 4960 4659 ita
5008 4607 5347 4663 inexorabile

3764 4700 3944 4753 odium
3982 4700 4266 4752 adversum
4321 4714 4419 4752 nos
4467 4709 4703 4761 exercet,
4750 4710 4807 4752 ut
4844 4714 5121 4766 nunquam
5175 4708 5246 4755 ab
5280 4718 5345 4756 eo

3766 4790 4029 4851 inducias,
4086 4789 4166 4841 vel
4202 4790 4252 4841 iu
4306 4788 4411 4841 ietu
4460 4789 4599 4842 oculi
4629 4790 4959 4857 potuerimus
4989 4794 5343 4857 extorquere.

3765 4881 3833 4935 At
3866 4890 3916 4933 ut
3954 4884 4115 4933 verba
4179 4880 4321 4932 illius
4369 4881 4605 4933 oratoris
4656 4895 4941 4949 ponamus,
4998 4880 5091 4947 qui
5147 4881 5345 4948 ubique

3768 4970 3966 5023 redolet
4022 4970 4362 5031 Ciceronem,
4421 4985 4542 5019 cum
4572 4968 4671 5021 hoc
4699 4966 5043 5036 quotidianus
5064 4976 5121 5019 et
5148 4982 5347 5036 auceps

3766 5074 4110 5128 cntigrcsms,
4144 5074 4206 5110 ex
4236 5058 4333 5109 hoc
4364 5059 4703 5111 innumerum
4735 5058 4946 5119 vulnus,
4970 5071 5070 5111 nec
5100 5073 5167 5111 ex
5201 5058 5344 5113 facili

3766 5150 4077 5203 cicatricem
4115 5148 4460 5216 promittens;
4498 5148 4599 5201 sub
4645 5148 4746 5201 hoc
4788 5162 4946 5203 casus
4978 5146 5260 5216 frequens,
5294 5160 5346 5204 et

3766 5243 4051 5309 respiratio
4082 5240 4338 5303 difﬁcilis;
4368 5242 4432 5294 de
4458 5242 4559 5294 hoc
4588 5254 4734 5303 rara,
4767 5249 4817 5294 et
4848 5254 5125 5309 nunquam
5153 5256 5341 5295 secura

3764 5334 4020 5393 victoria;
4058 5332 4180 5385 huic
4220 5330 4469 5383 voluntas
4526 5344 4741 5398 semper
4799 5329 5002 5397 iniqua,
5044 5339 5093 5383 et
5125 5329 5341 5383 fallendi

3768 5423 4120 5491 principatus.
4158 5422 4288 5486 Quis
4340 5422 4600 5473 adversus
4653 5420 4795 5473 hunc
4841 5420 5040 5488 poterit
5100 5418 5337 5489 vigilare,

3770 5516 3871 5567 nisi
3896 5524 4075 5567 custos
4103 5512 4185 5564 ille
4214 5514 4277 5561 de
4302 5522 4459 5566 noete
4486 5509 4691 5563 venerit
4710 5509 5038 5563 inauxilium
5062 5507 5341 5561 nostrum?

3770 5605 3869 5658 l‘er
3902 5622 3995 5657 nos
4049 5620 4280 5671 namque
4332 5619 4434 5655 non
4468 5601 4773 5665 sumsimus,
4814 5600 4924 5654 imo
4966 5600 5263 5661 deﬁciunt,
5294 5600 5331 5651 sl

3769 5696 4097 5750 conﬁdamus
4135 5697 4184 5748 in
4229 5697 4397 5745 ιιίηὶ-ῐς.
