5450 6364
853 350 950 408 821

2257 343 2489 401 δεκΜο
2521 341 2674 398 LVII.

4047 336 4156 394 82‘!

930 460 1163 518 Attende
1211 468 1390 514 autem
1428 459 1494 516 de
1537 459 1695 515 hoste
1735 458 1838 514 isto
1897 457 2157 514 invisibili
2203 467 2442 528 quantus
2472 464 2520 520 Α
2550 466 2702 511 stans
2746 455 2950 527 iugiter
2979 471 3076 526 per
3109 455 3284 519 diem;
3329 463 3383 508 et
3424 470 3588 524 super
3637 454 3940 522 custodiam
3977 472 4156 512 meam

851 555 1194 626 ingrediatur
1252 555 1320 606 ad
1384 551 1662 621 singulare
1719 558 2019 614 certamen,
2061 549 2242 618 qualia
2307 549 2448 617 gerit

854 661 1032 709 arma,
1063 659 1227 718 quam
1281 643 1607 712 fortia,quo
1660 642 1877 695 turbine
1939 649 2188 711 torqueat
2212 641 2446 694 hastam.

855 734 1060 790 Recole
1111 733 1306 788 librum
1351 731 1477 799 Job,
1501 742 1553 786 et
1585 732 1873 788 historiam
1921 731 2151 801 Regum,
2179 741 2233 786 et
2263 748 2448 786 arma-

858 835 999 890 tum,
1027 833 1082 879 et
1115 839 1266 879 arma
1315 824 1626 888 considera,
1677 823 1803 892 quia
1836 823 1926 894 qui
1958 823 2178 878 Goliath
2223 823 2274 876 in
2309 823 2452 879 libro

855 915 1087 986 Regum,
1122 915 1264 971 idem
1291 925 1376 970 est
1403 915 1652 970 diabolus
1699 915 1751 968 in
1788 930 1954 982 regno
1977 914 2443 969 Christianorum.

857 1006 1037 1061 Habet
1063 1007 1208 1060 enim
1252 1007 1465 1060 hastam
1491 1005 1892 1071 delectationis,
1933 1006 2311 1062 obdurationis
2339 1006 2454 1077 cly-

858 1114 1046 1170 peum,
1085 1097 1486 1166 desperationis
1541 1097 1788 1162 loricam,
1845 1098 2081 1169 gladium
2137 1100 2450 1164 occisionis,

856 1189 1556 1260 annigerumsuperbiam,
1581 1189 1672 1258 qui
1705 1190 1977 1244 antecedit
1998 1205 2142 1255 eum,
2173 1200 2226 1245 et
2255 1206 2454 1260 expro-

855 1277 980 1330 brat
1029 1276 1333 1347 agminibus
1388 1277 1485 1332 Dei
1541 1277 1800 1342 viventis,
1856 1288 1912 1333 et
1965 1280 2098 1333 dicit
2143 1281 2448 1334 inimicus:

861 1384 883 1418 α
931 1366 1256 1437 Persequar,
1308 1377 1364 1424 et
1414 1370 1912 1438 comprehendam,
1964 1369 2203 1424 dividam
2253 1370 2444 1441 spolia,

852 1457 1170 1530 Implebitur
1191 1452 1372 1514 anima
1402 1474 1522 1516 mea
1554 1459 1750 1531 (Exod.
1786 1450 1898 1530 xv).
1922 1480 1940 1513 ι
1971 1460 2048 1514 'I‘u
2081 1471 2260 1516 autem
2286 1463 2450 1532 quid?

854 1552 1088 1608 Assume
1112 1549 1464 1622 apostolicam
1508 1562 1867 1620 armaturam,
1897 1564 2112 1609 scutum
2141 1553 2294 1620 fidei,
2319 1554 2450 1609 lori-

853 1657 976 1698 eam
1023 1643 1274 1712 iustitiae,
1327 1643 1569 1716 gladium
1621 1645 1875 1716 spiritus,
1935 1647 2448 1717 circumspectionis

854 1735 1096 1799 hastam;
1128 1743 1184 1788 et
1240 1735 1514 1804 praecedat
1553 1744 1604 1791 te
1645 1736 1926 1792 humilitas
1951 1745 2006 1792 et
2043 1737 2131 1792 dic
2159 1754 2172 1791 :
2205 1755 2224 1790 ι
2255 1739 2448 1794 Perse-

2553 564 2652 619 ego
2683 565 2824 614 sum,
2858 557 3009 604 stans
3041 548 3172 603 totis
3204 547 3460 603 noctibus
3509 544 3650 616 (13a.
3697 544 3852 616 xxi).
3884 565 3902 599 ι
3935 545 4046 601 Nec
4075 564 4160 603 so-

2552 640 2664 694 lum
2720 647 2872 696 Stare
2925 640 3206 704 COnvenit,
3235 640 3330 693 sed
3371 645 3646 690 armatum
3683 645 3832 691 stare
3875 647 4158 694 armatura

2554 733 2643 788 illa
2680 749 2843 803 quam
2900 732 3195 802 Apostolus
3250 731 3423 786 dicit:
3456 747 3474 782 ι
3521 729 3732 784 lnduite
3785 745 3880 782 vos
3911 741 4161 784 armatu-

2554 842 2668 880 ram
2710 827 2801 881 Dei
2845 827 3065 896 (Eplies.
3112 826 3207 896 VI).
3246 843 3264 876 ι
3299 825 3454 879 Alter
3504 833 3817 878 nostrorum
3849 832 4160 894 temporum

2555 915 2782 981 Tullius,
2818 919 2884 973 de
2930 933 3038 988 quo
3087 919 3340 987 superius
3383 917 3717 971 mentionem
3761 914 3886 979 feci,
3921 930 4161 972 vernans

2555 1009 2754 1078 ul'ique
2781 1006 2911 1062 flore
2932 1023 3268 1070 sermonum,
3295 1018 3631 1061 armaturam
3669 1005 3722 1059 in
3765 1007 3910 1061 hunc
3935 1007 4157 1062 modum

2556 1098 2911 1153 lucidissimis
2940 1099 3196 1168 capitulis
3229 1098 3523 1152 inauravit.
3561 1097 3618 1152 Si
3656 1096 3885 1151 fabulosi
3927 1097 4162 1167 spiritus

2554 1191 3015 1244 ct'incantatores
3043 1199 3221 1244 motus
3253 1191 3437 1244 carnis
3461 1190 3605 1244 circa
3648 1198 3698 1243 te
3727 1188 4159 1260 obstrepuerint,

2553 1280 2788 1344 confide,
2812 1290 2869 1335 et
2914 1281 3001 1335 dic
3032 1298 3043 1333 :
3085 1299 3101 1330 ι
3155 1279 3428 1335 Discedite
3454 1296 3482 1332 a
3514 1294 3600 1332 me
3648 1278 3891 1350 maligni,
3917 1289 3972 1335 et
4003 1296 4162 1335 seruo

2555 1372 2710 1425 tabor
2737 1372 2994 1426 mandata
3038 1371 3134 1427 Dei
3169 1371 3272 1425 mei
3305 1370 3480 1439 (Psal.
3513 1370 3726 1439 cxvttt).
3771 1389 3788 1422 ι
3827 1370 3887 1424 Si
3916 1370 4162 1426 recalero

2551 1477 2774 1518 carnem
2805 1463 3069 1526 senseris,
3103 1471 3159 1517 et
3200 1461 3337 1516 velle
3370 1460 3616 1515 revelare
3647 1460 3712 1515 ad
3742 1459 3976 1530 ineptias
4007 1474 4157 1525 suas,

2550 1562 2671 1608 esto
2717 1562 2979 1608 constans
3009 1560 3064 1607 et
3105 1553 3192 1609 dic
3227 1569 3239 1604 :
3274 1569 3291 1603 ι
3329 1550 3557 1620 Confige
3604 1552 3800 1605 timore
3840 1559 3933 1605 tuo
3959 1565 4160 1606 carnes

2551 1660 2720 1707 meas,
2751 1646 2976 1700 Domine
3017 1645 3229 1716 (Ibid).
3269 1663 3286 1696 ι
3322 1645 3380 1698 Si
3432 1652 3810 1714 paupertatem
3846 1643 4028 1698 odisse
4052 1659 4162 1699 emo

2550 1735 2720 1805 peris,
2746 1743 2799 1790 et
2833 1736 3109 1790 desiderio
3163 1735 3478 1790 divitiarum
3531 1734 3827 1803 incmperis
3877 1734 4156 1799 suscitari,

851 1841 992 1896 quar
1018 1825 1273 1882 inimicos
1309 1841 1483 1892 meos,
1513 1836 1568 1883 et
1595 1828 2070 1897 comprehendam
2091 1829 2233 1896 illos,
2261 1840 2313 1885 et
2340 1847 2444 1886 non
2481 1826 2524 1885 Β
2553 1828 2930 1896 expergiscere
2957 1835 3011 1881 et
3042 1828 3130 1882 dic
3163 1845 3174 1880 :
3217 1845 3234 1878 t
3274 1827 3366 1882 Vae
3403 1826 3582 1891 vobis,
3611 1826 3829 1890 divites,
3863 1827 3954 1896 qui
3984 1825 4156 1881 babe-

848 1905 1353 1976 convertar‘donec
1401 1921 1660 1978 deficiant
1716 1920 1892 1993 (Psal.
1939 1923 2060 1993 vn).
2096 1943 2116 1976 ›
2147 1922 2191 1980 Ο
2218 1923 2446 1980 Domine

846 2003 1001 2075 Iesu,
1034 2011 1274 2082 nunquid
1303 2027 1457 2082 :equa
1500 2028 1679 2084 pugna
1707 2023 1789 2069 est
1819 2016 2053 2069 hominis
2081 2023 2136 2070 et
2158 2015 2442 2080 daemonis,

848 2104 1082 2172 duplicis
1108 2115 1163 2160 et
1186 2105 1474 2175 simplicis,
1506 2106 1663 2162 fortis
1694 2117 1750 2162 et
1782 2109 2101 2164 imbecillis?
2123 2108 2317 2165 lnvoca
2358 2127 2442 2165 me

849 2196 906 2249 ln
937 2195 1024 2249 die
1054 2196 1442 2262 tribulationis,
1497 2199 1574 2253 ait
1609 2199 1891 2264 Dominus,
1924 2209 1978 2255 et
2019 2216 2209 2256 eruam
2264 2212 2337 2268 te,
2388 2212 2444 2258 et

846 2284 1238 2342 bonorificabis
1288 2302 1375 2342 me
1423 2285 1592 2360 (Psal.
1629 2293 1798 2358 thx).
1829 2291 2026 2346 Invoco
2057 2302 2125 2358 te,
2164 2291 2436 2360 Salvator,

846 2363 1190 2448 apprehende
1245 2387 1510 2446 arma,“
1559 2390 1772 2435 scutum
1808 2381 1982 2451 (Psal.
2034 2384 2243 2455 xxxiv),
2274 2387 2442 2440 utvi-

843 2467 1004 2524 deam
1035 2480 1227 2526 contra
1257 2470 1455 2526 fortem
1513 2484 1786 2527 armatum
1829 2473 2112 2530 fortiorem
2142 2485 2436 2543 armatum,

843 2570 902 2616 et
944 2570 1198 2616 conteras
1227 2561 1512 2634 Assyrium
1545 2563 1598 2618 in
1631 2573 1772 2619 terra
1805 2580 1919 2620 ttta.
1953 2567 2119 2623 Facta
2150 2584 2280 2640 ergo
2307 2587 2439 2626 cou—

844 2651 1158 2722 gressione,
1213 2653 1468 2710 inimicos
1515 2663 1639 2709 tuos
1690 2660 2043 2727 comminuet,
2075 2670 2132 2714 ut
2160 2662 2435 2731 pulverem

843 2754 971 2800 ante
1025 2745 1218 2800 faciem
1276 2746 1442 2810 venti,
1477 2759 1532 2802 et
1579 2761 1634 2802 nt
1669 2750 1841 2804 lutum
1878 2752 2180 2821 platearum
2233 2755 2438 2810 delebit

841 2850 938 2892 eos
968 2834 1138 2908 (Paul.
1167 2838 1400 2907 Lxxxtt).
1434 2839 1524 2896 Sic
1568 2852 1747 2896 autem
1786 2855 1973 2898 contra
2001 2845 2164 2900 istum
2197 2848 2430 2919 vigilan-

841 2925 971 2982 dum
1003 2937 1085 2984 est
1115 2938 1176 2984 nt
1217 2943 1434 3000 semper
1459 2931 1525 2986 de
1553 2933 1794 2989 redivivo
1841 2937 2139 2991 certamine
2167 2938 2360 2994 timeas
2380 2951 2436 2996 et

841 3018 910 3074 de
939 3019 1162 3075 victoria
1196 3037 1303 3076 non
1333 3022 1609 3092 desperes.

907 3127 1073 3199 300
1099 3132 1242 3184 Caro
1278 3138 1459 3186 autem
1509 3133 1609 3188 sub
1648 3135 1990 3189 necessitatis
2032 3139 2212 3206 specie
2241 3137 2427 3194 furiosi

840 3218 1104 3274 tumultus
1147 3220 1229 3274 sui
1265 3219 1408 3275 velat
1460 3222 1778 3293 imaginem,
1835 3236 1889 3280 et
1922 3242 2065 3281 nunc
2096 3228 2426 3285 ferculorum

835 3307 1103 3366 varietate
1156 3311 1385 3380 repleta,
1419 3329 1565 3370 nunc
1623 3316 1863 3385 pretiosa
1898 3317 2022 3372 vina
2060 3330 2425 3384 commutatis,

836 3397 1030 3469 Incipit
1079 3399 1353 3470 lascivire,
1406 3403 1714 3477 laxatisque
1767 3406 1957 3473 frenis,
2009 3418 2121 3464 tota
2173 3410 2347 3466 fertur
2373 3413 2428 3466 in

834 3505 1095 3562 preceps.
1124 3493 1297 3550 Satim
1337 3497 1732 3554 recrudescunt
1787 3501 2037 3566 allectus,
2063 3503 2428 3574 cogitationes

836 3582 1121 3647 rebellant,
1157 3586 1288 3642 visa:
1332 3599 1714 3658 proponuntur
1756 3590 2043 3660 imagines,
2073 3603 2128 3648 et
2155 3596 2428 3664 pingimus

835 3674 894 3734 In
922 3676 1177 3732 cordibus
1227 3681 1429 3734 nostris
1474 3681 1617 3750 quod
1670 3683 1857 3737 multis
1902 3685 2094 3738 diebus
2120 3687 2286 3740 deleri
2321 3704 2426 3741 non

834 3767 1028 3836 possit.
1086 3767 1405 3840 lngurgitati
1461 3774 1632 3836 enim,
1688 3789 1798 3828 non
1841 3775 2162 3839 confortati;
2197 3777 2424 3846 impleti,

835 3870 937 3908 nec
967 3859 1178 3920 nutriti,
1209 3867 1264 3912 ct
1295 3875 1548 3930 corpore,
1577 3871 1634 3918 et
1665 3864 1832 3918 corde
1859 3865 2240 3932 distendimnr,
2276 3886 2425 3923 eom-

833 3946 1116 4014 pleturque
1145 3949 1272 4004 illud
1302 3953 1600 4020 satyricum
1637 3973 1647 4008 :

962 4072 1177 4144 Inguinis
1199 4091 1250 4134 et
1281 4087 1455 4148 capitis
1479 4085 1660 4136 nullum
1693 4088 1958 4142 discrimen
1987 4091 2215 4140 habetur.

904 4181 1074 4238 Pareo
1112 4187 1476 4252 sermonibus,
1505 4191 1630 4260 quia
1664 4192 1835 4260 turpis
1867 4196 2137 4250 sententia
2174 4211 2280 4251 non
2312 4200 2417 4253 nisu

830 4271 1013 4327 verbis
1064 4277 1312 4344 turpibus
1357 4280 1616 4350 explicari
1668 4291 1864 4351 potest,
1900 4294 1958 4339 et
2004 4288 2298 4357 unicuique
2327 4308 2425 4344 no-

828 4374 1003 4418 strum
1038 4376 1206 4421 totum
1235 4378 1342 4434 est,
1368 4371 1452 4426 vel
1486 4375 1628 4441 quod
1687 4384 1952 4443 tacemus,
1988 4378 2072 4433 vel
2104 4383 2248 4450 quod
2273 4383 2423 4438 volu-

829 4468 952 4507 mus
979 4457 1276 4521 prwterire.
1311 4459 1514 4516 Tenuis
1540 4473 1718 4516 autem
1744 4481 1952 4527 mensa,
1975 4468 2129 4522 cibus
2150 4473 2414 4539 asperior,

2553 1918 2620 1972 tis
2649 1920 2739 1973 hic
2759 1917 3193 1973 consolationem
3242 1930 3483 1973 vestram
3522 1918 3745 1988 (Matth.
3780 1919 3925 1986 vui).
3967 1938 3985 1971 ι
4019 1918 4078 1976 Si
4105 1929 4159 1974 te.

2547 2011 2854 2066 deinulceat
2889 2013 3161 2075 adulator,
3203 2022 3255 2066 et
3287 2012 3354 2065 ad
3388 2011 3674 2082 plebiculae
3707 2012 3898 2068 laudes
3937 2013 4159 2073 animus

2547 2102 2862 2166 hilarescal,
2897 2104 3234 2169 confortare,
3284 2113 3338 2158 et
3384 2105 3470 2157 die
3504 2121 3516 2156 :
3558 2123 3575 2154 ι
3618 2102 3809 2159 Oleum
3846 2105 4155 2174 peccatoris

2546 2211 2650 2250 non
2701 2197 2998 2266 impinguct
3037 2206 3202 2266 caput
3255 2212 3436 2252 meum
3481 2195 3658 2266 (Psal.
3705 2197 3854 2266 οη).
3898 2215 3917 2249 ι
3964 2196 4022 2252 Si
4057 2197 4154 2253 tibi

2543 2297 2869 2358 suggeratur
2893 2290 2944 2342 in
2968 2287 3208 2343 futurum
3240 2300 3454 2359 tempus
3483 2289 3684 2343 bonum
3715 2287 3935 2342 differre
3955 2302 4156 2360 propo-

2544 2380 2730 2446 situm,
2749 2397 3017 2450 consurge
3035 2390 3085 2435 et
3105 2381 3193 2436 die
3219 2400 3231 2435 :
3260 2398 3276 2431 t
3312 2382 3438 2436 Dies
3466 2381 3676 2435 Domini
3702 2381 3842 2436 sicut
3873 2380 3980 2445 fur,
3999 2381 4074 2436 ita
4100 2381 4154 2436 in

2541 2481 2699 2526 nocte
2725 2473 2906 2526 veniet
2929 2471 3013 2542 (ll
3037 2469 3184 2524 Patr.
3215 2472 3316 2540 ut).
3341 2490 3360 2519 ι
3395 2471 3449 2524 Si
3475 2471 3602 2538 gula
3631 2471 3931 2526 desaeviens
3955 2470 4154 2528 lautio-

2541 2580 2629 2619 res
2658 2566 2749 2620 tibi
2775 2564 3242 2618 commendaverit
3271 2573 3590 2632 apparatus,
3621 2563 3908 2617 recalt-itt-a
3943 2571 3997 2618 et
4022 2563 4110 2619 dic
4135 2580 4149 2616 :

2545 2676 2563 2709 ι
2595 2657 2711 2711 Non
2742 2667 2826 2711 est
2857 2673 3084 2724 regnum
3109 2657 3202 2709 Dei
3222 2671 3345 2710 esca
3372 2666 3600 2724 etpotus
3626 2654 3806 2720 (Rom.
3835 2654 3971 2725 ειν).
4000 2676 4019 2708 ι
4057 2654 4154 2710 IIis

2539 2749 2683 2802 velut
2717 2749 3041 2818 quibusdam
3085 2747 3548 2817 increpationibus
3576 2745 3866 2816 diffugiunt
3922 2747 4151 2811 inimici,

2537 2839 3086 2894 tle-labiturmemoria
3102 2840 3460 2908 voluptatum,
3481 2841 3665 2894 carnis
3692 2839 3994 2910 gurgulitas
4021 2854 4162 2896 con-v

2541 2933 2804 2996 tiseescit,
2837 2943 3040 2986 sancta:
3082 2933 3520 2987 conversationis
3552 2933 3704 2985 initia
3735 2931 4149 2998 convalescunt,

2537 3024 2770 3077 mundus
2809 3023 3195 3088 contemnitur,
3227 3033 3518 3092 superatur
3548 3023 3720 3079 hostis
3742 3023 4021 3094 antiquus.

2609 3115 2700 3169 Sic
2726 3115 2889 3185 igitur
2915 3114 3108 3170 videns
3138 3124 3191 3170 et
3242 3113 3476 3183 vigilans
3508 3114 3591 3169 fac
3635 3113 3935 3169 funiculum
3971 3113 4151 3186 tripli.

2537 3224 2679 3271 cem,
2712 3208 2801 3275 qui
2849 3206 3069 3260 difficile
3113 3207 3407 3277 rumpitur,
3448 3216 3503 3261 et
3532 3207 3702 3261 transi
3745 3207 3810 3260 ad
3840 3205 4145 3269 orationes,

2534 3299 2852 3367 ingrediens
2895 3299 3156 3352 interiora
3209 3298 3314 3352 veli
3341 3311 3466 3352 cum
3516 3314 3733 3354 summo
3765 3297 4022 3368 pontifice
4048 3298 4152 3356 Do-

2534 3389 2682 3444 mino
2747 3398 2936 3443 nostro
2989 3386 3117 3444 Jesu
3176 3387 3419 3454 Christo,
3468 3388 3559 3458 qui
3607 3387 3767 3459 301
3817 3389 4154 3460 propitiatur

2532 3482 2788 3536 omnibus
2841 3480 3225 3550 iniquitatibus
3275 3483 3403 3546 tuis,
3445 3482 3536 3552 qui
3593 3482 3802 3538 assiStit
3844 3482 4014 3538 vultui
4047 3482 4147 3540 Dei

2532 3587 2630 3640 pro
2663 3578 2732 3626 te.
2763 3571 3050 3625 Admissus
3078 3583 3259 3626 autem
3307 3589 3414 3627 non
3470 3574 3551 3629 sic
3590 3574 3873 3636 audacter,
3912 3586 3966 3629 et
3989 3573 4143 3632 fron-

2535 3675 2647 3718 tose
2681 3665 2898 3732 ingeras
2933 3673 2985 3718 te
3016 3664 3191 3719 oculis
3217 3663 3548 3733 maiestatis,
3580 3666 3674 3720 sed
3702 3666 4007 3722 httmillima
4036 3677 4148 3724 tre-

2531 3754 2808 3823 pidatione
2835 3768 3161 3820 concussus,
3218 3754 3411 3809 saltem
3450 3755 3726 3824 quomodo
3755 3756 3824 3812 ad
3863 3765 4012 3811 tanta
4040 3758 4145 3814 mi-

2537 3845 2722 3898 ranula
2750 3843 2964 3899 admitti
3003 3846 3269 3914 potueris,
3295 3847 3595 3902 admirare.

2604 3939 2686 3993 Sit
2723 3953 2856 4007 ergo
2887 3939 3065 3992 oratio
3109 3940 3440 4001 verecunda,
3488 3925 3549 3994 uit
3589 3941 3984 3998 erubescamus
4013 3959 4140 4015 pec-

2533 4039 2654 4083 tata
2690 4039 2898 4089 nostra.
2947 4038 3003 4083 et
3047 4038 3212 4085 tantae
3246 4031 3568 4085 reverentia:
3597 4031 3939 4099 deferemus;
3979 4051 4148 4104 pura,

2531 4129 2590 4176 ut
2625 4120 2757 4174 nihil
2798 4121 2867 4174 ab
2918 4120 3033 4188 ipso
3074 4131 3272 4190 praeter
3323 4123 3500 4190 ipsum
3541 4138 3883 4191 quaeramus;
3913 4127 4140 4192 devota,

2529 4219 2584 4264 ut
2618 4210 2673 4264 in
2699 4209 3027 4279 pinguedine
3057 4210 3282 4278 spiritus
3321 4226 3445 4265 eam
3480 4221 3533 4265 et
3560 4215 3984 4281 protendamus;
4020 4231 4138 4271 am-

2528 4303 2640 4373 pla,
2668 4312 2726 4357 ut
2751 4303 3108 4357 extendamus
3134 4317 3254 4358 eam
3284 4319 3455 4374 usque
3493 4307 3558 4361 ad
3586 4309 3871 4375 inimicos;
3911 4310 3982 4364 sit
4005 4327 4138 4365 con-

2530 4393 2702 4458 tinua,
2743 4409 2810 4447 ne
2839 4394 3247 4450 intermissione
3289 4395 3382 4450 fiat
3432 4399 3746 4466 remissior;
3791 4402 3863 4455 sit
3918 4413 4134 4472 pacata,

2529 4499 2596 4538 ne
2639 4484 2966 4539 turbulentis
3003 4486 3396 4555 cogitationum
3428 4486 3684 4544 fluctibus
3727 4491 4130 4564 submergatur.

825 4544 1127 4613 simplicior
1144 4557 1536 4621 potlIS.COTPUS
1556 4551 2418 4630 ﬁrmant.conﬁrmantanimum.
2456 4549 2502 4608 θ
2531 4575 2748 4638 Fateor,
2778 4579 2986 4632 excessi
3012 4544 3250 4638 modum.
3278 4587 3330 4636 et
3360 4583 3530 4652 magis
3549 4584 3708 4640 solito
3735 4544 4134 4645 vestrasoaurea

823 4643 886 4690 et
938 4637 1220 4708 utriusque
1266 4640 1524 4716 hominis‘
1559 4653 1760 4700 statum
1811 4648 2042 4703 reddunt
2075 4651 2414 4711 alacriorem.

900 4725 1129 4786 Mundus
1180 4747 1312 4788 vero
1351 4733 1483 4805 quid
1522 4735 1688 4791 facit?
1718 4737 1890 4794 Otfert
1948 4743 2105 4798 nobis
2152 4746 2417 4816 quidquid

822 4818 1112 4890 pulchrum
1175 4833 1260 4878 est
1307 4826 1448 4890 visu,
1503 4836 1559 4882 et
1587 4830 2086 4898 concupiscentiam
2127 4837 2331 4898 carnis,
2363 4855 2420 4894 et

818 4909 1102 4965 oculorum
1129 4923 1183 4968 et
1215 4915 1568 4973 ambitionem
1616 4922 1824 4986 saeculi,
1862 4933 1918 4975 ut
1967 4925 2219 4996 illaqttect
2250 4931 2412 4984 mise-

821 5017 936 5070 ros,
967 5005 1286 5078 illaqueatos
1312 5013 1638 5082 strangulet,
1670 5018 2036 5088 strangulatos
2067 5022 2412 5088 sempiternis

800 5094 1064 5152 .Involvat
1115 5099 1402 5157 incendiis.
1432 5101 1632 5158 Tentat
1683 5122 1781 5160 nos
1827 5107 2258 5165 multiformibus
2283 5113 2418 5166 insi-

816 5186 950 5252 diis,
987 5191 1234 5259 superius
1279 5183 1764 5265 per-superbiam,
1836 5213 1931 5268 per
1972 5198 2243 5254 luxuriam
2276 5203 2412 5256 infe-

816 5279 966 5344 rius;
990 5295 1021 5334 a
1059 5281 1266 5336 dextris
1293 5298 1389 5354 per
1421 5288 1862 5354 prosperitatem,
1907 5307 2002 5360 per
2027 5292 2413 5349 adversitatem

813 5384 845 5421 a
898 5367 1167 5438 sinistris;
1207 5374 1452 5431 anterius
1498 5392 1595 5445 per
1641 5382 1828 5434 mundi
1884 5384 2408 5454 concupiscentiam,

812 5461 1089 5530 posterius
1111 5478 1206 5533 per
1231 5469 1634 5535 praeteritorum
1661 5473 1914 5527 vitiorum
1946 5477 2408 5543 recordationem,

814 5552 873 5607 in
903 5554 1192 5612 orbiculari
1226 5571 1372 5614 motu
1401 5577 1496 5632 per
1526 5564 1918 5622 involutionem
1947 5585 2188 5626 sensum.

897 5645 1128 5714 Vigilare
1183 5651 1346 5720 igitur
1396 5670 1620 5712 necesse
1667 5667 1750 5712 est
1786 5661 2047 5717 adversus
2098 5662 2404 5731 huiusmodi

812 5739 1171 5804 latrunculos,
1242 5759 1570 5816 manumque
1633 5748 1916 5812 sic-ariam.
1971 5763 2025 5806 ct
2087 5772 2208 5807 cum
2269 5755 2402 5808 Isaia

810 5827 1097 5883 dicendum
1150 5849 1160 5882 :
1211 5850 1225 5881 ‹
1274 5833 1447 5904 Super
1510 5841 1786 5894 speculam
1848 5840 2058 5899 Doniini
2110 5861 2210 5908 ego
2258 5861 2397 5907 sum.

2530 4683 2761 4723 onerare
2803 4685 2907 4723 non
2956 4670 3134 4734 timui,
3181 4671 3308 4724 dum
3356 4674 3528 4743 stylus
3581 4675 3633 4728 in
3676 4677 4133 4748 longinquitatem

2528 4761 2860 4816 extenditur.
2895 4763 3001 4815 Sed
3031 4763 3167 4826 scio,
3201 4764 3326 4831 quia
3376 4765 3647 4833 patienter
3670 4769 3899 4824 audistis
3945 4786 4032 4826 me
4063 4772 4134 4828 de

2530 4852 2673 4918 illius
2703 4853 2961 4922 patientia
2989 4853 3378 4922 disputantem,
3413 4857 3505 4927 qui
3531 4868 3616 4912 est
3647 4857 3790 4914 Deus
3813 4861 4147 4928 benedictus,

2521 4945 2574 5000 in
2604 4944 2822 5001 sarcula.
2850 4946 3046 5000 Anien.

3075 5029 3092 5046 ⁶
3137 5027 3372 5081 SEl‘t‘liO
3410 5028 3566 5083 LVII.

2678 5124 2712 5159 ι.
2758 5119 2823 5161 νε
2864 5124 2908 5161 s.
2953 5125 3162 5163 unum
3205 5125 3481 5164 anosroto
3523 5114 3651 5182 (xxx
3695 5116 3975 5186 novum).

2597 5197 2790 5262 Hodie,
2833 5199 3030 5253 fratres
3060 5201 3368 5256 cbarissimi
3395 5243 3408 5267 ,
3435 5203 3492 5256 Β.
3527 5204 3757 5261 Andrea:
3786 5209 3942 5264 nobis
3968 5207 4126 5266 {esti-

2522 5291 2663 5344 vitas
2707 5293 2884 5363 votiva
2923 5293 3280 5362 resplenduit,
3335 5311 3455 5365 qua:
3503 5297 3646 5352 inter
3675 5299 3850 5368 ipsam
3882 5299 4129 5370 glacialis

2521 5386 2729 5439 bruma:
2763 5385 3051 5455 caliginem
3073 5427 3086 5448 ,
3111 5387 3412 5456 jucundam
3440 5390 3644 5444 nostris
3668 5391 3941 5447 mentibus
3972 5394 4130 5448 indu-

2518 5479 2597 5531 xit
2639 5478 2836 5532 laetitia:
2875 5480 3249 5543 serenitatem,
3301 5491 3357 5533 et
3412 5481 3538 5535 dum
3583 5485 3727 5538 aeris
3777 5485 4126 5542 inclementia

2520 5569 2862 5623 extrinsecus
2890 5568 3206 5637 obrigescit,
3240 5572 3374 5624 tanti
3399 5572 3725 5639 prreliatoris
3749 5577 3932 5630 audita
3957 5578 4128 5630 victo-

2522 5664 2620 5720 ria.
2666 5663 2753 5731 pia
2800 5663 2963 5717 corda
3009 5663 3074 5718 ad
3109 5664 3452 5734 procinctum
3499 5667 3763 5736 spiritalis
3807 5669 4128 5724 certaminis

2521 5754 2734 5814 incitat,
2776 5763 2830 5806 et
2878 5755 3121 5823 insignes
3161 5753 3484 5809 bellatorum
3523 5757 3725 5813 Christi
3761 5759 3972 5816 animos
4003 5761 4126 5830 igne

2521 5845 2686 5900 divini
2716 5846 2916 5900 amoris
2952 5843 3272 5900 inﬂammat.
3304 5847 3446 5902 Inter
3481 5862 3677 5905 cuncta
3712 5869 3840 5907 sane
3876 5855 4124 5922 martyrii
