5450 6406
0 1141 146 1490 ,a

0 1717 168 1900 έέῑ

2051 360 2158 416 823
2621 361 2678 415 S.
2717 361 2919 416 PETIlI
2960 362 3240 417 DAMIANI
3281 360 3431 418 OPP.
3477 361 3653 416 PARS
3696 361 3823 418 SEU
3866 362 4100 421 TOIIUS
4137 365 4195 420 II.
4241 396 4308 407 —
4339 365 4721 424 SERMOSES.
5209 373 5311 430 εει

2050 489 2246 542 genera
2293 475 2424 531 illud
2451 476 2704 541 nobilius,
2744 477 2871 531 Illud
2908 491 3016 530 non
3057 474 3329 530 Immerito
3355 474 3630 544 judicatur
3659 477 3706 534 Α
3739 487 3858 526 rare
3894 473 4165 529 licuisset!
4197 476 4451 532 nimirum
4481 493 4606 534 cum
4647 480 4782 534 tanti
4818 481 5076 539 desideriI
5118 489 5312 543 ardore

2045 579 2169 620 esse
2214 567 2572 635 praecipuum,
2601 566 2744 636 quod
2785 565 2840 619 in
2875 567 2993 635 ipso
3027 565 3388 636 Redemptore
3418 576 3625 630 nostro,
3733 579 4020 621 succensus
4043 567 4310 638 ﬂagitaret
4325 568 4633 626 Mediatoris
4647 571 5033 636 adventum.et
5054 583 5312 648 tanquam

2045 655 2224 726 capite
2251 657 2501 710 videlicet
2527 665 2858 727 martyrum,
2901 655 3252 725 cognoscitur
3296 655 3623 712 dedicatum.
3732 672 3960 711 morosae
4004 658 4280 715 dilationis
4313 662 4599 734 impatiens
4626 677 4863 728 aestuans
4896 679 5257 747 proclamare;
5293 710 5306 743 ξ

2046 743 2200 800 Unde
2236 760 2357 800 cum
2399 746 2580 800 divina
2622 747 2951 816 dispensatio
2990 745 3210 800 Petrum
3259 755 3314 801 et
3360 749 3624 802 Andream
3735 769 3753 800 ι
3805 750 4013 805 Utinam
4037 753 4198 807 dirun

3161 762 3210 800 m
3259 755 3314 801 et
3360 749 3624 802 Andream
3735 769 3753 800 ι
3805 750 4013 805 Utinam
4037 753 4374 822 dirumperes
4395 759 4584 825 celos,
4611 773 4667 817 et
4693 743 5070 829 descenderes.
5102 776 5149 831 A
5177 778 5311 838 faeie

2043 838 2409 892 consummari
2439 853 2532 908 per
2567 840 2745 893 crucis
2783 837 3103 908 supplicium
3133 839 3319 900 voluit,
3352 839 3492 892 inter
3521 854 3627 893 cae-
3731 851 3817 894 tua
3853 852 4060 897 montes
4105 844 4435 913 deﬂuerent,
4473 850 4613 906 sicut
4642 859 4856 914 exustio
4890 860 5028 931 ignis
5067 837 5314 926 tam

2040 934 2190 980 teros
2217 928 2506 996 apostolos,
2539 927 2660 982 licet
2681 943 2871 982 omnes
2902 929 3060 983 unius
3092 929 3395 999 potestatis,
3439 938 3494 983 et
3538 929 3622 983 di-
3730 940 3869 996 rent,
3899 948 4051 1003 aqua:
4099 936 4352 992 arderent
4397 940 4545 1010 igne;
4601 953 4660 998 ut
4697 957 4882 1004 notum
4911 927 5078 1010 lieret
5112 973 5310 1017 nomen

2042 1017 2265 1087 gnitatis
2283 1019 2413 1082 sint,
2441 1019 3099 1088 quodammoduegregios
3120 1028 3280 1088 atque
3298 1020 3624 1089 conspicuos
3728 1030 3876 1076 tuum
3920 1024 4152 1080 inimicis
4195 1029 4299 1082 tuis
4339 1029 4475 1098 (Ian.
4537 1039 4708 1103 uiv).
4755 1057 4774 1090 ι
4818 1041 4989 1108 Quam
5047 1051 5312 1112 terribilia

2036 1106 2188 1164 fecit.
2212 1109 2353 1164 Crux
2380 1111 2546 1173 enim,
2585 1124 2706 1179 quae
2731 1125 2910 1181 regem
2943 1111 3201 1179 praemisit
3231 1125 3293 1164 ac
3325 1121 3620 1180 sceptrum,
3726 1130 3789 1167 ac
3812 1116 4101 1173 vehemens
4125 1119 4251 1174 tuba
4282 1137 4380 1176 vox
4416 1124 4528 1180 lucc
4561 1128 4618 1181 in
4647 1128 4791 1186 Petri
4816 1106 4978 1190 corde
4999 1148 5308 1211 personuit,

2034 1202 2222 1255 eadem
2270 1212 2559 1272 utrumque
2607 1202 2853 1270 militem,
2894 1203 3285 1272 subsequenter
3328 1206 3507 1259 evexit
3553 1206 3620 1259 ad
3723 1213 3776 1255 et
3814 1213 4066 1274 tanquam
4094 1211 4430 1279 repentinum
4456 1215 4658 1273 fulmen
4689 1221 4962 1291 inopinato
4987 1202 5305 1301 coruscans,

2033 1293 2333 1360 νηριηίυηι,
3723 1297 4008 1351 attonitum
4046 1298 4176 1355 fecit
4208 1319 4220 1355 :
4257 1322 4276 1354 t
4309 1302 4637 1377 Invenimus,
4667 1312 4874 1384 inquit,
4903 1319 5188 1392 Hessiam,
5217 1293 5307 1397 qui

2103 1405 2148 1461 Ο
2176 1406 2330 1460 beata
2364 1407 2716 1476 germanitas,
2750 1423 2911 1478 quam
2946 1409 3086 1462 sicut
3110 1409 3310 1462 mundo
3343 1424 3445 1462 una
3481 1424 3614 1463 con-
3721 1387 3914 1492 dic‘i‘f"
3939 1388 4186 1492 (ἷιξτίειιξε
4216 1394 4396 1492 (“fm-
4422 1399 4482 1492 ¹)ς
4533 1419 4552 1453 ³

2031 1497 2364 1566 sanguinitas
2384 1497 2570 1563 edidit,
2600 1498 2677 1552 sic
2701 1499 2889 1553 eadem
2915 1499 3257 1569 triumphalis
3282 1514 3426 1553 mors
3450 1501 3617 1553 victo-
3893 1482 4183 1579 Pmiian‘hl

3158 1499 3257 1552 am
3282 1514 3426 1553 mors
3450 1501 3617 1553 νίειο,
3789 1478 3867 1530 Ad
3893 1482 4244 1547 ptmliandum
4276 1487 4434 1557 plane
4467 1491 4578 1546 Ilex
4609 1493 4793 1565 gloria
4814 1500 4960 1557 solus
4985 1505 5305 1579 advenerat,

2028 1601 2120 1641 res
2146 1587 2209 1639 ad
2239 1597 2384 1640 astra
2427 1589 2746 1652 transmisit,
2784 1600 2841 1644 et
2887 1605 3021 1658 quos
3067 1591 3120 1643 in
3168 1590 3268 1644 hac
3309 1591 3416 1643 vita
3459 1593 3618 1645 unius
3717 1579 3771 1622 ⁸⁸
3804 1572 4014 1668 ίάέοιθά
4042 1576 4378 1668 ΡΓῩΈῙηειυω
4403 1581 4524 1636 belli
4553 1585 4808 1653 Ιηυίαιίτη
4834 1593 5074 1663 Simili“
5109 1601 5310 1657 ωηῑιει

2025 1681 2239 1751 generis
2272 1679 2715 1749 protulitnatura
2743 1692 3046 1746 consortes,
3073 1682 3126 1736 in
3152 1683 3298 1736 illam
3325 1683 3615 1737 beatitudi—
3717 1664 4053 1768 θείιυίτθδξιο
4109 1665 4340 1771 “mer”
4392 1685 4626 1771 η²¹ηί1υξξ
4671 1686 4730 1730 ιιι
4775 1677 4970 1736 fortem
5029 1701 5304 1745 armatum

2023 1788 2146 1828 nem
2173 1774 2559 1844 sempiternam
2589 1791 2719 1830 crux
2747 1777 3037 1846 parum,"
3070 1777 3326 1846 muales_
3357 1776 3610 1845 Ejusdem
3715 1767 4102 1849 superveniens
4131 1767 4390 1827 vinceret,
4427 1774 4481 1817 et
4518 1767 4774 1824 universa
4806 1787 4976 1838 arma,
5019 1776 5072 1830 in
5107 1782 5308 1849 quibus

2021 1862 2327 1919 nobilitatis
2370 1865 2422 1919 in
2476 1874 2620 1920 terra
2650 1868 2894 1921 eamdem
2943 1869 3206 1936 prosapiae
3237 1869 3606 1920 celsitudinem
3641 1856 3684 1915 Β
3710 1846 4040 1950 ξοηίξάοὺαι.
4070 1850 4173 1950 illi“

3151 1869 3206 1918 im
3237 1869 3606 1920 celsitudinem
3641 1856 3684 1915 Β
3714 1846 4040 1913 confidebat,
4070 1850 4309 1905 auferret
4338 1852 4490 1922 (Luc.
4521 1857 4617 1926 xi).
4644 1858 4914 1927 Venerat,
4945 1877 5005 1921 ut
5026 1846 5303 1939 captivum

2018 1954 2324 2010 sortiuntur
2349 1955 2402 2008 in
2439 1956 2597 2010 caelo.
2637 1955 2737 2022 Qui
2774 1958 2918 2012 enim
2949 1957 3034 2009 hic
3068 1965 3192 2010 sunt
3238 1956 3326 2009 filii
3360 1956 3600 2021 Joannis,
3709 1936 4004 2030 Imminemv
4037 1941 4125 2007 qui

3151 1965 3192 2009 η
3238 1956 3326 2009 nm
3360 1956 3600 2021 Joannis,
3709 1936 4004 2030 hominem,
4037 1941 4125 2007 qui
4152 1941 4252 1994 sub
4275 1944 4554 2002 diabolica:
4585 1953 4884 2019 tyrannidis
4913 1955 5045 2029 jugo
5083 1936 5303 2030 preme-

2018 2041 2136 2098 illic
2163 2054 2288 2098 sunt
2317 2044 2416 2098 lilii
2446 2045 2645 2099 crucis.
2674 2044 2764 2100 Isti
2793 2048 2938 2101 enim
2975 2057 3104 2101 sunt
3146 2047 3238 2100 lilii
3269 2048 3480 2112 Chore,
3511 2049 3601 2118 qui
3707 2027 3887 2093 1’3"",
3925 2033 4170 2100 ετίμετεῑι

3152 2047 3238 2100 [ειη
3269 2048 3480 2112 (more.
3511 2049 3601 2118 qui
3707 2027 3887 2093 batur,
3925 2033 4179 2100 eriperet,
4229 2044 4282 2088 et
4332 2036 4399 2090 ad
4443 2038 4791 2108 ingenuitatis
4835 2027 5304 2118 antiqium'tiuitog

2016 2133 2076 2189 ιη
2105 2136 2457 2204 quorumdam
2494 2136 2823 2206 psalmorum
2854 2139 3022 2194 mulis
3045 2149 3432 2208 ρπεηοιθηιιιτ,
3458 2139 3601 2193 Crux
3710 2137 4009 2180 revocaret.
4045 2129 4299 2194 Venerat,
4328 2141 4386 2185 ut
4409 2148 4564 2188 suum
4587 2134 4748 2191 Israel
4779 2139 4845 2194 de
4870 2142 5085 2200 vinculo
5105 2155 5301 2206 vetusti

2018 2225 2184 2288 enim,
2209 2241 2330 2295 qua:
2361 2242 2453 2282 eos
2481 2229 2776 2285 morientes
2805 2230 2935 2285 huic
2963 2231 3086 2286 vita:
3121 2232 3413 2294 subtraxit,
3440 2231 3603 2285 caele-

2018 2314 2090 2368 sti
2144 2313 2479 2370 Hierusalem
2525 2329 2872 2374 renascentes
2922 2334 3041 2374 cum
3083 2321 3390 2389 triumphali
3434 2322 3600 2389 gloria

2015 2420 2188 2460 novos
2207 2406 2353 2462 cives
2381 2407 2601 2462 invexit.
2633 2408 2696 2463 Et
2724 2411 2968 2466 Andreas
2995 2411 3212 2480 quidem
3237 2413 3288 2465 in
3322 2412 3600 2480 apostolici

2014 2504 2237 2550 senatus
2257 2497 2502 2567 catalogo
2539 2500 2806 2554 secundus
2832 2503 3083 2571 ponitur,
3115 2504 3207 2571 qui
3247 2512 3426 2556 tamen
3456 2504 3604 2572 agni-

2014 2584 2217 2638 tionem
2265 2583 2499 2649 Domini,
2547 2585 2703 2653 juxta
2742 2589 3108 2660 evangelicam
3157 2590 3341 2657 ﬁdem,
3395 2593 3604 2661 primus

2010 2674 2310 2730 invenitur.
2340 2674 2479 2730 Dicit
2515 2677 2660 2730 enim
2699 2675 2936 2733 Ioannes
2983 2679 3314 2750 evangelista
3358 2699 3369 2732 :
3413 2697 3433 2730 ι
3467 2679 3600 2746 Quia

2012 2779 2137 2819 eum
2161 2774 2325 2819 staret
2352 2765 2611 2830 Ioannes,
2644 2777 2698 2822 et
2727 2785 2790 2824 ex
2814 2769 3099 2839 discipulis
3137 2772 3252 2840 ejus
3282 2771 3411 2835 duo,
3435 2780 3489 2825 et
3518 2786 3602 2826 re-

2009 2857 2249 2925 spiciens
2272 2857 2458 2912 Iesum
2483 2859 2866 2927 ambulantem,
2892 2863 3030 2917 dixit
3057 2883 3070 2916 :
3100 2863 3240 2919 Ecce
3267 2865 3451 2934 Agnus
3485 2865 3600 2918 Dei.

2006 2947 2080 3002 Et
2125 2949 2406 3005 audientes
2445 2962 2566 3003 eum
2608 2951 2715 3006 duo
2763 2952 3012 3022 discipuli
3061 2953 3387 3024 loquentem,
3431 2954 3603 3008 secuti

2004 3038 2370 3094 sunt-Iesum.
2403 3059 2421 3090 ι
2451 3039 2512 3094 ΕΙ
2535 3041 2696 3110 paulo
2721 3053 2841 3111 post
2872 3057 2886 3095 :
2917 3062 2936 3094 ‹
2973 3043 3098 3098 Erat
3133 3053 3313 3098 autem
3336 3044 3599 3111 Andreas,

2007 3127 2210 3198 inquit,
2245 3129 2411 3184 frater
2457 3129 2697 3186 Simonis
2747 3132 2914 3197 Petri,
2947 3149 3088 3188 unus
3130 3150 3197 3188 ex
3243 3135 3472 3199 duobus,
3507 3137 3597 3206 qui

3707 2218 4009 2273 Pharaonis
4041 2221 4364 2286 absolveret,
4393 2236 4448 2278 et
4480 2226 4531 2279 in
4566 2242 4726 2281 manu
4756 2229 4919 2296 forti,
4950 2244 5115 2305 atque
5141 2243 5301 2296 robu-

3708 2320 3812 2370 sta,
3851 2320 4007 2365 tcrrze
4038 2312 4193 2376 lacte,
4224 2323 4276 2368 et
4308 2315 4468 2370 melle
4497 2319 4697 2373 manati
4731 2324 4961 2390 pravius
4993 2327 5193 2384 ductor
5217 2334 5302 2387 in-

3708 2398 3892 2453 ferret.
3925 2401 4038 2454 Non
4069 2413 4245 2457 tamen
4274 2403 4509 2473 eligebat
4540 2407 4592 2460 in
4622 2408 4951 2479 adjutorium
4974 2417 5077 2471 sibi
5108 2422 5299 2476 trium-

3707 2493 3955 2561 phalibus
3980 2494 4148 2547 titulis
4178 2495 4382 2558 claros,
4419 2513 4523 2552 non
4549 2509 4798 2556 strenuos
4825 2504 5150 2573 bellatores,
5188 2529 5297 2570 non

3705 2580 4050 2636 frementium
4079 2599 4394 2640 ascensores
4415 2603 4699 2657 equorum,
4729 2608 4835 2648 non
4861 2597 5093 2667 denique
5120 2604 5297 2671 philo-

3706 2674 3904 2740 sophos
3924 2685 3978 2727 et
4006 2677 4324 2744 eloquentes
4347 2719 4360 2740 ,
4393 2681 4487 2733 sed
4524 2682 4716 2737 retium
4743 2693 5022 2758 vectores,
5050 2703 5104 2745 et
5134 2710 5291 2763 pere-

3706 2767 3834 2820 xilis
3864 2768 4125 2821 naviculae
4152 2770 4402 2839 remiges,
4429 2781 4486 2825 ut
4509 2773 4734 2828 victoria
4759 2777 4858 2831 soli
4880 2779 5074 2837 divinae
5103 2796 5296 2854 poten-

3708 2859 3816 2920 tias,
3850 2875 3954 2911 non
3987 2860 4237 2914 humanis
4267 2861 4473 2916 viribus
4499 2865 4823 2921 ascribatur.

3777 2950 3926 3005 IIanc
3963 2968 4124 3020 porro
4149 2953 4430 3008 victoriam
4469 2956 4553 3009 illa
4588 2957 4737 3012 urbis
4766 2958 4984 3017 Iericho
5005 2967 5135 3021 olim
5167 2972 5296 3025 sub-

3706 3043 3886 3096 versio
3913 3043 4178 3112 figuravit,
4202 3047 4416 3113 quando
4447 3063 4551 3101 non
4583 3049 4810 3105 telorum
4842 3055 5156 3122 missilibus,
5187 3076 5292 3116 non

3705 3133 3965 3198 falaricis,
3996 3153 4100 3189 non
4136 3147 4283 3191 certe
4325 3137 4586 3194 bellorum
4630 3145 4959 3212 quibuslibet
5004 3152 5292 3219 machinis,

2006 3218 2291 3273 audierant
2319 3219 2386 3272 ab
2410 3218 2637 3283 Joanne,
2669 3230 2722 3274 et
2743 3221 2904 3292 302
2940 3223 3108 3277 secuti
3157 3222 3369 3278 fuerant
3399 3240 3541 3278 eum.
3574 3244 3592 3277 ι
3628 3221 3673 3284 C
3706 3225 3798 3279 sed
3829 3227 4173 3282 vociferantis
4209 3230 4389 3300 populi
4421 3242 4673 3302 strepitu,
4715 3246 4768 3290 et
4811 3240 4955 3295 tubis
4987 3242 5295 3316 clangenu-

2006 3305 2217 3363 Deinde
2243 3310 2490 3378 sequitur
2514 3328 2526 3363 :
2547 3329 2564 3361 ει
2599 3311 2804 3365 Invenit
2831 3313 2918 3367 hic
2942 3315 3174 3383 primum
3198 3312 3420 3370 fratrem
3441 3329 3596 3370 suum

2007 3396 2344 3466 Simeonem,
2388 3409 2445 3454 et
2473 3401 2604 3456 dicit
2637 3402 2686 3456 ei
2734 3420 2747 3456 :
2795 3401 3105 3458 Invenimus
3148 3403 3423 3469 Messiam,
3454 3408 3598 3474 quod

2004 3497 2094 3542 est
2123 3489 2534 3561 interpretatum
2559 3490 2830 3559 Christus,
2855 3501 2910 3550 et
2931 3489 3154 3551 adduxit
3177 3511 3300 3550 eum
3326 3497 3391 3550 ad
3411 3495 3595 3552 Iesum

2005 3577 2193 3645 (Joan.
2227 3581 2288 3651 ι).
2338 3600 2358 3633 ι

2078 3667 2218 3723 Ecce
2257 3669 2504 3727 Andreas
2553 3674 2696 3728 inter
2740 3675 2855 3745 ipsa
2902 3677 3026 3732 novi
3069 3678 3301 3732 tirocinii
3338 3678 3417 3732 sui
3451 3681 3597 3734 rudi-

2002 3766 2190 3813 menta
2219 3757 2531 3828 fructificat,
2571 3773 2626 3817 et
2665 3764 2914 3820 veritatis
2933 3768 3044 3836 jam
3078 3768 3399 3836 praedicator
3428 3767 3594 3824 cilici-

2005 3858 2117 3912 tur,
2155 3849 2308 3918 cujus
2335 3852 2505 3908 adhuc
2527 3855 2625 3931 vix.
2653 3865 2773 3911 erat
2809 3856 3045 3912 auditor.
3083 3857 3265 3914 Novus
3291 3860 3590 3928 discipulus

2002 3939 2201 4006 factus,
2231 3957 2338 3997 non
2362 3955 2444 3998 est
2465 3946 2682 4016 propria
2713 3947 2884 4002 salute
2906 3959 3215 4014 contentus,
3248 3952 3590 4021 condiscipu-

2000 4030 2085 4085 los
2119 4035 2332 4102 quterit,
2371 4035 2436 4088 ad
2473 4037 2760 4093 lucrandos
2781 4037 2915 4094 alios
2937 4039 3208 4096 fraternus
3236 4058 3294 4097 se
3322 4058 3474 4098 amor
3497 4060 3590 4098 ex-

2002 4123 2194 4179 tendit.
2251 4124 2594 4182 Thesaurum
2643 4131 2869 4201 reperit,
2922 4133 3290 4203 gaudet~aliis
3336 4135 3587 4204 prodere,

1997 4212 2204 4270 furtum
2236 4215 2487 4286 deputat,
2540 4219 2691 4274 illum
2737 4222 2862 4277 sine
2902 4226 3245 4280 consortibus
3290 4228 3586 4296 possidere.

1998 4305 2200 4362 Fausta
2227 4307 2462 4380 denique
2487 4322 2541 4366 et
2564 4313 2824 4384 praeclara
2849 4314 3044 4371 futura:
3087 4317 3283 4373 indolis
3315 4319 3467 4390 signa
3498 4335 3590 4374 uo-

1996 4411 2099 4451 vus
2134 4397 2237 4454 tiro
2267 4403 2571 4469 pmtendit,
2605 4403 2697 4474 qui
2732 4404 2785 4458 in
2818 4406 2935 4476 ipso
2967 4409 3185 4464 novitiae
3213 4411 3587 4466 conversionis

1997 4487 2243 4554 exordio,
2274 4505 2400 4544 mox
2429 4493 2570 4560 quod
2599 4493 2863 4549 didicerat
2895 4497 3098 4562 docuit,
3133 4500 3276 4566 quod
3300 4511 3586 4569 acceperat

3705 3313 3806 3369 bus
3833 3317 4194 3372 munitissima
4232 3320 4348 3387 ejus
4379 3324 4580 3376 moenia
4620 3339 4943 3384 corruerunt
4978 3313 5288 3406 (Joijvi).

3702 3406 4040 3478 Prmceperat
4071 3426 4302 3480 namque
4335 3411 4594 3469 Dominus
4621 3413 4786 3471 Iosue
4822 3429 4879 3471 ut
4903 3434 5086 3475 arcam
5113 3420 5289 3482 finde.

3701 3501 3777 3555 ris
3823 3504 3923 3555 viri
3966 3503 4256 3558 bellatores
4302 3507 4498 3560 armati
4540 3509 4928 3578 pmcederent,
4974 3518 5290 3575 sacerdotes

3701 3603 3879 3646 autem
3914 3606 4116 3662 septem
4144 3595 4304 3667 303
4337 3599 4582 3654 bucciuis
4607 3600 4945 3671 clangerent,
4972 3605 5163 3675 sicque
5192 3625 5289 3680 per

3697 3695 3905 3752 septem
3933 3686 4283 3742 nihilominus
4319 3689 4434 3743 dies
4469 3688 4688 3745 Iericho
4724 3694 4922 3747 muenia
4961 3696 5283 3756 circuirent.

3697 3775 3940 3843 Septimo
3985 3777 4167 3846 itaque
4207 3780 4313 3840 die,
4364 3781 4492 3834 dum
4548 3781 4868 3839 vociferatio
4911 3789 5092 3857 populi
5142 3794 5285 3848 tubis

3695 3866 4076 3935 clangentibus
4101 3868 4432 3922 admiscetur
4451 3910 4466 3933 ,
4500 3868 4718 3927 Iericho
4743 3876 4991 3944 protinus
5019 3894 5050 3933 ι
5091 3878 5283 3937 funda-

3692 3968 3874 4010 mento
3902 3957 4136 4027 collapsa
4165 3960 4518 4016 subvertitur.

3763 4051 3900 4116 Quid
3938 4062 4018 4103 est
4061 4062 4241 4106 autem
4285 4056 4428 4123 quod
4478 4057 4544 4112 ad
4589 4061 4906 4130 capiendam
4947 4065 5140 4120 urbem
5174 4085 5281 4124 non

3692 4141 3900 4212 gladius
3939 4142 4208 4208 educitur,
4262 4161 4367 4200 non
4424 4147 4527 4202 tela
4551 4151 4848 4218 vibrantur,
4893 4170 4999 4210 non
5037 4157 5279 4225 iaculum

3693 4234 3930 4286 mittitur
3951 4275 3963 4295 ,
3995 4251 4102 4287 non
4135 4237 4279 4291 acies
4304 4237 4524 4294 militari
4554 4243 4711 4296 cunei
4741 4244 4806 4298 ad
4833 4245 5154 4314 irruptionis
5183 4250 5280 4306 Im-

3689 4333 3872 4392 petum
3897 4327 4254 4395 coustipatur,
4283 4329 4376 4383 sed
4404 4331 4545 4387 tubis
4565 4332 4829 4390 duntaxat
4847 4339 5280 4399 sacerdotalibus

3689 4417 3982 4485 clangitur,
4010 4428 4062 4472 et
4097 4420 4175 4472 sic
4200 4421 4422 4476 victoria
4456 4439 4562 4477 non
4582 4424 4832 4494 jamjure
4861 4429 5016 4494 belli,
5046 4433 5143 4486 sed
5174 4437 5278 4489 vir-

3695 4518 3807 4561 tute
3834 4513 4009 4579 potius
4037 4514 4359 4567 sacramenti
4388 4514 4454 4568 de
4485 4520 4756 4585 superatis
4789 4519 5035 4577 hostibus
5064 4525 5279 4582 obtine-

1995 4574 2233 4681 ﬁdaliler
2274 4581 2539 4649 erogat'il.
2594 4581 2844 4651 Magnum
2870 4587 3112 4639 nuntium
3145 4603 3282 4641 "0V3
3323 4598 3378 4642 ει
3420 4571 3669 4644 adllli-D
3696 4602 3818 4656 tur?
3850 4602 4201 4658 Deliramcnti
4241 4621 4373 4660 sane
4400 4607 4678 4663 videretur
4704 4609 4933 4681 ineptia.
4977 4614 5021 4668 si
5053 4617 5279 4672 evidens

1994 4663 2166 4720 randa
2206 4666 2402 4722 relatio
2437 4668 2583 4724 illum
2622 4671 2941 4740 promittere
2979 4675 3263 4730 visibiliter
3298 4678 3589 4732 ostendeu.

1999 4754 2150 4820 dum,
2184 4772 2348 4827 quem
2389 4768 2468 4816 tot
2513 4762 2899 4832 prophetarum
2925 4765 3144 4821 oracula
3187 4769 3588 4839 prmcinuerant

1992 4847 2329 4908 adfuturum.

2064 4963 2241 5034 Magni
2296 4977 2444 5022 certe
2492 4972 2734 5040 mysterii
2791 4973 3001 5042 hajnlus
3061 4977 3310 5036 Andreas
3367 4983 3580 5038 exstitit

1991 5051 2171 5120 fratri,
2202 5056 2296 5125 qui
2326 5057 2582 5112 nimirum
2613 5074 2736 5114 eum
2788 5076 2848 5116 se
2887 5067 3156 5133 reperisse
3195 5079 3427 5125 testatus
3471 5084 3576 5140 est,

1991 5157 2154 5212 quem
2198 5145 2268 5200 ab
2303 5147 2514 5219 origine
2555 5150 2740 5204 mundi
2787 5167 2976 5208 omnes
3015 5157 3187 5211 sancti
3220 5173 3342 5213 cum
3383 5176 3578 5232 magno

1997 5234 2269 5291 desiderio
2309 5238 2607 5308 praestolati
2641 5251 2786 5308 sunt,
2825 5253 2880 5298 et
2923 5252 3100 5301 tamen
3129 5248 3312 5303 videre
3342 5266 3448 5326 non
3485 5269 3578 5322 po-

1992 5332 2232 5380 tuerunt.
2263 5324 2378 5384 Non
2421 5329 2524 5385 hoc
2561 5333 2858 5400 prasinum
2901 5345 2985 5391 est
3021 5339 3342 5406 patriarcha:
3383 5324 3578 5409 Iacob,

1991 5415 2084 5485 qui
2128 5415 2384 5474 dicebat:
2425 5439 2446 5472 ε
2482 5419 2735 5478 Salutare
2762 5433 2908 5479 tuum
2958 5432 3312 5496 exspectabo,
3352 5433 3577 5491 Domine

1993 5501 2149 5572 (Gen.
2177 5510 2347 5578 χιιι).
2380 5527 2398 5560 ι
2437 5509 2552 5565 Non
2587 5513 2835 5580 Abrahae,
2861 5517 2946 5570 cui
2979 5519 3158 5573 divina
3186 5524 3410 5592 sponsio
3436 5523 3579 5580 facta

1993 5603 2095 5660 est,
2129 5598 2272 5667 quod
2313 5600 2366 5656 in
2400 5603 2608 5659 semine
2635 5619 2735 5661 suo
2776 5607 3124 5666 hazreditaret
3155 5627 3345 5670 omnes
3387 5628 3578 5687 gentes

1995 5684 2147 5748 (Cen.
2168 5692 2328 5762 xxtt).
2358 5692 2404 5750 0
2439 5698 2624 5766 quanti
2663 5699 2769 5755 hoc
2809 5701 2970 5771 pretii
3000 5703 3330 5762 aestimasset
3355 5684 3580 5779 insignis

1997 5779 2082 5833 ille
2116 5787 2373 5856 propheta
2416 5789 2606 5858 Isaias,
2638 5792 2682 5847 si
2713 5793 2762 5849 ei
2796 5795 2864 5850 ad
2899 5795 3001 5853 hoc
3037 5801 3406 5870 spectaculum
3438 5809 3577 5878 aspi-

3696 4708 3801 4747 non
3835 4693 4024 4748 fuisset
4059 4695 4281 4752 victoria
4315 4697 4624 4752 subsecuta.
4656 4700 4762 4755 Sed
4793 4717 4888 4770 per
4915 4701 5140 4761 Iericho
5161 4724 5279 4778 qna

3692 4786 3894 4839 dicitur
3926 4785 4084 4849 luna,
4130 4802 4234 4841 non
4283 4787 4577 4856 incongrue
4606 4790 4839 4846 mundus
4877 4793 5158 4861 innuitur,
5188 4800 5278 4867 qui

3687 4877 3769 4933 sic
3790 4894 3883 4948 per
3907 4879 4202 4934 labentium
4236 4893 4507 4937 momenta
4535 4893 4858 4953 temporum,
4887 4869 5152 4957 tanquam
5185 4907 5280 4963 per

3689 4984 3966 5026 menstrua
3993 4974 4316 5028 detrimenta
4346 4975 4551 5029 linitur.
4580 4979 4721 5030 Area
4744 4989 4922 5034 autem
4945 4992 5138 5040 sancta
5161 4995 5281 5040 erat

3689 5064 3926 5120 Ecclesia
3950 5084 3964 5130 ;
3993 5068 4134 5120 tuba:
4158 5083 4287 5123 vero
4309 5070 4536 5138 apostoli
4568 5081 4713 5134 sunt,
4739 5071 4819 5126 vel
4842 5073 5081 5144 quinque
5105 5079 5278 5134 sancti

3689 5159 3938 5214 doctores
3967 5160 4247 5226 Ecclesia,
4279 5177 4511 5232 quorum
4534 5164 4785 5230 videlicet
4815 5168 5278 5228 admonitionibus

3686 5250 3811 5306 dum
3836 5267 4079 5322 pugnare
4106 5267 4320 5323 semper
4361 5265 4547 5309 contra
4581 5259 4765 5313 carnis
4793 5258 5079 5316 illecebras
5103 5272 5160 5318 et
5183 5279 5273 5318 an-

3686 5346 3817 5414 tiqui
3847 5345 4020 5398 hostis
4048 5344 4268 5400 insidias
4291 5348 4500 5420 nititur,
4536 5349 4682 5403 velut
4702 5351 4768 5403 ad
4798 5350 5082 5407 conﬂictus
5104 5357 5273 5411 aciem

3685 5450 3740 5494 et
3770 5438 4104 5493 conserenda
4135 5439 4274 5493 bella
4299 5441 4551 5494 tubarum
4583 5441 4930 5514 clangoribus
4950 5443 5269 5510 incitamur;

3683 5545 3804 5599 quas
3836 5530 4088 5582 nimirum
4129 5531 4269 5585 tuba:
4309 5541 4514 5599 septem
4560 5532 4726 5587 fuisse
4759 5533 5105 5600 referuntur,
5146 5539 5267 5607 quia

3685 5621 4070 5693 prmdicatores
4103 5624 4273 5678 sancti
4307 5625 4641 5694 septiformis
4667 5626 4905 5698 Spiritus
4935 5632 5112 5702 gratia
5147 5643 5268 5687 sunt

3685 5715 3897 5786 repleti.
3937 5717 4154 5784 Septem
4204 5733 4420 5788 quoque
4465 5719 4673 5775 dierum
4707 5722 5084 5782 vicissitudine
5111 5741 5265 5781 omne

3687 5819 3895 5878 lcittpns
3920 5819 4118 5864 unle
4150 5810 4490 5865 mortalitatis
4523 5812 4806 5868 evolvitur.

5093 6359 5199 6373 -:_.--—:
5233 6359 5349 6371 -ἠ
