5450 6412
885 376 991 433 825

2367 376 2603 437 SERMO
2626 377 2782 435 LVII.

960 486 1162 546 l‘rbem
1190 499 1324 559 ergo
1357 483 1575 543 Jericho
1611 485 1924 542 sacerdotes
1949 501 2134 542 arcam
2160 486 2403 544 ferentes
2424 498 2481 543 et
2509 493 2561 549 Δ
2587 502 2686 556 per
2703 487 3046 542 Psalmistam
3061 487 3265 544 dicitur
3298 506 3313 544 :
3345 509 3365 542 ι
3395 487 3504 547 Pro
3522 492 3772 562 patribus
3797 495 3904 552 tuis
3928 498 4042 552 nati
4067 508 4196 554 sunt

885 587 1202 658 clangentes
1223 594 1432 656 septem
1456 584 1649 640 diebus
1686 585 2060 654 circumeunt,
2100 595 2154 642 et
2186 589 2330 643 muri
2363 587 2485 659 ejus
2529 594 2542 608 '

882 695 984 750 per
1026 692 1166 734 arere
1201 677 1549 748 praesentiam
1584 685 1640 733 et
1683 677 1936 733 tubarum
1973 679 2216 735 sonitum
2254 681 2480 749 eadunt,

881 769 1010 840 quia
1039 769 1092 824 in
1134 768 1294 837 hujus
1335 768 1583 823 mortalis
1613 768 1739 823 vita:
1768 769 2025 836 decursu,
2067 770 2196 825 dum
2244 772 2482 827 circum-

881 873 1099 929 quaque
1121 873 1220 930 per
1245 857 1435 914 orbem
1467 868 1738 914 terrarum
1767 871 1957 914 sancta
1984 873 2269 927 movetur,
2305 873 2362 917 et
2393 863 2478 918 di-

880 948 1361 1015 lataturEcclesia,
1391 967 1490 1022 per
1504 961 1707 1007 saneta:
1731 953 2136 1022 prmdicationis
2161 954 2477 1013 instantiam

880 1041 1060 1096 omnis
1088 1041 1216 1096 elati
1264 1043 1450 1096 mundi
1485 1043 1738 1113 superbia
1765 1041 2058 1114 frangitur,
2084 1053 2140 1100 et
2167 1053 2366 1101 cuncta
2395 1045 2478 1100 in-

880 1132 1157 1189 ﬁdelitatis
1185 1132 1462 1191 obstacula
1489 1123 1849 1189 subruuntur.

951 1224 1014 1280 Et
1049 1225 1348 1281 notandum
1386 1224 1528 1294 quod
1557 1227 1758 1280 armati
1797 1225 1999 1283 milites
2023 1243 2146 1283 cum
2177 1229 2478 1285 sacerdoti-

878 1315 984 1370 bus
1007 1314 1088 1370 ire
1110 1313 1370 1382 iubentur
1406 1333 1419 1368 :
1453 1315 1736 1382 nimirum,
1765 1326 1827 1372 ut
1852 1327 1908 1372 et
1943 1318 2004 1384 ii,
2030 1319 2230 1389 quibus
2252 1335 2360 1374 non
2391 1329 2477 1375 est

879 1405 1179 1476 injunctum
1207 1406 1487 1477 promendi
1512 1407 1785 1479 clangoris
1819 1408 2077 1476 oﬂlcium,
2122 1424 2474 1482 nequaquam

877 1510 939 1550 se
970 1503 1205 1552 remeto's
1234 1497 1532 1568 intelligant
1561 1513 1591 1552 a
1609 1501 1996 1570 congressione
2026 1500 2313 1568 bellomm,
2339 1518 2476 1574 qua-

877 1597 1036 1645 tenus
1063 1599 1118 1644 et
1146 1590 1202 1654 ii,
1237 1589 1328 1658 qui
1355 1606 1461 1644 non
1491 1591 1822 1660 praedicant,
1854 1602 2046 1648 contra
2068 1593 2268 1648 occulti
2299 1595 2475 1651 hostis

877 1680 1103 1738 insidias
1133 1680 1326 1734 armati
1359 1680 1735 1753 nihilominus,
1761 1691 1818 1738 et
1840 1683 2221 1754 circumspecti
2255 1700 2476 1756 semper

873 1772 1146 1829 incedant.
1178 1771 1347 1843 Hujus
1371 1774 1552 1843 itaque
1571 1774 1698 1828 belli
1724 1774 1890 1829 duces
1911 1791 1976 1829 ac
1995 1776 2270 1846 principes
2291 1777 2468 1832 sancti
2502 1817 2550 1846 ﬁ.

873 1865 1101 1936 apostoli
1132 1875 1278 1931 sunt,
1317 1867 1410 1936 qui
1448 1881 1631 1921 arcam
1661 1866 1886 1922 foederis
1914 1866 2309 1926 Jericbuntinis
2333 1886 2470 1928 ma:-

874 1955 1054 2020 nibus,
1102 1971 1227 2010 cum
1277 1956 1532 2011 tubarum
1575 1956 1832 2027 clangore
1869 1958 2300 2026 circumferunt;
2346 1961 2474 2030 quia

869 2064 970 2122 per
1019 2049 1184 2104 totius
1238 2050 1425 2105 mundi
1466 2050 1756 2114 circulum,
1804 2061 2009 2107 sancta:
2060 2053 2474 2122 praedicationis

868 2138 1046 2197 cilicio
1070 2139 1324 2195 Ecclesiae
1350 2151 1694 2197 sacramenta
1718 2141 2047 2198 diffundunt.
2080 2164 2099 2197 ι
2142 2144 2202 2199 In
2229 2159 2471 2212 omnem,

867 2230 1036 2293 enim,
1066 2237 1268 2284 terram
1313 2231 1486 2286 exixit
1516 2246 1684 2288 sonus
1709 2247 1922 2299 eorum,
1955 2243 2012 2290 et
2059 2234 2113 2290 in
2156 2234 2295 2291 fines
2320 2237 2475 2292 orbis

868 2330 1031 2377 terrae
1059 2323 1224 2377 verba
1267 2338 1456 2377 eorum
1506 2322 1681 2395 (Psal.
1728 2327 1905 2398 xvm).
1942 2345 1960 2378 ›
1997 2327 2240 2384 Evolulis
2287 2338 2470 2385 autem

866 2427 962 2482 sex
1008 2411 1217 2477 diebus,
1263 2413 1496 2484 septimo
1545 2415 1761 2469 tandem
1805 2417 1894 2471 die
1943 2433 2064 2481 rex,
2095 2417 2316 2472 Iericho
2343 2433 2468 2474 cum

864 2501 1016 2556 omni
1043 2503 1240 2573 populo
1268 2504 1447 2572 gladio
1489 2504 1791 2561 devorante
1831 2510 2206 2574 consumitur,
2252 2511 2380 2580 quia
2413 2511 2467 2565 in

863 2593 954 2648 die
989 2595 1282 2650 novissimo
1310 2594 1558 2652 diabolus
1582 2637 1597 2662 ,
1649 2599 1739 2667 qui
1776 2609 1858 2653 est
1888 2615 1987 2654 rex
2032 2603 2304 2671 superbire
2341 2618 2468 2658 cum
2514 2637 2518 2640 -

861 2683 1118 2740 omnibus
1137 2685 1250 2741 suis
1274 2687 1600 2756 sequacibus
1619 2728 1632 2752 ,
1661 2690 1818 2758 quasi
1849 2690 2086 2759 quodam
2112 2692 2311 2747 divinze
2341 2708 2468 2748 sen-

863 2777 1048 2834 tentiae
1096 2777 1296 2849 gladio,
1328 2780 1487 2834 morti
1534 2791 1810 2850 perpetrm
1855 2784 2270 2840 condemnatur.
2311 2785 2466 2842 Tunc

865 2885 1061 2941 nempe
1110 2871 1223 2936 fiet,
1272 2873 1416 2940 quod
1466 2889 1566 2942 per
1601 2875 1923 2944 Apostolum
1977 2876 2180 2931 dicitur
2216 2896 2229 2931 :
2265 2896 2283 2929 ε
2323 2877 2462 2945 Quia

860 2975 987 3017 cum
1019 2963 1368 3017 evacuavcrit
1396 2978 1614 3020 omnem
1643 2967 2008 3036 principatum
2037 2979 2091 3023 et
2117 2983 2337 3023 omnem
2367 2984 2463 3039 po-

862 3063 1114 3110 testatem
1143 3065 1199 3111 et
1225 3056 1482 3112 virtutem
1511 3098 1526 3122 ,
1566 3060 1862 3114 novissime
1891 3061 2109 3116 inimica
2143 3062 2463 3118 destruetur

858 3162 1009 3204 mors
1038 3147 1092 3221 (Ι
1132 3148 1255 3204 Cor.
1295 3150 1404 3219 xv).
1443 3169 1462 3201 ι
1509 3150 1634 3204 Sola
1671 3162 1852 3206 autem
1890 3153 2085 3207 domus
2115 3154 2304 3208 Rabab
2354 3171 2462 3210 mc-

859 3240 1077 3296 retricis
1103 3241 1297 3305 evasit,
1347 3257 1508 3312 quam
1539 3243 1797 3298 videlicet
1842 3245 2121 3300 funiculus
2166 3246 2458 3302 coccineus

859 3329 916 3384 in
943 3328 1178 3385 fenestra
1208 3330 1486 3386 discrevit.
1520 3332 1721 3386 Domus
1751 3342 1930 3388 autem
1959 3334 2047 3388 illa
2078 3336 2294 3390 unicam
2321 3351 2459 3406 pne-

857 3421 1059 3493 ﬁgurat
1085 3422 1402 3487 Ecelesiam,
1432 3439 1553 3492 qurc
1584 3424 1870 3492 purificata
1918 3433 2004 3479 est
2030 3440 2061 3479 a
2121 3427 2458 3494 turpitudine

855 3512 1261 3578 fornicationis,
1293 3529 1391 3585 per
1420 3515 1718 3570 fenestram
1743 3514 2129 3583 confessionis,
2155 3517 2208 3572 in
2237 3519 2458 3589 sangui-

854 3604 968 3670 nis,
997 3606 1338 3662 remissione.
1391 3606 1520 3662 Haec
1575 3606 1735 3678 plane
1772 3623 1801 3662 a
1844 3608 2119 3662 communi
2177 3611 2457 3677 pereuntis

854 3699 1044 3755 mundi
1071 3699 1332 3754 liberatur
1356 3700 1588 3765 excidio,
1619 3702 1743 3770 quia
1771 3701 1822 3755 in
1852 3701 2096 3756 fenestra
2123 3701 2317 3757 domus
2345 3717 2458 3756 sua:

854 3797 1170 3854 coccineum
1201 3797 1331 3868 ligat
1366 3797 1688 3860 funiculum,
1719 3798 1845 3850 dum
1876 3795 2040 3867 θυι
2068 3797 2121 3850 in
2149 3811 2244 3850 ore
2269 3812 2458 3866 corpo-

852 3888 933 3942 ris
975 3888 1056 3942 sui
1103 3897 1324 3957 portare
1359 3902 1465 3941 non
1503 3887 1702 3941 desinit
1730 3888 2004 3956 passionis
2041 3887 2336 3940 Dominieaa
2364 3901 2454 3940 sa-

854 3987 1212 4036 cramentum.
1253 3998 1270 4030 (
1308 3978 1483 4035 Corde
1503 3979 1648 4033 enim
1675 3979 1916 4033 creditur
1950 3979 2017 4033 ad
2039 3979 2332 4048 justitiam,
2357 3995 2454 4035 ore

853 4080 1037 4127 autem
1087 4069 1360 4128 confessio
1405 4072 1465 4126 fit
1509 4072 1577 4126 ad
1621 4072 1852 4127 salutem
1885 4071 2064 4141 (Rom.
2111 4071 2189 4144 ι).
2225 4092 2244 4124 ›
2279 4071 2454 4129 Porro

853 4176 1036 4219 autem
1059 4162 1335 4218 funiculus
1371 4163 1460 4218 ille
1493 4163 1559 4217 ad
1590 4162 1810 4217 domum
1838 4171 1960 4216 erat
1987 4161 2210 4233 ligatus,
2242 4163 2336 4218 sed
2359 4179 2454 4217 ex-

850 4257 1022 4313 terius
1048 4256 1336 4312 videbatur
1355 4257 1480 4326 quia
1510 4256 1806 4311 Dominicte
1832 4257 2012 4312 crucis
2046 4257 2178 4311 fides
2202 4258 2255 4312 in
2287 4260 2453 4314 corde

850 4350 1133 4414 retinetur,
1161 4365 1280 4420 qua:
1303 4350 1416 4404 oris
1437 4349 1784 4404 confessione
1813 4349 2178 4420 depromitur.
2204 4348 2451 4420 Reliquis

849 4441 1066 4512 quidem
1092 4442 1698 4512 pereuntibus,omnes,
1731 4443 1823 4511 qui
1852 4443 1905 4496 in
1937 4444 2097 4496 domo
2120 4441 2209 4496 ida
2244 4444 2448 4512 reperti

2588 577 2684 632 tibi
2709 577 2802 632 filii
2829 596 2843 645 ;
2876 597 2897 631 ι
2931 579 3031 648 ipsi
3057 595 3192 636 sane
3227 582 3495 651 apostoli,
3524 585 3617 654 qui
3646 586 3714 640 ad
3742 588 4067 657 capiendam
4092 590 4195 645 bu-

2585 683 2762 723 manae
2808 671 3079 742 superbiae
3132 669 3356 736 Iericho
3420 682 3530 730 tam
3586 676 3790 743 valida,
3820 687 3928 734 tam
3971 681 4194 740 robusta

2583 758 2843 816 fulminea
2879 763 3329 832 praedicationum
3352 781 3576 822 suorum
3602 766 3785 836 iacula
3811 781 4152 831 contorsere.

2653 850 2827 908 Unius
2845 853 3198 926 ejusdemque
3233 856 3496 914 Ecclesia:
3515 869 3570 914 et
3584 870 3770 930 patres
3791 863 4195 933 quodammodo

2552 947 2836 1002 videntur
2862 958 2916 1018 et
2945 948 3062 1012 lilii,
3088 948 3184 1004 lilii
3221 949 3475 1006 videlicet
3501 953 3942 1023 patriarcharum
3975 966 4030 1012 et
4071 973 4195 1030 pro.

2578 1037 2902 1108 phetarum;
2933 1048 3118 1110 patres
3139 1054 3269 1095 vero
3296 1041 3746 1113 subscquentium
3771 1047 4016 1101 omnium
4039 1049 4193 1105 dein-

2579 1145 2708 1200 ceps
2733 1129 3055 1186 electorum.
3109 1129 3250 1188 Hinc
3293 1141 3378 1188 est
3407 1135 3552 1189 enim
3599 1136 3746 1205 quod
3792 1137 3960 1208 Moysi
4008 1140 4191 1199 divina

2577 1232 2712 1274 voce
2736 1220 3070 1290 prmeipitur,
3133 1229 3193 1275 ut
3226 1230 3283 1276 et
3321 1222 3486 1278 bases
3531 1234 3823 1296 argenteas
3862 1227 4086 1293 fundat,
4135 1239 4191 1286 et

2577 1307 2794 1364 tabulas
2825 1309 3105 1366 inauratas
3134 1309 3370 1380 desuper
3400 1312 3577 1382 erigat
3606 1313 3806 1384 (Exod.
3839 1318 4012 1386 xm).
4047 1317 4192 1385 Quid

2578 1414 2760 1456 autem
2791 1417 2890 1472 per
2921 1403 3080 1459 bases
3105 1411 3413 1475 argenteas,
3462 1405 3568 1460 nisi
3617 1408 4010 1477 prophetarum
4038 1409 4192 1466 vide-

2576 1500 2666 1549 tur
2687 1495 2823 1548 ordo
2847 1494 3075 1565 signari,
3105 1495 3196 1566 qui
3225 1495 3355 1550 dum
3390 1496 3554 1565 primi
3601 1498 3668 1552 de
3708 1511 4058 1555 sacramento
4085 1500 4193 1560 Ec-

2576 1583 2755 1640 clesiae
2789 1595 2918 1639 sunt
2955 1585 3140 1653 locuti,
3171 1587 3325 1656 quasi
3360 1587 3625 1657 quasdam
3659 1589 3820 1645 bases
3864 1605 3959 1645 eos
3989 1591 4187 1662 aspici-

2575 1675 2698 1732 mus
2721 1693 2750 1732 a
2777 1677 3134 1734 fundamento
3163 1695 3496 1752 consurgere
3522 1689 3578 1735 et
3605 1683 3948 1753 superposita
3967 1684 4190 1742 fabrica

2575 1769 2816 1838 pondera
2848 1770 3141 1826 sustinere.

2649 1860 2788 1927 Quid
2819 1875 2948 1915 vero
2977 1877 3075 1931 per
3111 1862 3343 1929 tabulas,
3370 1863 3474 1919 nisi
3510 1845 3684 1920 sancti
3719 1863 4024 1936 ﬁgurantur
4052 1881 4188 1937 apo-

2577 1953 2726 2016 stoli,
2767 1953 2857 2023 qui
2887 1963 3113 2009 extensa
3153 1969 3252 2024 per
3306 1956 3571 2010 mundum
3619 1958 4010 2026 praedicatione
4059 1967 4190 2015 sunt

2577 2043 2914 2114 amplissime
2942 2046 3190 2101 dilatati?
3215 2047 3600 2116 Apostolorum
3635 2064 3872 2119 namque
3901 2052 4146 2106 doctrina
4169 2094 4184 2119 ,

2565 2136 2732 2217 quasi
2776 2138 3103 2208 quibusdam
3147 2139 3373 2195 basibus
3404 2141 3738 2211 prophetica:
3783 2145 4189 2213 praedicationis

2575 2229 2831 2284 innititur
2859 2245 3161 2302 eorumque
3205 2233 3536 2289 auctoritate
3582 2233 3648 2289 ad
3685 2243 3862 2290 status
3898 2238 3983 2291 sui
4020 2237 4189 2296 robur

2572 2321 2806 2376 firmiter
2836 2323 3121 2377 solidatur.
3152 2324 3307 2380 Unde
3335 2335 3390 2380 et
3416 2327 3722 2397 conjunctae
3750 2327 3894 2384 binae
3932 2330 4092 2384 bases
4127 2332 4182 2388 in

2572 2413 2802 2483 singulis
2851 2415 3050 2470 tabulis
3081 2427 3485 2486 supponuntur,
3537 2421 3664 2490 quia
3719 2422 3848 2476 dum
3899 2424 4185 2493 propheta

2571 2505 2747 2559 sancti
2785 2505 2837 2560 in
2867 2506 3050 2562 verbis
3069 2508 3185 2564 suis
3215 2509 3449 2564 invicem
3486 2510 3556 2566 de
3598 2509 3795 2566 futura:
3836 2522 3965 2568 tunc
3997 2514 4190 2571 Eccle-

2571 2596 2665 2651 s'm
2693 2607 3041 2652 sacramento
3067 2600 3430 2665 concordant,
3456 2610 3510 2656 et
3533 2603 3932 2672 subsequentes
3960 2614 4185 2674 aposto-

2569 2686 2651 2742 los
2701 2687 3037 2744 aniiflcantes
3065 2689 3369 2757 aediﬁcant;
3407 2701 3621 2747 etcum
3669 2708 3700 2747 a
3755 2696 4071 2765 semetipsis
4122 2697 4182 2752 in

2568 2780 2719 2835 nullo
2760 2782 3122 2849 dissentiunt,
3158 2783 3278 2837 illos
3307 2783 3364 2838 in
3405 2783 3471 2864 sp
3525 2787 3803 2841 robustius
3833 2788 4022 2856 figunt.
4071 2787 4186 2845 Nec

2570 2871 2848 2926 immerito
2875 2873 3058 2938 bases,
3108 2875 3309 2944 quibus
3351 2877 3630 2945 propheta:
3674 2878 3994 2947 signantur,
4028 2887 4087 2934 ut
4115 2890 4182 2934 ex

2569 2969 2799 3032 argento
2837 2962 3075 3018 debeant
3116 2964 3270 3018 fundi
3317 2967 3656 3035 praccipitur.
3705 2967 3930 3036 Argenti
3973 2970 4178 3040 quippe

2567 3053 2791 3108 claritas
2817 3071 2886 3110 ex
2914 3071 3014 3110 usu
3047 3065 3322 3121 servatur,
3355 3056 3474 3111 sine
3501 3071 3600 3110 usu
3637 3069 3819 3112 autem
3852 3059 3905 3113 in
3938 3059 4180 3129 nigredi-

2572 3161 2694 3200 nem
2721 3147 2970 3202 vertitur.
2998 3146 3396 3218 Prophetarum
3437 3163 3655 3219 quoque
3676 3150 3841 3214 dicta,
3884 3161 4180 3220 antequam

2569 3239 2869 3309 apostolica
2929 3240 3315 3308 praedicatione
3365 3239 3766 3305 clarescerent,
3817 3241 3944 3310 quia
3979 3243 4032 3296 in
4077 3258 4181 3298 usu

2563 3331 2865 3401 spiritualis
2894 3331 3267 3402 intelligentia:
3288 3347 3395 3385 non
3421 3340 3599 3395 erant,
3631 3332 3760 3385 dum
3787 3333 4030 3401 conspici
4061 3348 4179 3404 pm

2558 3424 2903 3478 obscuritate
2932 3439 3039 3477 non
3077 3432 3357 3494 poterant,
3385 3423 3543 3494 quasi
3595 3425 3748 3495 nigra
3795 3426 4172 3492 remanebant,

2563 3523 2619 3570 at
2658 3525 2944 3586 postquam
2976 3515 3291 3584 apostolicae
3321 3516 3734 3586 praedicationis
3765 3532 3959 3571 manus
3983 3519 4179 3573 vatici-

2562 3608 2649 3662 nia
2673 3607 2905 3661 obscura
2938 3607 3185 3671 detersit,
3235 3607 3498 3677 quidquid
3546 3607 3686 3662 lucis
3740 3608 3793 3662 in
3825 3608 3906 3662 eis
3936 3607 4169 3673 latebat,

2561 3699 2820 3754 inclaruit
2849 3713 3154 3769 sensusque
3177 3713 3370 3754 eorum
3401 3700 3663 3769 mysticos
3711 3699 3767 3752 in
3811 3715 3969 3754 nsum
4001 3701 4174 3766 dedit,

2560 3789 2686 3859 quia
2721 3788 2885 3842 verba
2920 3786 3032 3855 jam
3065 3788 3226 3843 rebus
3257 3803 3381 3844 esse
3422 3789 3672 3859 exposita
3699 3788 3990 3858 perspicue
4038 3805 4178 3844 nuu-

2560 3879 2741 3934 tiavit.
2766 3877 2897 3933 Jure
2921 3879 3089 3950 igitur
3118 3879 3513 3949 praecipiuntur
3553 3880 3670 3934 fieri
3699 3889 3755 3933 et
3786 3881 3946 3935 bases
3979 3896 4182 3952 argen-

2559 3983 2662 4034 leas
2701 3984 2757 4030 et
2814 3975 3009 4031 tabula:
3064 3977 3360 4040 deauratzc,
3401 3978 3528 4048 quia
3579 3977 3834 4033 videlicet
3878 3979 4177 4048 apostolica

2557 4065 2720 4138 305
2775 4076 3045 4138 praecepta
3089 4068 3484 4138 prepbetarum
3543 4067 3784 4125 oraculis
3837 4069 3994 4141 longe
4048 4078 4178 4125 sunt

2557 4159 2811 4215 clariora.

2629 4250 2702 4307 Ut
2725 4267 2856 4322 ergo
2897 4252 2965 4307 ad
2999 4251 3279 4322 superiora
3314 4252 3626 4318 redeamus,
3659 4268 3767 4308 non
3800 4252 4168 4325 incongruum

2556 4355 2642 4400 est
2675 4346 2719 4400 si
2749 4355 2806 4400 et
2833 4360 2962 4400 arca
2988 4355 3043 4400 et
3070 4346 3265 4400 domus
3309 4346 3642 4412 meretricis,
3692 4362 3815 4416 qua:
3864 4347 4174 4415 obsidetur,

2559 4451 2728 4491 unam
2757 4436 3119 4506 eamdemque
3165 4438 3477 4507 exprimere
3526 4438 3817 4492 vidcantur
3848 4437 4173 4504 Eeclesiam,

847 4543 993 4597 sunt,
1019 4535 1211 4590 mortis
1233 4548 1460 4588 evasere
1491 4533 1825 4604 periculum;
1856 4533 1983 4602 quia
2011 4534 2317 4588 sicutintra
2343 4535 2447 4590 Ec-
2477 4548 2536 4612 υ
2558 4544 2683 4583 cum
2729 4526 2971 4596 ejusdem
3007 4527 3288 4590 Ecclesize.
3342 4528 3487 4584 sicut
3534 4529 3744 4584 dictum
3793 4537 3900 4592 est,
3952 4529 4173 4587 diversa

846 4624 1069 4682 clesiam
1097 4639 1290 4680 omnes
1316 4625 1597 4680 salvantur
1619 4625 1802 4692 electi,
1834 4625 1906 4679 ita
1947 4633 2100 4680 extra
2149 4625 2449 4683 Ecclesiam

845 4730 1006 4773 nemo
1028 4717 1228 4788 poterit
1249 4717 1430 4772 salvus
1454 4717 1704 4772 inveniri.

919 4805 1025 4863 Sed
1061 4805 1295 4862 fortasse
1322 4809 1585 4878 qumritur
1628 4798 1904 4878 quomodo
1929 4816 1984 4864 et
2011 4825 2162 4877 arca,
2203 4826 2326 4881 quae
2354 4827 2450 4865 ur-

843 4895 968 4950 bem
1018 4897 1350 4952 circumiens
1396 4897 1702 4965 obsidebat,
1736 4907 1790 4954 et
1828 4900 2023 4955 domus
2066 4899 2284 4965 Rabab,
2329 4916 2451 4972 qua:

843 4971 1014 5055 ipsius
1064 4989 1338 5043 mtenibus
1381 4987 1714 5055 inbazrebat,
1762 4997 1998 5059 utraque
2044 4990 2303 5045 nimirum
2354 4971 2453 5047 res

843 5092 1010 5146 unam
1038 5080 1278 5151 designat
1315 5081 1613 5137 Eeclesiam
1639 5123 1652 5145 ,
1701 5097 1824 5137 cum
1868 5099 1996 5138 arca
2023 5083 2275 5139 videlicet
2303 5084 2450 5139 obsi-

845 5169 969 5223 deat
997 5178 1049 5224 et
1083 5180 1383 5242 expugnet;
1416 5173 1609 5227 domus
1664 5184 1844 5227 autem
1885 5175 2136 5228 videatur
2177 5174 2450 5229 obsessa?

846 5259 952 5317 Sed
979 5261 1095 5317 haec
1126 5264 1340 5333 questio
1387 5261 1546 5318 facile
1592 5263 1848 5329 solvitur,
1877 5265 1922 5319 si
1954 5265 2007 5319 in
2050 5265 2314 5319 membris
2345 5265 2449 5327 Ec-

844 5352 1044 5420 clesiae,
1076 5370 1196 5425 quae
1222 5356 1293 5410 sit
1315 5356 1632 5420 diversitas,
1669 5356 1941 5412 subtiliter
1970 5357 2304 5410 attendatur.
2339 5356 2445 5412 Ec-

841 5442 1006 5499 clesia
1037 5461 1269 5515 namque
1290 5456 1568 5518 expugnat
1611 5447 1933 5512 Ecclesiam,
1974 5463 2099 5502 cum
2128 5448 2447 5519 praedicata

843 5550 953 5600 res,
985 5536 1227 5606 magistri
1254 5577 1268 5604 ,
1295 5547 1352 5593 et
1376 5537 1622 5608 discipuli
1660 5538 2045 5608 praesidentes,
2078 5548 2133 5594 et
2160 5538 2442 5609 obtempe-

840 5639 1022 5687 rantes
1046 5644 1114 5686 ex
1144 5646 1262 5696 uno,
1278 5632 1476 5689 divinae
1498 5635 1930 5704 regenerationis
1954 5634 2102 5691 fonte
2124 5635 2440 5705 procedere,

839 5715 1264 5796 unum‘dcnique
1307 5743 1504 5799 corpus
1530 5727 1788 5788 Ecclesia:
1827 5739 2082 5800 tanquam
2127 5731 2339 5785 diversa
2363 5731 2446 5784 vi-

845 5819 1073 5874 dcantur
1129 5821 1368 5877 membra
1404 5822 1702 5896 complere.'
1750 5822 2152 5908 Cuknimirum
2189 5825 2441 5884 Ecclesia:

2560 4620 2672 4676 sint
2705 4620 2975 4684 membra,
3003 4619 3109 4674 alia
3133 4619 3391 4676 videlicet
3411 4636 3510 4692 per
3533 4630 3739 4676 sanctae
3761 4621 4177 4690 praedicationis

2561 4713 2824 4768 ambitum
2853 4713 3184 4777 obsidentia,
3215 4713 3319 4768 alia
3345 4729 3373 4767 a
3404 4729 3516 4769 sure
3543 4713 3904 4779 infidelitatis,
3929 4714 4014 4768 vel
4042 4729 4172 4786 pra-

2557 4793 2749 4858 vitatis
2776 4805 3078 4859 munimine
3105 4804 3302 4860 salutis
3337 4805 3602 4861 doctrina:
3633 4804 3835 4875 jaeulis
3863 4807 4170 4874 obruenda,

2561 4895 2664 4952 alia
2684 4896 2798 4966 jam
2827 4895 3155 4961 domestica,
3180 4896 3286 4950 alia
3309 4896 3613 4968 adbuc'per
3641 4897 3987 4952 aversionem
4015 4897 4171 4968 pravi

2559 4989 2743 5058 aperis
2766 4989 2963 5043 aliena.
2983 4988 3139 5043 Hunc
3164 4989 3217 5043 in
3247 4989 3619 5045 testimonium
3649 4989 3952 5060 spiritualis
3979 5003 4173 5061 pugnae

2557 5077 2871 5135 conﬂictum
2903 5079 3074 5134 Isaias
3121 5078 3236 5148 jam
3283 5080 3635 5143 odoraverat,
3686 5095 3832 5142 cum,
3879 5089 4171 5150 postquam

2557 5171 2862 5227 Salvatoris
2894 5172 3190 5226 adventum
3243 5172 3532 5242 perspicue
3563 5172 3970 5243 descripsisset,
4000 5174 4173 5244 proti-

2554 5280 2659 5320 nus
2684 5264 2931 5320 addidit:
2962 5283 2981 5316 ε
3001 5263 3069 5318 Ει
3093 5279 3190 5321 cor
3217 5263 3440 5336 Egypti
3467 5263 3709 5320 tabescet
3740 5265 3792 5319 in
3830 5266 4013 5321 medio
4027 5265 4167 5334 ejus,

2555 5365 2609 5412 et
2640 5371 2975 5412 concurrere
3010 5357 3207 5411 faciam
3241 5357 3531 5427 Egyptios
3560 5357 3829 5414 adversus
3855 5357 4166 5429 Egyptios,

2553 5455 2609 5503 et
2635 5449 2902 5519 pugnabit
2931 5449 3016 5502 vir
3041 5458 3234 5503 contra
3268 5447 3496 5503 fratrem
3546 5464 3732 5515 suum,
3763 5458 3819 5504 et
3856 5450 3940 5503 vir
3973 5459 4166 5505 contra

2553 5542 2792 5596 amicum
2814 5557 2998 5608 suum,
3021 5551 3075 5596 et
3099 5531 3294 5596 civitas
3321 5541 3588 5596 adversus
3606 5541 3912 5605 civitatem,
3938 5557 4166 5612 regnum

2551 5637 2820 5692 adversus
2848 5650 3099 5705 regnum,
3140 5644 3196 5690 et
3222 5635 3577 5705 dirumpetnr‘
3601 5635 3829 5706 spiritus
3860 5633 4078 5705 Aigypti
4113 5635 4166 5689 in

2546 5728 2854 5784 visceribus
2879 5728 2997 5798 ejus
3027 5726 3162 5796 (lea.
3212 5727 3346 5799 us).
3376 5747 3395 5780 ι

2618 5822 2754 5878 Cum
2785 5820 2953 5893 igitur
2982 5834 3080 5891 per
3125 5821 3441 5891 apostolica:
3484 5821 3894 5894 pmdicatiouis
3924 5821 4167 5880 obsidio-
