5450 6356
190 1268 201 1347 l

190 1360 203 1491 ἒ

190 1544 209 1669 ι

190 1678 209 1749 ἦ

1916 352 2020 408 82⁵1
2526 352 2585 409 S.
2629 353 2835 409 PETRI
2862 353 3149 409 nasum
3187 354 3339 410 OPP.
3370 350 3552 409 PARS
3579 351 3714 411 εει]
3759 349 3999 409 τοιιυε
4037 352 4097 409 ll.
4130 382 4201 395 —
4237 351 4628 411 SERSONES.
5110 345 5222 407 διε

1921 483 2067 532 nem,
2099 465 2300 521 fratres
2327 465 2658 531 charissimi,
2698 468 2764 522 de
2803 467 3080 535 pereuntis
3104 464 3325 523 Jcricho
3352 468 3523 521 simus
3552 468 3598 527 Α
3629 463 3911 517 hominum
3940 472 4139 534 pestes,
4173 463 4265 533 qui
4313 464 4439 518 dum
4470 462 4921 534 philosophorum
4952 471 5137 517 sectas
5164 462 5219 515 in

1923 556 2391 613 mternecionihus
2419 559 2588 620 eruti,
2636 558 2747 611 imo
2790 561 2858 612 de
2892 558 3169 612 subversae
3201 556 3523 628 gentilitatis

1920 651 2137 707 rxcidio
2156 650 2416 704 divinitus
2437 648 2671 711 liberati,
2688 664 2796 703 non
2820 663 3109 719 graventur
3125 650 3290 703 duces
3309 657 3525 702 nostros

1923 743 2206 811 subsequi,
2248 756 2354 810 quo
2399 741 2744 810 pmedunt;
2779 728 2885 794 non
2934 740 3186 795 videatur
3232 753 3525 795 onerosum

1924 836 2187 906 quidquid
2214 836 2370 890 nobis
2406 849 2505 904 pro
2536 845 2721 889 nostra
2753 834 2927 888 salute
2957 835 3298 904 praecipiunt.

2000 927 2139 982 Ecce
2188 926 2330 983 beati
2381 926 2610 994 apostoli
2658 924 2853 980 Petrus
2899 936 2955 981 et
2984 927 3231 980 Andreas
3262 927 3329 981 ad
3358 942 3525 982 unum

1932 1017 2142 1072 Domini
2178 1017 2419 1086 jubentis
2465 1016 2775 1086 imperium.
2828 1033 2936 1071 non
2983 1017 3371 1075 dubitaverunt
3406 1036 3526 1089 qua:

1927 1108 2281 1180 possidebant
2307 1119 2506 1162 cuncta
2532 1108 2863 1176 relinquere.
2886 1118 2948 1162 ut
2976 1111 3209 1164 terrenis
3235 1126 3525 1166 mereren-

1930 1210 2021 1254 tur
2064 1198 2309 1254 cmlestia
2347 1207 2695 1269 permutare.
2728 1198 3017 1254 Dimittunt
3061 1214 3183 1269 qua
3212 1216 3325 1270 prae
3353 1202 3527 1257 oculis

1930 1301 2080 1356 sunt,
2107 1301 2168 1346 ut
2198 1290 2491 1349 invisibilia
2538 1292 2678 1345 bona
2725 1292 3013 1361 recipiant.
3055 1291 3395 1363 Pastponunt
3430 1294 3528 1348 ha-

1927 1385 2066 1449 bita,
2111 1384 2179 1439 ad
2210 1393 2429 1453 sperata
2469 1384 2805 1455 pertiugnnt,
2839 1384 2905 1439 ad
2936 1400 3162 1455 regnum
3192 1400 3290 1456 per
3319 1386 3529 1456 suppli-

1928 1476 2075 1532 cium
2105 1482 2413 1535 transeunt.
2444 1476 2513 1529 ad
2540 1486 2759 1529 aeterna:
2787 1476 2910 1530 tice
2938 1477 3135 1547 gaudia
3160 1492 3257 1545 per
3282 1492 3527 1531 momen-

1930 1575 2151 1622 taneum
2196 1564 2378 1621 crucis
2418 1565 2719 1635 patibulum
2751 1567 3141 1635 provehantur.
3174 1564 3313 1620 Nihil
3342 1566 3442 1621 sibi
3471 1566 3525 1620 in

1930 1658 2363 1730 peregrinatione
2391 1667 2695 1718 reservant,
2716 1667 2777 1711 ut
2796 1658 3177 1728 pervenientes
3196 1658 3261 1710 ad
3291 1658 3525 1726 patriam

1928 1746 2113 1799 omnia
2142 1743 2300 1799 simul
2328 1743 2627 1798 inveniant.
2665 1741 2820 1798 Unde
2857 1759 2982 1798 cum
3017 1744 3122 1798 illis
3149 1759 3245 1814 per
3272 1745 3529 1798 immuta-

3628 552 3929 609 Ecclesiam
3957 553 4139 608 conati
4170 562 4297 608 sunt
4343 555 4709 615 introducere,
4758 552 4894 607 iram
4943 551 5036 606 Dei
5084 568 5224 623 quo-

3626 645 3916 699 dammodo
3957 660 4121 715 super
4152 654 4332 700 castra
4364 644 4531 699 lsrael
4576 644 4677 699 visi
4722 652 4852 697 sunt
4896 657 5217 713 provocare.

3628 735 3736 791 Sed
3770 738 3807 790 ii
3831 736 4010 790 obruti
4039 744 4165 791 sunt
4193 751 4315 790 cum
4361 736 4548 790 Achan
4590 734 4692 789 sub
4729 749 4928 789 acervo
4956 732 5218 802 lapidum.

3625 827 3750 896 quia
3763 827 4008 897 oppressi
4024 836 4147 881 sunt
4166 826 4564 879 immanissima
4584 823 4825 892 pondere
4846 835 5218 892 peccatorum.

3700 916 3808 973 Nos
3836 929 4041 981 autem,
4089 916 4290 971 fratres
4318 916 4650 979 charissimi,
4702 914 4829 985 quia
4876 913 5222 985 philosophia

3626 1020 3813 1066 nostra
3861 1010 4116 1063 Christus
4161 1019 4241 1064 est
4298 1019 4352 1063 et
4404 1008 4491 1063 hic
4534 1006 4849 1070 cruciﬁxus,
4900 1014 5064 1075 atque
5092 1005 5221 1060 ideo

3627 1104 3919 1173 magistros
3972 1102 4256 1164 habemus,
4311 1115 4418 1155 non
4449 1109 4719 1162 oratores,
4756 1098 4850 1154 sed
4898 1098 5227 1168 piscatores,

3627 1200 4016 1249 nonversutos
4041 1203 4096 1247 et
4124 1192 4462 1263 eloquentes,
4506 1192 4601 1247 sed
4629 1192 4789 1246 mites
4829 1205 4895 1245 ac
4922 1190 5224 1260 simplices.

3628 1282 3992 1353 despiciantus
4024 1277 4346 1352 sapientiam
4372 1298 4492 1351 quae
4513 1289 4712 1345 careat;
4740 1290 5063 1350 appetamus
5085 1280 5225 1335 stuic

3629 1378 3803 1431 titiam
3847 1392 3969 1445 quze
4021 1378 4294 1432 discentes
4346 1376 4635 1431 illuminat.
4691 1394 4711 1428 ι
4753 1376 4891 1443 Quia
4942 1376 5111 1441 enim,
5163 1384 5224 1429 ut

3627 1468 3919 1538 Apostolus
3949 1468 4047 1531 ait,
4082 1483 4187 1522 non
4218 1470 4473 1537 cognovit
4506 1467 4743 1522 mundus
4771 1482 4869 1537 per
4896 1466 5221 1536 sapientiam

3630 1562 3818 1626 Deum,
3872 1562 4068 1631 placuit
4110 1578 4208 1631 per
4254 1563 4542 1616 stultitiam
4588 1560 4992 1632 pmdieationis
5041 1559 5224 1615 salvos

3628 1649 3811 1705 facere
3840 1652 4127 1706 credentes
4165 1649 4215 1721 (1
4248 1649 4371 1705 Cor.
4402 1654 4461 1719 t).
4487 1669 4508 1703 ι

3702 1743 4008 1798 Teneamus
4048 1744 4211 1813 igitur
4255 1744 4309 1798 in
4358 1757 4458 1797 sua
4513 1742 4751 1813 puritate
4808 1740 5139 1805 doctrinam.
5167 1748 5225 1794 et

1930 1836 2133 1889 tionem
2167 1835 2409 1889 dextera
2436 1834 2649 1889 Excelsi
2684 1834 2787 1889 hoc
2817 1833 3018 1890 factum
3046 1846 3148 1897 est,
3181 1846 3240 1889 ut
3268 1837 3359 1905 qui
3397 1845 3525 1889 tunc
3556 1820 3601 1879 Β
3629 1842 3795 1888 rectm:
3821 1831 3946 1886 ﬂdei
3976 1832 4331 1887 adhibeamus
4365 1833 4550 1900 operis
4571 1831 4896 1886 efficaciam.
4926 1830 5226 1885 Enatemes

1931 1923 2129 1993 abjecti
2163 1923 2490 1978 videbantur
2534 1932 2590 1977 et
2620 1924 2874 1988 humiles,
2904 1941 3049 1980 nunc
3102 1926 3408 1995 animarum
3437 1926 3532 1991 ju-

1930 2014 2083 2068 dices
2116 2023 2173 2067 et
2210 2012 2450 2068 caelestis
2490 2012 2602 2067 sint
2628 2014 2795 2068 curia:
2824 2026 3126 2069 senatores.
3157 2012 3308 2067 Tune
3339 2014 3527 2068 vilium

1930 2117 2275 2172 possessores
2304 2103 2527 2167 retium,
2557 2118 2703 2158 nunc
2741 2105 2793 2157 in
2827 2106 3012 2176 regnis
3045 2106 3361 2160 calestibus
3386 2106 3530 2160 obti-

1931 2202 2066 2251 nent
2094 2195 2283 2265 gloria:
2321 2194 2709 2265 principatum.
2761 2196 2828 2250 Et
2871 2212 3010 2265 quos
3039 2198 3092 2251 in
3147 2209 3291 2253 terra
3321 2200 3531 2268 positos

1932 2284 2052 2353 ipsa
2086 2293 2421 2338 terrenarum
2469 2299 2654 2338 rerum
2709 2288 2866 2353 copia
2917 2289 3261 2353 destituerat,
3306 2302 3449 2343 nunc
3472 2297 3528 2344 et

1933 2380 2107 2435 totius
2130 2379 2282 2434 orbis
2323 2366 2696 2434 monsrchiam
2750 2388 2938 2434 tenent
2982 2389 3039 2433 et
3081 2381 3134 2432 in
3182 2381 3271 2432 illa
3319 2380 3528 2435 cmlesti

1934 2468 2274 2526 Hierusalem
2335 2468 2639 2538 judiciaria:
2698 2471 2986 2540 potestatis
3037 2470 3167 2525 solis
3213 2472 3528 2539 president.

1934 2562 2147 2632 Quique
2170 2562 2401 2617 extremi
2431 2577 2570 2632 pene
2613 2560 2827 2616 fuerant
2874 2562 3179 2624 hominum,
3214 2577 3356 2615 nunc
3399 2577 3531 2615 cun-

1934 2655 2086 2710 cives
2122 2662 2250 2707 sunt
2289 2663 2345 2708 et
2389 2652 2682 2723 participes
2711 2652 3051 2720 angelorum.
3083 2653 3214 2706 Boni
3259 2653 3528 2721 siquidem

1934 2744 2182 2813 magistri
2205 2752 2260 2819 et
2288 2744 2429 2814 grati
2474 2746 2903 2799 remnneratoris
2951 2747 3230 2800 adhzsere
3261 2746 3527 2815 vestigiis,

1933 2836 2027 2905 qui
2075 2836 2155 2889 eis
2206 2851 2398 2889 aurum
2444 2851 2542 2905 pro
2590 2850 2771 2904 caeno,
2823 2845 3016 2890 cuncta
3050 2852 3153 2906 pro
3202 2838 3394 2901 nihilo,
3428 2853 3529 2905 pro

1935 2926 2177 2981 tenebris
2208 2928 2403 2991 lucem,
2427 2943 2524 2998 pro
2545 2930 2760 2983 somnio
2791 2928 3027 2983 reddidit
3055 2931 3362 2984 veritatem.
3395 2930 3527 2996 Qui-

1932 3018 2038 3071 bus
2074 3016 2331 3072 nimirum
2378 3028 2433 3073 et
2485 3020 2536 3072 in
2584 3019 2725 3073 casio
2770 3020 2886 3088 ipse
2928 3021 2999 3073 sit
3045 3022 3351 3088 prmminm,
3382 3030 3437 3075 et
3471 3022 3525 3074 in

1937 3107 2099 3161 terris
2127 3122 2343 3176 quoque
2367 3109 2608 3162 omnium
2637 3107 2857 3175 subjicit
2886 3108 3009 3175 jura
3041 3125 3354 3175 regnorum.

3626 1923 3987 1993 procellosum
4038 1923 4323 1977 mundana:
4376 1922 4806 1990 perturbationis
4855 1920 5099 1975 fluctum.
5143 1920 5226 1975 ln-

3627 2013 3769 2069 cludi
3807 2008 3969 2068 libeat
3998 2024 4272 2069 tantorum
4305 2014 4512 2069 retibus
4540 2014 4894 2083 p’scatorum.
4925 2010 5223 2067 lucalesca'

3628 2121 3726 2161 cor
3752 2116 4001 2169 nostrum
4040 2108 4106 2161 ad
4154 2116 4265 2161 tam
4311 2115 4576 2175 prompta.-
4602 2105 4945 2168 obedientize,
4981 2112 5089 2157 tam
5120 2102 5209 2158 fer

3627 2196 3959 2250 ventisslnuz
3986 2197 4292 2251 devotionis
4340 2194 4671 2266 exemplum,
4699 2204 4756 2249 et
4785 2195 4928 2264 quod
4971 2194 5230 2249 doctores

3628 2295 3847 2342 nostros
3883 2289 4130 2341 novimus
4159 2297 4286 2343 tunc
4316 2286 4532 2359 fecisse,
4575 2287 4677 2355 ipsi
4705 2287 4867 2341 etiam
4895 2285 5077 2340 divina
5106 2286 5226 2355 epi-

3631 2376 3841 2432 tulante
3861 2377 4174 2440 clementia,
4206 2376 4525 2432 studeamus
4564 2375 4810 2447 implere.
4860 2376 4998 2431 Ecce
5037 2375 5229 2430 beatos

3629 2463 3850 2529 fratres,
3880 2464 4101 2520 Petrum
4128 2465 4379 2521 videlicet
4404 2475 4460 2521 et
4479 2465 4777 2527 Andream,
4808 2478 5084 2533 nunquam
5104 2472 5223 2532 post

3594 2592 3601 2599 ο
3630 2558 4042 2613 OOnversiouem
4068 2558 4299 2628 legimus
4328 2555 4535 2611 carnali
4567 2556 4799 2625 quadam
4823 2554 5230 2609 necessitudine

3630 2646 3850 2704 sibimet
3886 2650 4119 2716 invicem
4171 2647 4495 2702 familiarius
4522 2646 4834 2708 atlhtesisse,
4867 2659 5029 2714 quam
5058 2654 5225 2698 catc-

3630 2741 3727 2805 ris,
3777 2756 3883 2795 non
3917 2742 4121 2795 arctius
4170 2741 4312 2793 inter
4356 2754 4413 2795 se
4451 2749 4638 2794 mutuo
4666 2738 5065 2793 confmderatos
5092 2735 5225 2792 ισθ-

3629 2838 3763 2892 esu,
3814 2844 3919 2882 non
3973 2828 4189 2883 easdem
4243 2828 4552 2897 provincias
4591 2827 4992 2897 prmtlicationis
5045 2826 5227 2895 gratia

3630 2923 3982 2981 consortitos.
4014 2930 4089 2984 et,
4121 2930 4179 2975 ut
4223 2921 4395 2990 magis
4424 2930 4668 2989 stupeas,
4699 2935 4803 2973 non
4833 2919 5062 2972 moleste
5099 2916 5223 2971 tulit

3628 3014 3871 3068 Andreas
3901 3014 4043 3083 quod
4073 3017 4124 3068 in
4153 3012 4259 3067 fide
4300 3012 4529 3080 primus,
4579 3009 4751 3063 factus
4791 3019 4873 3062 est
4898 3007 5109 3060 ordinis
5139 3006 5225 3059 di-

3631 3106 3837 3175 gnitate
3864 3104 4166 3165 secundus;
4195 3118 4296 3156 nec
4327 3100 4443 3154 zelo
4480 3101 4675 3152 ductus
4704 3108 4806 3162 est,
4836 3098 4975 3166 quod
5005 3095 5225 3159 Petrus,

2009 3193 2116 3252 Per
2144 3162 2288 3252 hanc
2306 3212 2436 3266 ergo
2461 3199 2625 3259 viam,
2654 3162 2850 3253 fraires
2876 3162 3003 3261 mei,
3028 3162 3135 3265 qua
3162 3162 3260 3250 nos
3290 3212 3524 3267 princes-
3555 3162 3604 3226 ο
3632 3162 3727 3262 qui
3749 3195 3867 3262 ejus
3890 3196 4088 3247 ducatu
4111 3162 4383 3261 posterior
4407 3192 4660 3254 credidit,
4682 3162 4944 3259 cujusque
4967 3188 5033 3241 ad
5060 3186 5223 3239 fidem

1934 3298 2081 3348 sere,
2111 3298 2427 3355 sequamur,
2459 3286 2504 3339 si
2535 3285 2682 3349 illuc,
2723 3286 2817 3340 ubi
2847 3294 2994 3352 sunt,
3036 3286 3350 3356 pertingere
3380 3286 3531 3339 volu-

1937 3390 2079 3428 mus.
2106 3376 2237 3432 Post
2262 3378 2362 3433 hos
2388 3379 2572 3447 itaque
2596 3388 2742 3435 recta
2770 3381 2857 3434 via
2890 3381 3222 3449 gradientes,
3255 3382 3333 3435 sic
3366 3382 3530 3435 relin-

1937 3480 2169 3533 quamus
2191 3465 2433 3532 Iericho,
2469 3482 2661 3521 eorum
2692 3466 2975 3522 obsidione
3005 3468 3346 3523 submersam
3381 3470 3532 3539 [sult-

1936 3556 2176 3628 versam]
2230 3567 2392 3627 atque
2434 3560 2789 3623 destruetam,
2833 3570 2891 3612 ut
2922 3575 3262 3629 nequaquam
3312 3562 3380 3613 de
3414 3561 3531 3626 ejus

1939 3646 2290 3702 anathemate
2343 3648 2547 3717 aliquid
2605 3664 2952 3719 usurpemus.
3010 3649 3270 3703 Prohibet
3334 3665 3531 3717 nempe

1938 3732 2100 3790 Jesus
2130 3736 2221 3791 ille
2254 3734 2422 3803 Nave,
2455 3754 2523 3792 ne
2572 3739 2639 3793 de
2686 3739 3036 3795 facultatibus
3076 3738 3297 3794 Jericho
3333 3741 3529 3807 aliquis

1940 3826 2294 3893 concupiscat
2336 3826 2475 3895 (Jos.
2524 3828 2622 3896 vt).
2655 3829 2813 3883 Vetat
2854 3842 2910 3883 et
2938 3841 3125 3885 noster
3147 3830 3329 3895 Jesns,
3372 3843 3530 3886 vetus

1938 3914 2128 3983 utique
2154 3914 2424 3978 Salvator,
2448 3925 2508 3969 ttt
2534 3932 2692 3971 nemo
2714 3932 2777 3971 ea
2804 3933 2926 3987 quin
2949 3921 3135 3975 mundi
3161 3933 3289 3974 sunt
3316 3922 3526 3989 diligat.

1944 4024 1965 4058 ι
1996 4004 2191 4071 Nolite,
2207 4008 2399 4076 inquit,
2411 4008 2575 4079 306
2592 4010 2961 4064 thesauriaare
2988 4012 3140 4065 vobis
3164 4012 3451 4066 thesauros
3471 4014 3525 4066 in

1942 4107 2089 4151 terra
2126 4094 2342 4165 (Matth.
2371 4099 2468 4167 vn).
2496 4117 2515 4150 ι
2543 4098 2609 4152 Et
2638 4115 2733 4168 per
2752 4088 3054 4170 apostolum
3084 4118 3240 4156 suum
3268 4120 3281 4156 :
3310 4122 3328 4153 ι
3356 4102 3531 4157 Nolite

1938 4185 2165 4257 diligere
2219 4187 2504 4253 mundum,
2542 4204 2716 4260 neque
2763 4205 2829 4245 ea
2887 4205 3009 4260 quae
3061 4191 3114 4245 in
3167 4193 3370 4247 mundo
3402 4201 3532 4247 sunt

1940 4276 1995 4346 (Ι
2015 4276 2259 4349 lauru).
2283 4298 2301 4331 ι
2320 4277 2438 4333 Non
2469 4296 2599 4349 ergo
2622 4282 2689 4335 ad
2717 4281 3025 4350 exemplum
3054 4282 3289 4338 infelicis
3317 4284 3528 4349 Achan,

1940 4365 2009 4420 de
2027 4367 2375 4420 anathemate
2393 4367 2607 4423 Jericho
2629 4370 2830 4436 aliquid
2849 4370 3232 4425 defraudemus
3245 4372 3383 4441 (los.
3403 4374 3529 4441 vit),

1940 4463 2003 4510 ut
2027 4454 2285 4509 videlicet
2302 4456 2435 4511 nihil
2461 4471 2526 4509 ex
2550 4456 2825 4511 dissolutis
2852 4459 3138 4513 mundana
3154 4461 3527 4515 conversatio-

1942 4548 2029 4601 nis
2083 4547 2344 4610 moribus,
2399 4547 2699 4616 disciplinis
2752 4548 3144 4605 ecclesiasticis
3197 4550 3526 4605 inseramus.

1941 4637 2059 4693 Non
2087 4640 2398 4694 auferamus
2424 4640 2664 4709 pallium,
2694 4649 2755 4695 ut
2798 4650 2921 4710 post
2970 4642 3342 4697 indumentum
3377 4641 3530 4706 fidei,

1940 4730 2147 4785 cultum
2194 4733 2673 4787 conversationum
2715 4732 3061 4788 szecularium
3096 4732 3412 4787 nullatenus
3441 4732 3527 4787 in-

1938 4819 2191 4875 sistamus.
2223 4818 2342 4873 Non
2368 4823 2577 4890 argenti
2608 4822 2792 4887 siclos,
2821 4832 2879 4877 ut
2902 4825 2995 4893 qui
3017 4834 3282 4877 mternum
3314 4824 3529 4878 thesau-

1942 4922 2065 4964 rum
2095 4907 2148 4962 in
2179 4907 2320 4963 celo
2346 4911 2706 4975 reconditnus,
2736 4914 2941 4966 nullam
2975 4915 3334 4983 temporalem
3361 4930 3525 4984 pecu-

1942 4997 2091 5055 niam
2127 5013 2228 5069 per
2270 5000 2617 5055 ambitionem
2666 5001 2719 5054 in
2756 5004 2977 5058 sudario
3020 5019 3369 5072 reponamus.
3408 5003 3526 5059 Non

1942 5089 2177 5162 denique
2232 5092 2473 5159 regulam
2529 5107 2772 5156 auream,
2822 5104 2876 5147 ut
2912 5094 2963 5147 in
2995 5094 3293 5149 Ecclesiam
3321 5095 3525 5149 Christi

1943 5193 2053 5247 non
2096 5191 2355 5235 accurata
2400 5182 2805 5237 introducarnus
2844 5183 3221 5237 haereticorum
3250 5181 3525 5251 dogmata,

1946 5281 2057 5329 non
2109 5268 2369 5324 tmtinata
2423 5272 2867 5340 philosophorum
2923 5282 3080 5325 acute
3131 5270 3525 5342 disputantium

1943 5356 2149 5419 studia,
2196 5355 2285 5410 vel
2316 5367 2597 5426 poetarum
2625 5359 2909 5416 elaborata
2954 5360 3233 5429 ﬁgmenta.
3277 5359 3403 5414 llaec
3442 5368 3530 5413 est

1943 5447 2089 5500 enim
2113 5461 2281 5502 aurea
2312 5446 2402 5502 illa
2429 5448 2634 5518 regula,
2661 5448 2845 5504 limato
2875 5450 3128 5506 videlicet
3169 5458 3331 5518 atque
3360 5448 3528 5519 polito

1944 5551 2199 5595 sermone
2227 5540 2452 5605 directa,
2479 5550 2533 5607 et
2563 5541 2707 5596 velut
2738 5558 2905 5597 aureo
2939 5542 3227 5597 luculentas
3256 5541 3526 5596 facundia:

1944 5627 2121 5684 nitore
2181 5630 2393 5685 vestita.
2449 5630 2599 5687 lianc
2656 5642 2836 5687 autem
2890 5632 3127 5703 regulam
3185 5630 3344 5684 furati
3398 5643 3525 5689 sunt

1943 5713 2127 5784 Arius,
2177 5718 2413 5779 Marcion
2452 5733 2505 5779 et
2554 5723 2830 5798 Appelies,
2875 5724 3099 5790 olimque
3147 5736 3521 5791 perversornm

3558 4498 3607 4558 D

3636 3284 3750 3352 ipse
3773 3286 4003 3352 prmvius
4036 3282 4157 3345 fuit,
4185 3284 4459 3352 prioratus
4485 3290 4664 3335 tamen
4698 3280 4840 3334 inter
4871 3290 5063 3333 omnes
5087 3291 5221 3346 apo-

3632 3377 3802 3432 stolos
3841 3376 3962 3443 jura
4018 3374 4278 3445 suscepit.
4331 3372 4482 3427 lianc
4540 3386 4735 3442 nempe
4787 3368 5223 3424 mortificationis

3635 3466 3871 3534 regulam
3898 3465 4070 3517 oculis
4117 3462 4318 3518 nostris
4358 3477 4627 3532 supernus
4659 3462 4918 3529 magister
4946 3459 5218 3531 apposuit,

3633 3554 3773 3607 banc
3802 3554 3958 3607 nobis
4003 3568 4145 3605 vene
4175 3551 4502 3605 humilitatis
4536 3564 4802 3611 normam,
4829 3564 4934 3617 per
4962 3562 5125 3616 quam
5156 3546 5221 3599 ιιο

3634 3643 3744 3698 lum
3775 3653 3921 3698 recta
3950 3643 4034 3695 via
4065 3655 4438 3709 sequeremur,
4460 3638 4729 3693 exhibuit.
4759 3638 4817 3691 lu
4844 3638 4950 3691 illis
4983 3650 5225 3703 namque

3633 3736 3823 3805 primis
3852 3732 4151 3801 discipulis,
4183 3746 4320 3800 quos
4346 3739 4401 3784 ct
4444 3729 4627 3784 mundi
4679 3729 4932 3782 doctores
4957 3726 5225 3787 instituit.

3631 3828 3872 3881 omnium
3920 3825 4181 3877 virtutum
4235 3822 4463 3876 formam
4514 3819 4793 3891 siguanter
4835 3817 5108 3887 expressit
5159 3826 5223 3870 ut

3633 3932 3803 3986 usque
3832 3916 3901 3974 ad
3928 3914 4453 3969 consummationem
4479 3911 4660 3965 s:eculi
4692 3912 5065 3979 unusquisque
5085 3905 5217 3961 ﬁde-

3632 4006 3763 4058 lium
3795 4005 3863 4058 ad
3886 4019 3979 4057 eos
4009 4002 4331 4057 imitationis
4356 4001 4543 4054 oculos
4573 3999 4793 4068 dirigat,
4820 4006 4875 4052 et
4902 4012 4997 4066 per
5021 4011 5213 4052 eorum

3633 4089 3908 4153 tramitem
3951 4095 4281 4151 neutrolibet
4314 4092 4721 4148 exorbitaturus
4759 4091 4991 4151 incedat,
5022 4098 5218 4158 quate-

3631 4207 3733 4247 nus
3763 4188 3991 4245 tenendo
4017 4188 4204 4241 vitales
4233 4184 4519 4240 amuentite
4562 4182 4723 4254 307
4754 4182 4894 4237 rivos
4924 4180 5209 4250 pervenias

3632 4295 3753 4335 mus
3780 4281 3847 4334 ad
3875 4278 4104 4341 fontem,
4131 4274 4407 4345 sequendo
4439 4276 4637 4329 milites
4675 4257 4822 4327 recto
4856 4270 5051 4325 itinere
5080 4284 5206 4339 per-

3630 4370 3895 4425 dueamur
3948 4370 4018 4424 ad
4066 4382 4281 4436 regem,
4348 4364 4534 4421 Jesum
4596 4363 4867 4418 Christum
4924 4360 5211 4415 Dominum

3631 4469 3899 4519 nostrum,
3930 4459 4022 4525 qui
4069 4472 4190 4509 eum
4234 4456 4395 4510 Patre
4423 4467 4477 4509 ct
4526 4455 4725 4522 Spiritu
4774 4460 4962 4507 sancto
5004 4450 5136 4505 vivit
5161 4458 5218 4503 et

3634 4555 3821 4616 regnat
3846 4560 3944 4615 per
3963 4545 4144 4597 omnia
4176 4542 4370 4596 srccula
4403 4542 4744 4596 saeculorum.
4774 4540 4970 4595 Amen.

4193 4633 4425 4689 SERMO
4476 4631 4650 4686 LVIII.

3784 4745 3841 4783 ιι.
3880 4744 3944 4782 ne
3984 4742 4029 4781 s.
4060 4740 4276 4802 ‘uossa
4313 4738 4605 4777 srosrow.
4643 4720 4769 4791 (xxx
4797 4718 5050 4781 ttovzxs.)

3700 4819 3767 4875 Et
3813 4821 4053 4890 quit-tum
4102 4818 4365 4876 studium.
4410 4828 4462 4869 et
4507 4823 4770 4867 attentum
4814 4812 5108 4875 silentium,
5156 4820 5211 4867 et

3632 4922 3780 4967 tanta
3842 4913 3976 4967 tanti
4011 4911 4112 4964 viri
4152 4908 4420 4964 festivitas
4474 4915 4717 4969 monent,
4748 4906 4857 4960 imo
4882 4904 5213 4975 compellat

3633 5005 3834 5073 aliquid
3857 5004 4039 5058 dicere
4063 5001 4130 5056 ad
4160 5001 4548 5056 ostendendam
4573 4998 4797 5069 gloriam
4824 4997 5064 5063 deitatis,
5092 4999 5209 5069 glo-

3634 5097 3768 5151 riam
3820 5092 4132 5164 apostulica:
4181 5090 4478 5161 dignitatis.
4526 5089 4879 5143 confessionis
4930 5089 5209 5144 virtutem.

3633 5185 3835 5245 Demus
3860 5183 4085 5251 gloriam
4132 5181 4307 5236 laudis
4350 5180 4470 5247 ejus
4509 5178 4680 5248 (Paul.
4728 5178 4876 5248 ων).
4906 5192 5067 5246 quem
5096 5178 5211 5232 lan-

3633 5274 3764 5330 dant
3789 5285 3978 5327 omnes
4000 5278 4209 5340 gentes,
4251 5270 4341 5339 qui
4385 5269 4663 5324 ministros
4707 5281 4834 5322 suos
4866 5274 4921 5320 et
4947 5265 5130 5319 lauht
5154 5274 5211 5321 el

3632 5363 3929 5418 laudabiles
3956 5362 4102 5416 facit.
4132 5361 4247 5432 lpse
4274 5371 4375 5425 est,
4401 5360 4487 5415 cui
4522 5360 4780 5414 assistunt
4806 5356 4981 5428 angeli
5005 5356 5075 5410 ad
5111 5372 5207 5412 sl-

3628 5453 3877 5507 diendam
3928 5466 4119 5507 vocem
4177 5465 4488 5507 sermonum
4538 5448 4654 5517 ejus
4711 5444 4881 5513 (ρωι.
4929 5446 5060 5512 cn);
5115 5446 5206 5515 qui

3629 5542 3811 5597 stellas
3833 5549 4010 5601 vocat,
4039 5549 4094 5594 et
4115 5539 4301 5594 dicunt
4328 5556 4340 5591 :
4370 5537 4640 5592 Adsumus
4669 5533 4885 5604 (Barine.
4914 5534 5035 5603 tu);
5057 5533 5207 5600 enjm

3631 5650 3821 5689 manus
3846 5633 4089 5687 extendit
4132 5632 4333 5693 eteius;
4377 5628 4470 5698 qui
4510 5626 4752 5681 fundavit
4797 5634 4997 5680 terram
5049 5637 5209 5696 super

3630 5724 3978 5779 stabilitatem
4031 5738 4185 5777 suam
4243 5718 4414 5787 (l'ml.
4447 5732 4585 5791 (int,
4632 5718 4720 5786 Qui
4776 5718 5013 5785 graditur
5050 5728 5207 5784 super
