5450 6392
950 366 1055 421 829

2314 338 2551 397 SERMO
2591 338 2774 396 LVIII.

4153 317 4262 371 830

951 483 1146 537 fluctus
1172 488 1369 539 maris;
1403 470 1496 543 qui
1529 465 1653 523 fecit
1683 461 1953 519 mirabilia
1981 459 2130 515 solus
2153 453 2330 529 (Psal.
2358 455 2541 522 Lxxi);
2579 458 2628 516 Α
2654 452 2866 506 deatur.
2899 445 3055 505 Unde
3085 459 3195 500 non
3225 441 3503 498 immerito
3552 438 3606 492 in
3652 434 3989 543 singularem
4018 437 4262 543 auctor:-

952 571 1006 624 lu
1040 581 1198 636 quem
1228 562 1539 619 desiderant
1585 553 1760 625 angeli
1797 549 2138 624 prospicere.
2167 545 2289 616 Ipse
2317 552 2420 609 est,
2458 544 2554 612 qui

952 658 1080 714 fecit
1125 655 1326 718 omnia,
1372 658 1427 705 et
1464 649 1516 703 in
1566 644 1820 700 Omnibus
1864 655 1989 710 qua
2035 637 2183 699 fecit,
2216 646 2553 704 quacunque

879 749 888 756 ’
956 751 1140 805 voluit.
1193 747 1330 802 Huic
1379 742 1607 802 servire,
1660 750 1890 806 regnare
1936 742 2048 798 est;
2081 731 2171 800 qui
2204 728 2428 784 servivit
2452 740 2554 797 pro

954 841 1129 897 nobis
1158 838 1258 892 sub
1297 835 1457 899 dura,
1485 841 1540 886 et
1582 829 1734 901 gravi
1791 823 2137 883 necessitate,
2170 829 2226 873 et
2256 828 2554 888 purpuram

955 947 1068 987 sua:
1108 926 1412 984 divinitatis
1441 923 1622 978 cilicio
1653 927 1853 973 nostra:
1881 911 2231 970 mortalitatis
2274 908 2558 979 operiens,

955 1035 1178 1093 pauper,
1223 1027 1280 1072 et
1333 1015 1616 1070 mendicus
1647 1010 1794 1065 venit
1845 1008 1899 1061 in
1951 1005 2229 1074 regionem
2284 1008 2550 1093 nostram.

956 1087 1204 1181 litin—quid
1250 1123 1358 1162 non
1409 1105 1570 1160 ludus
1612 1099 1767 1156 vobis
1821 1097 2058 1159 videtur,
2108 1087 2552 1181 Judaei,pagani,

957 1180 1217 1264 luet-elici,
1242 1209 1297 1253 et
1319 1196 1498 1253 omnis
1521 1193 1610 1250 illa
1628 1187 2103 1250 subsannantium,
2127 1184 2236 1238 imo
2269 1180 2554 1236 insanien-

958 1296 1090 1348 tium
1123 1293 1300 1354 turba,
1334 1303 1457 1344 cum
1503 1286 1757 1348 dicimus,
1787 1281 1984 1336 Filium
2025 1278 2118 1332 Dei
2149 1288 2398 1335 carnem,
2428 1286 2557 1326 cru-

957 1401 1094 1447 cem,
1125 1393 1377 1447 mortem,
1423 1379 1608 1435 clavos
1647 1386 1702 1432 et
1747 1376 1994 1428 lanceam
2042 1365 2344 1424 tolerasse?
2372 1363 2558 1418 Ludus

957 1475 1202 1548 profecto
1231 1481 1336 1538 est,
1365 1470 1510 1526 unde
1543 1467 1624 1524 sic
1657 1465 1815 1520 nobis
1860 1462 2082 1524 luditur,
2135 1466 2194 1512 ut
2236 1454 2393 1511 vobis
2434 1451 2559 1508 illu-

958 1568 1118 1624 datur
1143 1583 1157 1620 :

1031 1657 1234 1714 Unicus
1263 1656 1353 1710 ille
1391 1653 1623 1721 Sapiens
1669 1648 1829 1720 hujus
1875 1644 2122 1717 mysterii
2173 1659 2278 1698 non
2332 1641 2558 1710 ignarus

958 1749 1144 1806 ludum
1193 1748 1355 1802 istum
1402 1743 1633 1815 eleganti
1680 1756 1934 1797 sermone
1971 1737 2231 1807 praelusit.
2269 1755 2284 1786 ι
2309 1734 2556 1788 Delecta-

2659 542 2788 596 tatis
2820 553 2999 593 arcem
3034 543 3289 605 suscepta
3339 541 3447 596 est,
3487 538 3654 599 quam
3684 527 3782 597 qui
3831 523 4088 580 viderunt
4119 521 4264 578 scri-

2656 641 2887 705 pserunt
2934 630 3054 686 orbi
3095 638 3152 684 et
3202 625 3439 682 ministri
3499 624 3656 678 fuere
3711 618 4004 677 sermonis.
4037 616 4268 672 Vocatio

2655 726 2794 796 ejus,
2826 725 2934 778 vita
2963 733 3017 778 et
3043 722 3227 793 passio
3253 719 3472 787 cognita
3500 724 3626 771 sunt
3653 713 3828 775 vobis,
3861 722 3916 767 et
3943 726 4109 775 nunc,
4135 707 4268 780 quid

2656 824 2907 886 superest
2944 823 3002 868 ut
3028 829 3059 867 a
3104 827 3192 867 me
3214 809 3448 880 amplius
3478 803 3844 876 exspectetis?
3876 802 4264 856 Verumtamen

2641 914 2843 971 ,monet
2889 919 2978 959 me
3021 903 3185 958 lectio
3229 899 3550 972 apostolica,
3581 904 3639 950 ut
3666 892 4063 963 aliquantisper
4106 889 4173 944 de
4200 903 4266 943 ea

2656 1009 2854 1055 vestra:
2883 996 3204 1052 reverentiae
3254 993 3652 1063 colloquamur.
3702 988 3794 1042 Ait
3835 985 3982 1041 enim
4009 1001 4024 1040 :
4054 1003 4072 1035 ι
4093 981 4270 1037 Corde

2657 1093 2904 1148 creditur
2928 1091 2996 1146 ad
3016 1089 3312 1158 justitiam,
3341 1102 3436 1147 ore
3463 1095 3647 1139 autem
3689 1080 3966 1138 confessio
3999 1079 4059 1132 flt
4084 1076 4153 1131 ad
4183 1090 4274 1130 sa-

2657 1183 2825 1238 lutem
2850 1182 3127 1255 (Rom.x).
3162 1200 3180 1232 ι
3213 1179 3354 1235 Dicit
3378 1178 3523 1233 enim
3550 1174 3836 1244 Scriptura
3865 1191 3877 1226 :
3914 1191 3930 1222 ι
3955 1171 4146 1225 Omnis
4175 1168 4271 1237 qui

2657 1275 2836 1331 credit
2877 1275 2928 1329 in
2959 1275 3142 1338 illum;
3178 1288 3286 1326 non
3315 1267 3685 1326 confundetur
3712 1264 3847 1338 (Isa.
3881 1260 4060 1332 ιιι-ιιι).
4093 1279 4113 1312 ι
4139 1258 4269 1313 Tria

2659 1373 2938 1436 ponuntur
2967 1364 3076 1428 hic,
3105 1371 3163 1416 et
3199 1362 3364 1416 corde
3390 1359 3619 1415 credere
3663 1356 3733 1412 ad
3767 1353 4060 1423 justitiam,
4094 1358 4152 1406 et
4173 1364 4273 1405 ore

2658 1457 2906 1513 confiteri
2958 1457 3026 1511 ad
3056 1455 3313 1518 salutem,
3345 1462 3402 1508 et
3444 1453 3498 1506 in
3555 1451 3707 1505 illum
3738 1447 3986 1513 credere,
4018 1446 4072 1500 in
4105 1456 4270 1514 quem

2659 1550 2750 1619 qui
2783 1548 3081 1606 crediderit
3122 1562 3230 1601 non
3259 1543 3650 1599 confundetur.
3686 1537 3875 1594 Solum
3907 1551 4004 1592 cor
4032 1533 4273 1590 hominis

2660 1655 2833 1711 capax
2879 1647 2964 1694 est
2995 1637 3225 1692 rationis
3247 1644 3303 1690 et
3327 1631 3680 1702 susceptibile
3723 1628 4115 1701 mysteriorum
4147 1623 4268 1686 Dei,

2660 1729 2805 1800 quod
2838 1739 3126 1800 purgatum
3166 1735 3332 1796 atque
3357 1723 3588 1793 politum
3621 1721 3794 1790 ipsam
3822 1715 4125 1773 divinitatis
4147 1712 4279 1768 sub-e

957 1843 1078 1906 bar,
1125 1841 1322 1911 inquit,
1365 1853 1462 1909 per
1488 1806 1732 1906 singulos
1759 1835 1896 1897 dies,
1946 1806 2140 1886 ludens
2184 1843 2369 1884 coram
2403 1842 2467 1882 eo
2502 1827 2555 1880 in
2587 1820 2634 1880 Β
2663 1822 2943 1883 stantiam,
2971 1819 3074 1874 etsi
3098 1834 3204 1872 non
3230 1806 4275 1911 comprehendit,apprehendit‘tamen.

959 1932 1146 1987 orbem
1178 1941 1448 1986 terrarum
1497 1927 1685 1999 (Prov.
1718 1923 1862 1995 vtu).
1887 1943 1905 1974 ι
1946 1921 2102 1977 Lusit
2145 1921 2346 1991 quippe
2373 1932 2557 1974 coram

961 2021 1093 2085 Deo,
1124 2035 1248 2076 cum
1281 2033 1499 2074 carnem
1532 2033 1600 2072 ex
1647 2015 1765 2084 ejus
1812 2021 2088 2084 praecepto
2129 2010 2386 2078 suscepit,
2419 2017 2474 2063 et.
2506 2008 2562 2062 in

959 2113 1144 2166 orbem
1169 2119 1456 2172 terrarum,
1487 2107 1614 2177 quia
1646 2106 1714 2161 ad
1738 2105 2166 2174 redemptionem
2195 2101 2344 2156 orbis
2379 2109 2561 2154 terra-

958 2217 1098 2266 rum,
1130 2201 1428 2256 delectatus
1457 2214 1554 2268 per
1579 2197 1822 2269 singulos
1851 2198 1988 2262 dies,
2025 2197 2079 2250 in
2128 2195 2359 2266 singulis
2402 2209 2563 2263 apos-

959 2291 1088 2346 tolis
1112 2289 1458 2360 jucundatus,
1487 2291 1614 2345 dum
1647 2289 1737 2344 uni
1775 2288 2002 2342 tradidit
2033 2301 2262 2356 regnum
2293 2285 2561 2344 ccelorum

960 2381 1177 2458 (Matth.
1201 2382 1336 2454 ιιι),
1359 2382 1515 2437 alteri
1539 2381 1605 2436 de
1625 2388 1844 2451 pectore
1864 2395 1964 2456 suo
1989 2378 2401 2434 reclinatoriuiu
2433 2375 2564 2431 fecit

959 2454 1144 2542 (Joau.
1174 2471 1316 2542 xm).
1350 2490 1369 2522 ι
1392 2471 1458 2526 Ει
1486 2471 1692 2526 deliciae
1735 2485 1871 2524 mea:
1894 2454 1896 2456 V
1919 2483 2040 2523 esse
2071 2484 2193 2523 cum
2223 2468 2350 2521 filiis
2389 2466 2561 2520 homi-

961 2577 1090 2619 num
1112 2560 1295 2634 (Prov.
1327 2563 1470 2632 vni).
1493 2580 1511 2614 ι
1542 2561 1806 2616 Putabam
1837 2575 1958 2628 ego,
1986 2560 2215 2613 Domine
2238 2557 2388 2624 Jesu,
2416 2557 2561 2627 quod

961 2653 1168 2710 delicias
1193 2662 1296 2709 tuae
1325 2662 1509 2710 essent
1535 2669 1640 2707 non
1671 2669 1796 2707 cum
1823 2653 1951 2706 filiis
1973 2651 2282 2710 hominum.
2311 2651 2406 2704 sed
2435 2664 2560 2703 cum

957 2745 1144 2804 choris
1192 2745 1524 2816 angelorum,
1572 2744 1662 2799 ubi
1696 2745 1999 2799 divinitatis
2033 2743 2204 2813 gloria
2258 2742 2474 2797 thronis
2507 2749 2563 2796 et

964 2836 1326 2907 potestatibus
1365 2836 1740 2901 admirandus,
1777 2836 2120 2906 superiorum
2165 2835 2352 2889 oculos
2380 2848 2564 2888 rever-

960 2925 1120 2981 beras
1149 2936 1488 2981 naturarum.
1534 2925 1608 2980 lbi
1639 2925 1816 2981 lucem
1869 2926 2084 2980 habitas
2131 2925 2562 2981 inareessibilem

961 3013 1015 3084 (1
1072 3014 1207 3070 Tim.
1246 3016 1344 3087 vi),
1391 3025 1446 3071 et
1492 3017 1960 3071 circumstantiam
2015 3016 2442 3070 clarissimorum
2482 3015 2564 3068 lu-

963 3107 1169 3162 minum
1218 3110 1292 3163 tui
1336 3107 1558 3163 luminis
1587 3108 1801 3179 obtegis
1845 3109 2148 3178 majestate.
2186 3107 2294 3162 Sed
2327 3107 2414 3161 illa
2449 3107 2560 3163 cle-

2665 1909 2775 1966 Cor
2801 1919 2885 1964 est
2912 1910 2964 1963 in
2997 1919 3243 1979 pectore,
3272 1906 3456 1961 anima
3489 1904 3542 1960 in
3585 1900 3774 1967 corde,
3805 1913 3964 1954 mens
3988 1897 4044 1951 in
4066 1895 4278 1960 anima,

2666 2003 2800 2057 fides
2830 2002 2883 2056 in
2916 2009 3116 2065 mente,
3166 1997 3419 2054 Christus
3477 1996 3530 2050 in
3563 1994 3691 2058 fide,
3738 2000 3796 2047 et
3838 1991 3944 2045 hoc
3993 2003 4116 2044 esse
4145 1996 4280 2056 puto

2665 2093 2808 2163 quod
2833 2090 2965 2146 dicit
2988 2088 3282 2161 Apostolus
3307 2107 3319 2141 :
3347 2106 3364 2139 ι
3395 2085 3656 2140 llabitare
3684 2069 3965 2138 Christum
3990 2094 4091 2150 per
4113 2077 4278 2134 fidem

2665 2185 2720 2240 in
2755 2182 3013 2238 cordibus
3037 2179 3236 2236 vestris
3265 2177 3488 2248 (Ephes.
3514 2175 3624 2240 ιιι).
3661 2193 3680 2228 ι

2736 2274 2850 2329 Hoc
2877 2274 3043 2346 igitur
3072 2273 3126 2327 in
3152 2270 3585 2327 meracissimam
3617 2267 3916 2337 eliquatum
3965 2271 4051 2317 est
4073 2262 4284 2332 purita-

2665 2376 2810 2432 tem,
2868 2383 2991 2421 cum
3045 2365 3230 2421 omnia
3283 2363 3548 2436 mysteria
3605 2361 3938 2417 Christiana
3987 2357 4114 2412 fidei
4175 2353 4284 2412 fide

2664 2460 2934 2531 principis
2960 2456 3311 2522 inconcussa,
3342 2455 3516 2511 nihilo
3551 2455 3646 2509 tibi
3677 2451 4085 2512 dubitationem
4109 2447 4278 2519 parit,

2665 2551 2789 2606 licet
2830 2565 2936 2605 non
2996 2549 3187 2604 videas
3226 2547 3519 2611 rationem.
3582 2543 3713 2599 llaec
3763 2553 3849 2598 est
3899 2547 4283 2597 consummata

2659 2642 2892 2714 justitia,
2921 2640 3167 2711 perfecta
3189 2640 3417 2705 veritas,
3448 2648 3504 2694 et
3531 2653 3658 2692 vera
3687 2634 3975 2706 perfectio,
4016 2633 4062 2689 si
4097 2641 4281 2687 tamen

2664 2735 2777 2788 oris
2803 2733 3075 2789 confessio
3100 2733 3494 2802 subsequatur.
3540 2729 3704 2784 Fides
3735 2727 3884 2780 cnim
3933 2725 4120 2781 cordis
4161 2723 4284 2780 sine

2665 2825 2771 2880 fide
2796 2826 2928 2892 oris,
2957 2835 3052 2879 aut
3077 2823 3227 2877 nulla
3247 2830 3352 2888 est,
3384 2829 3478 2875 aut
3505 2834 3698 2890 parva,
3719 2816 4006 2872 Salvatore
4033 2815 4280 2870 dicente:

2671 2935 2689 2967 ι
2718 2915 2819 2981 Qui
2851 2930 2938 2969 me
2986 2913 3274 2968 erubuerit
3308 2920 3379 2968 ,οι
3416 2926 3570 2966 meos
3600 2922 3911 2972 sermones,
3941 2906 4085 2960 hunc
4110 2903 4283 2960 Filius

2666 3005 2906 3061 hominis
2956 3006 3247 3060 erubescet
3298 3016 3486 3056 coram
3538 2998 3747 3066 angelis
3797 2997 3892 3051 Dei
3941 2995 4094 3066 (Luc.
4130 2995 4276 3062 n).s

2665 3097 2733 3152 Et
2760 3099 3023 3167 propheta
3051 3111 3066 3151 :
3100 3115 3117 3146 ι
3140 3095 3313 3150 Periit
3341 3093 3498 3159 fides,
3535 3093 3716 3147 ablata
3747 3101 3832 3145 est
3863 3090 3932 3144 de
3961 3105 4058 3143 ore
4088 3102 4282 3143 eorum

963 3199 1298 3254 mentissima
1331 3208 1418 3254 tua
1452 3200 1629 3269 pietas
1665 3178 2059 3269 etibenignitas
2106 3201 2380 3254 adoranda
2432 3201 2566 3252 deli-
2593 3182 2639 3243 Ο
2672 3188 2808 3258 (Ιενο
2836 3192 2956 3255 νιι)·
2987 3206 3006 3240 ι
3053 3186 3171 3241 Non
3204 3183 3348 3240 dixit
3394 3184 3461 3238 de
3509 3182 3698 3247 corde.
3733 3180 3828 3235 sed
3881 3180 3948 3234 de
3999 3193 4118 3241 οη.
4150 3178 4282 3247 quia

962 3290 1077 3345 cias
1106 3305 1233 3346 suas
1254 3292 1380 3347 dicit
1412 3307 1535 3347 esse
1569 3307 1691 3346 cum
1719 3292 1844 3347 ﬁliis
1876 3293 2175 3347 hominum.
2203 3293 2294 3347 ISti
2322 3302 2448 3347 sunt
2470 3293 2564 3347 filii

963 3379 1263 3446 hominum,
1289 3382 1380 3451 qui
1405 3394 1762 3452 speraverunt
1788 3385 1889 3440 sub
1919 3383 2344 3455 tegmine(Psal.
2369 3385 2562 3455 xxxv),

962 3483 1099 3539 quos
1123 3471 1331 3541 elegiin
1361 3473 1427 3526 de
1458 3473 1632 3543 plebe,
1661 3489 1894 3544 quorum
1926 3474 2102 3528 lavisti
2147 3475 2330 3544 pedes,
2369 3475 2566 3543 quibus

964 3569 1115 3615 tuum
1167 3562 1430 3632 Spiritum
1493 3563 1756 3630 infudisti,
1817 3565 1908 3633 qui
1965 3564 2124 3619 fidem
2187 3565 2261 3618 tui
2326 3566 2566 3620 nominis

960 3651 1243 3723 quadrigis
1267 3652 1594 3725 evangelieis
1619 3668 1717 3725 per
1754 3655 1940 3710 orbem
1973 3654 2338 3725 quadrifidum
2376 3664 2563 3728 porta-

966 3752 1181 3799 verunt.

1032 3833 1170 3889 Nota
1200 3844 1380 3890 tamen
1411 3838 1555 3907 quod
1606 3837 1737 3892 dicit
1787 3853 1894 3891 non
1928 3854 2049 3893 cum
2094 3839 2431 3903 hominibus,
2468 3839 2564 3893 sed

963 3937 1088 3978 cum
1116 3924 1240 3980 filiis
1289 3926 1591 3983 hominum.
1637 3928 1749 3997 Ego
1779 3937 1909 3998 puto
1948 3928 2199 3984 homines
2228 3930 2296 3983 ad
2324 3940 2565 3984 veterem

966 4014 1262 4079 hominem,
1285 4014 1425 4071 filios
1446 4032 1574 4076 vero
1591 4018 1872 4071 hominum
1896 4021 1964 4071 ad
1990 4018 2158 4072 lilium
2184 4019 2420 4074 hominis
2442 4035 2565 4088 per-

965 4103 1158 4168 tinere,
1179 4103 1331 4173 juxta
1364 4121 1527 4175 quam
1558 4107 1974 4177 intelligentiam
2002 4125 2135 4178 puer
2165 4109 2452 4164 citharista
2483 4109 2564 4166 sic

963 4189 1176 4247 intonat
1202 4210 1215 4246 :
1247 4212 1266 4245 ι
1290 4195 1423 4262 Quis
1468 4204 1550 4249 est
1580 4199 1742 4252 homo
1771 4197 1916 4267 quod
1964 4213 2175 4253 memor
2203 4215 2263 4254 es
2291 4198 2432 4266 ejus,
2465 4209 2562 4254 aut.-

963 4282 1106 4338 filius
1136 4285 1394 4352 hominis,
1425 4288 1678 4356 quoniam
1716 4290 1905 4345 visitas
1955 4291 2120 4345 eum?
2149 4292 2324 4362 (Psal.
2357 4299 2502 4364 vm.)
2536 4315 2554 4347 ι

938 4372 1217 4442 -Videsne,
1249 4377 1374 4447 quia
1402 4377 1571 4432 Deum
1611 4380 1848 4437 hominis
1875 4397 1997 4438 esse
2030 4400 2350 4451 memorem,
2388 4387 2561 4442 filium

963 4479 1093 4520 vero
1122 4466 1358 4523 hominis
1386 4468 1553 4541 θος
1592 4486 1651 4526 se
1676 4473 1962 4528 confirmat
1991 4476 2246 4532 visitare?
2273 4477 2563 4533 Praesumi-

962 4572 1083 4611 tnus
1107 4565 1162 4612 et
1189 4558 1542 4629 suspiramus,
1591 4563 1718 4632 quia
1747 4563 1914 4621 faciet
1941 4568 2099 4622 nobis
2132 4570 2561 4626 misericordiam
2591 4540 2643 4600 D

961 4663 1118 4704 suam
1173 4650 1226 4706 in
1279 4663 1571 4721 conspectu
1622 4655 1855 4711 filiorum
1907 4659 2210 4726 hominum,
2244 4663 2288 4716 si
2343 4664 2562 4718 interim

959 4750 1208 4813 protegat
1233 4758 1331 4798 nos
1355 4745 1406 4798 in
1429 4746 1748 4803 abscondito
1774 4765 1884 4805 sua:
1907 4751 2064 4806 faciei
2093 4768 2123 4806 a
2146 4755 2565 4813 conturbatione

961 4831 1241 4891 hominum
1275 4832 1449 4906 (Psal.
1479 4841 1631 4910 xxx).

1033 4923 1289 4995 Magister
1314 4937 1370 4982 et
1399 4927 1661 4987 Dominus
1710 4942 1916 5000 noster,
1971 4937 2128 5006 cujus
2181 4939 2376 5007 schola
2396 4950 2478 4996 est
2507 4942 2560 4996 in

960 5018 1125 5074 terris
1150 5028 1203 5074 et
1236 5022 1492 5078 cathedra
1519 5034 1603 5078 est
1636 5026 1687 5079 in
1712 5029 1876 5094 cmlo,
1905 5045 1972 5084 ex
2011 5031 2097 5085 his
2126 5034 2382 5089 omnibus
2424 5051 2564 5106 quos

960 5108 1147 5180 elegit,
1179 5111 1342 5184 elegit
1367 5124 1421 5170 et
1444 5117 1687 5188 praelegit
1727 5120 2001 5176 Andream
2051 5127 2377 5194 apostolum,
2409 5130 2567 5200 cujus

962 5200 1384 5270 solemnitatem,
1427 5215 1484 5261 et
1514 5208 1760 5274 vocibus,
1800 5221 1856 5266 et
1889 5213 2143 5270 cordibus
2173 5217 2562 5276 inclamamus:

959 5294 1202 5351 Odulcis
1230 5300 1510 5368 apostolus
1561 5311 1614 5357 et
1662 5305 1935 5372 primitiva
1977 5310 2192 5365 vocatio
2241 5310 2561 5376 Salvatoris,

955 5386 1052 5456 qui
1079 5387 1130 5441 in
1154 5388 1336 5458 ipsum
1369 5393 1730 5461 apostolicum
1772 5397 1999 5453 chorum
2029 5403 2161 5455 tanti
2192 5403 2465 5472 prioratus
2490 5406 2563 5460 in-

957 5476 1194 5546 nignitur
1221 5477 1468 5550 fastigio!
1501 5482 1618 5539 Non
1647 5486 1975 5558 subterfugit
2006 5505 2104 5545 nos
2131 5495 2258 5562 quia
2292 5496 2560 5564 quodam-

956 5568 1123 5624 modo
1157 5573 1480 5630 tenerrimus
1503 5585 1665 5631 estet
1696 5577 1906 5634 dulcior
1933 5582 1983 5635 in
2012 5584 2269 5640 cordibus
2299 5585 2556 5653 fidelium,

955 5660 1114 5728 cujus
1149 5665 1330 5732 passio
1385 5675 1532 5723 tanta
1592 5671 1817 5740 spiritus
1873 5673 2159 5730 devotione
2213 5679 2460 5742 dislillat,
2502 5695 2559 5737 ut

954 5767 1168 5819 spentes
1205 5759 1538 5818 audientium
1571 5765 1728 5833 adipe
1769 5777 1822 5818 et
1862 5767 2189 5837 pinguedine
2233 5773 2444 5842 replere
2478 5775 2554 5831 vi-

2670 3281 2804 3338 nihil
2838 3282 2982 3336 valet
3007 3281 3143 3334 fides
3173 3278 3378 3343 cordis,
3409 3277 3529 3331 sine
3553 3275 3660 3330 fide
3684 3273 3822 3339 oris,
3847 3286 3950 3326 nec
3981 3271 4116 3326 fides
4143 3270 4258 3324 oris

2669 3373 2788 3426 sine
2819 3370 2924 3425 fide
2947 3369 3154 3435 cordis,
3195 3383 3321 3423 cum
3354 3368 3457 3422 ista
3483 3365 3781 3434 justitiam,
3820 3363 3911 3418 illa
3942 3363 4112 3418 donet
4135 3361 4287 3421 salu-

2672 3473 2804 3527 tem,
2833 3463 2958 3532 quia
2992 3462 3142 3516 salus
3171 3477 3200 3515 a
3226 3460 3467 3531 justitia,
3497 3458 3583 3513 vel
3612 3457 3827 3527 justitia
3855 3471 3884 3509 a
3918 3454 4095 3511 salute
4125 3469 4283 3524 sepao

2670 3554 2780 3618 rari
2809 3568 2914 3607 non
2945 3561 3195 3622 possunt.
3221 3552 3398 3606 Crede
3425 3565 3557 3621 ergo
3594 3557 3648 3604 et
3675 3549 3964 3614 confitere,
3999 3547 4281 3602 nihilomi-

2668 3660 2773 3700 nus
2798 3643 3063 3699 confitere
3092 3653 3148 3698 et
3175 3645 3360 3710 crede,
3405 3643 3536 3713 quia
3564 3641 3701 3697 fides
3729 3641 3797 3695 ad
3815 3641 4113 3712 justitiam,
4143 3656 4288 3696 con-

2671 3735 2838 3792 fessio
2863 3737 2922 3791 fit
2948 3737 3016 3791 ad
3043 3737 3303 3791 salutem.

2741 3828 2942 3884 Verum
2973 3829 3230 3897 quoniam
3271 3829 3321 3882 in
3349 3828 3468 3883 haec
3491 3827 3812 3883 devenimus
3833 3825 3951 3881 loca
3983 3835 4039 3882 et
4063 3827 4285 3882 occasio

2669 3921 3031 3976 confessionis
3079 3936 3138 3976 se
3168 3921 3388 3986 obtulit,
3436 3921 3776 3977 reddendum
3825 3935 3973 3975 nunc
4019 3929 4105 3975 est
4134 3921 4284 3990 quod

2669 4015 2796 4069 alibi
2829 4015 3206 4085 promisimus,
3258 4025 3544 4085 totumque
3575 4014 3968 4086 proferendum
4018 4015 4164 4084 quod
4215 4015 4286 4071 de

2669 4108 3013 4163 confessione
3057 4110 3345 4164 sentimus.
3386 4109 3664 4164 Pallentes
3695 4118 3878 4163 autem
3926 4117 4129 4172 estote,
4155 4115 4206 4162 et
4236 4108 4286 4164 si

2661 4201 2810 4271 forte
2840 4203 3151 4272 protensius
3187 4219 3497 4258 sermonem
3532 4203 3853 4266 extendere,
3882 4218 3979 4258 vos
4010 4202 4285 4258 attendite

2671 4295 2738 4351 iis
2769 4311 2890 4365 qua:
2924 4296 3205 4362 dicuntur,
3235 4296 3359 4364 quia
3405 4303 3604 4350 vestras
3636 4293 3997 4363 proferuntur
4030 4293 4282 4348 utilitati.

2669 4387 2770 4442 Via
2799 4387 2948 4440 enim
2972 4395 3075 4449 est,
3107 4386 3225 4440 sine
3253 4401 3361 4454 qua
3393 4402 3556 4442 nemo
3578 4385 3726 4440 venit
3752 4385 3819 4439 ad
3843 4384 4084 4449 Patrem,
4117 4401 4284 4455 quam

2670 4480 2760 4549 qui
2809 4478 3069 4548 perdidit,
3107 4477 3364 4548 perdidit.
3397 4477 3590 4531 Deum.
3619 4473 3754 4530 Cum
3784 4477 3954 4545 igitur
4008 4479 4075 4531 de
4128 4478 4289 4534 vitio.

2671 4585 2788 4624 rum
2822 4569 3020 4639 abysso
3065 4568 3313 4637 disponis
3363 4582 3674 4638 emergere,
3712 4566 3779 4620 ad
3812 4567 3966 4621 illum
4010 4569 4290 4638 prrecipuo

2666 4660 2832 4733 309
2860 4662 2932 4716 sit
2962 4659 3230 4729 refugium
3263 4669 3412 4714 tuum
3435 4701 3450 4726 ,
3491 4660 3576 4714 cui
3620 4647 3800 4713 anima
3840 4670 3927 4713 tua
3967 4661 4264 4717 commissa

2667 4765 2784 4822 est,
2816 4771 2976 4826 quem
3022 4754 3283 4823 imposuit
3315 4756 3457 4808 Deus
3486 4769 3654 4823 super
3678 4761 3842 4821 caput
3875 4763 4051 4807 tuum.
4086 4751 4199 4808 Nec
4230 4762 4289 4809 te

2667 4859 2888 4906 moveat
2926 4851 2970 4904 si
3010 4850 3304 4904 illiteratus
3344 4851 3451 4914 sit,
3486 4850 3573 4904 vel
3604 4849 3936 4904 indiscretus
3960 4891 3974 4914 ,
4011 4849 4139 4919 quia
4171 4849 4280 4907 hoc

2668 4943 2845 5013 ipsum
2900 4943 3114 5013 signum
3159 4942 3486 4997 humilitatis
3522 4951 3605 4996 est
3643 4957 3765 5011 quae
3801 4952 4030 5010 generat
4068 4940 4287 4997 confes-

2669 5037 2902 5092 sionem.
2937 5035 3212 5090 Memento
3239 5036 3365 5106 quia
3399 5051 3507 5089 non
3538 5045 3625 5090 est
3659 5043 3900 5104 potestas
3923 5075 3936 5100 ,
3969 5033 4073 5089 nisi
4106 5050 4136 5088 a
4172 5034 4289 5090 Deo

2669 5129 2688 5198 (
2715 5127 2873 5182 Rom.
2907 5143 3003 5182 xm
3034 5127 3073 5197 ).
3106 5147 3123 5178 ι
3156 5126 3333 5198 Super
3360 5126 3714 5190 cathedram,
3748 5126 3957 5195 inquit,
3989 5125 4160 5197 Moysi
4191 5141 4288 5182 sev,

2669 5221 2868 5278 derunt
2908 5220 3117 5277 Scriba:
3156 5230 3212 5277 et
3245 5220 3513 5276 Pharisaei
3554 5219 3797 5290 (Matth.
3825 5235 3962 5272 xxiii
3987 5218 4028 5290 ).
4062 5237 4082 5270 ι
4118 5217 4186 5274 Et
4225 5229 4282 5274 tu

2669 5315 2894 5371 attende
2925 5331 3034 5370 non
3071 5313 3137 5368 ad
3169 5314 3452 5369 sedentem
3481 5354 3496 5378 ,
3530 5312 3625 5368 sed
3658 5313 3840 5367 sedem
3869 5328 3882 5376 ;
3918 5310 4284 5378 cathedram,

2669 5422 2775 5462 non
2817 5421 3131 5477 personam.
3171 5405 3327 5474 Quod
3368 5405 3412 5462 si
3454 5405 3629 5471 forte,
3669 5404 3754 5459 vel
3796 5403 4015 5459 licentia
4056 5403 4177 5475 ejus
4211 5404 4278 5457 ad

2669 5499 2836 5553 alium
2889 5499 2984 5553 tibi
3039 5497 3230 5566 fugere
3285 5497 3662 5568 permittatur,
3703 5505 3756 5549 tu
3797 5505 3977 5551 tamen
4024 5496 4178 5566 prius
4224 5493 4277 5548 ei

2668 5591 2878 5646 reveles
2915 5591 2988 5645 tui
3021 5591 3206 5646 cordis
3238 5606 3532 5655 arcanum,
3561 5590 3686 5659 quia
3730 5606 3837 5644 non
3877 5599 3962 5645 est
3991 5590 4147 5658 plena
4181 5584 4274 5639 s‘a-

2665 5684 2789 5748 lus,
2823 5684 2865 5738 si
2902 5682 2992 5757 ille
3033 5683 3260 5752 fugitur,
3307 5693 3402 5737 aut
3439 5683 3830 5744 contemnitur,
3871 5683 3957 5737 cui
3996 5681 4278 5736 adba-rcre

2665 5786 2717 5830 ct
2748 5793 2909 5847 quem
2942 5778 3219 5837 honorare
3252 5776 3544 5834 debueras.
3575 5776 3732 5844 Quod
3763 5779 3804 5832 si
3841 5779 4018 5832 minus
4051 5775 4148 5832 tlhi
4181 5772 4283 5831 snf
