5450 6392
928 376 1032 431 853

2213 361 2449 418 δειλιιο
2490 359 2670 416 LVIII.

4126 347 4235 405 8M

931 508 1084 551 vana:
1131 487 1718 563 glorizedeputabztur,
1751 497 1858 538 non
1903 477 2441 544 mercedi;occnlte,
2473 484 2532 529 ut
2559 479 2606 536 Α
2641 472 2892 527 homines
2945 480 3284 525 reveremur.
3320 485 3338 520 ι
3370 466 3497 522 Haec
3542 475 3629 521 est
3676 461 3928 521 confusio
3972 462 4248 522 ιιιΙὼιιειιι

939 610 957 642 ι
989 587 1197 645 nesciat
1225 586 1449 640 sinistra
1484 591 1572 635 tua
1593 578 1725 649 quid
1755 574 1921 631 faciat
1942 573 2170 629 dextera
2196 581 2286 625 tua
2311 565 2532 638 (Matth.

930 683 1031 752 vt),
1061 700 1081 734 ι
1114 679 1372 740 discrete,
1412 681 1634 744 propter
1663 668 1998 724 debilitatem
2029 663 2279 735 corporis
2309 669 2363 716 et
2393 657 2537 714 mul-

932 776 1166 831 timodas
1213 770 1585 828 infirmitates.
1631 764 1932 833 Plerosque
1979 761 2125 816 enim
2185 758 2425 813 vidimus
2478 754 2534 808 in

933 864 1206 938 principio
1229 858 1608 916 conversionis
1641 855 1714 910 ita
1743 851 2092 908 discretionis
2121 847 2406 916 infregisse
2446 859 2537 899 re-

932 937 1126 1030 pagula
1159 964 1217 1009 ut
1237 951 1458 1006 laudum
1492 946 1828 1004 solemnibus
1860 941 2128 998 inhabiles
2155 937 2539 999 redderentur,

933 1059 989 1106 et
1019 1052 1279 1120 apparatu
1309 1043 1563 1113 deinceps
1583 1037 1805 1095 lautiori
1829 1034 2101 1091 diuturnis
2136 1030 2305 1087 foveri
2331 1038 2539 1097 tempo-

935 1141 1087 1196 ribus
1112 1138 1440 1208 indigerent.
1743 1173 1747 1177 .

1003 1228 1127 1286 .Iam
1160 1226 1239 1283 sic
1272 1221 1608 1280 illuminatus
1637 1217 1899 1290 procedat
1929 1215 1995 1270 ad
2039 1221 2290 1277 sextum,
2329 1208 2424 1281 qui
2456 1216 2542 1264 est

936 1317 1209 1378 correctio
1235 1314 1440 1386 operis.
1467 1310 1702 1366 Prohibe
1727 1323 1860 1379 ergo
1884 1291 2125 1376 linguam
2162 1312 2310 1358 tuam
2338 1316 2369 1355 a
2395 1298 2539 1353 maio

935 1411 1109 1483 (Prol.
1139 1406 1359 1474 χχχιιι),
1382 1415 1610 1474 operare
1631 1399 1774 1474 quod
1803 1398 2003 1453 bonum
2035 1405 2144 1460 est,
2171 1401 2226 1447 et
2257 1387 2540 1446 sensuales

935 1481 1117 1558 motus
1142 1508 1262 1554 tuos
1290 1491 1638 1552 continentia
1668 1489 1837 1546 frenis
1864 1487 2098 1548 infrena,
2124 1493 2179 1539 et
2201 1483 2281 1539 sic
2303 1481 2409 1536 erit
2434 1493 2539 1550 pax

937 1595 992 1650 in
1017 1606 1162 1648 terra
1192 1587 1376 1646 carnis
1407 1596 1532 1642 tuae.
1559 1585 1740 1653 Atque
1765 1580 1938 1636 malos
1963 1594 2066 1650 pro
2091 1590 2347 1648 persona,
2372 1587 2539 1642 quam

936 1687 1127 1750 babes,
1151 1693 1204 1740 et
1231 1693 1282 1738 te
1309 1688 1596 1753 prmsente,
1614 1677 1885 1746 justitiam
1914 1690 2022 1729 non
2055 1673 2204 1728 sinas
2225 1667 2464 1740 sepeliri.

1011 1775 1144 1830 Veni
1177 1773 1243 1828 ad
1271 1771 1562 1841 septimum
1589 1767 1816 1839 gradum
1837 1805 1850 1827 ,
1887 1764 1977 1833 qui
2010 1773 2095 1820 est
2128 1756 2536 1830 perseverantia

2638 569 2921 633 peccatum
2964 559 2983 631 (
3013 558 3178 612 Eccli.
3205 573 3256 612 tv
3279 556 3320 628 ).
3352 576 3371 609 ι
3408 556 3763 625 Opponamus
3799 568 3934 624 ergo
3971 552 4022 609 ei
4060 554 4244 608 consi-

2636 655 2975 710 derationem
3039 650 3306 714 rationis,
3359 647 3724 704 reverentiam
3780 645 4049 700 intuentis
4104 645 4245 710 Dei,

2635 743 3105 814 comparationem
3147 741 3375 806 majoris
3413 737 3775 794 confusionis.
3819 736 3890 792 Ut
3928 736 4074 791 enim
4111 750 4250 792 con-

2637 833 2898 889 fiteamur
2936 832 3078 886 ratio
3119 840 3338 894 monet,
3382 829 3524 883 Deus
3563 827 3708 897 tegit
3745 826 3839 896 qui
3880 826 4067 891 videt;
4098 834 4156 882 et
4195 824 4245 881 si

2637 924 3022 980 confundimur
3071 923 3159 978 hic
3207 923 3431 985 dicere,
3483 921 3614 990 quid
3664 918 3770 974 erit
3821 917 3876 972 in
3919 917 4006 971 illa
4051 932 4254 989 magna

2637 1016 2991 1081 confusione,
3033 1015 3126 1070 ubi
3167 1014 3352 1069 omnia
3393 1012 3649 1066 omnibus
3696 1011 4008 1081 patebunt?
4058 1007 4252 1066 Timor

2639 1118 2824 1163 autem
2879 1107 3172 1178 plerosque
3225 1105 3530 1176 opprimit,
3590 1120 3658 1158 ne
3716 1104 3869 1175 gravi
3925 1104 4250 1175 paenitentia

2638 1197 3010 1270 percellantur
3043 1204 3097 1250 et
3137 1193 3383 1264 perferre
3422 1208 3530 1248 non
3571 1193 3800 1263 possint.
3835 1193 3978 1249 Vere
4007 1213 4025 1246 ι
4055 1193 4149 1264 qui
4182 1196 4253 1248 ti-

2641 1298 2754 1345 met
2783 1289 3038 1359 pruinam
3059 1328 3074 1353 ,
3108 1287 3282 1340 irruet
3314 1301 3479 1356 super
3511 1301 3634 1338 cum
3667 1285 3759 1339 nix
3793 1283 3935 1355 (Job
3970 1301 4020 1339 vt
4047 1286 4088 1356 ).
4126 1303 4148 1339 ι

2713 1377 2816 1432 Hic
2852 1375 3313 1432 considerandum
3352 1389 3516 1444 quam
3548 1374 3730 1444 gravis
3757 1373 3830 1428 sit
3854 1387 4017 1442 paena
4051 1373 4256 1444 geheno

2640 1484 2758 1533 nae,
2811 1482 2976 1538 quam
3030 1466 3226 1536 longa,
3283 1481 3445 1536 quam
3477 1465 3839 1519 infructuosa.
3892 1465 3933 1519 E
3967 1465 4252 1521 contrario

2641 1569 2827 1615 autem
2878 1559 3202 1631 ptenitentia
3258 1573 3533 1628 praesens.
3583 1556 3754 1622 levis,
3811 1559 3994 1612 brevis
4033 1567 4089 1613 ct
4127 1557 4250 1612 fru-

2642 1663 2854 1710 ctuosa.
2899 1651 3038 1723 Spes
3075 1660 3258 1706 autem
3299 1651 3504 1705 multos
3547 1651 3767 1714 obruit,
3808 1651 3900 1720 qui
3943 1651 4069 1705 dum
4113 1651 4253 1707 bona

2643 1745 2935 1817 praesentia
2988 1744 3246 1812 cupiunt,
3299 1743 3516 1812 aperire
3563 1741 3930 1828 conscientias
3978 1757 4109 1797 suas
4156 1757 4256 1797 no-

936 1865 1222 1928 honitatis,
1250 1829 1385 1917 etin
1416 1861 1520 1915 hoc
1547 1829 1780 1930 septimo
1802 1829 2016 1910 vocabit
2041 1861 2093 1908 te
2124 1829 2388 1908 Dominus
2415 1862 2538 1902 cum
2568 1829 2616 1890 Β
2644 1838 2794 1900 lunt.
2838 1852 2940 1901 ne.
2980 1836 3025 1890 εἰ
3066 1834 3257 1904 quales
3293 1842 3422 1890 sunt
3458 1833 3771 1891 hominibus
3811 1846 4145 1905 appareant,
4186 1835 4255 1891 ad

937 1959 1123 2032 Moyse
1165 1959 1231 2014 de
1277 1957 1453 2012 medio
1489 1953 1739 2023 caliginis
1765 1949 1964 2022 (Exod.
1994 1947 2166 2018 utv),
2195 1956 2249 2000 et
2278 1945 2328 2000 in
2366 1945 2541 2012 ipsam

939 2052 1236 2108 divinitatis
1259 2049 1616 2105 substantiam
1643 2045 1933 2099 interiores
1958 2042 2144 2097 oculos
2169 2037 2381 2108 infiges.
2405 2035 2544 2089 Per-

940 2144 1300 2199 severantiam
1337 2151 1518 2194 autem
1551 2137 1756 2192 faciunt
1801 2133 2138 2204 exspectatio
2167 2128 2538 2202 prtemiorum,

939 2248 1222 2304 poenarum
1271 2227 1617 2291 recordatio,
1665 2225 1924 2296 primitiae
1971 2221 2197 2291 Spiritus
2242 2226 2298 2274 et
2339 2217 2545 2274 donum

940 2321 1192 2387 caeleste,
1226 2321 1293 2377 de
1336 2318 1534 2390 quibus
1576 2315 1817 2388 quuiutt'
1853 2311 2144 2385 Apostolus
2165 2310 2364 2384 (Hebr.
2424 2310 2498 2379 vn)
2525 2347 2542 2372 ,

942 2414 1088 2485 quod
1125 2428 1227 2468 nec
1250 2423 1507 2483 expertus
1537 2409 1789 2480 ignorat,
1846 2422 1950 2462 nec
1991 2405 2305 2473 inexpertus
2345 2397 2547 2454 intelli-

942 2509 1038 2576 git.-
1068 2505 1309 2560 Stultitia
1353 2514 1436 2559 est
1463 2505 1609 2559 enim
1648 2502 1724 2556 illi
1769 2499 1817 2572 (Ι
1853 2499 1978 2553 Cor.
2008 2497 2104 2568 tt),
2136 2504 2190 2551 et
2218 2509 2325 2548 non
2356 2499 2544 2562 potest

947 2595 1270 2666 intelligere,
1295 2593 1386 2664 qui
1418 2591 1775 2662 spiritualiter
1798 2589 2209 2644 examinantur.

1012 2684 1212 2739 Audite
1240 2694 1294 2737 et
1316 2682 1556 2737 breviter
1585 2695 1744 2750 quem
1774 2686 2028 2749 oporteat
2053 2675 2298 2731 ordinari
2331 2673 2399 2728 ad
2431 2673 2544 2728 dis-

939 2775 1315 2846 pensationem
1362 2772 1651 2828 ministerii
1705 2771 1899 2840 hujus;
1962 2775 2176 2839 oportet
2228 2765 2376 2820 enim
2432 2778 2543 2817 non

943 2865 1126 2920 minus
1151 2864 1446 2919 litteratum
1473 2876 1634 2932 quam
1662 2860 1998 2931 religiosum,
2033 2866 2091 2911 ut
2116 2856 2291 2911 zelum
2323 2855 2417 2908 Dei
2449 2854 2544 2906 ha-

942 2955 1090 3017 beat,
1119 2962 1175 3008 et
1203 2953 1498 3008 secundum
1523 2951 1833 3015 scientiam,
1867 2964 1992 3004 cum
2025 2947 2322 3001 indiscreta
2354 2945 2546 3015 religio

945 3048 1120 3117 magis
1162 3047 1354 3102 obesse
1413 3043 1586 3100 soleat
1648 3057 1812 3113 quam
1877 3042 2158 3111 prodesse.
2215 3038 2544 3094 Litteratum

943 3149 1127 3195 autem
1177 3139 1299 3193 ideo
1335 3144 1394 3191 ut
1448 3136 1589 3192 sciat
1636 3134 1781 3204 quod
1839 3132 2119 3204 iujungat,
2170 3131 2258 3186 cui
2319 3138 2541 3200 parcat,

947 3229 1163 3300 quando
1201 3243 1430 3299 parcere
1460 3228 1686 3291 debeat,
1711 3241 1874 3296 quam
1901 3208 2330 3279 consolationem
2364 3219 2541 3296 profe-

948 3328 1034 3374 rat
1064 3319 1131 3374 de
1161 3317 1481 3388 Scripturis.
1509 3315 1840 3386 Religiosum
1865 3329 2028 3380 vero,
2059 3313 2264 3368 idcirco
2296 3320 2353 3364 ut
2380 3324 2546 3381 puras

951 3424 1146 3465 manus
1185 3408 1327 3463 levet
1355 3407 1423 3462 ad
1453 3406 1620 3462 Detun
1652 3414 1707 3459 et
1736 3418 1833 3476 pro
1863 3402 2246 3475 peccatoribus
2277 3399 2546 3454 liduciali-

951 3511 1035 3556 ter
1066 3500 1391 3555 intercedat.
1419 3497 1614 3554 Videat
1638 3507 1818 3552 autem
1863 3511 1938 3564 (ne
1967 3510 2203 3565 unquam
2230 3492 2404 3548 dehis
2425 3505 2547 3561 qua:

947 3596 1052 3650 sub
1089 3593 1370 3666 signaculo
1417 3591 1774 3649 confessionis
1816 3590 2051 3660 accepit,
2099 3589 2337 3658 aliquam
2381 3585 2549 3641 faciat

950 3685 1306 3750 mentionem,
1348 3683 1432 3739 vel
1482 3683 1642 3739 alicui
1676 3680 1918 3754 loquenti
1965 3680 2296 3736 consentiat.
2345 3676 2551 3733 Caveat

950 3777 1118 3833 etiam
1149 3792 1218 3831 ne
1239 3776 1465 3832 vilescat
1493 3776 1546 3831 in
1575 3783 1870 3845 conspectu
1900 3772 2018 3839 ejus
2045 3771 2137 3841 qui
2169 3773 2216 3826 ei
2248 3785 2402 3826 suam
2426 3768 2550 3822 vili-

955 3878 1123 3925 tatem
1149 3868 1412 3933 ostendit,
1462 3882 1563 3923 nec
1593 3867 1665 3921 sit
1701 3872 2016 3934 suspectus,
2044 3877 2146 3916 nec
2172 3861 2237 3916 de
2268 3860 2549 3934 prteterita

954 3960 1192 4017 futuram
1235 3961 1403 4015 vitam
1441 3961 1676 4014 aestimet
1712 3956 2040 4029 peccatoris.

1023 4051 1177 4119 Quod
1213 4050 1259 4105 si
1292 4048 1515 4104 fortuito
1543 4048 1609 4104 de
1639 4049 1723 4103 his
1748 4062 1869 4118 quae
1903 4047 1954 4100 in
1991 4043 2337 4100 confessione
2366 4057 2554 4098 susce-

953 4141 1035 4213 pit
1076 4155 1240 4196 causa
1276 4124 1465 4196 coram
1513 4151 1586 4194 eo
1619 4137 1779 4193 fuerit
1820 4136 2114 4201 ventilata,
2149 4149 2255 4190 non
2291 4143 2552 4202 tanquam

955 4229 1210 4286 conscius
1231 4230 1284 4285 in
1307 4240 1517 4300 partem
1545 4228 1807 4293 declinet,
1842 4227 1939 4282 sed
1975 4227 2130 4296 quasi
2165 4225 2382 4280 nescius
2401 4222 2550 4293 judi-

957 4322 1186 4378 ciarium
1210 4321 1458 4376 ordinem
1490 4321 1768 4392 permittat
1791 4333 2105 4375 excurrere.
2134 4315 2342 4373 Habeat
2369 4327 2553 4372 autem

955 4413 1014 4468 in
1057 4412 1336 4469 voluntate
1363 4412 1602 4484 compati
1642 4421 1698 4468 et
1740 4427 1865 4468 eum
1911 4410 2188 4476 liberare,
2236 4418 2295 4464 et
2345 4410 2556 4464 nitatur

2649 1927 2797 1981 nulla
2829 1927 3118 1996 prmscntis
3148 1925 3272 1979 vita:
3301 1925 3444 1980 bona
3482 1923 3877 1980 conscendant.
3919 1924 4130 1992 Quibus
4169 1926 4255 1980 in-

2650 2017 2978 2072 culcandutn
3009 2024 3093 2071 est
3122 2017 3248 2085 quia
3285 2018 3429 2074 bona
3471 2014 3631 2083 hujus
3669 2018 3852 2072 smcult
3893 2033 4061 2088 parva
4102 2027 4261 2084 sunt,

2648 2111 2860 2166 incerta
2889 2119 2946 2165 et
2976 2117 3359 2165 momentauea
3384 2150 3398 2171 .
3432 2117 3486 2164 et
3517 2109 3610 2164 illa
3643 2109 3789 2165 illius
3818 2112 3944 2166 vitae
3974 2113 4211 2165 maxima
4239 2152 4254 2173 ,

2647 2201 2959 2263 certissima
2990 2210 3045 2257 et
3071 2211 3298 2257 :eterna.
3339 2200 3616 2256 Pluritnos
3653 2202 3963 2271 desperatio
4002 2202 4264 2258 interficit

2649 2299 2742 2368 qui
2775 2298 2878 2353 hoc
2907 2297 3084 2352 solum
3117 2304 3404 2361 metuunt,
3437 2309 3507 2350 ne
3546 2295 3760 2366 possint
3795 2295 4080 2350 continere
4109 2313 4124 2350 :
4156 2295 4265 2352 Ve-

2649 2405 2772 2445 rum
2811 2404 3050 2460 namque
3088 2399 3175 2444 est
3219 2388 3350 2458 quia
3388 2406 3407 2440 (
3461 2395 3746 2457 peccator,
3783 2403 3909 2442 cum
3950 2388 4166 2442 venerit
4205 2388 4261 2444 in

2648 2485 2978 2558 profundum
3010 2485 3312 2550 malorum,
3343 2485 3649 2540 contemnit
3677 2480 3865 2555 (Prov.
3895 2482 4032 2551 stt).
4062 2501 4078 2534 ι
4109 2480 4265 2535 Hanc

2649 2577 2907 2631 obterere
2945 2576 3208 2631 debemus
3235 2574 3424 2646 vigore
3454 2574 3851 2638 confessionis,
3879 2569 4055 2643 gratia
4083 2571 4266 2627 humi.

2649 2667 2819 2722 litatis
2843 2676 2894 2722 et
2925 2665 3311 2737 compassione
3338 2664 3488 2720 illius
3524 2665 3611 2720 cui
3651 2664 3933 2735 aperimus
3973 2662 4267 2718 conscieno

2651 2762 2782 2814 tiam
2814 2767 3079 2813 nostram.

2722 2873 3018 2928 Sciendum
3069 2879 3256 2927 autem
3311 2872 3440 2942 quia
3501 2871 3606 2926 alta
3658 2879 3745 2926 est
3784 2869 4099 2931 confessw,
4143 2879 4266 2937 qum

2648 2975 2934 3039 peccatum
2976 2963 3230 3036 plangit;
3268 2963 3405 3030 alia,
3438 2978 3560 3035 quae
3599 2963 3816 3018 laudem
3849 2961 4020 3017 canit.
4055 2962 4264 3016 Bonum

2651 3059 2848 3112 animm
2886 3067 3271 3112 ornamentum
3309 3055 3618 3120 confessio,
3661 3072 3782 3126 quae
3821 3065 3878 3112 et
3913 3063 4264 3127 peccatorem

2573 3199 2621 3261 Ω
2651 3157 2847 3219 purgat
2874 3157 2930 3202 et
2955 3147 3165 3217 justum
3197 3148 3377 3217 reddit
3409 3147 3809 3218 purgatiorem.

2729 3262 3034 3332 Sequitur»:
3067 3280 3084 3312 ι
3117 3259 3217 3328 Qui
3258 3261 3557 3317 crediderit
3595 3261 3648 3315 in
3690 3260 3842 3315 illum
3883 3275 3988 3314 non
4029 3260 4268 3316 confun-

2653 3356 2830 3410 detur.
2860 3374 2878 3405 ι
2905 3354 3142 3410 Credere
3167 3353 3302 3419 Deo,
3326 3365 3410 3408 est
3434 3353 3617 3408 verbis
3645 3353 3762 3423 ejus
3789 3353 3950 3407 fidem
3979 3353 4269 3408 adhibere.

2652 3446 2893 3504 Credere
2945 3446 3148 3512 Deutn,
3202 3455 3288 3500 est
3337 3446 3587 3501 confiteri
3640 3445 3840 3516 ubique
3896 3444 4066 3499 Deum
4118 3458 4267 3500 esse.

2653 3539 2896 3596 Credere
2932 3541 2989 3596 in
3029 3539 3235 3606 Deum,
3267 3548 3354 3596 est
3389 3553 3608 3594 omnem
3636 3552 3787 3609 spem
3819 3553 3974 3592 suam
4016 3537 4069 3592 in
4110 3536 4263 3592 illum

2652 3635 2912 3705 dirigere.
2954 3636 3124 3690 Deum
3164 3643 3222 3690 et
3260 3636 3370 3688 Deo
3419 3635 3652 3688 credunt
3701 3633 4013 3696 daemones,
4061 3630 4156 3686 sed
4212 3631 4268 3686 in

2655 3727 2808 3782 illum
2837 3742 2944 3782 non
2974 3726 3240 3792 credunt,
3273 3725 3324 3778 in
3353 3739 3516 3794 quem
3546 3709 3965 3794 quicrediderit
3995 3737 4100 3776 non
4131 3736 4268 3777 cono

2657 3817 2933 3883 fundetur,
2963 3817 3091 3889 quia
3121 3832 3273 3888 spem
3301 3831 3454 3872 suam
3487 3807 3595 3869 nun
3625 3821 3835 3885 ponunt
3868 3814 3922 3868 in
3955 3812 4128 3867 illum.

2727 3934 2868 3988 Ecce
2895 3940 3160 4002 quantum
3190 3931 3376 4001 potui,
3406 3940 3461 3985 et
3489 3929 3532 3983 si
3568 3944 3674 3983 non
3701 3935 3969 3999 quantum
3998 3941 4046 3980 νι
4070 3925 4142 3980 lui
4161 3966 4177 3994 ,
4205 3925 4274 3982 de

2657 4023 3021 4080 confessionis
3056 4023 3292 4079 disserui
3335 4031 3710 4077 sacramento.
3754 4019 3862 4076 Sed
3893 4019 4024 4092 quia
4055 4032 4271 4074 sermo-

2657 4136 2783 4175 nem
2814 4119 2866 4173 in
2899 4118 3119 4186 longum
3149 4115 3561 4186 protraximus,
3581 4112 3744 4168 finem
3775 4111 4032 4183 loquendi
4061 4111 4274 4182 pariter

2657 4215 2968 4271 audiamus.
3023 4213 3123 4268 Det
3171 4211 3332 4267 nobis
3379 4213 3547 4267 corde
3593 4211 3824 4265 credere
3861 4209 3930 4265 ad
3963 4207 4269 4279 justitiam,

2656 4321 2754 4362 ore
2791 4305 3042 4361 confiteri
3082 4305 3151 4359 ad
3193 4303 3426 4358 salutem
3469 4304 3488 4374 (
3520 4303 3752 4358 Rom.“
3776 4303 3819 4373 ),
3859 4310 3916 4356 et
3953 4303 4007 4356 in
4048 4315 4108 4356 se
4148 4315 4276 4355 cre-

2659 4397 2810 4463 dere,
2854 4411 3100 4468 sponsus
3166 4393 3459 4460 Ecclesiae,
3527 4393 3696 4449 Filius
3765 4390 3984 4457 Mariae,
4042 4391 4136 4463 qui
4191 4395 4280 4447 est

958 4503 1162 4574 aliquid
1209 4503 1499 4559 detrahere
1543 4503 1824 4558 severitati
1859 4544 1874 4566 ,
1935 4502 2156 4556 imitans
2209 4499 2551 4556 dulcedinem
2582 4560 2635 4574 _
2660 4489 2805 4546 Deus
2837 4488 3163 4545 benedictus
3195 4487 3249 4542 in
3281 4485 3501 4542 Siecula.
3535 4485 3732 4540 Amen.

957 4593 1172 4648 Domini
1218 4594 1356 4658 mei,
1386 4594 1469 4647 .de
1518 4607 1626 4662 quo
1669 4593 1801 4648 dicit
1864 4601 2088 4646 sanctus
2139 4609 2152 4645 :

958 4682 1136 4740 fecisti
1157 4682 1422 4752 judicium
1445 4699 1648 4747 meum,
1677 4693 1732 4738 et
1760 4697 1979 4739 causam
2011 4697 2186 4736 meam
2212 4679 2387 4752 (Prol.
2415 4686 2499 4751 tt).
2533 4699 2552 4733 ι

962 4774 1095 4841 Sed,
1136 4775 1272 4846 proh
1302 4775 1485 4831 dolor!
1523 4775 1858 4844 temporibus
1885 4773 2090 4829 nostris
2119 4787 2213 4842 per
2243 4771 2558 4825 universum

961 4868 1218 4922 mundum
1250 4867 1628 4938 pestilent-ialis
1650 4869 1871 4924 morbus
1893 4867 2158 4931 excrevit,
2184 4874 2242 4920 ut
2263 4864 2561 4936 praeferan-

963 4967 1052 5014 tur
1075 4958 1337 5015 Ecclesiis
1363 4975 1502 5031 quos
1532 4975 1632 5016 nec
1659 4961 1889 5015 scientia
1919 4975 2020 5014 nec
2045 4960 2157 5014 vita
2183 4957 2556 5024 commendat,

964 5068 1062 5109 ceu
1085 5052 1249 5108 duces
1267 5068 1557 5119 caecorum,
1581 5061 1636 5109 et
1661 5054 2009 5125 prmcipilali,
2031 5062 2086 5109 et
2112 5055 2164 5109 in
2191 5053 2556 5125 praecipitium

962 5143 1342 5212 perducentes.

1032 5236 1354 5292 Audivimus
1382 5236 1449 5292 de
1487 5234 1818 5303 confitente,
1851 5237 1919 5292 de
1953 5234 2356 5295 confessionem
2389 5234 2558 5290 susci-

966 5328 1174 5400 piente,
1227 5330 1512 5384 audiamus
1564 5346 1711 5386 nunc
1758 5347 1878 5401 qua!
1924 5340 2051 5386 sunt
2095 5345 2216 5401 quae
2262 5329 2565 5400 impediant

968 5417 1388 5476 confessionem.
1428 5419 1704 5488 Quantum
1743 5421 1999 5493 colligere
2031 5437 2252 5491 possum
2278 5463 2292 5486 ,
2324 5430 2562 5491 quatuor

967 5509 1239 5580 pnecipue
1271 5522 1602 5577 occurrunt,
1641 5510 1837 5580 pudor,
1879 5513 2060 5572 timor.
2113 5512 2278 5582 312
2335 5525 2464 5581 spes
2507 5519 2564 5566 et

969 5600 1298 5670 desperatio.
1339 5601 1482 5658 Nihil
1520 5603 1717 5660 fortius
1755 5607 1823 5660 ad
1862 5608 2284 5675 expugnandum
2325 5605 2562 5675 gratiam

967 5687 1064 5742 Dei
1096 5703 1256 5756 quam
1289 5691 1451 5744 timor
1481 5691 1751 5748 humanus
1776 5735 1792 5759 ,
1825 5697 1994 5764 quia'.
2029 5695 2156 5749 dum
2190 5694 2565 5749 erubescimus

971 5775 1215 5832 conﬁteri
1271 5793 1390 5847 qua:
1449 5781 1867 5849 commisimus,
1934 5783 2101 5838 Deum
2157 5784 2336 5839 minus
2397 5797 2562 5856 quam

2211 4607 2230 4641 ‹
2284 4588 2554 4657 Quoniam
2581 4560 2640 4625 D

3228 4709 3692 4772 DECEMBER.

2662 4839 2773 4900 Vl.
2981 4835 3196 4898 Sermo
3225 4833 3298 4895 de
3325 4833 3389 4896 S.
3421 4832 3691 4896 Nicolao
3720 4831 4015 4911 episcopo
4051 4838 4104 4890 ct
4137 4848 4276 4891 con~

2741 4941 2996 5023 [αδεσπ-ο.

2660 5040 2904 5106 XXIV.
2979 5038 3192 5100 Sermo
3238 5037 3306 5100 in
3358 5035 3594 5116 Vt'gilt'a
3625 5033 3872 5098 Natalis
3903 5032 4186 5095 Domim.

2662 5144 2872 5208 XXV.
2985 5141 3199 5202 Sermo
3228 5139 3292 5199 in
3316 5137 3665 5200 Nativitate
3692 5135 3970 5196 Domini.

2751 5243 2961 5303 Sermo
2993 5238 3162 5299 alius
3191 5238 3262 5298 de
3295 5235 3524 5298 eadem.

2672 5345 2910 5412 XXVI.
2984 5342 3195 5404 Sermo
3257 5339 3330 5402 de
3399 5340 3465 5402 S.
3521 5338 3832 5420 Stephano
3902 5344 4275 5417 protomar—

2744 5454 2914 5526 .tyre.

2669 5551 2834 5624 313
2861 5548 3129 5609 XXVII.
3175 5546 3389 5608 Sermo
3420 5545 3453 5605 I
3490 5543 3561 5605 dc
3598 5546 3662 5605 S.
3705 5544 3949 5604 Joanne
3981 5540 4273 5621 apostolo

2753 5655 2807 5709 ct
2844 5646 3244 5725 evangelista.

2748 5749 2965 5810 Sermo
3008 5749 3078 5808 ll
3111 5747 3182 5807 (lc
3217 5749 3444 5808 eodem.
