  <div class='ocr_page' id='page_1' title='image "/cluster/home/n/w/nwhite01/storage/ocr_20150623/144-145/uc1.31175001639262/425.png"; bbox 0 0 2725 3195; ppageno 0'>
   <div class='ocr_carea' id='block_1_1' title="bbox 24 520 108 984">
    <p class='ocr_par' dir='ltr' id='par_1_1' title="bbox 28 524 99 835">
     <span class='ocr_line' id='line_1_1' title="bbox 28 524 99 835; baseline 0 -15"><span class='ocrx_word' id='word_1_1' title='bbox 28 524 99 835; x_wconf 62' lang='lat'><strong>&#39;3;</strong></span> 
     </span>
    </p>
   </div>
   <div class='ocr_carea' id='block_1_2' title="bbox 957 200 1008 228">
    <p class='ocr_par' dir='ltr' id='par_1_2' title="bbox 957 200 1008 228">
     <span class='ocr_line' id='line_1_2' title="bbox 957 200 1008 228; baseline -0.059 0"><span class='ocrx_word' id='word_1_2' title='bbox 957 200 1008 228; x_wconf 68' lang='lat'><strong>835</strong></span> 
     </span>
    </p>
   </div>
   <div class='ocr_carea' id='block_1_3' title="bbox 952 256 1043 287">
    <p class='ocr_par' dir='ltr' id='par_1_3' title="bbox 952 256 1043 287">
     <span class='ocr_line' id='line_1_3' title="bbox 952 256 1043 287; baseline -0.011 0"><span class='ocrx_word' id='word_1_3' title='bbox 952 256 1043 287; x_wconf 72' lang='lat' dir='ltr'><strong>XXX</strong></span> 
     </span>
    </p>
   </div>
   <div class='ocr_carea' id='block_1_4' title="bbox 991 305 1214 343">
    <p class='ocr_par' dir='ltr' id='par_1_4' title="bbox 991 305 1214 343">
     <span class='ocr_line' id='line_1_4' title="bbox 991 305 1214 343; baseline -0.009 -10"><span class='ocrx_word' id='word_1_4' title='bbox 991 310 1015 333; x_wconf 82' lang='lat' dir='ltr'><strong>et</strong></span> <span class='ocrx_word' id='word_1_5' title='bbox 1032 305 1214 343; x_wconf 68' lang='lat' dir='ltr'><strong>confcssnre.</strong></span> 
     </span>
    </p>
   </div>
   <div class='ocr_carea' id='block_1_5' title="bbox 952 350 1736 387">
    <p class='ocr_par' dir='ltr' id='par_1_5' title="bbox 952 350 1736 387">
     <span class='ocr_line' id='line_1_5' title="bbox 952 350 1736 387; baseline -0.009 -2"><span class='ocrx_word' id='word_1_6' title='bbox 952 355 1071 385; x_wconf 64' lang='lat' dir='ltr'><strong>XXXI.</strong></span> <span class='ocrx_word' id='word_1_7' title='bbox 1108 354 1213 383; x_wconf 53' lang='lat' dir='ltr'><strong>Sermo</strong></span> <span class='ocrx_word' id='word_1_8' title='bbox 1230 351 1264 380; x_wconf 80' lang='lat' dir='ltr'><strong>(Ic</strong></span> <span class='ocrx_word' id='word_1_9' title='bbox 1289 352 1321 381; x_wconf 87' lang='lat' dir='ltr'><strong>S.</strong></span> <span class='ocrx_word' id='word_1_10' title='bbox 1342 350 1488 380; x_wconf 76' lang='lat' dir='ltr'><strong>Columba</strong></span> <span class='ocrx_word' id='word_1_11' title='bbox 1505 351 1584 387; x_wconf 60' lang='grc' dir='ltr'><strong>τίη).</strong></span> <span class='ocrx_word' id='word_1_12' title='bbox 1605 353 1630 377; x_wconf 76' lang='lat' dir='ltr'><strong>rt</strong></span> <span class='ocrx_word' id='word_1_13' title='bbox 1647 355 1736 378; x_wconf 65' lang='lat' dir='ltr'><strong>mari.</strong></span> 
     </span>
    </p>
   </div>
   <div class='ocr_carea' id='block_1_6' title="bbox 1227 421 1460 449">
    <p class='ocr_par' dir='ltr' id='par_1_6' title="bbox 1227 421 1460 449">
     <span class='ocr_line' id='line_1_6' title="bbox 1227 421 1460 449; baseline -0.013 -1"><span class='ocrx_word' id='word_1_14' title='bbox 1227 422 1364 449; x_wconf 64' lang='grc' dir='ltr'><strong>ΞΕΙΗΙΟΝ</strong></span> <span class='ocrx_word' id='word_1_15' title='bbox 1397 421 1460 447; x_wconf 74' lang='lat' dir='ltr'><strong>LIX.</strong></span> 
     </span>
    </p>
   </div>
   <div class='ocr_carea' id='block_1_7' title="bbox 987 477 1327 498">
    <p class='ocr_par' dir='ltr' id='par_1_7' title="bbox 987 477 1327 498">
     <span class='ocr_line' id='line_1_7' title="bbox 987 477 1327 498; baseline -0.015 0"><span class='ocrx_word' id='word_1_16' title='bbox 987 479 1019 498; x_wconf 68' lang='lat' dir='ltr'><strong>DE</strong></span> <span class='ocrx_word' id='word_1_17' title='bbox 1034 479 1057 498; x_wconf 73' lang='lat' dir='ltr'><strong>S.</strong></span> <span class='ocrx_word' id='word_1_18' title='bbox 1076 477 1189 497; x_wconf 69' lang='lat' dir='ltr'><strong>NICOLAO</strong></span> <span class='ocrx_word' id='word_1_19' title='bbox 1203 477 1327 495; x_wconf 68' lang='lat' dir='ltr'><strong>EPISCOPU</strong></span> 
     </span>
    </p>
   </div>
   <div class='ocr_carea' id='block_1_8' title="bbox 1250 515 1445 550">
    <p class='ocr_par' dir='ltr' id='par_1_8' title="bbox 1250 515 1445 550">
     <span class='ocr_line' id='line_1_8' title="bbox 1250 515 1445 550; baseline -0.01 -9"><span class='ocrx_word' id='word_1_20' title='bbox 1250 520 1259 550; x_wconf 56' lang='grc' dir='ltr'>ι</span> <span class='ocrx_word' id='word_1_21' title='bbox 1274 522 1300 541; x_wconf 69' lang='lat' dir='ltr'><strong>Vt</strong></span> <span class='ocrx_word' id='word_1_22' title='bbox 1320 515 1445 547; x_wconf 69' lang='lat' dir='ltr'><strong>nectus.)</strong></span> 
     </span>
    </p>
   </div>
   <div class='ocr_carea' id='block_1_9' title="bbox 987 567 1742 602">
    <p class='ocr_par' dir='ltr' id='par_1_9' title="bbox 987 567 1742 602">
     <span class='ocr_line' id='line_1_9' title="bbox 987 567 1742 602; baseline -0.005 -2"><span class='ocrx_word' id='word_1_23' title='bbox 987 571 1114 600; x_wconf 82' lang='lat' dir='ltr'><strong>Nicolans</strong></span> <span class='ocrx_word' id='word_1_24' title='bbox 1141 571 1193 598; x_wconf 89' lang='lat' dir='ltr'><strong>iste</strong></span> <span class='ocrx_word' id='word_1_25' title='bbox 1217 577 1305 602; x_wconf 81' lang='lat' dir='ltr'><strong>meus,</strong></span> <span class='ocrx_word' id='word_1_26' title='bbox 1329 569 1383 596; x_wconf 89' lang='lat' dir='ltr'><strong>imo</strong></span> <span class='ocrx_word' id='word_1_27' title='bbox 1406 573 1433 596; x_wconf 86' lang='lat' dir='ltr'><strong>et</strong></span> <span class='ocrx_word' id='word_1_28' title='bbox 1456 573 1561 600; x_wconf 86' lang='lat' dir='ltr'><strong>vester,</strong></span> <span class='ocrx_word' id='word_1_29' title='bbox 1580 567 1684 595; x_wconf 87' lang='lat' dir='ltr'><strong>electus</strong></span> <span class='ocrx_word' id='word_1_30' title='bbox 1707 568 1742 596; x_wconf 88' lang='lat' dir='ltr'><strong>ab</strong></span> 
     </span>
    </p>
   </div>
   <div class='ocr_carea' id='block_1_10' title="bbox 952 613 1741 650">
    <p class='ocr_par' dir='ltr' id='par_1_10' title="bbox 952 613 1741 650">
     <span class='ocr_line' id='line_1_10' title="bbox 952 613 1741 650; baseline -0.006 -5"><span class='ocrx_word' id='word_1_31' title='bbox 952 621 1043 649; x_wconf 78' lang='lat' dir='ltr'><strong>utero,</strong></span> <span class='ocrx_word' id='word_1_32' title='bbox 1053 622 1173 648; x_wconf 80' lang='lat' dir='ltr'><strong>sanctus</strong></span> <span class='ocrx_word' id='word_1_33' title='bbox 1183 623 1198 642; x_wconf 86' lang='lat' dir='ltr'><strong>a</strong></span> <span class='ocrx_word' id='word_1_34' title='bbox 1217 613 1463 650; x_wconf 83' lang='lat' dir='ltr'><strong>puero,-juvenum</strong></span> <span class='ocrx_word' id='word_1_35' title='bbox 1477 614 1574 649; x_wconf 88' lang='lat' dir='ltr'><strong>gloria,</strong></span> <span class='ocrx_word' id='word_1_36' title='bbox 1592 615 1741 641; x_wconf 74' lang='lat' dir='ltr'><strong>reverentia</strong></span> 
     </span>
    </p>
   </div>
   <div class='ocr_carea' id='block_1_11' title="bbox 954 658 1744 693">
    <p class='ocr_par' dir='ltr' id='par_1_11' title="bbox 954 658 1744 693">
     <span class='ocr_line' id='line_1_11' title="bbox 954 658 1744 693; baseline -0.006 -4"><span class='ocrx_word' id='word_1_37' title='bbox 954 669 1060 693; x_wconf 87' lang='lat' dir='ltr'><strong>senum,</strong></span> <span class='ocrx_word' id='word_1_38' title='bbox 1075 660 1245 688; x_wconf 69' lang='lat' dir='ltr'><strong>sacerdotum</strong></span> <span class='ocrx_word' id='word_1_39' title='bbox 1259 659 1356 691; x_wconf 80' lang='lat' dir='ltr'><strong>honor,</strong></span> <span class='ocrx_word' id='word_1_40' title='bbox 1368 658 1496 693; x_wconf 76' lang='lat' dir='ltr'><strong>splendor</strong></span> <span class='ocrx_word' id='word_1_41' title='bbox 1507 658 1663 693; x_wconf 86' lang='lat' dir='ltr'><strong>pontificum</strong></span> <span class='ocrx_word' id='word_1_42' title='bbox 1678 665 1744 685; x_wconf 84' lang='lat' dir='ltr'><strong>oon-</strong></span> 
     </span>
    </p>
   </div>
   <div class='ocr_carea' id='block_1_12' title="bbox 953 703 1743 736">
    <p class='ocr_par' dir='ltr' id='par_1_12' title="bbox 953 703 1743 736">
     <span class='ocr_line' id='line_1_12' title="bbox 953 703 1743 736; baseline -0.006 -1"><span class='ocrx_word' id='word_1_43' title='bbox 953 710 1064 736; x_wconf 88' lang='lat' dir='ltr'><strong>venlum</strong></span> <span class='ocrx_word' id='word_1_44' title='bbox 1089 711 1210 734; x_wconf 87' lang='lat' dir='ltr'><strong>vestrum</strong></span> <span class='ocrx_word' id='word_1_45' title='bbox 1235 712 1283 732; x_wconf 87' lang='lat' dir='ltr'><strong>sua</strong></span> <span class='ocrx_word' id='word_1_46' title='bbox 1310 704 1429 732; x_wconf 68' lang='lat' dir='ltr'><strong>trctiiicat</strong></span> <span class='ocrx_word' id='word_1_47' title='bbox 1451 703 1609 731; x_wconf 70' lang='lat' dir='ltr'><strong>festivitate.</strong></span> <span class='ocrx_word' id='word_1_48' title='bbox 1629 703 1678 731; x_wconf 83' lang='lat' dir='ltr'><strong>ilic</strong></span> <span class='ocrx_word' id='word_1_49' title='bbox 1701 708 1743 730; x_wconf 86' lang='lat' dir='ltr'><strong>est</strong></span> 
     </span>
    </p>
   </div>
   <div class='ocr_carea' id='block_1_13' title="bbox 953 749 1741 786">
    <p class='ocr_par' dir='ltr' id='par_1_13' title="bbox 953 749 1741 786">
     <span class='ocr_line' id='line_1_13' title="bbox 953 749 1741 786; baseline -0.005 -7"><span class='ocrx_word' id='word_1_50' title='bbox 953 752 1090 784; x_wconf 81' lang='lat' dir='ltr'><strong>Nicolaus,</strong></span> <span class='ocrx_word' id='word_1_51' title='bbox 1101 751 1179 786; x_wconf 93' lang='lat' dir='ltr'><strong>cujus</strong></span> <span class='ocrx_word' id='word_1_52' title='bbox 1190 749 1320 778; x_wconf 89' lang='lat' dir='ltr'><strong>miracula</strong></span> <span class='ocrx_word' id='word_1_53' title='bbox 1338 757 1387 784; x_wconf 90' lang='lat' dir='ltr'><strong>per</strong></span> <span class='ocrx_word' id='word_1_54' title='bbox 1406 753 1489 776; x_wconf 85' lang='lat' dir='ltr'><strong>totam</strong></span> <span class='ocrx_word' id='word_1_55' title='bbox 1513 749 1604 777; x_wconf 89' lang='lat' dir='ltr'><strong>mundi</strong></span> <span class='ocrx_word' id='word_1_56' title='bbox 1620 749 1741 775; x_wconf 85' lang='lat' dir='ltr'><strong>latitudi-</strong></span> 
     </span>
    </p>
   </div>
   <div class='ocr_carea' id='block_1_14' title="bbox 954 795 1742 831">
    <p class='ocr_par' dir='ltr' id='par_1_14' title="bbox 954 795 1742 831">
     <span class='ocr_line' id='line_1_14' title="bbox 954 795 1742 831; baseline -0.008 -5"><span class='ocrx_word' id='word_1_57' title='bbox 954 805 1017 826; x_wconf 87' lang='lat' dir='ltr'><strong>nem</strong></span> <span class='ocrx_word' id='word_1_58' title='bbox 1032 796 1230 827; x_wconf 77' lang='lat' dir='ltr'><strong>dilunduntur.</strong></span> <span class='ocrx_word' id='word_1_59' title='bbox 1244 803 1326 831; x_wconf 83' lang='lat' dir='ltr'><strong>quem</strong></span> <span class='ocrx_word' id='word_1_60' title='bbox 1349 795 1440 822; x_wconf 87' lang='lat' dir='ltr'><strong>laudat</strong></span> <span class='ocrx_word' id='word_1_61' title='bbox 1461 795 1537 822; x_wconf 89' lang='lat' dir='ltr'><strong>orbis</strong></span> <span class='ocrx_word' id='word_1_62' title='bbox 1556 800 1636 821; x_wconf 82' lang='lat' dir='ltr'><strong>terra-</strong></span> <span class='ocrx_word' id='word_1_63' title='bbox 1657 799 1684 821; x_wconf 89' lang='lat' dir='ltr'><strong>et</strong></span> <span class='ocrx_word' id='word_1_64' title='bbox 1696 795 1742 829; x_wconf 90' lang='lat' dir='ltr'><strong>qui</strong></span> 
     </span>
    </p>
   </div>
   <div class='ocr_carea' id='block_1_15' title="bbox 953 841 1742 872">
    <p class='ocr_par' dir='ltr' id='par_1_15' title="bbox 953 841 1742 872">
     <span class='ocr_line' id='line_1_15' title="bbox 953 841 1742 872; baseline -0.006 0"><span class='ocrx_word' id='word_1_65' title='bbox 953 844 1076 872; x_wconf 81' lang='lat' dir='ltr'><strong>habitant</strong></span> <span class='ocrx_word' id='word_1_66' title='bbox 1089 843 1115 870; x_wconf 91' lang='lat' dir='ltr'><strong>in</strong></span> <span class='ocrx_word' id='word_1_67' title='bbox 1129 850 1171 870; x_wconf 85' lang='lat' dir='ltr'><strong>eo.</strong></span> <span class='ocrx_word' id='word_1_68' title='bbox 1181 841 1232 869; x_wconf 86' lang='lat' dir='ltr'><strong>Tot</strong></span> <span class='ocrx_word' id='word_1_69' title='bbox 1244 842 1317 870; x_wconf 87' lang='lat' dir='ltr'><strong>enim</strong></span> <span class='ocrx_word' id='word_1_70' title='bbox 1324 845 1353 870; x_wconf 88' lang='lat' dir='ltr'><strong>et</strong></span> <span class='ocrx_word' id='word_1_71' title='bbox 1369 846 1444 869; x_wconf 82' lang='lat' dir='ltr'><strong>tanta</strong></span> <span class='ocrx_word' id='word_1_72' title='bbox 1458 842 1588 869; x_wconf 87' lang='lat' dir='ltr'><strong>miracula</strong></span> <span class='ocrx_word' id='word_1_73' title='bbox 1603 842 1742 872; x_wconf 84' lang='lat' dir='ltr'><strong>cumulan-</strong></span> 
     </span>
    </p>
   </div>
   <div class='ocr_carea' id='block_1_16' title="bbox 953 888 1742 923">
    <p class='ocr_par' dir='ltr' id='par_1_16' title="bbox 953 888 1742 923">
     <span class='ocr_line' id='line_1_16' title="bbox 953 888 1742 923; baseline -0.004 -6"><span class='ocrx_word' id='word_1_74' title='bbox 953 894 1007 923; x_wconf 89' lang='lat' dir='ltr'><strong>tur,</strong></span> <span class='ocrx_word' id='word_1_75' title='bbox 1023 894 1053 916; x_wconf 90' lang='lat' dir='ltr'><strong>ut</strong></span> <span class='ocrx_word' id='word_1_76' title='bbox 1068 896 1165 916; x_wconf 86' lang='lat' dir='ltr'><strong>omnes</strong></span> <span class='ocrx_word' id='word_1_77' title='bbox 1178 888 1361 916; x_wconf 88' lang='lat' dir='ltr'><strong>litteratorum</strong></span> <span class='ocrx_word' id='word_1_78' title='bbox 1377 888 1488 923; x_wconf 63' lang='lat' dir='ltr'><strong>argutia</strong></span> <span class='ocrx_word' id='word_1_79' title='bbox 1505 888 1548 914; x_wconf 86' lang='lat' dir='ltr'><strong>vis</strong></span> <span class='ocrx_word' id='word_1_80' title='bbox 1574 888 1607 914; x_wconf 85' lang='lat' dir='ltr'><strong>ad</strong></span> <span class='ocrx_word' id='word_1_81' title='bbox 1624 888 1742 915; x_wconf 76' lang='lat' dir='ltr'><strong>scriben-</strong></span> 
     </span>
    </p>
   </div>
   <div class='ocr_carea' id='block_1_17' title="bbox 1351 475 1702 494">
    <p class='ocr_par' dir='ltr' id='par_1_17' title="bbox 1351 475 1702 494">
     <span class='ocr_line' id='line_1_17' title="bbox 1351 475 1702 494; baseline -0.003 -1"><span class='ocrx_word' id='word_1_82' title='bbox 1351 476 1461 494; x_wconf 65' lang='lat' dir='ltr'><strong>IYRFNSI</strong></span> <span class='ocrx_word' id='word_1_83' title='bbox 1482 476 1513 492; x_wconf 71' lang='grc' dir='ltr'><strong>ΕΤ</strong></span> <span class='ocrx_word' id='word_1_84' title='bbox 1530 475 1702 492; x_wconf 55' lang='lat' dir='ltr'><strong>(ONFlSsURE.</strong></span> 
     </span>
    </p>
   </div>
   <div class='ocr_carea' id='block_1_18' title="bbox 1246 191 2295 224">
    <p class='ocr_par' dir='ltr' id='par_1_18' title="bbox 1246 191 2295 224">
     <span class='ocr_line' id='line_1_18' title="bbox 1246 191 2295 224; baseline -0.004 0"><span class='ocrx_word' id='word_1_85' title='bbox 1246 197 1277 224; x_wconf 79' lang='lat'><strong>5.</strong></span> <span class='ocrx_word' id='word_1_86' title='bbox 1297 196 1397 223; x_wconf 76' lang='lat' dir='ltr'>PETRI</span> <span class='ocrx_word' id='word_1_87' title='bbox 1419 194 1557 221; x_wconf 72' lang='lat' dir='ltr'><strong>DAMMNI</strong></span> <span class='ocrx_word' id='word_1_88' title='bbox 1579 194 1652 221; x_wconf 80' lang='lat' dir='ltr'><strong>OPP.</strong></span> <span class='ocrx_word' id='word_1_89' title='bbox 1671 193 1759 220; x_wconf 73' lang='lat' dir='ltr'><strong>PARS</strong></span> <span class='ocrx_word' id='word_1_90' title='bbox 1782 193 1846 221; x_wconf 72' lang='lat' dir='ltr'><strong>Si-ZU</strong></span> <span class='ocrx_word' id='word_1_91' title='bbox 1869 192 1984 219; x_wconf 63' lang='lat' dir='ltr'><strong>TOSIL&#39;S</strong></span> <span class='ocrx_word' id='word_1_92' title='bbox 2005 191 2034 218; x_wconf 86' lang='lat' dir='ltr'><strong>li.</strong></span> <span class='ocrx_word' id='word_1_93' title='bbox 2055 205 2088 211; x_wconf 89' lang='lat'>—</span> <span class='ocrx_word' id='word_1_94' title='bbox 2102 191 2295 220; x_wconf 64' lang='grc' dir='ltr'><strong>εειυιοκεδ.</strong></span> 
     </span>
    </p>
   </div>
   <div class='ocr_carea' id='block_1_19' title="bbox 1107 247 2581 288">
    <p class='ocr_par' dir='ltr' id='par_1_19' title="bbox 1107 247 2581 288">
     <span class='ocr_line' id='line_1_19' title="bbox 1107 247 2581 288; baseline -0.005 -4"><span class='ocrx_word' id='word_1_95' title='bbox 1107 255 1209 284; x_wconf 75' lang='lat' dir='ltr'><strong>Sermo</strong></span> <span class='ocrx_word' id='word_1_96' title='bbox 1238 254 1273 281; x_wconf 81' lang='lat' dir='ltr'><strong>dc</strong></span> <span class='ocrx_word' id='word_1_97' title='bbox 1289 253 1322 282; x_wconf 87' lang='lat' dir='ltr'><strong>S.</strong></span> <span class='ocrx_word' id='word_1_98' title='bbox 1340 252 1530 281; x_wconf 76' lang='lat' dir='ltr'><strong>Barbatione</strong></span> <span class='ocrx_word' id='word_1_99' title='bbox 1559 250 1737 288; x_wconf 72' lang='lat' dir='ltr'><strong>vrrsbytero</strong></span> <span class='ocrx_word' id='word_1_100' title='bbox 1754 254 1776 282; x_wconf 78' lang='grc' dir='ltr'><strong>Α</strong></span> <span class='ocrx_word' id='word_1_101' title='bbox 1793 251 1961 279; x_wconf 82' lang='lat' dir='ltr'><strong>liberantcm,</strong></span> <span class='ocrx_word' id='word_1_102' title='bbox 1988 248 2103 283; x_wconf 78' lang='lat' dir='ltr'><strong>virgines</strong></span> <span class='ocrx_word' id='word_1_103' title='bbox 2130 248 2265 283; x_wconf 80' lang='lat' dir='ltr'><strong>virginum</strong></span> <span class='ocrx_word' id='word_1_104' title='bbox 2286 247 2424 275; x_wconf 74' lang='lat' dir='ltr'><strong>infamiam</strong></span> <span class='ocrx_word' id='word_1_105' title='bbox 2443 247 2581 277; x_wconf 61' lang='lat' dir='ltr'><strong>Maen-</strong></span> 
     </span>
    </p>
   </div>
   <div class='ocr_carea' id='block_1_20' title="bbox 244 0 2267 42">
    <p class='ocr_par' dir='ltr' id='par_1_20' title="bbox 244 0 2267 42">
     <span class='ocr_line' id='line_1_20' title="bbox 244 0 2267 42; baseline -0.001 -6"><span class='ocrx_word' id='word_1_106' title='bbox 244 0 2267 42; x_wconf 50' lang='lat' dir='ltr'><strong>vi</strong></span> 
     </span>
    </p>
   </div>
   <div class='ocr_carea' id='block_1_21' title="bbox 1792 291 2581 328">
    <p class='ocr_par' dir='ltr' id='par_1_21' title="bbox 1792 291 2581 328">
     <span class='ocr_line' id='line_1_21' title="bbox 1792 291 2581 328; baseline 0 -6"><span class='ocrx_word' id='word_1_107' title='bbox 1792 301 1854 325; x_wconf 64' lang='lat' dir='ltr'><strong>tum,</strong></span> <span class='ocrx_word' id='word_1_108' title='bbox 1877 304 1953 321; x_wconf 69' lang='lat' dir='ltr'><strong>si‘ncs</strong></span> <span class='ocrx_word' id='word_1_109' title='bbox 1976 295 2048 321; x_wconf 80' lang='lat' dir='ltr'><strong>senis</strong></span> <span class='ocrx_word' id='word_1_110' title='bbox 2068 294 2186 328; x_wconf 83' lang='lat' dir='ltr'><strong>inopiam</strong></span> <span class='ocrx_word' id='word_1_111' title='bbox 2207 295 2390 321; x_wconf 70' lang='lat' dir='ltr'><strong>miserantem.</strong></span> <span class='ocrx_word' id='word_1_112' title='bbox 2411 291 2531 322; x_wconf 65' lang='lat' dir='ltr'><strong>Iuvenes</strong></span> <span class='ocrx_word' id='word_1_113' title='bbox 2549 295 2581 322; x_wconf 69' lang='grc' dir='ltr'><strong><em>α</em></strong></span> 
     </span>
    </p>
   </div>
   <div class='ocr_carea' id='block_1_22' title="bbox 1790 336 2580 373">
    <p class='ocr_par' dir='ltr' id='par_1_22' title="bbox 1790 336 2580 373">
     <span class='ocr_line' id='line_1_22' title="bbox 1790 336 2580 373; baseline 0.001 -8"><span class='ocrx_word' id='word_1_114' title='bbox 1790 341 1916 373; x_wconf 59' lang='lat' dir='ltr'><strong>Virgines,</strong></span> <span class='ocrx_word' id='word_1_115' title='bbox 1934 348 2011 365; x_wconf 72' lang='lat' dir='ltr'><strong>senes</strong></span> <span class='ocrx_word' id='word_1_116' title='bbox 2029 347 2090 365; x_wconf 88' lang='lat' dir='ltr'><strong>cum</strong></span> <span class='ocrx_word' id='word_1_117' title='bbox 2112 338 2264 372; x_wconf 77' lang='lat' dir='ltr'><strong>junioribus</strong></span> <span class='ocrx_word' id='word_1_118' title='bbox 2280 338 2391 365; x_wconf 88' lang='lat' dir='ltr'><strong>laudant</strong></span> <span class='ocrx_word' id='word_1_119' title='bbox 2411 344 2511 366; x_wconf 81' lang='lat' dir='ltr'><strong>nomen</strong></span> <span class='ocrx_word' id='word_1_120' title='bbox 2524 336 2580 365; x_wconf 81' lang='lat' dir='ltr'><strong>Do-</strong></span> 
     </span>
    </p>
   </div>
   <div class='ocr_carea' id='block_1_23' title="bbox 1792 383 2187 416">
    <p class='ocr_par' dir='ltr' id='par_1_23' title="bbox 1792 383 2187 416">
     <span class='ocr_line' id='line_1_23' title="bbox 1792 383 2187 416; baseline -0.005 -5"><span class='ocrx_word' id='word_1_121' title='bbox 1792 394 1853 411; x_wconf 77' lang='lat' dir='ltr'><strong>ntttit</strong></span> <span class='ocrx_word' id='word_1_122' title='bbox 1872 384 1948 416; x_wconf 70' lang='lat' dir='ltr'><strong>hujus</strong></span> <span class='ocrx_word' id='word_1_123' title='bbox 1964 383 2049 413; x_wconf 67' lang='lat' dir='ltr'><strong>(Paul.</strong></span> <span class='ocrx_word' id='word_1_124' title='bbox 2068 384 2187 416; x_wconf 71' lang='lat' dir='ltr'><strong>ClLﬂtt).</strong></span> 
     </span>
    </p>
   </div>
   <div class='ocr_carea' id='block_1_24' title="bbox 1827 423 2578 463">
    <p class='ocr_par' dir='ltr' id='par_1_24' title="bbox 1827 423 2578 463">
     <span class='ocr_line' id='line_1_24' title="bbox 1827 423 2578 463; baseline -0.001 -8"><span class='ocrx_word' id='word_1_125' title='bbox 1827 431 1879 455; x_wconf 67' lang='lat' dir='ltr'><strong>5N1</strong></span> <span class='ocrx_word' id='word_1_126' title='bbox 1895 438 1963 455; x_wconf 77' lang='lat' dir='ltr'><strong>tiutit‘</strong></span> <span class='ocrx_word' id='word_1_127' title='bbox 1983 435 2039 463; x_wconf 68' lang='lat' dir='ltr'><strong>post</strong></span> <span class='ocrx_word' id='word_1_128' title='bbox 2052 434 2127 454; x_wconf 70' lang='lat' dir='ltr'><strong>:lt‘llh</strong></span> <span class='ocrx_word' id='word_1_129' title='bbox 2141 428 2199 461; x_wconf 78' lang='lat' dir='ltr'><strong>ejus</strong></span> <span class='ocrx_word' id='word_1_130' title='bbox 2211 423 2366 454; x_wconf 58' lang='lat' dir='ltr'><strong>Grmcorum</strong></span> <span class='ocrx_word' id='word_1_131' title='bbox 2378 425 2578 462; x_wconf 77' lang='lat' dir='ltr'><strong>liuguisexcel-</strong></span> 
     </span>
    </p>
   </div>
   <div class='ocr_carea' id='block_1_25' title="bbox 1791 474 2580 509">
    <p class='ocr_par' dir='ltr' id='par_1_25' title="bbox 1791 474 2580 509">
     <span class='ocr_line' id='line_1_25' title="bbox 1791 474 2580 509; baseline 0 -8"><span class='ocrx_word' id='word_1_132' title='bbox 1791 477 1906 502; x_wconf 66' lang='grc' dir='ltr'><strong>Ιριιιιιοιι,</strong></span> <span class='ocrx_word' id='word_1_133' title='bbox 1935 477 2075 509; x_wconf 59' lang='lat' dir='ltr'><strong>iiisiguitcr</strong></span> <span class='ocrx_word' id='word_1_134' title='bbox 2101 475 2263 505; x_wconf 77' lang='lat' dir='ltr'><strong>tlifl&#39;aniatos,</strong></span> <span class='ocrx_word' id='word_1_135' title='bbox 2287 474 2350 508; x_wconf 84' lang='lat' dir='ltr'><strong>quid</strong></span> <span class='ocrx_word' id='word_1_136' title='bbox 2374 474 2472 501; x_wconf 86' lang='lat' dir='ltr'><strong>audeat</strong></span> <span class='ocrx_word' id='word_1_137' title='bbox 2489 479 2580 501; x_wconf 81' lang='lat' dir='ltr'><strong>ses-mo</strong></span> 
     </span>
    </p>
   </div>
   <div class='ocr_carea' id='block_1_26' title="bbox 1791 519 2582 557">
    <p class='ocr_par' dir='ltr' id='par_1_26' title="bbox 1791 519 2582 557">
     <span class='ocr_line' id='line_1_26' title="bbox 1791 519 2582 557; baseline 0 -10"><span class='ocrx_word' id='word_1_138' title='bbox 1791 521 1970 557; x_wconf 81' lang='lat' dir='ltr'><strong>pauperculus</strong></span> <span class='ocrx_word' id='word_1_139' title='bbox 1997 520 2155 547; x_wconf 75' lang='lat' dir='ltr'><strong>balbutire?</strong></span> <span class='ocrx_word' id='word_1_140' title='bbox 2181 520 2373 547; x_wconf 85' lang='lat' dir='ltr'><strong>Verumtamen</strong></span> <span class='ocrx_word' id='word_1_141' title='bbox 2413 526 2448 547; x_wconf 88' lang='lat' dir='ltr'><strong>ne</strong></span> <span class='ocrx_word' id='word_1_142' title='bbox 2483 519 2582 546; x_wconf 80' lang='lat' dir='ltr'><strong>videar</strong></span> 
     </span>
    </p>
   </div>
   <div class='ocr_carea' id='block_1_27' title="bbox 1790 565 2581 601">
    <p class='ocr_par' dir='ltr' id='par_1_27' title="bbox 1790 565 2581 601">
     <span class='ocr_line' id='line_1_27' title="bbox 1790 565 2581 601; baseline -0.005 -6"><span class='ocrx_word' id='word_1_143' title='bbox 1790 568 1976 594; x_wconf 81' lang='lat' dir='ltr'><strong>excusatorias</strong></span> <span class='ocrx_word' id='word_1_144' title='bbox 2001 566 2241 601; x_wconf 76' lang='lat' dir='ltr'><strong>tergiversationes</strong></span> <span class='ocrx_word' id='word_1_145' title='bbox 2265 565 2404 597; x_wconf 86' lang='lat' dir='ltr'><strong>inducere,</strong></span> <span class='ocrx_word' id='word_1_146' title='bbox 2421 571 2533 592; x_wconf 80' lang='lat' dir='ltr'><strong>recurro</strong></span> <span class='ocrx_word' id='word_1_147' title='bbox 2546 565 2581 592; x_wconf 82' lang='lat' dir='ltr'><strong>ad</strong></span> 
     </span>
    </p>
   </div>
   <div class='ocr_carea' id='block_1_28' title="bbox 1790 609 2591 649">
    <p class='ocr_par' dir='ltr' id='par_1_28' title="bbox 1790 609 2591 649">
     <span class='ocr_line' id='line_1_28' title="bbox 1790 609 2591 649; baseline -0.002 -10"><span class='ocrx_word' id='word_1_148' title='bbox 1790 613 1974 647; x_wconf 78' lang='lat' dir='ltr'><strong>evungelicam</strong></span> <span class='ocrx_word' id='word_1_149' title='bbox 1984 612 2142 643; x_wconf 81' lang='lat' dir='ltr'><strong>lectionem;</strong></span> <span class='ocrx_word' id='word_1_150' title='bbox 2155 616 2183 638; x_wconf 88' lang='lat' dir='ltr'><strong>et</strong></span> <span class='ocrx_word' id='word_1_151' title='bbox 2196 612 2268 646; x_wconf 87' lang='lat' dir='ltr'><strong>quod</strong></span> <span class='ocrx_word' id='word_1_152' title='bbox 2277 614 2309 638; x_wconf 86' lang='lat' dir='ltr'><strong>de</strong></span> <span class='ocrx_word' id='word_1_153' title='bbox 2322 610 2460 649; x_wconf 85' lang='lat' dir='ltr'><strong>communi</strong></span> <span class='ocrx_word' id='word_1_154' title='bbox 2474 609 2591 648; x_wconf 80' lang='lat' dir='ltr'><strong>aecepi,_</strong></span> 
     </span>
    </p>
   </div>
   <div class='ocr_carea' id='block_1_29' title="bbox 1791 654 2582 693">
    <p class='ocr_par' dir='ltr' id='par_1_29' title="bbox 1791 654 2582 693">
     <span class='ocr_line' id='line_1_29' title="bbox 1791 654 2582 693; baseline -0.001 -9"><span class='ocrx_word' id='word_1_155' title='bbox 1791 659 1900 693; x_wconf 85' lang='lat' dir='ltr'><strong>profero</strong></span> <span class='ocrx_word' id='word_1_156' title='bbox 1923 658 1949 684; x_wconf 93' lang='lat' dir='ltr'><strong>in</strong></span> <span class='ocrx_word' id='word_1_157' title='bbox 1973 665 2126 684; x_wconf 83' lang='lat' dir='ltr'><strong>commune.</strong></span> <span class='ocrx_word' id='word_1_158' title='bbox 2146 656 2191 683; x_wconf 81' lang='lat' dir='ltr'><strong>Ait</strong></span> <span class='ocrx_word' id='word_1_159' title='bbox 2212 656 2306 683; x_wconf 87' lang='lat' dir='ltr'><strong>enim:</strong></span> <span class='ocrx_word' id='word_1_160' title='bbox 2330 665 2340 681; x_wconf 75' lang='grc' dir='ltr'>ι</span> <span class='ocrx_word' id='word_1_161' title='bbox 2360 654 2446 683; x_wconf 80' lang='lat' dir='ltr'><strong>llomo</strong></span> <span class='ocrx_word' id='word_1_162' title='bbox 2470 656 2582 690; x_wconf 77' lang='lat' dir='ltr'><strong>quidam</strong></span> 
     </span>
    </p>
   </div>
   <div class='ocr_carea' id='block_1_30' title="bbox 1791 701 2584 738">
    <p class='ocr_par' dir='ltr' id='par_1_30' title="bbox 1791 701 2584 738">
     <span class='ocr_line' id='line_1_30' title="bbox 1791 701 2584 738; baseline -0.003 -6"><span class='ocrx_word' id='word_1_163' title='bbox 1791 704 1890 732; x_wconf 80' lang='lat' dir='ltr'><strong>nobilis</strong></span> <span class='ocrx_word' id='word_1_164' title='bbox 1915 703 2024 730; x_wconf 80' lang='lat' dir='ltr'><strong>abiit‘in</strong></span> <span class='ocrx_word' id='word_1_165' title='bbox 2048 703 2186 738; x_wconf 77' lang='lat' dir='ltr'><strong>regionem</strong></span> <span class='ocrx_word' id='word_1_166' title='bbox 2203 702 2386 737; x_wconf 81' lang='lat' dir='ltr'><strong>longinquam,</strong></span> <span class='ocrx_word' id='word_1_167' title='bbox 2402 706 2430 729; x_wconf 88' lang='lat' dir='ltr'><strong>et</strong></span> <span class='ocrx_word' id='word_1_168' title='bbox 2444 701 2482 729; x_wconf 84' lang='lat' dir='ltr'><strong>ait</strong></span> <span class='ocrx_word' id='word_1_169' title='bbox 2494 701 2584 730; x_wconf 81' lang='lat' dir='ltr'><strong>servis</strong></span> 
     </span>
    </p>
   </div>
   <div class='ocr_carea' id='block_1_31' title="bbox 1792 747 2584 784">
    <p class='ocr_par' dir='ltr' id='par_1_31' title="bbox 1792 747 2584 784">
     <span class='ocr_line' id='line_1_31' title="bbox 1792 747 2584 784; baseline 0 -8"><span class='ocrx_word' id='word_1_170' title='bbox 1792 750 1868 777; x_wconf 88' lang='lat' dir='ltr'><strong>suis:</strong></span> <span class='ocrx_word' id='word_1_171' title='bbox 1892 748 2083 783; x_wconf 73' lang='lat' dir='ltr'><strong>Negotiamini.</strong></span> <span class='ocrx_word' id='word_1_172' title='bbox 2100 748 2163 776; x_wconf 89' lang='lat' dir='ltr'><strong>dum</strong></span> <span class='ocrx_word' id='word_1_173' title='bbox 2178 748 2257 776; x_wconf 87' lang='lat' dir='ltr'><strong>venio</strong></span> <span class='ocrx_word' id='word_1_174' title='bbox 2271 747 2347 782; x_wconf 81' lang='lat' dir='ltr'><strong>(Luc.</strong></span> <span class='ocrx_word' id='word_1_175' title='bbox 2362 748 2432 784; x_wconf 74' lang='grc' dir='ltr'><strong>ιιι).</strong></span> <span class='ocrx_word' id='word_1_176' title='bbox 2451 757 2461 775; x_wconf 78' lang='grc' dir='ltr'>ι</span> <span class='ocrx_word' id='word_1_177' title='bbox 2479 748 2584 776; x_wconf 66' lang='lat' dir='ltr'><strong>Securo</strong></span> 
     </span>
    </p>
   </div>
   <div class='ocr_carea' id='block_1_32' title="bbox 1792 793 2585 829">
    <p class='ocr_par' dir='ltr' id='par_1_32' title="bbox 1792 793 2585 829">
     <span class='ocr_line' id='line_1_32' title="bbox 1792 793 2585 829; baseline 0.001 -8"><span class='ocrx_word' id='word_1_178' title='bbox 1792 795 1960 829; x_wconf 77' lang='lat' dir='ltr'><strong>ncgoliabor,</strong></span> <span class='ocrx_word' id='word_1_179' title='bbox 1981 794 2155 829; x_wconf 70' lang='lat' dir='ltr'><strong>prmcipicnle</strong></span> <span class='ocrx_word' id='word_1_180' title='bbox 2177 793 2291 821; x_wconf 89' lang='lat' dir='ltr'><strong>Domino</strong></span> <span class='ocrx_word' id='word_1_181' title='bbox 2313 801 2383 826; x_wconf 76' lang='lat' dir='ltr'><strong>nico.</strong></span> <span class='ocrx_word' id='word_1_182' title='bbox 2406 801 2459 821; x_wconf 86' lang='lat' dir='ltr'><strong>non</strong></span> <span class='ocrx_word' id='word_1_183' title='bbox 2481 793 2585 822; x_wconf 78' lang='lat' dir='ltr'><strong>timebo</strong></span> 
     </span>
    </p>
   </div>
   <div class='ocr_carea' id='block_1_33' title="bbox 1792 838 2586 874">
    <p class='ocr_par' dir='ltr' id='par_1_33' title="bbox 1792 838 2586 874">
     <span class='ocr_line' id='line_1_33' title="bbox 1792 838 2586 874; baseline -0.003 -6"><span class='ocrx_word' id='word_1_184' title='bbox 1792 840 1964 868; x_wconf 81' lang='lat' dir='ltr'><strong>Psalmistam</strong></span> <span class='ocrx_word' id='word_1_185' title='bbox 1980 840 2115 866; x_wconf 76' lang='lat' dir='ltr'><strong>dicentem</strong></span> <span class='ocrx_word' id='word_1_186' title='bbox 2130 847 2136 865; x_wconf 90' lang='lat'><strong>:</strong></span> <span class='ocrx_word' id='word_1_187' title='bbox 2153 848 2162 864; x_wconf 76' lang='grc' dir='ltr'>ι</span> <span class='ocrx_word' id='word_1_188' title='bbox 2177 838 2246 872; x_wconf 86' lang='lat' dir='ltr'><strong>Quia</strong></span> <span class='ocrx_word' id='word_1_189' title='bbox 2261 846 2314 865; x_wconf 85' lang='lat' dir='ltr'><strong>non</strong></span> <span class='ocrx_word' id='word_1_190' title='bbox 2334 838 2447 874; x_wconf 87' lang='lat' dir='ltr'><strong>cognovi</strong></span> <span class='ocrx_word' id='word_1_191' title='bbox 2463 838 2586 873; x_wconf 80' lang='lat' dir='ltr'><strong>negotia-</strong></span> 
     </span>
    </p>
   </div>
   <div class='ocr_carea' id='block_1_34' title="bbox 1794 884 2581 920">
    <p class='ocr_par' dir='ltr' id='par_1_34' title="bbox 1794 884 2581 920">
     <span class='ocr_line' id='line_1_34' title="bbox 1794 884 2581 920; baseline -0.004 -6"><span class='ocrx_word' id='word_1_192' title='bbox 1794 889 1907 918; x_wconf 87' lang='lat' dir='ltr'><strong>tionem,</strong></span> <span class='ocrx_word' id='word_1_193' title='bbox 1928 886 2045 913; x_wconf 89' lang='lat' dir='ltr'><strong>introibo</strong></span> <span class='ocrx_word' id='word_1_194' title='bbox 2064 885 2092 913; x_wconf 89' lang='lat' dir='ltr'><strong>in</strong></span> <span class='ocrx_word' id='word_1_195' title='bbox 2113 885 2248 920; x_wconf 84' lang='lat' dir='ltr'><strong>potentias</strong></span> <span class='ocrx_word' id='word_1_196' title='bbox 2262 884 2363 912; x_wconf 88' lang='lat' dir='ltr'><strong>domini</strong></span> <span class='ocrx_word' id='word_1_197' title='bbox 2385 884 2461 920; x_wconf 69' lang='lat' dir='ltr'><strong>(Pu!</strong></span> <span class='ocrx_word' id='word_1_198' title='bbox 2480 886 2557 919; x_wconf 80' lang='lat' dir='ltr'><strong>us).</strong></span> <span class='ocrx_word' id='word_1_199' title='bbox 2571 893 2581 910; x_wconf 75' lang='grc' dir='ltr'>ι</span> 
     </span>
    </p>
   </div>
   <div class='ocr_carea' id='block_1_35' title="bbox 953 925 2586 967">
    <p class='ocr_par' dir='ltr' id='par_1_35' title="bbox 953 925 2586 967">
     <span class='ocr_line' id='line_1_35' title="bbox 953 925 2586 967; baseline -0.003 -6"><span class='ocrx_word' id='word_1_200' title='bbox 953 934 1017 961; x_wconf 89' lang='lat' dir='ltr'><strong>dum</strong></span> <span class='ocrx_word' id='word_1_201' title='bbox 1029 932 1172 965; x_wconf 75' lang='lat' dir='ltr'><strong>suﬂiciant,</strong></span> <span class='ocrx_word' id='word_1_202' title='bbox 1184 940 1234 960; x_wconf 86' lang='lat' dir='ltr'><strong>nos</strong></span> <span class='ocrx_word' id='word_1_203' title='bbox 1244 933 1279 960; x_wconf 88' lang='lat' dir='ltr'><strong>ad</strong></span> <span class='ocrx_word' id='word_1_204' title='bbox 1290 934 1442 967; x_wconf 78' lang='lat' dir='ltr'><strong>legendum.</strong></span> <span class='ocrx_word' id='word_1_205' title='bbox 1459 932 1491 959; x_wconf 77' lang='lat' dir='ltr'><strong>Et</strong></span> <span class='ocrx_word' id='word_1_206' title='bbox 1503 932 1565 959; x_wconf 85' lang='lat' dir='ltr'><strong>licet</strong></span> <span class='ocrx_word' id='word_1_207' title='bbox 1578 934 1741 959; x_wconf 70' lang='lat' dir='ltr'><strong>scimlarium</strong></span> <span class='ocrx_word' id='word_1_208' title='bbox 1758 925 1780 954; x_wconf 80' lang='grc' dir='ltr'><strong><em>Β</em></strong></span> <span class='ocrx_word' id='word_1_209' title='bbox 1795 933 1852 960; x_wconf 81' lang='lat' dir='ltr'><strong>Non</strong></span> <span class='ocrx_word' id='word_1_210' title='bbox 1868 932 1939 958; x_wconf 89' lang='lat' dir='ltr'><strong>enim</strong></span> <span class='ocrx_word' id='word_1_211' title='bbox 1953 938 2064 966; x_wconf 86' lang='lat' dir='ltr'><strong>parvum</strong></span> <span class='ocrx_word' id='word_1_212' title='bbox 2078 930 2144 957; x_wconf 86' lang='lat' dir='ltr'><strong>mihi</strong></span> <span class='ocrx_word' id='word_1_213' title='bbox 2160 929 2266 957; x_wconf 63' lang='lat' dir='ltr'><strong>ﬁducia</strong></span> <span class='ocrx_word' id='word_1_214' title='bbox 2280 930 2364 957; x_wconf 86' lang='lat' dir='ltr'><strong>robur</strong></span> <span class='ocrx_word' id='word_1_215' title='bbox 2374 934 2496 965; x_wconf 62' lang='lat' dir='ltr'><strong>prastat,</strong></span> <span class='ocrx_word' id='word_1_216' title='bbox 2511 928 2586 964; x_wconf 79' lang='lat' dir='ltr'><strong>quod</strong></span> 
     </span>
    </p>
   </div>
   <div class='ocr_carea' id='block_1_36' title="bbox 954 977 1742 1010">
    <p class='ocr_par' dir='ltr' id='par_1_36' title="bbox 954 977 1742 1010">
     <span class='ocr_line' id='line_1_36' title="bbox 954 977 1742 1010; baseline -0.003 -4"><span class='ocrx_word' id='word_1_217' title='bbox 954 986 1083 1006; x_wconf 79' lang='lat' dir='ltr'><strong>numerus</strong></span> <span class='ocrx_word' id='word_1_218' title='bbox 1099 978 1194 1006; x_wconf 90' lang='lat' dir='ltr'><strong>incude</strong></span> <span class='ocrx_word' id='word_1_219' title='bbox 1208 977 1342 1005; x_wconf 85' lang='lat' dir='ltr'><strong>rbclorica</strong></span> <span class='ocrx_word' id='word_1_220' title='bbox 1354 978 1404 1004; x_wconf 90' lang='lat' dir='ltr'><strong>sub</strong></span> <span class='ocrx_word' id='word_1_221' title='bbox 1418 977 1593 1010; x_wconf 61' lang='lat' dir='ltr'><strong>Quintiliani.</strong></span> <span class='ocrx_word' id='word_1_222' title='bbox 1613 977 1653 1004; x_wconf 78' lang='lat' dir='ltr'><strong>vel</strong></span> <span class='ocrx_word' id='word_1_223' title='bbox 1668 978 1742 1004; x_wconf 83' lang='lat' dir='ltr'><strong>Cice-</strong></span> 
     </span>
    </p>
   </div>
   <div class='ocr_carea' id='block_1_37' title="bbox 954 1023 1743 1051">
    <p class='ocr_par' dir='ltr' id='par_1_37' title="bbox 954 1023 1743 1051">
     <span class='ocr_line' id='line_1_37' title="bbox 954 1023 1743 1051; baseline -0.003 -1"><span class='ocrx_word' id='word_1_224' title='bbox 954 1024 1029 1051; x_wconf 86' lang='lat' dir='ltr'><strong>ronis</strong></span> <span class='ocrx_word' id='word_1_225' title='bbox 1043 1023 1146 1051; x_wconf 83' lang='lat' dir='ltr'><strong>malleis</strong></span> <span class='ocrx_word' id='word_1_226' title='bbox 1164 1023 1338 1050; x_wconf 87' lang='lat' dir='ltr'><strong>tenuissimas</strong></span> <span class='ocrx_word' id='word_1_227' title='bbox 1354 1023 1509 1049; x_wconf 79' lang='lat' dir='ltr'><strong>orationum</strong></span> <span class='ocrx_word' id='word_1_228' title='bbox 1524 1023 1638 1049; x_wconf 78' lang='lat' dir='ltr'><strong>laminas</strong></span> <span class='ocrx_word' id='word_1_229' title='bbox 1649 1027 1743 1049; x_wconf 74' lang='lat' dir='ltr'><strong>cxten-</strong></span> 
     </span>
    </p>
   </div>
   <div class='ocr_carea' id='block_1_38' title="bbox 952 1065 1743 1101">
    <p class='ocr_par' dir='ltr' id='par_1_38' title="bbox 952 1065 1743 1101">
     <span class='ocr_line' id='line_1_38' title="bbox 952 1065 1743 1101; baseline -0.003 -7"><span class='ocrx_word' id='word_1_230' title='bbox 952 1067 1011 1100; x_wconf 87' lang='lat' dir='ltr'><strong>dat,</strong></span> <span class='ocrx_word' id='word_1_231' title='bbox 1029 1071 1142 1101; x_wconf 89' lang='lat' dir='ltr'><strong>superat</strong></span> <span class='ocrx_word' id='word_1_232' title='bbox 1156 1071 1245 1094; x_wconf 90' lang='lat' dir='ltr'><strong>tamen</strong></span> <span class='ocrx_word' id='word_1_233' title='bbox 1261 1066 1345 1101; x_wconf 84' lang='lat' dir='ltr'><strong>gloria</strong></span> <span class='ocrx_word' id='word_1_234' title='bbox 1369 1065 1533 1094; x_wconf 83' lang='lat' dir='ltr'><strong>confessoris</strong></span> <span class='ocrx_word' id='word_1_235' title='bbox 1550 1074 1654 1097; x_wconf 79' lang='lat' dir='ltr'><strong>vocem,</strong></span> <span class='ocrx_word' id='word_1_236' title='bbox 1666 1075 1743 1093; x_wconf 88' lang='lat' dir='ltr'><strong>mcu-</strong></span> 
     </span>
    </p>
   </div>
   <div class='ocr_carea' id='block_1_39' title="bbox 953 1110 1743 1147">
    <p class='ocr_par' dir='ltr' id='par_1_39' title="bbox 953 1110 1743 1147">
     <span class='ocr_line' id='line_1_39' title="bbox 953 1110 1743 1147; baseline -0.005 -7"><span class='ocrx_word' id='word_1_237' title='bbox 953 1115 1008 1140; x_wconf 79' lang='lat' dir='ltr'><strong>tem</strong></span> <span class='ocrx_word' id='word_1_238' title='bbox 1020 1131 1028 1144; x_wconf 85' lang='lat'><strong>,</strong></span> <span class='ocrx_word' id='word_1_239' title='bbox 1053 1111 1172 1147; x_wconf 88' lang='lat' dir='ltr'><strong>linguam</strong></span> <span class='ocrx_word' id='word_1_240' title='bbox 1197 1115 1225 1138; x_wconf 89' lang='lat' dir='ltr'><strong>et</strong></span> <span class='ocrx_word' id='word_1_241' title='bbox 1261 1111 1464 1139; x_wconf 72' lang='lat' dir='ltr'><strong>conscientiam.</strong></span> <span class='ocrx_word' id='word_1_242' title='bbox 1478 1110 1658 1138; x_wconf 79' lang='lat' dir='ltr'><strong>Crebrescunt</strong></span> <span class='ocrx_word' id='word_1_243' title='bbox 1672 1110 1743 1137; x_wconf 88' lang='lat' dir='ltr'><strong>enim</strong></span> 
     </span>
    </p>
   </div>
   <div class='ocr_carea' id='block_1_40' title="bbox 954 1155 1744 1192">
    <p class='ocr_par' dir='ltr' id='par_1_40' title="bbox 954 1155 1744 1192">
     <span class='ocr_line' id='line_1_40' title="bbox 954 1155 1744 1192; baseline -0.004 -8"><span class='ocrx_word' id='word_1_244' title='bbox 954 1156 1079 1192; x_wconf 75' lang='lat' dir='ltr'><strong>quotidie</strong></span> <span class='ocrx_word' id='word_1_245' title='bbox 1101 1155 1246 1189; x_wconf 77' lang='lat' dir='ltr'><strong>mirabilia,</strong></span> <span class='ocrx_word' id='word_1_246' title='bbox 1262 1163 1312 1184; x_wconf 86' lang='lat' dir='ltr'><strong>nec</strong></span> <span class='ocrx_word' id='word_1_247' title='bbox 1334 1157 1481 1190; x_wconf 81' lang='lat' dir='ltr'><strong>requiescit</strong></span> <span class='ocrx_word' id='word_1_248' title='bbox 1505 1155 1626 1190; x_wconf 82' lang='lat' dir='ltr'><strong>Spiritus</strong></span> <span class='ocrx_word' id='word_1_249' title='bbox 1650 1156 1696 1182; x_wconf 87' lang='lat' dir='ltr'><strong>Dei</strong></span> <span class='ocrx_word' id='word_1_250' title='bbox 1711 1155 1744 1181; x_wconf 91' lang='lat' dir='ltr'><strong>ad</strong></span> 
     </span>
    </p>
   </div>
   <div class='ocr_carea' id='block_1_41' title="bbox 950 1200 1745 1231">
    <p class='ocr_par' dir='ltr' id='par_1_41' title="bbox 950 1200 1745 1231">
     <span class='ocr_line' id='line_1_41' title="bbox 950 1200 1745 1231; baseline -0.006 0"><span class='ocrx_word' id='word_1_251' title='bbox 950 1203 1114 1231; x_wconf 69' lang='lat' dir='ltr'><strong>memoriam</strong></span> <span class='ocrx_word' id='word_1_252' title='bbox 1128 1202 1223 1229; x_wconf 88' lang='lat' dir='ltr'><strong>militis</strong></span> <span class='ocrx_word' id='word_1_253' title='bbox 1235 1202 1277 1229; x_wconf 89' lang='lat' dir='ltr'><strong>sui</strong></span> <span class='ocrx_word' id='word_1_254' title='bbox 1290 1209 1336 1229; x_wconf 84' lang='lat' dir='ltr'><strong>sua</strong></span> <span class='ocrx_word' id='word_1_255' title='bbox 1357 1202 1516 1229; x_wconf 86' lang='lat' dir='ltr'><strong>continuare</strong></span> <span class='ocrx_word' id='word_1_256' title='bbox 1527 1201 1668 1228; x_wconf 79' lang='lat' dir='ltr'><strong>miracula.</strong></span> <span class='ocrx_word' id='word_1_257' title='bbox 1683 1200 1745 1227; x_wconf 85' lang='lat' dir='ltr'><strong>Glo-</strong></span> 
     </span>
    </p>
   </div>
   <div class='ocr_carea' id='block_1_42' title="bbox 949 1246 1745 1278">
    <p class='ocr_par' dir='ltr' id='par_1_42' title="bbox 949 1246 1745 1278">
     <span class='ocr_line' id='line_1_42' title="bbox 949 1246 1745 1278; baseline -0.001 -3"><span class='ocrx_word' id='word_1_258' title='bbox 949 1247 1078 1275; x_wconf 26' lang='lat' dir='ltr'><strong>Iriflcatur</strong></span> <span class='ocrx_word' id='word_1_259' title='bbox 1102 1247 1129 1274; x_wconf 87' lang='lat' dir='ltr'><strong>in</strong></span> <span class='ocrx_word' id='word_1_260' title='bbox 1160 1247 1239 1278; x_wconf 89' lang='lat' dir='ltr'><strong>mari,</strong></span> <span class='ocrx_word' id='word_1_261' title='bbox 1263 1246 1391 1273; x_wconf 81' lang='lat' dir='ltr'><strong>laudatur</strong></span> <span class='ocrx_word' id='word_1_262' title='bbox 1414 1247 1441 1273; x_wconf 90' lang='lat' dir='ltr'><strong>iu</strong></span> <span class='ocrx_word' id='word_1_263' title='bbox 1466 1251 1550 1277; x_wconf 89' lang='lat' dir='ltr'><strong>terra,</strong></span> <span class='ocrx_word' id='word_1_264' title='bbox 1579 1247 1604 1273; x_wconf 92' lang='lat' dir='ltr'><strong>in</strong></span> <span class='ocrx_word' id='word_1_265' title='bbox 1620 1248 1745 1274; x_wconf 76' lang='lat' dir='ltr'><strong>omnibus</strong></span> 
     </span>
    </p>
   </div>
   <div class='ocr_carea' id='block_1_43' title="bbox 953 1291 1745 1328">
    <p class='ocr_par' dir='ltr' id='par_1_43' title="bbox 953 1291 1745 1328">
     <span class='ocr_line' id='line_1_43' title="bbox 953 1291 1745 1328; baseline -0.001 -9"><span class='ocrx_word' id='word_1_266' title='bbox 953 1291 1084 1328; x_wconf 80' lang='lat' dir='ltr'><strong>periculis</strong></span> <span class='ocrx_word' id='word_1_267' title='bbox 1098 1291 1249 1319; x_wconf 88' lang='lat' dir='ltr'><strong>invocatur.</strong></span> <span class='ocrx_word' id='word_1_268' title='bbox 1262 1291 1383 1327; x_wconf 86' lang='lat' dir='ltr'><strong>Denique</strong></span> <span class='ocrx_word' id='word_1_269' title='bbox 1398 1300 1408 1316; x_wconf 80' lang='grc' dir='ltr'>ι</span> <span class='ocrx_word' id='word_1_270' title='bbox 1425 1291 1477 1324; x_wconf 85' lang='lat' dir='ltr'><strong>Qui</strong></span> <span class='ocrx_word' id='word_1_271' title='bbox 1490 1291 1660 1319; x_wconf 84' lang='lat' dir='ltr'><strong>descendunt</strong></span> <span class='ocrx_word' id='word_1_272' title='bbox 1670 1300 1745 1319; x_wconf 82' lang='lat' dir='ltr'><strong>mare</strong></span> 
     </span>
    </p>
   </div>
   <div class='ocr_carea' id='block_1_44' title="bbox 950 1337 1744 1373">
    <p class='ocr_par' dir='ltr' id='par_1_44' title="bbox 950 1337 1744 1373">
     <span class='ocr_line' id='line_1_44' title="bbox 950 1337 1744 1373; baseline -0.001 -8"><span class='ocrx_word' id='word_1_273' title='bbox 950 1338 983 1366; x_wconf 78' lang='lat' dir='ltr'><strong>in</strong></span> <span class='ocrx_word' id='word_1_274' title='bbox 1007 1338 1120 1366; x_wconf 83' lang='lat' dir='ltr'><strong>navibus</strong></span> <span class='ocrx_word' id='word_1_275' title='bbox 1141 1337 1274 1365; x_wconf 77' lang='lat' dir='ltr'><strong>facientes</strong></span> <span class='ocrx_word' id='word_1_276' title='bbox 1296 1337 1481 1373; x_wconf 77' lang='lat' dir='ltr'><strong>operationem</strong></span> <span class='ocrx_word' id='word_1_277' title='bbox 1505 1337 1533 1365; x_wconf 92' lang='lat' dir='ltr'><strong>in</strong></span> <span class='ocrx_word' id='word_1_278' title='bbox 1551 1338 1630 1372; x_wconf 81' lang='lat' dir='ltr'><strong>aquis</strong></span> <span class='ocrx_word' id='word_1_279' title='bbox 1643 1338 1744 1370; x_wconf 86' lang='lat' dir='ltr'><strong>multis,</strong></span> 
     </span>
    </p>
   </div>
   <div class='ocr_carea' id='block_1_45' title="bbox 954 1383 1745 1419">
    <p class='ocr_par' dir='ltr' id='par_1_45' title="bbox 954 1383 1745 1419">
     <span class='ocr_line' id='line_1_45' title="bbox 954 1383 1745 1419; baseline -0.003 -7"><span class='ocrx_word' id='word_1_280' title='bbox 954 1383 1008 1419; x_wconf 86' lang='lat' dir='ltr'><strong>ipsi</strong></span> <span class='ocrx_word' id='word_1_281' title='bbox 1030 1383 1158 1412; x_wconf 85' lang='lat' dir='ltr'><strong>viderunt</strong></span> <span class='ocrx_word' id='word_1_282' title='bbox 1182 1390 1266 1418; x_wconf 84' lang='lat' dir='ltr'><strong>opera</strong></span> <span class='ocrx_word' id='word_1_283' title='bbox 1288 1383 1413 1415; x_wconf 81' lang='lat' dir='ltr'><strong>Domini,</strong></span> <span class='ocrx_word' id='word_1_284' title='bbox 1432 1387 1460 1410; x_wconf 89' lang='lat' dir='ltr'><strong>et</strong></span> <span class='ocrx_word' id='word_1_285' title='bbox 1482 1383 1614 1410; x_wconf 86' lang='lat' dir='ltr'><strong>mirabilia</strong></span> <span class='ocrx_word' id='word_1_286' title='bbox 1636 1383 1695 1416; x_wconf 74' lang='lat' dir='ltr'><strong>ejus</strong></span> <span class='ocrx_word' id='word_1_287' title='bbox 1717 1384 1745 1410; x_wconf 90' lang='lat' dir='ltr'><strong>in</strong></span> 
     </span>
    </p>
   </div>
   <div class='ocr_carea' id='block_1_46' title="bbox 951 1427 1744 1464">
    <p class='ocr_par' dir='ltr' id='par_1_46' title="bbox 951 1427 1744 1464">
     <span class='ocr_line' id='line_1_46' title="bbox 951 1427 1744 1464; baseline -0.001 -9"><span class='ocrx_word' id='word_1_288' title='bbox 951 1427 1089 1464; x_wconf 71' lang='lat' dir='ltr'><strong>profundo</strong></span> <span class='ocrx_word' id='word_1_289' title='bbox 1112 1428 1190 1464; x_wconf 67' lang='lat' dir='ltr'><strong>(Prol</strong></span> <span class='ocrx_word' id='word_1_290' title='bbox 1202 1429 1269 1463; x_wconf 83' lang='lat' dir='ltr'><strong>cvi).</strong></span> <span class='ocrx_word' id='word_1_291' title='bbox 1287 1438 1296 1454; x_wconf 83' lang='lat' dir='ltr'><strong>I</strong></span> <span class='ocrx_word' id='word_1_292' title='bbox 1322 1427 1375 1463; x_wconf 85' lang='lat' dir='ltr'><strong>Ipsi</strong></span> <span class='ocrx_word' id='word_1_293' title='bbox 1389 1429 1515 1459; x_wconf 82' lang='lat' dir='ltr'><strong>viderunt</strong></span> <span class='ocrx_word' id='word_1_294' title='bbox 1529 1435 1611 1463; x_wconf 82' lang='lat' dir='ltr'><strong>opera</strong></span> <span class='ocrx_word' id='word_1_295' title='bbox 1628 1428 1744 1461; x_wconf 81' lang='lat' dir='ltr'><strong>Domini,</strong></span> 
     </span>
    </p>
   </div>
   <div class='ocr_carea' id='block_1_47' title="bbox 953 1473 1619 1509">
    <p class='ocr_par' dir='ltr' id='par_1_47' title="bbox 953 1473 1619 1509">
     <span class='ocr_line' id='line_1_47' title="bbox 953 1473 1619 1509; baseline 0 -8"><span class='ocrx_word' id='word_1_296' title='bbox 953 1478 982 1501; x_wconf 85' lang='lat' dir='ltr'><strong>et</strong></span> <span class='ocrx_word' id='word_1_297' title='bbox 997 1473 1101 1501; x_wconf 81' lang='lat' dir='ltr'><strong>Nicolai</strong></span> <span class='ocrx_word' id='word_1_298' title='bbox 1120 1481 1170 1509; x_wconf 87' lang='lat' dir='ltr'><strong>per</strong></span> <span class='ocrx_word' id='word_1_299' title='bbox 1185 1475 1269 1502; x_wconf 88' lang='lat' dir='ltr'><strong>Deum</strong></span> <span class='ocrx_word' id='word_1_300' title='bbox 1285 1474 1416 1502; x_wconf 86' lang='lat' dir='ltr'><strong>miracula</strong></span> <span class='ocrx_word' id='word_1_301' title='bbox 1433 1474 1459 1502; x_wconf 92' lang='lat' dir='ltr'><strong>in</strong></span> <span class='ocrx_word' id='word_1_302' title='bbox 1474 1474 1619 1509; x_wconf 89' lang='lat' dir='ltr'><strong>profundo.</strong></span> 
     </span>
    </p>
   </div>
   <div class='ocr_carea' id='block_1_48' title="bbox 989 1517 1745 1555">
    <p class='ocr_par' dir='ltr' id='par_1_48' title="bbox 989 1517 1745 1555">
     <span class='ocr_line' id='line_1_48' title="bbox 989 1517 1745 1555; baseline 0.001 -9"><span class='ocrx_word' id='word_1_303' title='bbox 989 1517 1084 1546; x_wconf 79' lang='lat' dir='ltr'><strong>Nonne</strong></span> <span class='ocrx_word' id='word_1_304' title='bbox 1099 1523 1160 1554; x_wconf 86' lang='lat' dir='ltr'><strong>post</strong></span> <span class='ocrx_word' id='word_1_305' title='bbox 1174 1519 1333 1546; x_wconf 86' lang='lat' dir='ltr'><strong>memoriam</strong></span> <span class='ocrx_word' id='word_1_306' title='bbox 1346 1519 1472 1554; x_wconf 81' lang='lat' dir='ltr'><strong>virginis,</strong></span> <span class='ocrx_word' id='word_1_307' title='bbox 1489 1524 1543 1546; x_wconf 88' lang='lat' dir='ltr'><strong>tam</strong></span> <span class='ocrx_word' id='word_1_308' title='bbox 1559 1520 1644 1547; x_wconf 70' lang='lat' dir='ltr'><strong>dulcis</strong></span> <span class='ocrx_word' id='word_1_309' title='bbox 1661 1525 1745 1555; x_wconf 83' lang='lat' dir='ltr'><strong>pietas</strong></span> 
     </span>
    </p>
   </div>
   <div class='ocr_carea' id='block_1_49' title="bbox 954 1563 1745 1599">
    <p class='ocr_par' dir='ltr' id='par_1_49' title="bbox 954 1563 1745 1599">
     <span class='ocr_line' id='line_1_49' title="bbox 954 1563 1745 1599; baseline 0.001 -8"><span class='ocrx_word' id='word_1_310' title='bbox 954 1563 997 1592; x_wconf 91' lang='lat' dir='ltr'><strong>vel</strong></span> <span class='ocrx_word' id='word_1_311' title='bbox 1011 1565 1053 1599; x_wconf 91' lang='lat' dir='ltr'><strong>pia</strong></span> <span class='ocrx_word' id='word_1_312' title='bbox 1070 1564 1185 1593; x_wconf 89' lang='lat' dir='ltr'><strong>dulcedo</strong></span> <span class='ocrx_word' id='word_1_313' title='bbox 1205 1565 1232 1592; x_wconf 92' lang='lat' dir='ltr'><strong>in</strong></span> <span class='ocrx_word' id='word_1_314' title='bbox 1253 1565 1381 1593; x_wconf 88' lang='lat' dir='ltr'><strong>cordibus</strong></span> <span class='ocrx_word' id='word_1_315' title='bbox 1402 1565 1519 1593; x_wconf 72' lang='lat' dir='ltr'><strong>ﬁdelium</strong></span> <span class='ocrx_word' id='word_1_316' title='bbox 1541 1565 1701 1593; x_wconf 82' lang='lat' dir='ltr'><strong>obversatur</strong></span> <span class='ocrx_word' id='word_1_317' title='bbox 1716 1571 1745 1592; x_wconf 81' lang='lat' dir='ltr'><strong>ut</strong></span> 
     </span>
    </p>
   </div>
   <div class='ocr_carea' id='block_1_50' title="bbox 955 1597 1780 1644">
    <p class='ocr_par' dir='ltr' id='par_1_50' title="bbox 955 1597 1780 1644">
     <span class='ocr_line' id='line_1_50' title="bbox 955 1597 1780 1644; baseline 0.001 -6"><span class='ocrx_word' id='word_1_318' title='bbox 955 1611 984 1639; x_wconf 85' lang='lat' dir='ltr'><strong>in</strong></span> <span class='ocrx_word' id='word_1_319' title='bbox 997 1611 1041 1639; x_wconf 89' lang='lat' dir='ltr'><strong>die</strong></span> <span class='ocrx_word' id='word_1_320' title='bbox 1066 1611 1249 1639; x_wconf 86' lang='lat' dir='ltr'><strong>tribulationis</strong></span> <span class='ocrx_word' id='word_1_321' title='bbox 1259 1611 1361 1639; x_wconf 83' lang='lat' dir='ltr'><strong>Nicolai</strong></span> <span class='ocrx_word' id='word_1_322' title='bbox 1382 1619 1477 1639; x_wconf 86' lang='lat' dir='ltr'><strong>nomen</strong></span> <span class='ocrx_word' id='word_1_323' title='bbox 1503 1617 1626 1640; x_wconf 85' lang='lat' dir='ltr'><strong>teneatur</strong></span> <span class='ocrx_word' id='word_1_324' title='bbox 1640 1612 1667 1639; x_wconf 91' lang='lat' dir='ltr'><strong>in</strong></span> <span class='ocrx_word' id='word_1_325' title='bbox 1685 1620 1743 1644; x_wconf 81' lang='lat' dir='ltr'><strong>me,</strong></span> <span class='ocrx_word' id='word_1_326' title='bbox 1757 1597 1780 1629; x_wconf 67' lang='grc' dir='ltr'><strong>ο</strong></span> 
     </span>
    </p>
   </div>
   <div class='ocr_carea' id='block_1_51' title="bbox 955 1656 1746 1693">
    <p class='ocr_par' dir='ltr' id='par_1_51' title="bbox 955 1656 1746 1693">
     <span class='ocr_line' id='line_1_51' title="bbox 955 1656 1746 1693; baseline 0.001 -10"><span class='ocrx_word' id='word_1_327' title='bbox 955 1657 1109 1692; x_wconf 83' lang='lat' dir='ltr'><strong>requiescat</strong></span> <span class='ocrx_word' id='word_1_328' title='bbox 1129 1657 1156 1684; x_wconf 95' lang='lat' dir='ltr'><strong>in</strong></span> <span class='ocrx_word' id='word_1_329' title='bbox 1173 1658 1264 1685; x_wconf 89' lang='lat' dir='ltr'><strong>corde.</strong></span> <span class='ocrx_word' id='word_1_330' title='bbox 1284 1656 1314 1685; x_wconf 89' lang='lat' dir='ltr'><strong>Si</strong></span> <span class='ocrx_word' id='word_1_331' title='bbox 1333 1658 1535 1685; x_wconf 83' lang='lat' dir='ltr'><strong>coruscationcs</strong></span> <span class='ocrx_word' id='word_1_332' title='bbox 1557 1657 1694 1693; x_wconf 73' lang='lat' dir='ltr'><strong>fulgurant</strong></span> <span class='ocrx_word' id='word_1_333' title='bbox 1718 1662 1746 1684; x_wconf 85' lang='lat' dir='ltr'><strong>et</strong></span> 
     </span>
    </p>
   </div>
   <div class='ocr_carea' id='block_1_52' title="bbox 954 1703 1746 1739">
    <p class='ocr_par' dir='ltr' id='par_1_52' title="bbox 954 1703 1746 1739">
     <span class='ocr_line' id='line_1_52' title="bbox 954 1703 1746 1739; baseline -0.001 -8"><span class='ocrx_word' id='word_1_334' title='bbox 954 1703 1082 1739; x_wconf 79' lang='lat' dir='ltr'><strong>procellis</strong></span> <span class='ocrx_word' id='word_1_335' title='bbox 1096 1703 1290 1731; x_wconf 87' lang='lat' dir='ltr'><strong>detouantibus</strong></span> <span class='ocrx_word' id='word_1_336' title='bbox 1306 1711 1322 1730; x_wconf 91' lang='lat' dir='ltr'><strong>a</strong></span> <span class='ocrx_word' id='word_1_337' title='bbox 1339 1704 1463 1738; x_wconf 87' lang='lat' dir='ltr'><strong>supernis</strong></span> <span class='ocrx_word' id='word_1_338' title='bbox 1481 1703 1598 1731; x_wconf 81' lang='lat' dir='ltr'><strong>vindicta</strong></span> <span class='ocrx_word' id='word_1_339' title='bbox 1613 1703 1746 1738; x_wconf 85' lang='lat' dir='ltr'><strong>procedit,</strong></span> 
     </span>
    </p>
   </div>
   <div class='ocr_carea' id='block_1_53' title="bbox 955 1747 1747 1784">
    <p class='ocr_par' dir='ltr' id='par_1_53' title="bbox 955 1747 1747 1784">
     <span class='ocr_line' id='line_1_53' title="bbox 955 1747 1747 1784; baseline 0.003 -8"><span class='ocrx_word' id='word_1_340' title='bbox 955 1747 1083 1777; x_wconf 82' lang='lat' dir='ltr'><strong>Nicotaus</strong></span> <span class='ocrx_word' id='word_1_341' title='bbox 1107 1750 1135 1777; x_wconf 88' lang='lat' dir='ltr'><strong>in</strong></span> <span class='ocrx_word' id='word_1_342' title='bbox 1160 1754 1306 1784; x_wconf 88' lang='lat' dir='ltr'><strong>patronum</strong></span> <span class='ocrx_word' id='word_1_343' title='bbox 1320 1750 1468 1777; x_wconf 80' lang='lat' dir='ltr'><strong>assumitur</strong></span> <span class='ocrx_word' id='word_1_344' title='bbox 1490 1750 1618 1778; x_wconf 81' lang='lat' dir='ltr'><strong>Nieolaus</strong></span> <span class='ocrx_word' id='word_1_345' title='bbox 1632 1750 1747 1778; x_wconf 90' lang='lat' dir='ltr'><strong>dulciter</strong></span> 
     </span>
    </p>
   </div>
   <div class='ocr_carea' id='block_1_54' title="bbox 957 1792 1748 1830">
    <p class='ocr_par' dir='ltr' id='par_1_54' title="bbox 957 1792 1748 1830">
     <span class='ocr_line' id='line_1_54' title="bbox 957 1792 1748 1830; baseline 0 -8"><span class='ocrx_word' id='word_1_346' title='bbox 957 1792 1127 1823; x_wconf 87' lang='lat' dir='ltr'><strong>inclamatur.</strong></span> <span class='ocrx_word' id='word_1_347' title='bbox 1143 1795 1172 1822; x_wconf 89' lang='lat' dir='ltr'><strong>Si</strong></span> <span class='ocrx_word' id='word_1_348' title='bbox 1185 1799 1332 1830; x_wconf 79' lang='lat' dir='ltr'><strong>tempestas</strong></span> <span class='ocrx_word' id='word_1_349' title='bbox 1343 1796 1458 1822; x_wconf 63' lang='lat' dir='ltr'><strong>steviens</strong></span> <span class='ocrx_word' id='word_1_350' title='bbox 1468 1799 1495 1822; x_wconf 88' lang='lat' dir='ltr'><strong>et</strong></span> <span class='ocrx_word' id='word_1_351' title='bbox 1509 1795 1654 1822; x_wconf 86' lang='lat' dir='ltr'><strong>crudelitas</strong></span> <span class='ocrx_word' id='word_1_352' title='bbox 1665 1795 1748 1822; x_wconf 87' lang='lat' dir='ltr'><strong>maris</strong></span> 
     </span>
    </p>
   </div>
   <div class='ocr_carea' id='block_1_55' title="bbox 957 1840 1748 1875">
    <p class='ocr_par' dir='ltr' id='par_1_55' title="bbox 957 1840 1748 1875">
     <span class='ocr_line' id='line_1_55' title="bbox 957 1840 1748 1875; baseline 0 -7"><span class='ocrx_word' id='word_1_353' title='bbox 957 1840 1146 1875; x_wconf 71' lang='lat' dir='ltr'><strong>navigantibus</strong></span> <span class='ocrx_word' id='word_1_354' title='bbox 1166 1844 1280 1868; x_wconf 87' lang='lat' dir='ltr'><strong>mortem</strong></span> <span class='ocrx_word' id='word_1_355' title='bbox 1301 1840 1447 1867; x_wconf 87' lang='lat' dir='ltr'><strong>intentant.</strong></span> <span class='ocrx_word' id='word_1_356' title='bbox 1472 1840 1600 1868; x_wconf 82' lang='lat' dir='ltr'><strong>Nicolaus</strong></span> <span class='ocrx_word' id='word_1_357' title='bbox 1622 1840 1748 1868; x_wconf 80' lang='lat' dir='ltr'><strong>ﬂebiliter</strong></span> 
     </span>
    </p>
   </div>
   <div class='ocr_carea' id='block_1_56' title="bbox 956 1879 1745 1923">
    <p class='ocr_par' dir='ltr' id='par_1_56' title="bbox 956 1879 1745 1923">
     <span class='ocr_line' id='line_1_56' title="bbox 956 1879 1745 1923; baseline -0.003 -9"><span class='ocrx_word' id='word_1_358' title='bbox 956 1879 1096 1919; x_wconf 75' lang='lat' dir='ltr'><strong>exoratur,</strong></span> <span class='ocrx_word' id='word_1_359' title='bbox 1108 1891 1138 1914; x_wconf 92' lang='lat' dir='ltr'><strong>ut</strong></span> <span class='ocrx_word' id='word_1_360' title='bbox 1149 1887 1258 1920; x_wconf 87' lang='lat' dir='ltr'><strong>audiat;</strong></span> <span class='ocrx_word' id='word_1_361' title='bbox 1270 1886 1430 1923; x_wconf 84' lang='lat' dir='ltr'><strong>suppliciter</strong></span> <span class='ocrx_word' id='word_1_362' title='bbox 1441 1879 1592 1919; x_wconf 87' lang='lat' dir='ltr'><strong>invocatur,</strong></span> <span class='ocrx_word' id='word_1_363' title='bbox 1601 1890 1630 1913; x_wconf 89' lang='lat' dir='ltr'><strong>ut</strong></span> <span class='ocrx_word' id='word_1_364' title='bbox 1642 1886 1745 1920; x_wconf 83' lang='lat' dir='ltr'><strong>veniat;</strong></span> 
     </span>
    </p>
   </div>
   <div class='ocr_carea' id='block_1_57' title="bbox 951 1928 1749 1967">
    <p class='ocr_par' dir='ltr' id='par_1_57' title="bbox 951 1928 1749 1967">
     <span class='ocr_line' id='line_1_57' title="bbox 951 1928 1749 1967; baseline 0 -8"><span class='ocrx_word' id='word_1_365' title='bbox 951 1936 989 1964; x_wconf 32' lang='lat' dir='ltr'><strong>,ut</strong></span> <span class='ocrx_word' id='word_1_366' title='bbox 1005 1937 1080 1959; x_wconf 84' lang='lat' dir='ltr'><strong>emat</strong></span> <span class='ocrx_word' id='word_1_367' title='bbox 1096 1952 1104 1964; x_wconf 91' lang='lat'><strong>,</strong></span> <span class='ocrx_word' id='word_1_368' title='bbox 1125 1928 1338 1960; x_wconf 79' lang='lat' dir='ltr'><strong>misericorditer</strong></span> <span class='ocrx_word' id='word_1_369' title='bbox 1364 1932 1538 1959; x_wconf 84' lang='lat' dir='ltr'><strong>acclamatur.</strong></span> <span class='ocrx_word' id='word_1_370' title='bbox 1555 1931 1583 1959; x_wconf 88' lang='lat' dir='ltr'><strong>Si</strong></span> <span class='ocrx_word' id='word_1_371' title='bbox 1609 1932 1749 1967; x_wconf 83' lang='lat' dir='ltr'><strong>pulsamur</strong></span> 
     </span>
    </p>
   </div>
   <div class='ocr_carea' id='block_1_58' title="bbox 955 1974 1749 2010">
    <p class='ocr_par' dir='ltr' id='par_1_58' title="bbox 955 1974 1749 2010">
     <span class='ocr_line' id='line_1_58' title="bbox 955 1974 1749 2010; baseline -0.001 -5"><span class='ocrx_word' id='word_1_372' title='bbox 955 1974 1154 2010; x_wconf 76' lang='lat' dir='ltr'><strong>incommodis,</strong></span> <span class='ocrx_word' id='word_1_373' title='bbox 1188 1977 1231 2005; x_wconf 92' lang='lat' dir='ltr'><strong>vel</strong></span> <span class='ocrx_word' id='word_1_374' title='bbox 1259 1976 1429 2005; x_wconf 82' lang='lat' dir='ltr'><strong>olfendiculis</strong></span> <span class='ocrx_word' id='word_1_375' title='bbox 1455 1977 1627 2010; x_wconf 86' lang='lat' dir='ltr'><strong>indolemus,</strong></span> <span class='ocrx_word' id='word_1_376' title='bbox 1655 1978 1749 2004; x_wconf 87' lang='lat' dir='ltr'><strong>statim</strong></span> 
     </span>
    </p>
   </div>
   <div class='ocr_carea' id='block_1_59' title="bbox 958 2022 1750 2058">
    <p class='ocr_par' dir='ltr' id='par_1_59' title="bbox 958 2022 1750 2058">
     <span class='ocr_line' id='line_1_59' title="bbox 958 2022 1750 2058; baseline 0 -7"><span class='ocrx_word' id='word_1_377' title='bbox 958 2028 1082 2051; x_wconf 88' lang='lat' dir='ltr'><strong>sanctum</strong></span> <span class='ocrx_word' id='word_1_378' title='bbox 1109 2031 1207 2051; x_wconf 89' lang='lat' dir='ltr'><strong>nomen</strong></span> <span class='ocrx_word' id='word_1_379' title='bbox 1224 2022 1333 2058; x_wconf 87' lang='lat' dir='ltr'><strong>prosilit</strong></span> <span class='ocrx_word' id='word_1_380' title='bbox 1359 2023 1387 2050; x_wconf 92' lang='lat' dir='ltr'><strong>in</strong></span> <span class='ocrx_word' id='word_1_381' title='bbox 1408 2030 1439 2051; x_wconf 86' lang='lat' dir='ltr'><strong>os</strong></span> <span class='ocrx_word' id='word_1_382' title='bbox 1464 2023 1750 2056; x_wconf 73' lang='lat' dir='ltr'><strong>nostrum,.Nicolaus</strong></span> 
     </span>
    </p>
   </div>
   <div class='ocr_carea' id='block_1_60' title="bbox 961 2068 1637 2104">
    <p class='ocr_par' dir='ltr' id='par_1_60' title="bbox 961 2068 1637 2104">
     <span class='ocr_line' id='line_1_60' title="bbox 961 2068 1637 2104; baseline 0.001 -9"><span class='ocrx_word' id='word_1_383' title='bbox 961 2068 1152 2103; x_wconf 83' lang='lat' dir='ltr'><strong>lngeminatur,</strong></span> <span class='ocrx_word' id='word_1_384' title='bbox 1171 2068 1353 2104; x_wconf 81' lang='lat' dir='ltr'><strong>patrocinium</strong></span> <span class='ocrx_word' id='word_1_385' title='bbox 1372 2069 1504 2104; x_wconf 66' lang='lat' dir='ltr'><strong>quaeritur</strong></span> <span class='ocrx_word' id='word_1_386' title='bbox 1523 2069 1637 2097; x_wconf 85' lang='lat' dir='ltr'><strong>Nicolai.</strong></span> 
     </span>
    </p>
   </div>
   <div class='ocr_carea' id='block_1_61' title="bbox 995 2113 1750 2150">
    <p class='ocr_par' dir='ltr' id='par_1_61' title="bbox 995 2113 1750 2150">
     <span class='ocr_line' id='line_1_61' title="bbox 995 2113 1750 2150; baseline 0 -9"><span class='ocrx_word' id='word_1_387' title='bbox 995 2113 1035 2142; x_wconf 81' lang='lat' dir='ltr'><strong>Ne</strong></span> <span class='ocrx_word' id='word_1_388' title='bbox 1056 2114 1158 2149; x_wconf 83' lang='lat' dir='ltr'><strong>putetis</strong></span> <span class='ocrx_word' id='word_1_389' title='bbox 1177 2118 1267 2142; x_wconf 82' lang='lat' dir='ltr'><strong>autem</strong></span> <span class='ocrx_word' id='word_1_390' title='bbox 1286 2121 1329 2141; x_wconf 88' lang='lat' dir='ltr'><strong>me</strong></span> <span class='ocrx_word' id='word_1_391' title='bbox 1342 2114 1533 2142; x_wconf 83' lang='lat' dir='ltr'><strong>declamatorie</strong></span> <span class='ocrx_word' id='word_1_392' title='bbox 1548 2114 1631 2150; x_wconf 88' lang='lat' dir='ltr'><strong>loqui,</strong></span> <span class='ocrx_word' id='word_1_393' title='bbox 1646 2114 1688 2142; x_wconf 85' lang='lat' dir='ltr'><strong>vel</strong></span> <span class='ocrx_word' id='word_1_394' title='bbox 1705 2122 1750 2141; x_wconf 58' lang='lat' dir='ltr'><strong>ve.</strong></span> 
     </span>
    </p>
   </div>
   <div class='ocr_carea' id='block_1_62' title="bbox 961 2160 1749 2195">
    <p class='ocr_par' dir='ltr' id='par_1_62' title="bbox 961 2160 1749 2195">
     <span class='ocr_line' id='line_1_62' title="bbox 961 2160 1749 2195; baseline 0.001 -9"><span class='ocrx_word' id='word_1_395' title='bbox 961 2164 1068 2187; x_wconf 89' lang='lat' dir='ltr'><strong>nustate</strong></span> <span class='ocrx_word' id='word_1_396' title='bbox 1089 2160 1225 2187; x_wconf 85' lang='lat' dir='ltr'><strong>rhetorica</strong></span> <span class='ocrx_word' id='word_1_397' title='bbox 1249 2160 1392 2187; x_wconf 84' lang='lat' dir='ltr'><strong>verborum</strong></span> <span class='ocrx_word' id='word_1_398' title='bbox 1414 2167 1543 2195; x_wconf 84' lang='lat' dir='ltr'><strong>aggerare</strong></span> <span class='ocrx_word' id='word_1_399' title='bbox 1566 2160 1749 2195; x_wconf 83' lang='lat' dir='ltr'><strong>splendorem,</strong></span> 
     </span>
    </p>
   </div>
   <div class='ocr_carea' id='block_1_63' title="bbox 961 2204 1751 2235">
    <p class='ocr_par' dir='ltr' id='par_1_63' title="bbox 961 2204 1751 2235">
     <span class='ocr_line' id='line_1_63' title="bbox 961 2204 1751 2235; baseline 0 -3"><span class='ocrx_word' id='word_1_400' title='bbox 961 2213 1024 2233; x_wconf 87' lang='lat' dir='ltr'><strong>cum</strong></span> <span class='ocrx_word' id='word_1_401' title='bbox 1039 2210 1111 2232; x_wconf 89' lang='lat' dir='ltr'><strong>totus</strong></span> <span class='ocrx_word' id='word_1_402' title='bbox 1122 2205 1239 2232; x_wconf 88' lang='lat' dir='ltr'><strong>mundus</strong></span> <span class='ocrx_word' id='word_1_403' title='bbox 1255 2205 1385 2232; x_wconf 84' lang='lat' dir='ltr'><strong>beneficia</strong></span> <span class='ocrx_word' id='word_1_404' title='bbox 1401 2205 1500 2232; x_wconf 86' lang='lat' dir='ltr'><strong>sentiat</strong></span> <span class='ocrx_word' id='word_1_405' title='bbox 1513 2204 1688 2235; x_wconf 74' lang='lat' dir='ltr'><strong>confessoris.</strong></span> <span class='ocrx_word' id='word_1_406' title='bbox 1701 2213 1751 2232; x_wconf 81' lang='lat' dir='ltr'><strong>nec</strong></span> 
     </span>
    </p>
   </div>
   <div class='ocr_carea' id='block_1_64' title="bbox 963 2248 1750 2284">
    <p class='ocr_par' dir='ltr' id='par_1_64' title="bbox 963 2248 1750 2284">
     <span class='ocr_line' id='line_1_64' title="bbox 963 2248 1750 2284; baseline 0 -7"><span class='ocrx_word' id='word_1_407' title='bbox 963 2250 1001 2277; x_wconf 89' lang='lat' dir='ltr'><strong>sit</strong></span> <span class='ocrx_word' id='word_1_408' title='bbox 1014 2250 1060 2284; x_wconf 90' lang='lat' dir='ltr'><strong>qui</strong></span> <span class='ocrx_word' id='word_1_409' title='bbox 1075 2257 1105 2276; x_wconf 88' lang='lat' dir='ltr'><strong>se</strong></span> <span class='ocrx_word' id='word_1_410' title='bbox 1118 2249 1268 2276; x_wconf 81' lang='lat' dir='ltr'><strong>abscondat</strong></span> <span class='ocrx_word' id='word_1_411' title='bbox 1283 2249 1318 2276; x_wconf 88' lang='lat' dir='ltr'><strong>ab</strong></span> <span class='ocrx_word' id='word_1_412' title='bbox 1335 2256 1428 2276; x_wconf 84' lang='lat' dir='ltr'><strong>amore</strong></span> <span class='ocrx_word' id='word_1_413' title='bbox 1439 2248 1507 2283; x_wconf 86' lang='lat' dir='ltr'><strong>ejus.</strong></span> <span class='ocrx_word' id='word_1_414' title='bbox 1524 2249 1552 2276; x_wconf 94' lang='lat' dir='ltr'><strong>ln</strong></span> <span class='ocrx_word' id='word_1_415' title='bbox 1566 2250 1750 2277; x_wconf 83' lang='lat' dir='ltr'><strong>testimonium</strong></span> 
     </span>
    </p>
   </div>
   <div class='ocr_carea' id='block_1_65' title="bbox 962 2295 1750 2330">
    <p class='ocr_par' dir='ltr' id='par_1_65' title="bbox 962 2295 1750 2330">
     <span class='ocr_line' id='line_1_65' title="bbox 962 2295 1750 2330; baseline 0 -7"><span class='ocrx_word' id='word_1_416' title='bbox 962 2300 1027 2323; x_wconf 85' lang='lat' dir='ltr'><strong>sunt</strong></span> <span class='ocrx_word' id='word_1_417' title='bbox 1050 2295 1280 2330; x_wconf 74' lang='lat' dir='ltr'><strong>peregrinationes</strong></span> <span class='ocrx_word' id='word_1_418' title='bbox 1307 2295 1341 2322; x_wconf 88' lang='lat' dir='ltr'><strong>ad</strong></span> <span class='ocrx_word' id='word_1_419' title='bbox 1364 2300 1489 2322; x_wconf 87' lang='lat' dir='ltr'><strong>sanctutn</strong></span> <span class='ocrx_word' id='word_1_420' title='bbox 1514 2295 1586 2322; x_wconf 83' lang='lat' dir='ltr'><strong>illius</strong></span> <span class='ocrx_word' id='word_1_421' title='bbox 1611 2303 1710 2330; x_wconf 91' lang='lat' dir='ltr'><strong>corpus</strong></span> <span class='ocrx_word' id='word_1_422' title='bbox 1735 2304 1750 2323; x_wconf 91' lang='lat' dir='ltr'><strong>a</strong></span> 
     </span>
    </p>
   </div>
   <div class='ocr_carea' id='block_1_66' title="bbox 964 2339 1750 2375">
    <p class='ocr_par' dir='ltr' id='par_1_66' title="bbox 964 2339 1750 2375">
     <span class='ocr_line' id='line_1_66' title="bbox 964 2339 1750 2375; baseline 0 -8"><span class='ocrx_word' id='word_1_423' title='bbox 964 2339 1062 2367; x_wconf 80' lang='lat' dir='ltr'><strong>finibus</strong></span> <span class='ocrx_word' id='word_1_424' title='bbox 1083 2345 1163 2367; x_wconf 78' lang='lat' dir='ltr'><strong>terrzn</strong></span> <span class='ocrx_word' id='word_1_425' title='bbox 1177 2343 1322 2374; x_wconf 65' lang='lat' dir='ltr'><strong>susceplm,</strong></span> <span class='ocrx_word' id='word_1_426' title='bbox 1341 2344 1371 2366; x_wconf 89' lang='lat' dir='ltr'><strong>ut</strong></span> <span class='ocrx_word' id='word_1_427' title='bbox 1392 2339 1534 2366; x_wconf 84' lang='lat' dir='ltr'><strong>videantur</strong></span> <span class='ocrx_word' id='word_1_428' title='bbox 1547 2347 1608 2374; x_wconf 81' lang='lat' dir='ltr'><strong>qua:</strong></span> <span class='ocrx_word' id='word_1_429' title='bbox 1625 2347 1673 2375; x_wconf 91' lang='lat' dir='ltr'><strong>per</strong></span> <span class='ocrx_word' id='word_1_430' title='bbox 1689 2348 1750 2367; x_wconf 89' lang='lat' dir='ltr'><strong>cum</strong></span> 
     </span>
    </p>
   </div>
   <div class='ocr_carea' id='block_1_67' title="bbox 965 2383 1750 2423">
    <p class='ocr_par' dir='ltr' id='par_1_67' title="bbox 965 2383 1750 2423">
     <span class='ocr_line' id='line_1_67' title="bbox 965 2383 1750 2423; baseline 0.003 -13"><span class='ocrx_word' id='word_1_431' title='bbox 965 2384 1033 2423; x_wconf 78' lang='lat' dir='ltr'><strong>fiunt</strong></span> <span class='ocrx_word' id='word_1_432' title='bbox 1058 2384 1201 2411; x_wconf 81' lang='lat' dir='ltr'><strong>mirabilia.</strong></span> <span class='ocrx_word' id='word_1_433' title='bbox 1218 2383 1274 2411; x_wconf 77' lang='lat' dir='ltr'><strong>Non</strong></span> <span class='ocrx_word' id='word_1_434' title='bbox 1289 2384 1376 2411; x_wconf 89' lang='lat' dir='ltr'><strong>solum</strong></span> <span class='ocrx_word' id='word_1_435' title='bbox 1400 2389 1490 2413; x_wconf 87' lang='lat' dir='ltr'><strong>autem</strong></span> <span class='ocrx_word' id='word_1_436' title='bbox 1505 2384 1680 2417; x_wconf 87' lang='lat' dir='ltr'><strong>Christianis,</strong></span> <span class='ocrx_word' id='word_1_437' title='bbox 1704 2385 1750 2412; x_wconf 74' lang='lat' dir='ltr'><strong>sed</strong></span> 
     </span>
    </p>
   </div>
   <div class='ocr_carea' id='block_1_68' title="bbox 965 2429 1752 2464">
    <p class='ocr_par' dir='ltr' id='par_1_68' title="bbox 965 2429 1752 2464">
     <span class='ocr_line' id='line_1_68' title="bbox 965 2429 1752 2464; baseline 0.004 -9"><span class='ocrx_word' id='word_1_438' title='bbox 965 2434 993 2456; x_wconf 85' lang='lat' dir='ltr'><strong>et</strong></span> <span class='ocrx_word' id='word_1_439' title='bbox 1007 2429 1118 2464; x_wconf 76' lang='lat' dir='ltr'><strong>paganis</strong></span> <span class='ocrx_word' id='word_1_440' title='bbox 1141 2430 1169 2456; x_wconf 87' lang='lat' dir='ltr'><strong>in</strong></span> <span class='ocrx_word' id='word_1_441' title='bbox 1192 2433 1295 2456; x_wconf 84' lang='lat' dir='ltr'><strong>tantam</strong></span> <span class='ocrx_word' id='word_1_442' title='bbox 1319 2430 1499 2458; x_wconf 81' lang='lat' dir='ltr'><strong>reverentiam</strong></span> <span class='ocrx_word' id='word_1_443' title='bbox 1522 2431 1608 2458; x_wconf 85' lang='lat' dir='ltr'><strong>sancti</strong></span> <span class='ocrx_word' id='word_1_444' title='bbox 1634 2431 1752 2458; x_wconf 64' lang='lat' dir='ltr'><strong>nominis</strong></span> 
     </span>
    </p>
   </div>
   <div class='ocr_carea' id='block_1_69' title="bbox 965 2475 1753 2511">
    <p class='ocr_par' dir='ltr' id='par_1_69' title="bbox 965 2475 1753 2511">
     <span class='ocr_line' id='line_1_69' title="bbox 965 2475 1753 2511; baseline 0.001 -8"><span class='ocrx_word' id='word_1_445' title='bbox 965 2475 1099 2511; x_wconf 88' lang='lat' dir='ltr'><strong>advolavit</strong></span> <span class='ocrx_word' id='word_1_446' title='bbox 1117 2476 1264 2503; x_wconf 82' lang='lat' dir='ltr'><strong>auctoritas</strong></span> <span class='ocrx_word' id='word_1_447' title='bbox 1285 2480 1316 2504; x_wconf 85' lang='lat' dir='ltr'><strong>ut</strong></span> <span class='ocrx_word' id='word_1_448' title='bbox 1331 2476 1456 2505; x_wconf 80' lang='lat' dir='ltr'><strong>certatim</strong></span> <span class='ocrx_word' id='word_1_449' title='bbox 1479 2477 1617 2504; x_wconf 80' lang='lat' dir='ltr'><strong>conﬂuant</strong></span> <span class='ocrx_word' id='word_1_450' title='bbox 1639 2477 1673 2504; x_wconf 87' lang='lat' dir='ltr'><strong>ad</strong></span> <span class='ocrx_word' id='word_1_451' title='bbox 1694 2477 1753 2504; x_wconf 84' lang='lat' dir='ltr'><strong>lau-</strong></span> 
     </span>
    </p>
   </div>
   <div class='ocr_carea' id='block_1_70' title="bbox 966 2519 1754 2557">
    <p class='ocr_par' dir='ltr' id='par_1_70' title="bbox 966 2519 1754 2557">
     <span class='ocr_line' id='line_1_70' title="bbox 966 2519 1754 2557; baseline 0.003 -10"><span class='ocrx_word' id='word_1_452' title='bbox 966 2521 1082 2548; x_wconf 88' lang='lat' dir='ltr'><strong>dandum</strong></span> <span class='ocrx_word' id='word_1_453' title='bbox 1091 2525 1119 2547; x_wconf 88' lang='lat' dir='ltr'><strong>et</strong></span> <span class='ocrx_word' id='word_1_454' title='bbox 1132 2519 1336 2555; x_wconf 83' lang='lat' dir='ltr'><strong>glorificaudum</strong></span> <span class='ocrx_word' id='word_1_455' title='bbox 1350 2528 1446 2548; x_wconf 89' lang='lat' dir='ltr'><strong>nomen</strong></span> <span class='ocrx_word' id='word_1_456' title='bbox 1459 2526 1582 2549; x_wconf 88' lang='lat' dir='ltr'><strong>sanctum</strong></span> <span class='ocrx_word' id='word_1_457' title='bbox 1597 2521 1665 2557; x_wconf 84' lang='lat' dir='ltr'><strong>ejus.</strong></span> <span class='ocrx_word' id='word_1_458' title='bbox 1681 2522 1754 2549; x_wconf 59' lang='lat' dir='ltr'><strong>Pitc-</strong></span> 
     </span>
    </p>
   </div>
   <div class='ocr_carea' id='block_1_71' title="bbox 965 2566 1752 2601">
    <p class='ocr_par' dir='ltr' id='par_1_71' title="bbox 965 2566 1752 2601">
     <span class='ocr_line' id='line_1_71' title="bbox 965 2566 1752 2601; baseline 0.004 -8"><span class='ocrx_word' id='word_1_459' title='bbox 965 2568 1045 2601; x_wconf 85' lang='lat' dir='ltr'><strong>cipuo</strong></span> <span class='ocrx_word' id='word_1_460' title='bbox 1067 2567 1237 2594; x_wconf 86' lang='lat' dir='ltr'><strong>sacerdotum</strong></span> <span class='ocrx_word' id='word_1_461' title='bbox 1261 2571 1289 2594; x_wconf 88' lang='lat' dir='ltr'><strong>et</strong></span> <span class='ocrx_word' id='word_1_462' title='bbox 1312 2566 1473 2594; x_wconf 86' lang='lat' dir='ltr'><strong>clericorum</strong></span> <span class='ocrx_word' id='word_1_463' title='bbox 1489 2568 1566 2595; x_wconf 88' lang='lat' dir='ltr'><strong>turba</strong></span> <span class='ocrx_word' id='word_1_464' title='bbox 1581 2573 1654 2595; x_wconf 88' lang='lat' dir='ltr'><strong>tanta</strong></span> <span class='ocrx_word' id='word_1_465' title='bbox 1670 2569 1752 2596; x_wconf 81' lang='lat' dir='ltr'><strong>devo-</strong></span> 
     </span>
    </p>
   </div>
   <div class='ocr_carea' id='block_1_72' title="bbox 968 2611 1752 2648">
    <p class='ocr_par' dir='ltr' id='par_1_72' title="bbox 968 2611 1752 2648">
     <span class='ocr_line' id='line_1_72' title="bbox 968 2611 1752 2648; baseline 0.003 -10"><span class='ocrx_word' id='word_1_466' title='bbox 968 2611 1041 2638; x_wconf 88' lang='lat' dir='ltr'><strong>tiotte</strong></span> <span class='ocrx_word' id='word_1_467' title='bbox 1054 2612 1126 2638; x_wconf 85' lang='lat' dir='ltr'><strong>circa</strong></span> <span class='ocrx_word' id='word_1_468' title='bbox 1141 2612 1242 2638; x_wconf 88' lang='lat' dir='ltr'><strong>cultum</strong></span> <span class='ocrx_word' id='word_1_469' title='bbox 1255 2612 1314 2648; x_wconf 85' lang='lat' dir='ltr'><strong>ejus</strong></span> <span class='ocrx_word' id='word_1_470' title='bbox 1328 2611 1445 2639; x_wconf 82' lang='lat' dir='ltr'><strong>allicitur</strong></span> <span class='ocrx_word' id='word_1_471' title='bbox 1459 2616 1489 2639; x_wconf 85' lang='grc' dir='ltr'><strong>ιιι</strong></span> <span class='ocrx_word' id='word_1_472' title='bbox 1506 2612 1533 2639; x_wconf 93' lang='lat' dir='ltr'><strong>in</strong></span> <span class='ocrx_word' id='word_1_473' title='bbox 1547 2617 1603 2639; x_wconf 93' lang='lat' dir='ltr'><strong>toto</strong></span> <span class='ocrx_word' id='word_1_474' title='bbox 1619 2617 1752 2641; x_wconf 87' lang='lat' dir='ltr'><strong>terrarum</strong></span> 
     </span>
    </p>
   </div>
   <div class='ocr_carea' id='block_1_73' title="bbox 966 2657 1753 2694">
    <p class='ocr_par' dir='ltr' id='par_1_73' title="bbox 966 2657 1753 2694">
     <span class='ocr_line' id='line_1_73' title="bbox 966 2657 1753 2694; baseline 0.004 -10"><span class='ocrx_word' id='word_1_475' title='bbox 966 2657 1034 2685; x_wconf 86' lang='lat' dir='ltr'><strong>orbe</strong></span> <span class='ocrx_word' id='word_1_476' title='bbox 1047 2657 1211 2692; x_wconf 87' lang='lat' dir='ltr'><strong>quicunque,</strong></span> <span class='ocrx_word' id='word_1_477' title='bbox 1226 2659 1404 2693; x_wconf 85' lang='lat' dir='ltr'><strong>undecunque</strong></span> <span class='ocrx_word' id='word_1_478' title='bbox 1413 2657 1496 2694; x_wconf 60' lang='lat'><strong>315</strong></span> <span class='ocrx_word' id='word_1_479' title='bbox 1507 2665 1537 2685; x_wconf 86' lang='lat' dir='ltr'><strong>se</strong></span> <span class='ocrx_word' id='word_1_480' title='bbox 1548 2659 1708 2686; x_wconf 84' lang='lat' dir='ltr'><strong>contradant</strong></span> <span class='ocrx_word' id='word_1_481' title='bbox 1719 2660 1753 2687; x_wconf 90' lang='lat' dir='ltr'><strong>ad</strong></span> 
     </span>
    </p>
   </div>
   <div class='ocr_carea' id='block_1_74' title="bbox 967 2703 1753 2740">
    <p class='ocr_par' dir='ltr' id='par_1_74' title="bbox 967 2703 1753 2740">
     <span class='ocr_line' id='line_1_74' title="bbox 967 2703 1753 2740; baseline 0.001 -9"><span class='ocrx_word' id='word_1_482' title='bbox 967 2703 1170 2738; x_wconf 83' lang='lat' dir='ltr'><strong>obsequendum</strong></span> <span class='ocrx_word' id='word_1_483' title='bbox 1194 2708 1275 2731; x_wconf 72' lang='lat' dir='ltr'><strong>tantze</strong></span> <span class='ocrx_word' id='word_1_484' title='bbox 1297 2704 1473 2732; x_wconf 83' lang='lat' dir='ltr'><strong>solemnitati.</strong></span> <span class='ocrx_word' id='word_1_485' title='bbox 1501 2704 1641 2732; x_wconf 59' lang='lat' dir='ltr'><strong>[alantur</strong></span> <span class='ocrx_word' id='word_1_486' title='bbox 1664 2706 1753 2740; x_wconf 88' lang='lat' dir='ltr'><strong>pueri,</strong></span> 
     </span>
    </p>
   </div>
   <div class='ocr_carea' id='block_1_75' title="bbox 965 2749 1756 2787">
    <p class='ocr_par' dir='ltr' id='par_1_75' title="bbox 965 2749 1756 2787">
     <span class='ocr_line' id='line_1_75' title="bbox 965 2749 1756 2787; baseline 0.004 -11"><span class='ocrx_word' id='word_1_487' title='bbox 965 2749 1079 2786; x_wconf 74' lang='lat' dir='ltr'><strong>juvenes</strong></span> <span class='ocrx_word' id='word_1_488' title='bbox 1092 2749 1272 2784; x_wconf 74' lang='lat' dir='ltr'><strong>gratulantur,</strong></span> <span class='ocrx_word' id='word_1_489' title='bbox 1283 2756 1418 2787; x_wconf 79' lang='lat' dir='ltr'><strong>ornantur</strong></span> <span class='ocrx_word' id='word_1_490' title='bbox 1433 2751 1552 2787; x_wconf 85' lang='lat' dir='ltr'><strong>virgines</strong></span> <span class='ocrx_word' id='word_1_491' title='bbox 1562 2771 1569 2783; x_wconf 95' lang='lat'><strong>,</strong></span> <span class='ocrx_word' id='word_1_492' title='bbox 1585 2759 1664 2779; x_wconf 85' lang='lat' dir='ltr'><strong>senes</strong></span> <span class='ocrx_word' id='word_1_493' title='bbox 1679 2752 1756 2779; x_wconf 79' lang='lat' dir='ltr'><strong>exiti-</strong></span> 
     </span>
    </p>
   </div>
   <div class='ocr_carea' id='block_1_76' title="bbox 968 2795 1754 2832">
    <p class='ocr_par' dir='ltr' id='par_1_76' title="bbox 968 2795 1754 2832">
     <span class='ocr_line' id='line_1_76' title="bbox 968 2795 1754 2832; baseline 0.004 -11"><span class='ocrx_word' id='word_1_494' title='bbox 968 2795 1092 2822; x_wconf 89' lang='lat' dir='ltr'><strong>larautur</strong></span> <span class='ocrx_word' id='word_1_495' title='bbox 1103 2799 1131 2822; x_wconf 87' lang='lat' dir='ltr'><strong>et</strong></span> <span class='ocrx_word' id='word_1_496' title='bbox 1150 2796 1238 2823; x_wconf 87' lang='lat' dir='ltr'><strong>omnis</strong></span> <span class='ocrx_word' id='word_1_497' title='bbox 1254 2800 1322 2823; x_wconf 67' lang='lat' dir='ltr'><strong>atas</strong></span> <span class='ocrx_word' id='word_1_498' title='bbox 1341 2801 1520 2832; x_wconf 88' lang='lat' dir='ltr'><strong>personanter</strong></span> <span class='ocrx_word' id='word_1_499' title='bbox 1542 2796 1646 2824; x_wconf 89' lang='lat' dir='ltr'><strong>alludit.</strong></span> <span class='ocrx_word' id='word_1_500' title='bbox 1665 2797 1754 2825; x_wconf 82' lang='lat' dir='ltr'><strong>Unus-</strong></span> 
     </span>
    </p>
   </div>
   <div class='ocr_carea' id='block_1_77' title="bbox 969 2840 1756 2879">
    <p class='ocr_par' dir='ltr' id='par_1_77' title="bbox 969 2840 1756 2879">
     <span class='ocr_line' id='line_1_77' title="bbox 969 2840 1756 2879; baseline 0.005 -12"><span class='ocrx_word' id='word_1_501' title='bbox 969 2840 1082 2876; x_wconf 84' lang='lat' dir='ltr'><strong>quisque</strong></span> <span class='ocrx_word' id='word_1_502' title='bbox 1095 2847 1186 2869; x_wconf 84' lang='lat' dir='ltr'><strong>autem</strong></span> <span class='ocrx_word' id='word_1_503' title='bbox 1209 2842 1290 2870; x_wconf 84' lang='lat' dir='ltr'><strong>habet</strong></span> <span class='ocrx_word' id='word_1_504' title='bbox 1310 2842 1451 2870; x_wconf 77' lang='lat' dir='ltr'><strong>materiam</strong></span> <span class='ocrx_word' id='word_1_505' title='bbox 1469 2843 1640 2879; x_wconf 79' lang='lat' dir='ltr'><strong>gaudiorum;</strong></span> <span class='ocrx_word' id='word_1_506' title='bbox 1655 2849 1684 2871; x_wconf 92' lang='lat' dir='ltr'><strong>ut</strong></span> <span class='ocrx_word' id='word_1_507' title='bbox 1699 2844 1756 2871; x_wconf 81' lang='lat' dir='ltr'><strong>lan-</strong></span> 
     </span>
    </p>
   </div>
   <div class='ocr_carea' id='block_1_78' title="bbox 970 2884 1753 2925">
    <p class='ocr_par' dir='ltr' id='par_1_78' title="bbox 970 2884 1753 2925">
     <span class='ocr_line' id='line_1_78' title="bbox 970 2884 1753 2925; baseline 0.008 -14"><span class='ocrx_word' id='word_1_508' title='bbox 970 2884 1033 2912; x_wconf 79' lang='lat' dir='ltr'><strong>dcnt</strong></span> <span class='ocrx_word' id='word_1_509' title='bbox 1056 2887 1132 2920; x_wconf 81' lang='lat' dir='ltr'><strong>pueri</strong></span> <span class='ocrx_word' id='word_1_510' title='bbox 1157 2894 1269 2922; x_wconf 85' lang='lat' dir='ltr'><strong>puerum</strong></span> <span class='ocrx_word' id='word_1_511' title='bbox 1289 2887 1471 2923; x_wconf 75' lang='lat' dir='ltr'><strong>jejunantem,</strong></span> <span class='ocrx_word' id='word_1_512' title='bbox 1491 2888 1608 2924; x_wconf 76' lang='lat' dir='ltr'><strong>juvenes</strong></span> <span class='ocrx_word' id='word_1_513' title='bbox 1626 2891 1753 2925; x_wconf 80' lang='lat' dir='ltr'><strong>juvenem</strong></span> 
     </span>
    </p>
   </div>
   <div class='ocr_carea' id='block_1_79' title="bbox 1795 973 2584 1010">
    <p class='ocr_par' dir='ltr' id='par_1_79' title="bbox 1795 973 2584 1010">
     <span class='ocr_line' id='line_1_79' title="bbox 1795 973 2584 1010; baseline -0.005 -5"><span class='ocrx_word' id='word_1_514' title='bbox 1795 978 1838 1006; x_wconf 91' lang='lat' dir='ltr'><strong>ille</strong></span> <span class='ocrx_word' id='word_1_515' title='bbox 1853 985 1975 1004; x_wconf 82' lang='lat' dir='ltr'><strong>summus</strong></span> <span class='ocrx_word' id='word_1_516' title='bbox 1994 976 2142 1010; x_wconf 88' lang='lat' dir='ltr'><strong>imperator</strong></span> <span class='ocrx_word' id='word_1_517' title='bbox 2155 973 2244 1001; x_wconf 89' lang='lat' dir='ltr'><strong>factus</strong></span> <span class='ocrx_word' id='word_1_518' title='bbox 2258 979 2301 1002; x_wconf 83' lang='lat' dir='ltr'><strong>est</strong></span> <span class='ocrx_word' id='word_1_519' title='bbox 2323 975 2475 1009; x_wconf 83' lang='lat' dir='ltr'><strong>negotiator</strong></span> <span class='ocrx_word' id='word_1_520' title='bbox 2495 980 2584 1007; x_wconf 86' lang='lat' dir='ltr'><strong>meus,</strong></span> 
     </span>
    </p>
   </div>
   <div class='ocr_carea' id='block_1_80' title="bbox 1794 1018 2585 1057">
    <p class='ocr_par' dir='ltr' id='par_1_80' title="bbox 1794 1018 2585 1057">
     <span class='ocr_line' id='line_1_80' title="bbox 1794 1018 2585 1057; baseline -0.006 -7"><span class='ocrx_word' id='word_1_521' title='bbox 1794 1028 1821 1051; x_wconf 88' lang='lat' dir='ltr'><strong>et</strong></span> <span class='ocrx_word' id='word_1_522' title='bbox 1836 1023 1972 1057; x_wconf 80' lang='lat' dir='ltr'><strong>negotium</strong></span> <span class='ocrx_word' id='word_1_523' title='bbox 1994 1028 2083 1048; x_wconf 77' lang='lat' dir='ltr'><strong>meum</strong></span> <span class='ocrx_word' id='word_1_524' title='bbox 2109 1020 2168 1047; x_wconf 86' lang='lat' dir='ltr'><strong>sine</strong></span> <span class='ocrx_word' id='word_1_525' title='bbox 2179 1019 2236 1046; x_wconf 88' lang='lat' dir='ltr'><strong>otio</strong></span> <span class='ocrx_word' id='word_1_526' title='bbox 2256 1019 2322 1054; x_wconf 88' lang='lat' dir='ltr'><strong>egit.</strong></span> <span class='ocrx_word' id='word_1_527' title='bbox 2340 1019 2458 1054; x_wconf 87' lang='lat' dir='ltr'><strong>quandiu</strong></span> <span class='ocrx_word' id='word_1_528' title='bbox 2482 1018 2534 1046; x_wconf 85' lang='lat' dir='ltr'><strong>fuit</strong></span> <span class='ocrx_word' id='word_1_529' title='bbox 2556 1018 2585 1045; x_wconf 84' lang='lat' dir='ltr'><strong>in</strong></span> 
     </span>
    </p>
   </div>
   <div class='ocr_carea' id='block_1_81' title="bbox 1794 1063 2586 1101">
    <p class='ocr_par' dir='ltr' id='par_1_81' title="bbox 1794 1063 2586 1101">
     <span class='ocr_line' id='line_1_81' title="bbox 1794 1063 2586 1101; baseline -0.006 -6"><span class='ocrx_word' id='word_1_530' title='bbox 1794 1068 1888 1099; x_wconf 86' lang='lat' dir='ltr'><strong>terris,</strong></span> <span class='ocrx_word' id='word_1_531' title='bbox 1909 1072 1937 1094; x_wconf 89' lang='lat' dir='ltr'><strong>et</strong></span> <span class='ocrx_word' id='word_1_532' title='bbox 1951 1066 2132 1101; x_wconf 82' lang='lat' dir='ltr'><strong>pretiosarum</strong></span> <span class='ocrx_word' id='word_1_533' title='bbox 2155 1064 2288 1092; x_wconf 88' lang='lat' dir='ltr'><strong>mercium</strong></span> <span class='ocrx_word' id='word_1_534' title='bbox 2310 1063 2460 1092; x_wconf 84' lang='lat' dir='ltr'><strong>sarcinqu</strong></span> <span class='ocrx_word' id='word_1_535' title='bbox 2473 1069 2586 1098; x_wconf 81' lang='lat' dir='ltr'><strong>portans</strong></span> 
     </span>
    </p>
   </div>
   <div class='ocr_carea' id='block_1_82' title="bbox 1795 1107 2587 1146">
    <p class='ocr_par' dir='ltr' id='par_1_82' title="bbox 1795 1107 2587 1146">
     <span class='ocr_line' id='line_1_82' title="bbox 1795 1107 2587 1146; baseline -0.006 -6"><span class='ocrx_word' id='word_1_536' title='bbox 1795 1113 1828 1140; x_wconf 86' lang='lat' dir='ltr'><strong>ad</strong></span> <span class='ocrx_word' id='word_1_537' title='bbox 1849 1112 1968 1144; x_wconf 86' lang='lat' dir='ltr'><strong>Patrem,</strong></span> <span class='ocrx_word' id='word_1_538' title='bbox 1991 1111 2040 1146; x_wconf 84' lang='lat' dir='ltr'><strong>ipsi</strong></span> <span class='ocrx_word' id='word_1_539' title='bbox 2065 1110 2149 1137; x_wconf 89' lang='lat' dir='ltr'><strong>vultui</strong></span> <span class='ocrx_word' id='word_1_540' title='bbox 2174 1109 2233 1141; x_wconf 82' lang='lat' dir='ltr'><strong>Dei.</strong></span> <span class='ocrx_word' id='word_1_541' title='bbox 2254 1113 2282 1137; x_wconf 85' lang='lat' dir='ltr'><strong>et</strong></span> <span class='ocrx_word' id='word_1_542' title='bbox 2304 1109 2368 1144; x_wconf 87' lang='lat' dir='ltr'><strong>quid</strong></span> <span class='ocrx_word' id='word_1_543' title='bbox 2380 1108 2447 1137; x_wconf 87' lang='lat' dir='ltr'><strong>emit</strong></span> <span class='ocrx_word' id='word_1_544' title='bbox 2467 1112 2496 1136; x_wconf 78' lang='lat' dir='ltr'><strong>et</strong></span> <span class='ocrx_word' id='word_1_545' title='bbox 2519 1107 2587 1143; x_wconf 76' lang='lat' dir='ltr'><strong>quid</strong></span> 
     </span>
    </p>
   </div>
   <div class='ocr_carea' id='block_1_83' title="bbox 1796 1153 2586 1190">
    <p class='ocr_par' dir='ltr' id='par_1_83' title="bbox 1796 1153 2586 1190">
     <span class='ocr_line' id='line_1_83' title="bbox 1796 1153 2586 1190; baseline -0.005 -5"><span class='ocrx_word' id='word_1_546' title='bbox 1796 1159 1922 1190; x_wconf 79' lang='lat' dir='ltr'><strong>redemit,</strong></span> <span class='ocrx_word' id='word_1_547' title='bbox 1938 1162 1965 1184; x_wconf 90' lang='lat' dir='ltr'><strong>et</strong></span> <span class='ocrx_word' id='word_1_548' title='bbox 1977 1157 2047 1184; x_wconf 89' lang='lat' dir='ltr'><strong>unde</strong></span> <span class='ocrx_word' id='word_1_549' title='bbox 2068 1156 2224 1188; x_wconf 89' lang='lat' dir='ltr'><strong>redemerit,</strong></span> <span class='ocrx_word' id='word_1_550' title='bbox 2248 1155 2376 1183; x_wconf 85' lang='lat' dir='ltr'><strong>ostendit.</strong></span> <span class='ocrx_word' id='word_1_551' title='bbox 2399 1153 2439 1182; x_wconf 81' lang='lat' dir='ltr'><strong>Tu</strong></span> <span class='ocrx_word' id='word_1_552' title='bbox 2461 1162 2526 1190; x_wconf 84' lang='lat' dir='ltr'><strong>ergo</strong></span> <span class='ocrx_word' id='word_1_553' title='bbox 2539 1154 2586 1182; x_wconf 85' lang='lat' dir='ltr'><strong>illo</strong></span> 
     </span>
    </p>
   </div>
   <div class='ocr_carea' id='block_1_84' title="bbox 1795 1201 2586 1239">
    <p class='ocr_par' dir='ltr' id='par_1_84' title="bbox 1795 1201 2586 1239">
     <span class='ocr_line' id='line_1_84' title="bbox 1795 1201 2586 1239; baseline -0.005 -7"><span class='ocrx_word' id='word_1_554' title='bbox 1795 1205 1934 1239; x_wconf 76' lang='lat' dir='ltr'><strong>negotioso</strong></span> <span class='ocrx_word' id='word_1_555' title='bbox 1971 1204 2076 1231; x_wconf 87' lang='lat' dir='ltr'><strong>otiosus</strong></span> <span class='ocrx_word' id='word_1_556' title='bbox 2099 1210 2160 1230; x_wconf 83' lang='lat' dir='ltr'><strong>esse</strong></span> <span class='ocrx_word' id='word_1_557' title='bbox 2186 1202 2330 1237; x_wconf 76' lang='lat' dir='ltr'><strong>disponis?</strong></span> <span class='ocrx_word' id='word_1_558' title='bbox 2356 1201 2402 1229; x_wconf 89' lang='lat' dir='ltr'><strong>illo</strong></span> <span class='ocrx_word' id='word_1_559' title='bbox 2433 1201 2586 1234; x_wconf 77' lang='lat' dir='ltr'><strong>laborante.</strong></span> 
     </span>
    </p>
   </div>
   <div class='ocr_carea' id='block_1_85' title="bbox 1794 1247 2585 1285">
    <p class='ocr_par' dir='ltr' id='par_1_85' title="bbox 1794 1247 2585 1285">
     <span class='ocr_line' id='line_1_85' title="bbox 1794 1247 2585 1285; baseline -0.004 -8"><span class='ocrx_word' id='word_1_560' title='bbox 1794 1249 1958 1285; x_wconf 77' lang='lat' dir='ltr'><strong>quiescere?</strong></span> <span class='ocrx_word' id='word_1_561' title='bbox 1975 1249 2035 1284; x_wconf 85' lang='lat' dir='ltr'><strong>Ipse</strong></span> <span class='ocrx_word' id='word_1_562' title='bbox 2054 1249 2126 1276; x_wconf 89' lang='lat' dir='ltr'><strong>venit</strong></span> <span class='ocrx_word' id='word_1_563' title='bbox 2143 1248 2275 1284; x_wconf 80' lang='lat' dir='ltr'><strong>negotiari</strong></span> <span class='ocrx_word' id='word_1_564' title='bbox 2290 1248 2317 1275; x_wconf 88' lang='lat' dir='ltr'><strong>in</strong></span> <span class='ocrx_word' id='word_1_565' title='bbox 2329 1248 2465 1283; x_wconf 78' lang='lat' dir='ltr'><strong>regionem</strong></span> <span class='ocrx_word' id='word_1_566' title='bbox 2476 1247 2585 1283; x_wconf 80' lang='lat' dir='ltr'><strong>longin-</strong></span> 
     </span>
    </p>
   </div>
   <div class='ocr_carea' id='block_1_86' title="bbox 1794 1292 2587 1332">
    <p class='ocr_par' dir='ltr' id='par_1_86' title="bbox 1794 1292 2587 1332">
     <span class='ocr_line' id='line_1_86' title="bbox 1794 1292 2587 1332; baseline -0.003 -10"><span class='ocrx_word' id='word_1_567' title='bbox 1794 1305 1886 1332; x_wconf 82' lang='lat' dir='ltr'><strong>quam,</strong></span> <span class='ocrx_word' id='word_1_568' title='bbox 1901 1302 1928 1323; x_wconf 88' lang='lat' dir='ltr'><strong>et</strong></span> <span class='ocrx_word' id='word_1_569' title='bbox 1942 1300 1970 1323; x_wconf 90' lang='lat' dir='ltr'><strong>tu</strong></span> <span class='ocrx_word' id='word_1_570' title='bbox 1994 1295 2028 1323; x_wconf 92' lang='lat' dir='ltr'><strong>ad</strong></span> <span class='ocrx_word' id='word_1_571' title='bbox 2053 1295 2178 1330; x_wconf 83' lang='lat' dir='ltr'><strong>regiones</strong></span> <span class='ocrx_word' id='word_1_572' title='bbox 2203 1293 2341 1330; x_wconf 80' lang='lat' dir='ltr'><strong>proximas</strong></span> <span class='ocrx_word' id='word_1_573' title='bbox 2358 1292 2499 1321; x_wconf 81' lang='lat' dir='ltr'><strong>ambulare</strong></span> <span class='ocrx_word' id='word_1_574' title='bbox 2521 1299 2587 1320; x_wconf 85' lang='lat' dir='ltr'><strong>oon-</strong></span> 
     </span>
    </p>
   </div>
   <div class='ocr_carea' id='block_1_87' title="bbox 1796 1337 2587 1375">
    <p class='ocr_par' dir='ltr' id='par_1_87' title="bbox 1796 1337 2587 1375">
     <span class='ocr_line' id='line_1_87' title="bbox 1796 1337 2587 1375; baseline -0.006 -6"><span class='ocrx_word' id='word_1_575' title='bbox 1796 1343 1895 1369; x_wconf 77' lang='lat' dir='ltr'><strong>teuinis</strong></span> <span class='ocrx_word' id='word_1_576' title='bbox 1908 1340 1919 1367; x_wconf 74' lang='grc' dir='ltr'>τ</span> <span class='ocrx_word' id='word_1_577' title='bbox 1932 1340 2086 1375; x_wconf 80' lang='lat' dir='ltr'><strong>Aggredere</strong></span> <span class='ocrx_word' id='word_1_578' title='bbox 2100 1343 2127 1367; x_wconf 90' lang='lat' dir='ltr'><strong>et</strong></span> <span class='ocrx_word' id='word_1_579' title='bbox 2151 1338 2293 1374; x_wconf 81' lang='lat' dir='ltr'><strong>ingredere</strong></span> <span class='ocrx_word' id='word_1_580' title='bbox 2308 1338 2445 1374; x_wconf 76' lang='lat' dir='ltr'><strong>regionem</strong></span> <span class='ocrx_word' id='word_1_581' title='bbox 2466 1337 2587 1365; x_wconf 81' lang='lat' dir='ltr'><strong>dissimi-</strong></span> 
     </span>
    </p>
   </div>
   <div class='ocr_carea' id='block_1_88' title="bbox 1796 1383 2586 1418">
    <p class='ocr_par' dir='ltr' id='par_1_88' title="bbox 1796 1383 2586 1418">
     <span class='ocr_line' id='line_1_88' title="bbox 1796 1383 2586 1418; baseline -0.004 -5"><span class='ocrx_word' id='word_1_582' title='bbox 1796 1387 1929 1418; x_wconf 77' lang='lat' dir='ltr'><strong>liuulinis,</strong></span> <span class='ocrx_word' id='word_1_583' title='bbox 1953 1385 2077 1412; x_wconf 80' lang='lat' dir='ltr'><strong>videlicet</strong></span> <span class='ocrx_word' id='word_1_584' title='bbox 2105 1386 2234 1412; x_wconf 87' lang='lat' dir='ltr'><strong>mundum</strong></span> <span class='ocrx_word' id='word_1_585' title='bbox 2251 1384 2343 1416; x_wconf 81' lang='lat' dir='ltr'><strong>istum,</strong></span> <span class='ocrx_word' id='word_1_586' title='bbox 2368 1387 2396 1411; x_wconf 91' lang='lat' dir='ltr'><strong>et</strong></span> <span class='ocrx_word' id='word_1_587' title='bbox 2420 1383 2482 1410; x_wconf 84' lang='lat' dir='ltr'><strong>vide</strong></span> <span class='ocrx_word' id='word_1_588' title='bbox 2503 1390 2586 1418; x_wconf 76' lang='lat' dir='ltr'><strong>quam</strong></span> 
     </span>
    </p>
   </div>
   <div class='ocr_carea' id='block_1_89' title="bbox 1795 1429 2586 1467">
    <p class='ocr_par' dir='ltr' id='par_1_89' title="bbox 1795 1429 2586 1467">
     <span class='ocr_line' id='line_1_89' title="bbox 1795 1429 2586 1467; baseline -0.005 -8"><span class='ocrx_word' id='word_1_589' title='bbox 1795 1432 1950 1467; x_wconf 80' lang='lat' dir='ltr'><strong>frequentes</strong></span> <span class='ocrx_word' id='word_1_590' title='bbox 1965 1431 2000 1458; x_wconf 90' lang='lat' dir='ltr'><strong>ibi</strong></span> <span class='ocrx_word' id='word_1_591' title='bbox 2013 1430 2151 1462; x_wconf 60' lang='lat' dir='ltr'><strong>nundina,</strong></span> <span class='ocrx_word' id='word_1_592' title='bbox 2171 1434 2279 1465; x_wconf 64' lang='lat' dir='ltr'><strong>quanta</strong></span> <span class='ocrx_word' id='word_1_593' title='bbox 2292 1429 2444 1465; x_wconf 83' lang='lat' dir='ltr'><strong>germinent</strong></span> <span class='ocrx_word' id='word_1_594' title='bbox 2457 1433 2485 1456; x_wconf 92' lang='lat' dir='ltr'><strong>et</strong></span> <span class='ocrx_word' id='word_1_595' title='bbox 2495 1436 2586 1463; x_wconf 85' lang='lat' dir='ltr'><strong>reger-</strong></span> 
     </span>
    </p>
   </div>
   <div class='ocr_carea' id='block_1_90' title="bbox 1795 1474 2586 1510">
    <p class='ocr_par' dir='ltr' id='par_1_90' title="bbox 1795 1474 2586 1510">
     <span class='ocr_line' id='line_1_90' title="bbox 1795 1474 2586 1510; baseline -0.004 -5"><span class='ocrx_word' id='word_1_596' title='bbox 1795 1479 1900 1505; x_wconf 89' lang='lat' dir='ltr'><strong>mincnt</strong></span> <span class='ocrx_word' id='word_1_597' title='bbox 1924 1477 2077 1506; x_wconf 77' lang='lat' dir='ltr'><strong>vanitates.</strong></span> <span class='ocrx_word' id='word_1_598' title='bbox 2115 1481 2227 1510; x_wconf 87' lang='lat' dir='ltr'><strong>prorsus</strong></span> <span class='ocrx_word' id='word_1_599' title='bbox 2253 1474 2481 1502; x_wconf 85' lang='lat' dir='ltr'><strong>dissimilitudinis</strong></span> <span class='ocrx_word' id='word_1_600' title='bbox 2521 1474 2586 1509; x_wconf 75' lang='lat' dir='ltr'><strong>quin</strong></span> 
     </span>
    </p>
   </div>
   <div class='ocr_carea' id='block_1_91' title="bbox 1797 1519 2586 1558">
    <p class='ocr_par' dir='ltr' id='par_1_91' title="bbox 1797 1519 2586 1558">
     <span class='ocr_line' id='line_1_91' title="bbox 1797 1519 2586 1558; baseline -0.006 -7"><span class='ocrx_word' id='word_1_601' title='bbox 1797 1524 1936 1558; x_wconf 80' lang='lat' dir='ltr'><strong>regionem</strong></span> <span class='ocrx_word' id='word_1_602' title='bbox 1963 1521 2159 1552; x_wconf 87' lang='lat' dir='ltr'><strong>similitudinis,</strong></span> <span class='ocrx_word' id='word_1_603' title='bbox 2185 1520 2229 1548; x_wconf 88' lang='lat' dir='ltr'><strong>ubi</strong></span> <span class='ocrx_word' id='word_1_604' title='bbox 2254 1520 2287 1548; x_wconf 86' lang='lat' dir='ltr'><strong>ad</strong></span> <span class='ocrx_word' id='word_1_605' title='bbox 2312 1519 2514 1548; x_wconf 82' lang='lat' dir='ltr'><strong>similitudinem</strong></span> <span class='ocrx_word' id='word_1_606' title='bbox 2537 1519 2586 1547; x_wconf 81' lang='lat' dir='ltr'><strong>Del</strong></span> 
     </span>
    </p>
   </div>
   <div class='ocr_carea' id='block_1_92' title="bbox 1796 1564 2587 1601">
    <p class='ocr_par' dir='ltr' id='par_1_92' title="bbox 1796 1564 2587 1601">
     <span class='ocr_line' id='line_1_92' title="bbox 1796 1564 2587 1601; baseline -0.001 -6"><span class='ocrx_word' id='word_1_607' title='bbox 1796 1569 1860 1596; x_wconf 62' lang='lat' dir='ltr'><strong>ficti</strong></span> <span class='ocrx_word' id='word_1_608' title='bbox 1885 1576 1935 1595; x_wconf 73' lang='lat' dir='ltr'><strong>no.</strong></span> <span class='ocrx_word' id='word_1_609' title='bbox 1958 1567 2078 1599; x_wconf 82' lang='lat' dir='ltr'><strong>fuimus,</strong></span> <span class='ocrx_word' id='word_1_610' title='bbox 2101 1566 2225 1594; x_wconf 83' lang='lat' dir='ltr'><strong>amisisse</strong></span> <span class='ocrx_word' id='word_1_611' title='bbox 2250 1573 2298 1593; x_wconf 80' lang='lat' dir='ltr'><strong>nos</strong></span> <span class='ocrx_word' id='word_1_612' title='bbox 2325 1569 2439 1594; x_wconf 85' lang='lat' dir='ltr'><strong>constat.</strong></span> <span class='ocrx_word' id='word_1_613' title='bbox 2460 1564 2587 1601; x_wconf 66' lang='lat' dir='ltr'><strong>ﬂunquid</strong></span> 
     </span>
    </p>
   </div>
   <div class='ocr_carea' id='block_1_93' title="bbox 1796 1611 2585 1650">
    <p class='ocr_par' dir='ltr' id='par_1_93' title="bbox 1796 1611 2585 1650">
     <span class='ocr_line' id='line_1_93' title="bbox 1796 1611 2585 1650; baseline -0.005 -7"><span class='ocrx_word' id='word_1_614' title='bbox 1796 1624 1849 1643; x_wconf 91' lang='lat' dir='ltr'><strong>non</strong></span> <span class='ocrx_word' id='word_1_615' title='bbox 1860 1622 1955 1650; x_wconf 86' lang='lat' dir='ltr'><strong>magna</strong></span> <span class='ocrx_word' id='word_1_616' title='bbox 1969 1613 2172 1646; x_wconf 82' lang='lat' dir='ltr'><strong>dissimilitudo,</strong></span> <span class='ocrx_word' id='word_1_617' title='bbox 2185 1612 2219 1640; x_wconf 87' lang='lat' dir='ltr'><strong>de</strong></span> <span class='ocrx_word' id='word_1_618' title='bbox 2243 1612 2370 1648; x_wconf 85' lang='lat' dir='ltr'><strong>paradiso</strong></span> <span class='ocrx_word' id='word_1_619' title='bbox 2391 1613 2425 1640; x_wconf 83' lang='lat' dir='ltr'><strong>ad</strong></span> <span class='ocrx_word' id='word_1_620' title='bbox 2440 1611 2585 1644; x_wconf 80' lang='lat' dir='ltr'><strong>infernum.</strong></span> 
     </span>
    </p>
   </div>
   <div class='ocr_carea' id='block_1_94' title="bbox 1795 1658 2588 1696">
    <p class='ocr_par' dir='ltr' id='par_1_94' title="bbox 1795 1658 2588 1696">
     <span class='ocr_line' id='line_1_94' title="bbox 1795 1658 2588 1696; baseline -0.005 -6"><span class='ocrx_word' id='word_1_621' title='bbox 1795 1664 1828 1690; x_wconf 87' lang='lat' dir='ltr'><strong>de</strong></span> <span class='ocrx_word' id='word_1_622' title='bbox 1845 1661 1942 1696; x_wconf 80' lang='lat' dir='ltr'><strong>angelo</strong></span> <span class='ocrx_word' id='word_1_623' title='bbox 1954 1660 1987 1687; x_wconf 85' lang='lat' dir='ltr'><strong>ad</strong></span> <span class='ocrx_word' id='word_1_624' title='bbox 1999 1659 2153 1694; x_wconf 76' lang='lat' dir='ltr'><strong>iumentum</strong></span> <span class='ocrx_word' id='word_1_625' title='bbox 2163 1679 2171 1691; x_wconf 93' lang='lat'><strong>,</strong></span> <span class='ocrx_word' id='word_1_626' title='bbox 2188 1659 2222 1686; x_wconf 91' lang='lat' dir='ltr'><strong>ad</strong></span> <span class='ocrx_word' id='word_1_627' title='bbox 2235 1658 2370 1686; x_wconf 84' lang='lat' dir='ltr'><strong>diabolum</strong></span> <span class='ocrx_word' id='word_1_628' title='bbox 2384 1659 2418 1686; x_wconf 90' lang='lat' dir='ltr'><strong>de</strong></span> <span class='ocrx_word' id='word_1_629' title='bbox 2431 1658 2501 1686; x_wconf 74' lang='lat' dir='ltr'><strong>Deo?</strong></span> <span class='ocrx_word' id='word_1_630' title='bbox 2515 1658 2588 1686; x_wconf 76' lang='lat' dir='ltr'><strong>Vade</strong></span> 
     </span>
    </p>
   </div>
   <div class='ocr_carea' id='block_1_95' title="bbox 1795 1703 2588 1743">
    <p class='ocr_par' dir='ltr' id='par_1_95' title="bbox 1795 1703 2588 1743">
     <span class='ocr_line' id='line_1_95' title="bbox 1795 1703 2588 1743; baseline -0.004 -9"><span class='ocrx_word' id='word_1_631' title='bbox 1795 1715 1861 1743; x_wconf 79' lang='lat' dir='ltr'><strong>ergo</strong></span> <span class='ocrx_word' id='word_1_632' title='bbox 1885 1714 1934 1742; x_wconf 90' lang='lat' dir='ltr'><strong>per</strong></span> <span class='ocrx_word' id='word_1_633' title='bbox 1948 1705 2071 1733; x_wconf 76' lang='lat' dir='ltr'><strong>forenses</strong></span> <span class='ocrx_word' id='word_1_634' title='bbox 2090 1704 2222 1731; x_wconf 77' lang='lat' dir='ltr'><strong>tmolius</strong></span> <span class='ocrx_word' id='word_1_635' title='bbox 2235 1708 2264 1732; x_wconf 86' lang='lat' dir='ltr'><strong>et</strong></span> <span class='ocrx_word' id='word_1_636' title='bbox 2283 1703 2326 1732; x_wconf 82' lang='lat' dir='ltr'><strong>hic</strong></span> <span class='ocrx_word' id='word_1_637' title='bbox 2347 1704 2517 1732; x_wconf 84' lang='lat' dir='ltr'><strong>decertantes</strong></span> <span class='ocrx_word' id='word_1_638' title='bbox 2533 1704 2588 1731; x_wconf 80' lang='lat' dir='ltr'><strong>eir-</strong></span> 
     </span>
    </p>
   </div>
   <div class='ocr_carea' id='block_1_96' title="bbox 1797 1749 2588 1786">
    <p class='ocr_par' dir='ltr' id='par_1_96' title="bbox 1797 1749 2588 1786">
     <span class='ocr_line' id='line_1_96' title="bbox 1797 1749 2588 1786; baseline -0.003 -8"><span class='ocrx_word' id='word_1_639' title='bbox 1797 1752 1943 1786; x_wconf 80' lang='lat' dir='ltr'><strong>cumspioe.</strong></span> <span class='ocrx_word' id='word_1_640' title='bbox 1968 1751 2105 1784; x_wconf 85' lang='lat' dir='ltr'><strong>Quantum</strong></span> <span class='ocrx_word' id='word_1_641' title='bbox 2125 1757 2191 1778; x_wconf 92' lang='lat' dir='ltr'><strong>vero</strong></span> <span class='ocrx_word' id='word_1_642' title='bbox 2213 1749 2322 1786; x_wconf 85' lang='lat' dir='ltr'><strong>colligo,</strong></span> <span class='ocrx_word' id='word_1_643' title='bbox 2346 1749 2374 1778; x_wconf 81' lang='lat' dir='ltr'><strong>in</strong></span> <span class='ocrx_word' id='word_1_644' title='bbox 2397 1749 2484 1777; x_wconf 84' lang='lat' dir='ltr'><strong>tribus</strong></span> <span class='ocrx_word' id='word_1_645' title='bbox 2496 1750 2588 1777; x_wconf 82' lang='lat' dir='ltr'><strong>causis</strong></span> 
     </span>
    </p>
   </div>
   <div class='ocr_carea' id='block_1_97' title="bbox 1797 1790 2587 1830">
    <p class='ocr_par' dir='ltr' id='par_1_97' title="bbox 1797 1790 2587 1830">
     <span class='ocr_line' id='line_1_97' title="bbox 1797 1790 2587 1830; baseline -0.003 -6"><span class='ocrx_word' id='word_1_646' title='bbox 1797 1800 1873 1824; x_wconf 86' lang='lat' dir='ltr'><strong>natat</strong></span> <span class='ocrx_word' id='word_1_647' title='bbox 1894 1797 1984 1824; x_wconf 88' lang='lat' dir='ltr'><strong>omnis</strong></span> <span class='ocrx_word' id='word_1_648' title='bbox 2007 1796 2145 1823; x_wconf 86' lang='lat' dir='ltr'><strong>voluntas.</strong></span> <span class='ocrx_word' id='word_1_649' title='bbox 2169 1795 2221 1822; x_wconf 76' lang='lat' dir='ltr'><strong>Alii</strong></span> <span class='ocrx_word' id='word_1_650' title='bbox 2235 1795 2348 1828; x_wconf 89' lang='lat' dir='ltr'><strong>divitiis,</strong></span> <span class='ocrx_word' id='word_1_651' title='bbox 2362 1795 2408 1823; x_wconf 85' lang='lat' dir='ltr'><strong>alii</strong></span> <span class='ocrx_word' id='word_1_652' title='bbox 2428 1790 2587 1830; x_wconf 77' lang='lat' dir='ltr'><strong>honoribus,</strong></span> 
     </span>
    </p>
   </div>
   <div class='ocr_carea' id='block_1_98' title="bbox 1796 1841 2138 1878">
    <p class='ocr_par' dir='ltr' id='par_1_98' title="bbox 1796 1841 2138 1878">
     <span class='ocr_line' id='line_1_98' title="bbox 1796 1841 2138 1878; baseline -0.006 -8"><span class='ocrx_word' id='word_1_653' title='bbox 1796 1842 1842 1870; x_wconf 85' lang='lat' dir='ltr'><strong>alii</strong></span> <span class='ocrx_word' id='word_1_654' title='bbox 1860 1842 1953 1878; x_wconf 66' lang='lat' dir='ltr'><strong>gloriae</strong></span> <span class='ocrx_word' id='word_1_655' title='bbox 1973 1841 2138 1869; x_wconf 88' lang='lat' dir='ltr'><strong>innituntur.</strong></span> 
     </span>
    </p>
   </div>
   <div class='ocr_carea' id='block_1_99' title="bbox 1831 1885 2587 1921">
    <p class='ocr_par' dir='ltr' id='par_1_99' title="bbox 1831 1885 2587 1921">
     <span class='ocr_line' id='line_1_99' title="bbox 1831 1885 2587 1921; baseline 0 -8"><span class='ocrx_word' id='word_1_656' title='bbox 1831 1887 1926 1915; x_wconf 86' lang='lat' dir='ltr'><strong>Curris</strong></span> <span class='ocrx_word' id='word_1_657' title='bbox 1948 1887 1982 1914; x_wconf 86' lang='lat' dir='ltr'><strong>ad</strong></span> <span class='ocrx_word' id='word_1_658' title='bbox 2012 1886 2135 1918; x_wconf 88' lang='lat' dir='ltr'><strong>Indiam,</strong></span> <span class='ocrx_word' id='word_1_659' title='bbox 2165 1885 2334 1921; x_wconf 69' lang='lat' dir='ltr'><strong>Ethiopians</strong></span> <span class='ocrx_word' id='word_1_660' title='bbox 2355 1885 2473 1918; x_wconf 71' lang='lat' dir='ltr'><strong>sirenis,</strong></span> <span class='ocrx_word' id='word_1_661' title='bbox 2501 1887 2587 1914; x_wconf 82' lang='lat' dir='ltr'><strong>maria</strong></span> 
     </span>
    </p>
   </div>
   <div class='ocr_carea' id='block_1_100' title="bbox 1797 1930 2588 1967">
    <p class='ocr_par' dir='ltr' id='par_1_100' title="bbox 1797 1930 2588 1967">
     <span class='ocr_line' id='line_1_100' title="bbox 1797 1930 2588 1967; baseline -0.001 -8"><span class='ocrx_word' id='word_1_662' title='bbox 1797 1932 1898 1959; x_wconf 85' lang='lat' dir='ltr'><strong>transis</strong></span> <span class='ocrx_word' id='word_1_663' title='bbox 1911 1936 1938 1959; x_wconf 91' lang='lat' dir='ltr'><strong>et</strong></span> <span class='ocrx_word' id='word_1_664' title='bbox 1953 1931 2035 1958; x_wconf 87' lang='lat' dir='ltr'><strong>alium</strong></span> <span class='ocrx_word' id='word_1_665' title='bbox 2056 1931 2149 1958; x_wconf 82' lang='lat' dir='ltr'><strong>orbem</strong></span> <span class='ocrx_word' id='word_1_666' title='bbox 2177 1930 2226 1958; x_wconf 89' lang='lat' dir='ltr'><strong>tibi</strong></span> <span class='ocrx_word' id='word_1_667' title='bbox 2248 1930 2339 1965; x_wconf 84' lang='lat' dir='ltr'><strong>aperis</strong></span> <span class='ocrx_word' id='word_1_668' title='bbox 2367 1930 2529 1967; x_wconf 84' lang='lat' dir='ltr'><strong>navigando.</strong></span> <span class='ocrx_word' id='word_1_669' title='bbox 2557 1935 2588 1958; x_wconf 83' lang='lat' dir='ltr'><strong>ut</strong></span> 
     </span>
    </p>
   </div>
   <div class='ocr_carea' id='block_1_101' title="bbox 1799 1976 2586 2013">
    <p class='ocr_par' dir='ltr' id='par_1_101' title="bbox 1799 1976 2586 2013">
     <span class='ocr_line' id='line_1_101' title="bbox 1799 1976 2586 2013; baseline 0 -8"><span class='ocrx_word' id='word_1_670' title='bbox 1799 1979 1906 2006; x_wconf 69' lang='lat' dir='ltr'><strong>divitias</strong></span> <span class='ocrx_word' id='word_1_671' title='bbox 1927 1984 2075 2013; x_wconf 83' lang='lat' dir='ltr'><strong>congreges</strong></span> <span class='ocrx_word' id='word_1_672' title='bbox 2089 1997 2097 2010; x_wconf 93' lang='lat'><strong>,</strong></span> <span class='ocrx_word' id='word_1_673' title='bbox 2126 1976 2197 2013; x_wconf 88' lang='lat' dir='ltr'><strong>fugis</strong></span> <span class='ocrx_word' id='word_1_674' title='bbox 2218 1977 2350 2012; x_wconf 86' lang='lat' dir='ltr'><strong>patriam,</strong></span> <span class='ocrx_word' id='word_1_675' title='bbox 2368 1977 2478 2013; x_wconf 74' lang='lat' dir='ltr'><strong>ignoras</strong></span> <span class='ocrx_word' id='word_1_676' title='bbox 2502 1976 2586 2009; x_wconf 72' lang='lat' dir='ltr'><strong>Ilios.</strong></span> 
     </span>
    </p>
   </div>
   <div class='ocr_carea' id='block_1_102' title="bbox 1799 2023 2588 2054">
    <p class='ocr_par' dir='ltr' id='par_1_102' title="bbox 1799 2023 2588 2054">
     <span class='ocr_line' id='line_1_102' title="bbox 1799 2023 2588 2054; baseline -0.001 -3"><span class='ocrx_word' id='word_1_677' title='bbox 1799 2024 1936 2051; x_wconf 81' lang='lat' dir='ltr'><strong>divelleris</strong></span> <span class='ocrx_word' id='word_1_678' title='bbox 1960 2024 1994 2051; x_wconf 84' lang='lat' dir='ltr'><strong>ab</strong></span> <span class='ocrx_word' id='word_1_679' title='bbox 2017 2030 2102 2051; x_wconf 81' lang='lat' dir='ltr'><strong>uxore</strong></span> <span class='ocrx_word' id='word_1_680' title='bbox 2115 2043 2123 2054; x_wconf 83' lang='lat'><strong>.</strong></span> <span class='ocrx_word' id='word_1_681' title='bbox 2140 2029 2142 2033; x_wconf 82' lang='lat'><em>&#39;</em></span> <span class='ocrx_word' id='word_1_682' title='bbox 2158 2027 2188 2050; x_wconf 85' lang='lat' dir='ltr'><strong>et</strong></span> <span class='ocrx_word' id='word_1_683' title='bbox 2208 2023 2330 2050; x_wconf 85' lang='lat' dir='ltr'><strong>omnium</strong></span> <span class='ocrx_word' id='word_1_684' title='bbox 2358 2023 2588 2051; x_wconf 78' lang='lat' dir='ltr'><strong>necessitudinu-</strong></span> 
     </span>
    </p>
   </div>
   <div class='ocr_carea' id='block_1_103' title="bbox 1799 2069 2588 2106">
    <p class='ocr_par' dir='ltr' id='par_1_103' title="bbox 1799 2069 2588 2106">
     <span class='ocr_line' id='line_1_103' title="bbox 1799 2069 2588 2106; baseline -0.001 -8"><span class='ocrx_word' id='word_1_685' title='bbox 1799 2071 1900 2099; x_wconf 86' lang='lat' dir='ltr'><strong>oblitus</strong></span> <span class='ocrx_word' id='word_1_686' title='bbox 1914 2071 2014 2106; x_wconf 73' lang='lat' dir='ltr'><strong>quaeris</strong></span> <span class='ocrx_word' id='word_1_687' title='bbox 2029 2075 2057 2097; x_wconf 94' lang='lat' dir='ltr'><strong>ut</strong></span> <span class='ocrx_word' id='word_1_688' title='bbox 2072 2070 2209 2106; x_wconf 86' lang='lat' dir='ltr'><strong>acquiras,</strong></span> <span class='ocrx_word' id='word_1_689' title='bbox 2224 2069 2343 2105; x_wconf 85' lang='lat' dir='ltr'><strong>aequiris</strong></span> <span class='ocrx_word' id='word_1_690' title='bbox 2358 2074 2390 2097; x_wconf 89' lang='lat' dir='ltr'><strong>ut</strong></span> <span class='ocrx_word' id='word_1_691' title='bbox 2405 2077 2513 2105; x_wconf 84' lang='lat' dir='ltr'><strong>pereas,</strong></span> <span class='ocrx_word' id='word_1_692' title='bbox 2524 2077 2588 2106; x_wconf 81' lang='lat' dir='ltr'><strong>per-</strong></span> 
     </span>
    </p>
   </div>
   <div class='ocr_carea' id='block_1_104' title="bbox 1800 2115 2587 2151">
    <p class='ocr_par' dir='ltr' id='par_1_104' title="bbox 1800 2115 2587 2151">
     <span class='ocr_line' id='line_1_104' title="bbox 1800 2115 2587 2151; baseline -0.001 -7"><span class='ocrx_word' id='word_1_693' title='bbox 1800 2116 1842 2144; x_wconf 88' lang='lat' dir='ltr'><strong>dis</strong></span> <span class='ocrx_word' id='word_1_694' title='bbox 1867 2121 1896 2143; x_wconf 89' lang='lat' dir='ltr'><strong>ut</strong></span> <span class='ocrx_word' id='word_1_695' title='bbox 1920 2116 2022 2147; x_wconf 68' lang='lat' dir='ltr'><strong>doleas,</strong></span> <span class='ocrx_word' id='word_1_696' title='bbox 2038 2115 2211 2143; x_wconf 80' lang='lat' dir='ltr'><strong>thesaurisas</strong></span> <span class='ocrx_word' id='word_1_697' title='bbox 2229 2120 2258 2143; x_wconf 85' lang='lat' dir='ltr'><strong>et</strong></span> <span class='ocrx_word' id='word_1_698' title='bbox 2273 2115 2383 2151; x_wconf 82' lang='lat' dir='ltr'><strong>ignoras</strong></span> <span class='ocrx_word' id='word_1_699' title='bbox 2401 2115 2444 2142; x_wconf 86' lang='lat' dir='ltr'><strong>cui</strong></span> <span class='ocrx_word' id='word_1_700' title='bbox 2465 2115 2587 2143; x_wconf 83' lang='lat' dir='ltr'><strong>dictum:</strong></span> 
     </span>
    </p>
   </div>
   <div class='ocr_carea' id='block_1_105' title="bbox 1802 2161 2590 2197">
    <p class='ocr_par' dir='ltr' id='par_1_105' title="bbox 1802 2161 2590 2197">
     <span class='ocr_line' id='line_1_105' title="bbox 1802 2161 2590 2197; baseline 0 -8"><span class='ocrx_word' id='word_1_701' title='bbox 1802 2171 1812 2189; x_wconf 72' lang='grc' dir='ltr'><strong><em>ι</em></strong></span> <span class='ocrx_word' id='word_1_702' title='bbox 1839 2161 1900 2189; x_wconf 83' lang='lat' dir='ltr'><strong>Filii</strong></span> <span class='ocrx_word' id='word_1_703' title='bbox 1924 2161 2074 2194; x_wconf 86' lang='lat' dir='ltr'><strong>hominum,</strong></span> <span class='ocrx_word' id='word_1_704' title='bbox 2102 2168 2242 2196; x_wconf 87' lang='lat' dir='ltr'><strong>usquequo</strong></span> <span class='ocrx_word' id='word_1_705' title='bbox 2267 2161 2343 2197; x_wconf 83' lang='lat' dir='ltr'><strong>gravi</strong></span> <span class='ocrx_word' id='word_1_706' title='bbox 2366 2162 2463 2193; x_wconf 90' lang='lat' dir='ltr'><strong>corde,</strong></span> <span class='ocrx_word' id='word_1_707' title='bbox 2484 2161 2590 2197; x_wconf 73' lang='lat' dir='ltr'><strong>utquid</strong></span> 
     </span>
    </p>
   </div>
   <div class='ocr_carea' id='block_1_106' title="bbox 1801 2209 2588 2245">
    <p class='ocr_par' dir='ltr' id='par_1_106' title="bbox 1801 2209 2588 2245">
     <span class='ocr_line' id='line_1_106' title="bbox 1801 2209 2588 2245; baseline 0.005 -12"><span class='ocrx_word' id='word_1_708' title='bbox 1801 2209 1911 2244; x_wconf 77' lang='lat' dir='ltr'><strong>diligitis</strong></span> <span class='ocrx_word' id='word_1_709' title='bbox 1926 2209 2086 2241; x_wconf 78' lang='lat' dir='ltr'><strong>vanitatem,</strong></span> <span class='ocrx_word' id='word_1_710' title='bbox 2097 2214 2124 2237; x_wconf 91' lang='lat' dir='ltr'><strong>et</strong></span> <span class='ocrx_word' id='word_1_711' title='bbox 2138 2209 2259 2244; x_wconf 62' lang='lat' dir='ltr'><strong>queritis</strong></span> <span class='ocrx_word' id='word_1_712' title='bbox 2272 2210 2462 2237; x_wconf 77' lang='lat' dir='ltr'><strong>mendacium?</strong></span> <span class='ocrx_word' id='word_1_713' title='bbox 2478 2219 2489 2236; x_wconf 73' lang='grc' dir='ltr'><strong>ι</strong></span> <span class='ocrx_word' id='word_1_714' title='bbox 2502 2209 2588 2245; x_wconf 73' lang='lat' dir='ltr'><strong>(Paul.</strong></span> 
     </span>
    </p>
   </div>
   <div class='ocr_carea' id='block_1_107' title="bbox 1765 2255 2591 2298">
    <p class='ocr_par' dir='ltr' id='par_1_107' title="bbox 1765 2255 2591 2298">
     <span class='ocr_line' id='line_1_107' title="bbox 1765 2255 2591 2298; baseline 0.002 -17"><span class='ocrx_word' id='word_1_715' title='bbox 1765 2256 1851 2298; x_wconf 71' lang='lat' dir='ltr'><strong>Div.)</strong></span> <span class='ocrx_word' id='word_1_716' title='bbox 1878 2255 1911 2281; x_wconf 89' lang='lat' dir='ltr'><strong>Et</strong></span> <span class='ocrx_word' id='word_1_717' title='bbox 1931 2255 1981 2282; x_wconf 86' lang='lat' dir='ltr'><strong>hoc</strong></span> <span class='ocrx_word' id='word_1_718' title='bbox 2003 2255 2110 2289; x_wconf 88' lang='lat' dir='ltr'><strong>quidem</strong></span> <span class='ocrx_word' id='word_1_719' title='bbox 2134 2262 2182 2290; x_wconf 87' lang='lat' dir='ltr'><strong>pro</strong></span> <span class='ocrx_word' id='word_1_720' title='bbox 2202 2255 2313 2282; x_wconf 84' lang='lat' dir='ltr'><strong>divitiis.</strong></span> <span class='ocrx_word' id='word_1_721' title='bbox 2338 2255 2407 2283; x_wconf 79' lang='lat' dir='ltr'><strong>Audi</strong></span> <span class='ocrx_word' id='word_1_722' title='bbox 2428 2259 2455 2283; x_wconf 86' lang='lat' dir='ltr'><strong>et</strong></span> <span class='ocrx_word' id='word_1_723' title='bbox 2471 2255 2591 2283; x_wconf 84' lang='lat' dir='ltr'><strong>breviter</strong></span> 
     </span>
    </p>
   </div>
   <div class='ocr_carea' id='block_1_108' title="bbox 1804 2299 2591 2332">
    <p class='ocr_par' dir='ltr' id='par_1_108' title="bbox 1804 2299 2591 2332">
     <span class='ocr_line' id='line_1_108' title="bbox 1804 2299 2591 2332; baseline 0 -4"><span class='ocrx_word' id='word_1_724' title='bbox 1804 2300 1838 2328; x_wconf 89' lang='lat' dir='ltr'><strong>de</strong></span> <span class='ocrx_word' id='word_1_725' title='bbox 1852 2300 1999 2327; x_wconf 84' lang='lat' dir='ltr'><strong>honoribus</strong></span> <span class='ocrx_word' id='word_1_726' title='bbox 2013 2308 2020 2326; x_wconf 87' lang='lat'><strong>:</strong></span> <span class='ocrx_word' id='word_1_727' title='bbox 2037 2299 2137 2326; x_wconf 84' lang='lat' dir='ltr'><strong>Ducem</strong></span> <span class='ocrx_word' id='word_1_728' title='bbox 2159 2305 2185 2327; x_wconf 91' lang='lat' dir='ltr'><strong>te</strong></span> <span class='ocrx_word' id='word_1_729' title='bbox 2201 2301 2412 2332; x_wconf 84' lang='lat' dir='ltr'><strong>constituerunt,</strong></span> <span class='ocrx_word' id='word_1_730' title='bbox 2432 2304 2459 2328; x_wconf 86' lang='lat' dir='ltr'><strong>et</strong></span> <span class='ocrx_word' id='word_1_731' title='bbox 2473 2301 2536 2328; x_wconf 81' lang='lat' dir='ltr'><strong>data</strong></span> <span class='ocrx_word' id='word_1_732' title='bbox 2548 2305 2591 2328; x_wconf 67' lang='lat' dir='ltr'><strong>at</strong></span> 
     </span>
    </p>
   </div>
   <div class='ocr_carea' id='block_1_109' title="bbox 1805 2345 2590 2381">
    <p class='ocr_par' dir='ltr' id='par_1_109' title="bbox 1805 2345 2590 2381">
     <span class='ocr_line' id='line_1_109' title="bbox 1805 2345 2590 2381; baseline 0.001 -7"><span class='ocrx_word' id='word_1_733' title='bbox 1805 2347 1852 2374; x_wconf 90' lang='lat' dir='ltr'><strong>tibi</strong></span> <span class='ocrx_word' id='word_1_734' title='bbox 1870 2345 1985 2374; x_wconf 77' lang='lat' dir='ltr'><strong>facultas</strong></span> <span class='ocrx_word' id='word_1_735' title='bbox 1998 2352 2026 2373; x_wconf 90' lang='lat' dir='ltr'><strong>ut</strong></span> <span class='ocrx_word' id='word_1_736' title='bbox 2044 2346 2126 2373; x_wconf 88' lang='lat' dir='ltr'><strong>miser</strong></span> <span class='ocrx_word' id='word_1_737' title='bbox 2148 2347 2196 2379; x_wconf 89' lang='lat' dir='ltr'><strong>sis,</strong></span> <span class='ocrx_word' id='word_1_738' title='bbox 2212 2351 2240 2374; x_wconf 92' lang='lat' dir='ltr'><strong>et</strong></span> <span class='ocrx_word' id='word_1_739' title='bbox 2250 2346 2364 2381; x_wconf 83' lang='lat' dir='ltr'><strong>amplius</strong></span> <span class='ocrx_word' id='word_1_740' title='bbox 2384 2354 2437 2373; x_wconf 91' lang='lat' dir='ltr'><strong>non</strong></span> <span class='ocrx_word' id='word_1_741' title='bbox 2456 2346 2590 2381; x_wconf 64' lang='lat' dir='ltr'><strong>quiens.</strong></span> 
     </span>
    </p>
   </div>
   <div class='ocr_carea' id='block_1_110' title="bbox 1805 2392 2593 2426">
    <p class='ocr_par' dir='ltr' id='par_1_110' title="bbox 1805 2392 2593 2426">
     <span class='ocr_line' id='line_1_110' title="bbox 1805 2392 2593 2426; baseline 0.001 -6"><span class='ocrx_word' id='word_1_742' title='bbox 1805 2392 1963 2420; x_wconf 77' lang='lat' dir='ltr'><strong>Cumululur</strong></span> <span class='ocrx_word' id='word_1_743' title='bbox 1975 2394 2087 2419; x_wconf 78' lang='lat' dir='ltr'><strong>materia</strong></span> <span class='ocrx_word' id='word_1_744' title='bbox 2103 2392 2325 2426; x_wconf 86' lang='lat' dir='ltr'><strong>sollicitudinum,</strong></span> <span class='ocrx_word' id='word_1_745' title='bbox 2339 2398 2365 2421; x_wconf 84' lang='lat' dir='ltr'><strong>et</strong></span> <span class='ocrx_word' id='word_1_746' title='bbox 2377 2393 2447 2420; x_wconf 90' lang='lat' dir='ltr'><strong>inter</strong></span> <span class='ocrx_word' id='word_1_747' title='bbox 2457 2400 2593 2421; x_wconf 64' lang='lat' dir='ltr'><strong>aerumnas</strong></span> 
     </span>
    </p>
   </div>
   <div class='ocr_carea' id='block_1_111' title="bbox 1804 2438 2593 2473">
    <p class='ocr_par' dir='ltr' id='par_1_111' title="bbox 1804 2438 2593 2473">
     <span class='ocr_line' id='line_1_111' title="bbox 1804 2438 2593 2473; baseline 0.001 -7"><span class='ocrx_word' id='word_1_748' title='bbox 1804 2446 1853 2466; x_wconf 86' lang='lat' dir='ltr'><strong>cor</strong></span> <span class='ocrx_word' id='word_1_749' title='bbox 1866 2438 1953 2473; x_wconf 82' lang='lat' dir='ltr'><strong>ipsum</strong></span> <span class='ocrx_word' id='word_1_750' title='bbox 1977 2438 2134 2470; x_wconf 79' lang='lat' dir='ltr'><strong>exedentes,</strong></span> <span class='ocrx_word' id='word_1_751' title='bbox 2158 2445 2270 2466; x_wconf 80' lang='lat' dir='ltr'><strong>necesse</strong></span> <span class='ocrx_word' id='word_1_752' title='bbox 2289 2443 2331 2466; x_wconf 89' lang='lat' dir='ltr'><strong>est</strong></span> <span class='ocrx_word' id='word_1_753' title='bbox 2355 2439 2457 2466; x_wconf 68' lang='lat' dir='ltr'><strong>vultum</strong></span> <span class='ocrx_word' id='word_1_754' title='bbox 2480 2439 2593 2467; x_wconf 78' lang='lat' dir='ltr'><strong>induere</strong></span> 
     </span>
    </p>
   </div>
   <div class='ocr_carea' id='block_1_112' title="bbox 1805 2484 2594 2522">
    <p class='ocr_par' dir='ltr' id='par_1_112' title="bbox 1805 2484 2594 2522">
     <span class='ocr_line' id='line_1_112' title="bbox 1805 2484 2594 2522; baseline 0.001 -10"><span class='ocrx_word' id='word_1_755' title='bbox 1805 2485 1975 2520; x_wconf 88' lang='lat' dir='ltr'><strong>gaudiorum.</strong></span> <span class='ocrx_word' id='word_1_756' title='bbox 1993 2484 2119 2519; x_wconf 81' lang='lat' dir='ltr'><strong>Nunquid</strong></span> <span class='ocrx_word' id='word_1_757' title='bbox 2131 2485 2158 2512; x_wconf 88' lang='lat' dir='ltr'><strong>in</strong></span> <span class='ocrx_word' id='word_1_758' title='bbox 2175 2485 2278 2512; x_wconf 82' lang='lat' dir='ltr'><strong>honore</strong></span> <span class='ocrx_word' id='word_1_759' title='bbox 2292 2486 2353 2513; x_wconf 88' lang='lat' dir='ltr'><strong>sine</strong></span> <span class='ocrx_word' id='word_1_760' title='bbox 2366 2485 2469 2519; x_wconf 74' lang='lat' dir='ltr'><strong>dolore,</strong></span> <span class='ocrx_word' id='word_1_761' title='bbox 2484 2486 2510 2513; x_wconf 88' lang='lat' dir='ltr'><strong>in</strong></span> <span class='ocrx_word' id='word_1_762' title='bbox 2523 2494 2594 2522; x_wconf 67' lang='lat' dir='ltr'><strong>pra-</strong></span> 
     </span>
    </p>
   </div>
   <div class='ocr_carea' id='block_1_113' title="bbox 1805 2529 2592 2561">
    <p class='ocr_par' dir='ltr' id='par_1_113' title="bbox 1805 2529 2592 2561">
     <span class='ocr_line' id='line_1_113' title="bbox 1805 2529 2592 2561; baseline 0.003 -4"><span class='ocrx_word' id='word_1_763' title='bbox 1805 2530 1906 2557; x_wconf 85' lang='lat' dir='ltr'><strong>latione</strong></span> <span class='ocrx_word' id='word_1_764' title='bbox 1918 2530 1977 2557; x_wconf 90' lang='lat' dir='ltr'><strong>sine</strong></span> <span class='ocrx_word' id='word_1_765' title='bbox 1986 2529 2168 2561; x_wconf 82' lang='lat' dir='ltr'><strong>tribulatione,</strong></span> <span class='ocrx_word' id='word_1_766' title='bbox 2183 2530 2209 2557; x_wconf 88' lang='lat' dir='ltr'><strong>in</strong></span> <span class='ocrx_word' id='word_1_767' title='bbox 2225 2529 2391 2558; x_wconf 87' lang='lat' dir='ltr'><strong>sublimitate</strong></span> <span class='ocrx_word' id='word_1_768' title='bbox 2401 2530 2461 2558; x_wconf 79' lang='lat' dir='ltr'><strong>sine</strong></span> <span class='ocrx_word' id='word_1_769' title='bbox 2472 2532 2592 2559; x_wconf 73' lang='lat' dir='ltr'><strong>vanitate</strong></span> 
     </span>
    </p>
   </div>
   <div class='ocr_carea' id='block_1_114' title="bbox 1805 2574 2592 2612">
    <p class='ocr_par' dir='ltr' id='par_1_114' title="bbox 1805 2574 2592 2612">
     <span class='ocr_line' id='line_1_114' title="bbox 1805 2574 2592 2612; baseline 0.001 -9"><span class='ocrx_word' id='word_1_770' title='bbox 1805 2583 1867 2603; x_wconf 86' lang='lat' dir='ltr'><strong>esse</strong></span> <span class='ocrx_word' id='word_1_771' title='bbox 1881 2576 1942 2610; x_wconf 84' lang='lat' dir='ltr'><strong>quis</strong></span> <span class='ocrx_word' id='word_1_772' title='bbox 1965 2575 2077 2609; x_wconf 68' lang='lat' dir='ltr'><strong>potest?</strong></span> <span class='ocrx_word' id='word_1_773' title='bbox 2095 2574 2197 2607; x_wconf 71' lang='lat' dir='ltr'><strong>Miseri,</strong></span> <span class='ocrx_word' id='word_1_774' title='bbox 2212 2575 2289 2610; x_wconf 60' lang='lat' dir='ltr'><strong>juxta</strong></span> <span class='ocrx_word' id='word_1_775' title='bbox 2303 2575 2504 2612; x_wconf 76' lang='lat' dir='ltr'><strong>philosophum.</strong></span> <span class='ocrx_word' id='word_1_776' title='bbox 2520 2584 2592 2604; x_wconf 77' lang='lat' dir='ltr'><strong>tuer-</strong></span> 
     </span>
    </p>
   </div>
   <div class='ocr_carea' id='block_1_115' title="bbox 1805 2618 2591 2658">
    <p class='ocr_par' dir='ltr' id='par_1_115' title="bbox 1805 2618 2591 2658">
     <span class='ocr_line' id='line_1_115' title="bbox 1805 2618 2591 2658; baseline 0.005 -10"><span class='ocrx_word' id='word_1_777' title='bbox 1805 2622 1900 2649; x_wconf 85' lang='lat' dir='ltr'><strong>cedem</strong></span> <span class='ocrx_word' id='word_1_778' title='bbox 1925 2618 2097 2649; x_wconf 60' lang='lat' dir='ltr'><strong>misciiarum</strong></span> <span class='ocrx_word' id='word_1_779' title='bbox 2131 2629 2272 2654; x_wconf 83' lang='lat' dir='ltr'><strong>amamus.</strong></span> <span class='ocrx_word' id='word_1_780' title='bbox 2304 2622 2375 2658; x_wconf 86' lang='lat' dir='ltr'><strong>ipsas</strong></span> <span class='ocrx_word' id='word_1_781' title='bbox 2407 2630 2591 2652; x_wconf 78' lang='lat' dir='ltr'><strong>exsecramur.</strong></span> 
     </span>
    </p>
   </div>
   <div class='ocr_carea' id='block_1_116' title="bbox 1805 2667 2593 2705">
    <p class='ocr_par' dir='ltr' id='par_1_116' title="bbox 1805 2667 2593 2705">
     <span class='ocr_line' id='line_1_116' title="bbox 1805 2667 2593 2705; baseline 0.004 -10"><span class='ocrx_word' id='word_1_782' title='bbox 1805 2667 1910 2703; x_wconf 72' lang='lat' dir='ltr'><strong>Regum</strong></span> <span class='ocrx_word' id='word_1_783' title='bbox 1925 2668 2001 2695; x_wconf 85' lang='lat' dir='ltr'><strong>nobis</strong></span> <span class='ocrx_word' id='word_1_784' title='bbox 2018 2669 2124 2697; x_wconf 69' lang='lat' dir='ltr'><strong>animos</strong></span> <span class='ocrx_word' id='word_1_785' title='bbox 2150 2668 2303 2701; x_wconf 82' lang='lat' dir='ltr'><strong>induimus.</strong></span> <span class='ocrx_word' id='word_1_786' title='bbox 2324 2674 2353 2697; x_wconf 84' lang='lat' dir='ltr'><strong>et</strong></span> <span class='ocrx_word' id='word_1_787' title='bbox 2371 2669 2501 2705; x_wconf 82' lang='lat' dir='ltr'><strong>quidquid</strong></span> <span class='ocrx_word' id='word_1_788' title='bbox 2518 2668 2593 2698; x_wconf 78' lang='lat' dir='ltr'><strong>vobis</strong></span> 
     </span>
    </p>
   </div>
   <div class='ocr_carea' id='block_1_117' title="bbox 1806 2713 2594 2748">
    <p class='ocr_par' dir='ltr' id='par_1_117' title="bbox 1806 2713 2594 2748">
     <span class='ocr_line' id='line_1_117' title="bbox 1806 2713 2594 2748; baseline 0.005 -9"><span class='ocrx_word' id='word_1_789' title='bbox 1806 2719 1839 2740; x_wconf 75' lang='lat' dir='ltr'><strong>ex</strong></span> <span class='ocrx_word' id='word_1_790' title='bbox 1855 2713 1993 2740; x_wconf 80' lang='lat' dir='ltr'><strong>voluntate</strong></span> <span class='ocrx_word' id='word_1_791' title='bbox 2004 2722 2057 2741; x_wconf 88' lang='lat' dir='ltr'><strong>non</strong></span> <span class='ocrx_word' id='word_1_792' title='bbox 2073 2713 2228 2748; x_wconf 81' lang='lat' dir='ltr'><strong>respondet,</strong></span> <span class='ocrx_word' id='word_1_793' title='bbox 2241 2714 2332 2742; x_wconf 70' lang='lat' dir='ltr'><strong>statim</strong></span> <span class='ocrx_word' id='word_1_794' title='bbox 2343 2718 2440 2742; x_wconf 85' lang='lat' dir='ltr'><strong>evocat</strong></span> <span class='ocrx_word' id='word_1_795' title='bbox 2452 2721 2524 2747; x_wconf 67' lang='lat' dir='ltr'><strong>an,</strong></span> <span class='ocrx_word' id='word_1_796' title='bbox 2545 2722 2594 2743; x_wconf 86' lang='lat' dir='ltr'><strong>nec</strong></span> 
     </span>
    </p>
   </div>
   <div class='ocr_carea' id='block_1_118' title="bbox 1807 2759 2594 2793">
    <p class='ocr_par' dir='ltr' id='par_1_118' title="bbox 1807 2759 2594 2793">
     <span class='ocr_line' id='line_1_118' title="bbox 1807 2759 2594 2793; baseline 0.004 -8"><span class='ocrx_word' id='word_1_797' title='bbox 1807 2759 1961 2785; x_wconf 84' lang='lat' dir='ltr'><strong>communis</strong></span> <span class='ocrx_word' id='word_1_798' title='bbox 1982 2759 2148 2793; x_wconf 78' lang='lat' dir='ltr'><strong>reiogitatur</strong></span> <span class='ocrx_word' id='word_1_799' title='bbox 2176 2759 2352 2792; x_wconf 81' lang='lat' dir='ltr'><strong>humanitas,</strong></span> <span class='ocrx_word' id='word_1_800' title='bbox 2383 2764 2412 2787; x_wconf 85' lang='lat' dir='ltr'><strong>et</strong></span> <span class='ocrx_word' id='word_1_801' title='bbox 2439 2764 2530 2788; x_wconf 78' lang='lat' dir='ltr'><strong>tamen</strong></span> <span class='ocrx_word' id='word_1_802' title='bbox 2553 2765 2594 2788; x_wconf 80' lang='lat' dir='ltr'><strong>est</strong></span> 
     </span>
    </p>
   </div>
   <div class='ocr_carea' id='block_1_119' title="bbox 1808 2803 2593 2841">
    <p class='ocr_par' dir='ltr' id='par_1_119' title="bbox 1808 2803 2593 2841">
     <span class='ocr_line' id='line_1_119' title="bbox 1808 2803 2593 2841; baseline 0.004 -13"><span class='ocrx_word' id='word_1_803' title='bbox 1808 2803 1908 2831; x_wconf 86' lang='lat' dir='ltr'><strong>vermis</strong></span> <span class='ocrx_word' id='word_1_804' title='bbox 1933 2803 2176 2839; x_wconf 72' lang='lat' dir='ltr'><strong>arrodcus.-315</strong></span> <span class='ocrx_word' id='word_1_805' title='bbox 2201 2804 2248 2839; x_wconf 78' lang='lat' dir='ltr'><strong>qui</strong></span> <span class='ocrx_word' id='word_1_806' title='bbox 2272 2804 2468 2832; x_wconf 83' lang='lat' dir='ltr'><strong>conscientiam</strong></span> <span class='ocrx_word' id='word_1_807' title='bbox 2494 2805 2593 2841; x_wconf 76' lang='lat' dir='ltr'><strong>jugiter</strong></span> 
     </span>
    </p>
   </div>
   <div class='ocr_carea' id='block_1_120' title="bbox 1807 2848 2363 2884">
    <p class='ocr_par' dir='ltr' id='par_1_120' title="bbox 1807 2848 2363 2884">
     <span class='ocr_line' id='line_1_120' title="bbox 1807 2848 2363 2884; baseline 0.004 -9"><span class='ocrx_word' id='word_1_808' title='bbox 1807 2851 1934 2881; x_wconf 87' lang='lat' dir='ltr'><strong>torqueat</strong></span> <span class='ocrx_word' id='word_1_809' title='bbox 1947 2857 1953 2874; x_wconf 90' lang='lat'><strong>:</strong></span> <span class='ocrx_word' id='word_1_810' title='bbox 1971 2848 2050 2875; x_wconf 86' lang='lat' dir='ltr'><strong>timor</strong></span> <span class='ocrx_word' id='word_1_811' title='bbox 2063 2850 2191 2884; x_wconf 64' lang='lat' dir='ltr'><strong>potentia</strong></span> <span class='ocrx_word' id='word_1_812' title='bbox 2204 2848 2363 2884; x_wconf 83' lang='lat' dir='ltr'><strong>superioris.</strong></span> 
     </span>
    </p>
   </div>
   <div class='ocr_carea' id='block_1_121' title="bbox 1843 2893 2592 2927">
    <p class='ocr_par' dir='ltr' id='par_1_121' title="bbox 1843 2893 2592 2927">
     <span class='ocr_line' id='line_1_121' title="bbox 1843 2893 2592 2927; baseline 0.004 -8"><span class='ocrx_word' id='word_1_813' title='bbox 1843 2893 1905 2921; x_wconf 64' lang='lat' dir='ltr'><strong>&quot;me</strong></span> <span class='ocrx_word' id='word_1_814' title='bbox 1919 2898 1959 2921; x_wconf 85' lang='lat' dir='ltr'><strong>est</strong></span> <span class='ocrx_word' id='word_1_815' title='bbox 1969 2893 2119 2927; x_wconf 80' lang='lat' dir='ltr'><strong>justissima</strong></span> <span class='ocrx_word' id='word_1_816' title='bbox 2139 2894 2193 2926; x_wconf 85' lang='lat' dir='ltr'><strong>les,</strong></span> <span class='ocrx_word' id='word_1_817' title='bbox 2208 2899 2238 2921; x_wconf 89' lang='lat' dir='ltr'><strong>ut</strong></span> <span class='ocrx_word' id='word_1_818' title='bbox 2260 2895 2299 2922; x_wconf 81' lang='lat' dir='ltr'><strong>sic</strong></span> <span class='ocrx_word' id='word_1_819' title='bbox 2311 2896 2386 2923; x_wconf 84' lang='lat' dir='ltr'><strong>vivas</strong></span> <span class='ocrx_word' id='word_1_820' title='bbox 2399 2902 2462 2923; x_wconf 85' lang='lat' dir='ltr'><strong>eum</strong></span> <span class='ocrx_word' id='word_1_821' title='bbox 2474 2894 2592 2923; x_wconf 77' lang='lat' dir='ltr'><strong>inferiori</strong></span> 
     </span>
    </p>
   </div>
   <div class='ocr_carea' id='block_1_122' title="bbox 2595 3144 2695 3174">
    <p class='ocr_par' dir='ltr' id='par_1_122' title="bbox 2595 3144 2695 3174">
     <span class='ocr_line' id='line_1_122' title="bbox 2595 3144 2695 3174; baseline -0.01 -2"><span class='ocrx_word' id='word_1_822' title='bbox 2595 3157 2685 3174; x_wconf 46' lang='lat'><strong>,__-&#39;—_&quot;</strong></span> <span class='ocrx_word' id='word_1_823' title='bbox 2694 3144 2695 3155; x_wconf 54' lang='lat'>‘</span> 
     </span>
    </p>
   </div>
  </div>
