5450 6344
845 352 948 409 837

2264 335 2500 396 SERMO
2524 335 2662 392 LIX.

4084 339 4195 400 838

841 465 1303 542 quemadmodum
1357 465 1694 535 superiorem
1723 462 1807 518 vis
1835 463 2020 522 vivere
2053 469 2257 516 tecum.
2311 457 2452 512 Audi
2485 454 2534 514 Δ
2562 456 2709 509 circa
2742 464 2973 510 mortem
3009 455 3389 525 pmnituerunt
3412 498 3427 524 ,
3471 457 3858 528 paenitentiam
3890 455 4060 533 316
4083 475 4192 518 non

844 556 991 622 etde
1034 562 1229 632 gloria.
1274 560 1331 615 Si
1380 559 1584 630 quzeris
1635 557 1895 628 gloriam,
1932 555 2189 610 omnibus
2240 552 2458 607 invidiae

846 659 1056 716 semina
1085 654 1388 728 praebuisti.
1418 652 1643 707 inﬂatus
1664 660 1773 714 est,
1803 659 1858 704 et
1883 646 2239 703 ventilatorio
2262 645 2459 715 spiritu

844 751 1038 824 plenus
1062 744 1444 816 disrumperis,
1486 758 1586 798 nec
1615 741 1857 796 atteudis
1879 748 2013 809 quot
2049 748 2100 792 te
2132 743 2459 806 sequuntur,

842 845 940 900 sed
982 849 1115 912 quot
1187 835 1522 910 pra‘cedant.
1599 832 2100 902 Conglomeranlur
2149 841 2342 882 omnes
2391 824 2461 878 ad

846 933 1238 993 detrahendum
1271 930 1390 994 tibi,
1425 929 1490 981 ad
1525 925 1962 981 maledicendum
1998 925 2211 995 linguas
2233 928 2458 984 acuunt,

846 1039 900 1084 et
927 1023 1313 1097 argutissimus
1343 1035 1402 1075 es
1451 1019 1496 1073 si
1528 1018 1611 1074 vel
1652 1018 1920 1089 linguam,
1950 1015 2035 1070 vel
2062 1029 2284 1069 utauum
2320 1011 2460 1066 invi-

845 1119 1036 1173 dorum
1080 1115 1260 1187 possis
1314 1111 1566 1167 evadere.
1623 1110 1766 1165 Ecce
1823 1109 1968 1164 unde
2014 1106 2286 1178 gloriosus
2333 1118 2459 1159 esse

843 1209 1102 1270 volebas,
1161 1204 1430 1278 inglorios
1471 1217 1593 1258 esse
1641 1199 2008 1255 convinceris.
2050 1197 2268 1252 Nullum
2310 1195 2457 1250 enim

846 1301 1238 1360 inexorabilius
1266 1297 1620 1370 persequitur
1662 1293 1956 1350 multitudo
1986 1307 2153 1365 quam
2186 1290 2336 1345 illum
2364 1289 2456 1359 qui

846 1397 950 1454 sibi
1002 1393 1374 1452 multitudinis
1426 1399 1651 1460 arrogat
1696 1388 2088 1459 principatum.
2149 1383 2324 1455 Junge
2374 1382 2458 1437 his

846 1489 1020 1544 tribus
1051 1485 1352 1558 potentiam
1401 1490 1458 1536 et
1500 1482 1864 1551 voluptatem,
1893 1493 2015 1549 quae
2063 1485 2118 1531 et
2148 1477 2261 1546 ipsa
2307 1473 2457 1529 tenui

843 1590 899 1635 et
950 1577 1259 1650 perfusorio
1311 1574 1512 1646 gaudio
1568 1575 1902 1645 rapiuntur,
1953 1580 2007 1627 et
2055 1569 2267 1624 videbis
2327 1566 2456 1638 quia

845 1673 998 1743 copia
1029 1684 1236 1740 pauper
1263 1677 1370 1730 est,
1405 1667 1586 1722 honor
1608 1665 1856 1730 humilis,
1886 1663 2009 1718 vilis
2039 1662 2238 1733 gratia,
2272 1671 2458 1730 poten-

845 1767 920 1819 tia
953 1763 1167 1828 debilis,
1207 1771 1264 1817 et
1297 1761 1572 1816 laboriosa
1618 1758 1892 1828 voluptas,
1937 1765 2018 1819 ut,
2042 1756 2198 1825 juxta
2220 1753 2455 1822 Aposto-

2569 548 2873 620 explentes,
2909 551 3115 621 indigni
3150 562 3207 606 ut
3239 553 3427 606 statim
3467 553 3782 623 gaudeant,
3817 568 3920 610 nec
3951 553 4103 627 digni
4136 565 4197 611 ut

2569 659 2787 712 semper
2835 645 3107 709 ardeant,
3172 645 3290 700 loca
3363 645 3682 717 purgatoria
3737 647 4090 712 sortiuntur,
4139 647 4193 702 in

2568 734 2770 804 quibus
2827 734 3200 805 ﬂagellat-tur,
3243 735 3338 790 sed
3384 723 3491 790 ιιὸιι
3524 736 3592 789 ad
3649 735 4021 807 insipientiam
4065 737 4192 800 sibi,

2568 837 2629 883 ut
2659 830 2860 884 extorti
2893 829 3300 884 transferantur
3324 831 3391 884 ad
3424 846 3673 901 regnum.
3847 897 3853 903 .

2636 921 2744 978 Pro
2796 923 2903 990 bis,
2957 924 3050 995 qui
3102 924 3154 978 in
3196 923 3340 979 cmlo
3395 933 3546 988 sunt,
3578 940 3684 978 non
3721 927 4019 990 orandum,
4061 925 4196 997 quia

2564 1029 2679 1078 eos,
2739 1030 2844 1070 non
2895 1031 2995 1086 pro
3039 1016 3141 1081 eis,
3183 1031 3347 1072 orare
3393 1015 3681 1071 debemus.
3727 1015 3835 1071 Pro
3868 1017 3975 1084 his,
4005 1016 4100 1089 qui
4138 1016 4197 1074 in

2565 1109 2784 1165 inferno
2856 1119 3020 1176 sunt,
3071 1111 3472 1181 suspendenda:
3537 1120 3665 1166 sunt
3720 1126 3947 1182 preces,
3996 1111 4197 1182 quibus

2563 1203 2751 1257 clausa
2795 1212 2877 1257 est
2909 1203 3303 1258 misericordia:
3338 1201 3508 1272 janua
3542 1215 3598 1258 et
3631 1203 3799 1258 totius
3844 1218 3971 1274 spes
4021 1204 4197 1259 inter-

2562 1295 2716 1350 clusa
2767 1295 2986 1351 salutis.
3041 1295 3149 1351 Pro
3195 1295 3304 1351 illis
3359 1305 3572 1351 tantum
3627 1296 3966 1368 vigilandum
4014 1296 4196 1354 estin

2561 1393 2933 1456 orationibus,
2985 1393 3426 1448 subveniendum
3467 1391 3744 1448 sacrificio
3772 1391 4065 1461 singulari,
4099 1391 4194 1462 qui

2564 1485 2698 1541 locis
2750 1486 3128 1557 purgabilibus
3181 1486 3581 1550 emundantur,
3631 1495 3690 1539 ut
3723 1486 3996 1558 benignus
4029 1485 4197 1541 Pater

2560 1579 2944 1650 pmnitentiam
3016 1596 3207 1636 eorum
3305 1581 3358 1635 in
3409 1579 3900 1646 satisfactionem,
3970 1577 4199 1636 satisfa-

2560 1672 2800 1727 utionem
2869 1673 2922 1727 in
2977 1673 3440 1743 glorificationcm
3505 1674 3618 1730 cito
3667 1683 3975 1728 convertat.
4023 1674 4198 1732 Curre

2563 1767 2762 1823 iterum
2813 1783 2914 1839 per
2965 1769 3102 1824 istos
3153 1768 3355 1822 intuitu
3391 1769 3638 1839 pietatis,
3679 1777 3760 1838 et,
3791 1768 3879 1824 fac
3917 1768 4197 1825 sarcinam

846 1855 976 1921 lum,
1009 1869 1228 1910 omnem
1260 1852 1593 1909 intellectum
1629 1851 1682 1906 iu
1709 1849 1914 1905 Christi
1943 1847 2267 1918 obsequium
2311 1845 2451 1900 redi-
2485 1836 2534 1897 Β
2567 1870 2712 1915 mam
2735 1901 2750 1925 ν
2805 1836 2998 1916 έισρειυ

1357 1852 1593 1908 allectum
1629 1851 1682 1906 iu
1709 1849 1914 1905 Christi
1943 1847 2267 1918 obsequium
2311 1845 2451 1900 redi-
2485 1836 2534 1897 Β
2567 1870 2712 1915 mam
2735 1901 2750 1925 ν
2805 1836 3062 1916 {modum
3115 1836 3509 1930 οοητρειίρῇἀί,

841 1963 1034 2019 gamus
1062 1947 1148 2019 (ΙΙ
1182 1946 1307 2002 Cor.
1339 1947 1418 2018 χ).
1450 1945 1652 2013 Relege
1693 1945 1996 1998 maximum
2041 1942 2191 1996 illum
2233 1941 2458 1996 Latino-

845 2055 964 2092 rum
1039 2037 1537 2109 philosophorum,
1589 2045 1648 2092 et
1699 2037 1754 2090 in
1817 2035 1962 2089 illius
2023 2034 2208 2089 verbis
2279 2047 2457 2087 meam

841 2131 1089 2186 invenies
1146 2145 1270 2185 esse
1323 2129 1680 2184 sententiam.
1738 2127 2041 2183 Contemne
2109 2127 2276 2197 igitur
2339 2126 2459 2180 lucc

841 2226 1048 2290 omnia,
1103 2226 1232 2296 quia
1285 2223 1471 2279 omnia
1512 2223 1946 2284 contemnenda,
1981 2229 2038 2275 et
2091 2219 2158 2275 de
2206 2219 2292 2274 his
2341 2234 2460 2275 om-

842 2318 1004 2375 nibus
1034 2315 1120 2371 fac.
1151 2316 1427 2372 sarcinam
1463 2325 1630 2378 tuam,
1665 2323 2045 2383 contemptum
2079 2312 2289 2366 mundi.

914 2411 1152 2466 Decursa
1177 2425 1308 2465 vero
1345 2410 1449 2464 hac
1489 2410 1738 2480 regione,
1771 2417 1825 2462 et
1854 2406 2000 2477 quod
2050 2405 2348 2476 pretiosius
2373 2413 2460 2459 est

841 2503 968 2557 inde
1025 2502 1260 2564 sublato,
1306 2501 1477 2555 transi
1529 2501 1597 2554 ad
1644 2500 1967 2564 secundam,
2015 2514 2136 2568 quze
2184 2508 2268 2553 est
2299 2514 2459 2568 para-

841 2597 996 2649 rlisus
1046 2594 1378 2648 rlaustralis.
1437 2592 1578 2647 Vere
1631 2591 1934 2647 claustrum
2001 2600 2086 2646 est
2140 2591 2454 2660 paradisus.

841 2687 944 2744 Hic
973 2697 1128 2758 prata
1160 2688 1388 2750 virentia
1414 2685 1851 2756 Scripturarum,
1877 2684 2254 2755 przntertluens
2280 2683 2458 2754 lacry-

829 2795 1059 2834 marum
1110 2779 1436 2842 undositas,
1481 2794 1647 2847 quam
1692 2779 1759 2832 de
1803 2777 2116 2846 purissimis
2167 2775 2458 2832 aﬂ‘ectibus

842 2884 1001 2923 amor
1031 2868 1120 2922 ille
1161 2869 1410 2923 cmlcstis
1440 2869 1663 2938 eliquat.
1713 2869 1812 2923 ilic
1863 2877 1992 2923 sunt
2060 2869 2289 2924 arbores
2328 2883 2456 2923 ere-

829 2961 1100 3017 ctissimze
1143 2961 1330 3015 eboris
1383 2970 1724 3026 sanctorum,
1761 2960 2021 3030 nullaque
2047 2970 2132 3015 est
2156 3001 2168 3023 ,
2194 2975 2314 3028 quae
2348 2975 2454 3015 non

839 3052 1007 3109 multa
1045 3053 1250 3107 fructus
1279 3054 1512 3123 gaudeat
1546 3053 1829 3108 ubertate.
1874 3051 2001 3108 Hzcc
2030 3060 2115 3107 est
2153 3052 2243 3106 illa
2278 3051 2452 3106 subli-

832 3145 944 3201 mis
975 3159 1183 3207 mensa,
1240 3145 1294 3198 in
1341 3160 1450 3215 qua
1495 3145 1641 3199 Deus
1688 3155 1773 3200 est
1827 3157 1882 3200 et
1936 3145 2130 3201 cibaus
2179 3155 2231 3200 et
2272 3144 2449 3209 cibus,

2637 1954 2845 2023 Quarta
2899 1955 3072 2026 regio,
3122 1963 3205 2010 cst
3238 1956 3395 2026 regio
3444 1955 3791 2027 gehennalis,
3829 1958 3982 2030 regio
4032 1959 4196 2022 dura,

2562 2048 2717 2118 regio
2748 2047 3185 2111 extimescenda,
3223 2057 3370 2103 terra
3402 2047 3743 2114 aﬂlietionis,
3778 2058 3926 2105 terra
3966 2051 4199 2106 oblivio-

2568 2140 2675 2205 nis,
2740 2150 2890 2196 terra
2949 2139 3343 2202 miseriarum,
3403 2149 3551 2195 terra
3619 2142 3991 2207 tenebrarum,
4050 2150 4197 2197 terra

2529 2236 2803 2291 turbinis
2845 2246 2900 2290 et
2966 2235 3236 2305 caliginis,
3287 2243 3435 2290 terra
3481 2234 3884 2291 maledictioiiis
3936 2243 3994 2291 et
4045 2251 4198 2290 mor-

2565 2330 2661 2393 tis,
2711 2330 2772 2388 .in
2819 2344 2926 2399 qua
2970 2328 3158 2383 nullus
3210 2328 3366 2395 ordo,
3436 2328 3532 2383 sed
3590 2329 3959 2400 sempiternus
4003 2329 4202 2384 horror

2564 2425 2860 2480 inhabitat.
2921 2422 3093 2477 Totus
3147 2432 3323 2479 tremo
3379 2435 3546 2493 atque
3601 2424 3805 2478 horreo
3863 2425 3931 2479 ad
3985 2437 4198 2479 memo-

2563 2519 2704 2572 riam
2773 2515 3020 2588 regionis
3091 2516 3292 2580 istius,
3361 2525 3416 2570 et
3474 2531 3740 2570 concussa
3811 2525 3942 2570 sunt
4014 2518 4198 2569 omnia

2562 2625 2687 2665 ossa
2720 2625 2860 2664 mea.
2895 2610 3007 2664 Illic
3037 2617 3122 2664 est
3165 2609 3330 2680 ignis,
3372 2609 3467 2679 qui
3511 2625 3617 2663 non
3658 2608 4036 2674 succenditur,
4075 2623 4201 2662 ver-

2562 2704 2666 2758 mis
2713 2704 2802 2773 qui
2856 2719 2962 2758 non
3019 2702 3256 2757 moritur
3313 2701 3665 2772 (lsaiuvl),
3733 2701 3910 2773 frigus
3967 2702 4200 2756 horreu-

2562 2796 2714 2858 dum.
2772 2796 2848 2852 lbi
2902 2795 3046 2852 fetor
3078 2795 3445 2852 intolerabilis
3497 2796 3770 2860 exoritur,
3821 2795 4198 2866 percutientes

2562 2887 2745 2943 mallei
2781 2897 3044 2941 resonant
3072 2887 3440 2951 incessanter,
3474 2886 3684 2942 obfusae
3721 2888 3962 2943 tenebrae
4003 2901 4199 2942 cumu-

2563 2980 2731 3035 latius
2761 2981 3142 3036 indensantur.
3178 2981 3290 3036 Illic
3322 2981 3574 3038 confusio
3603 2992 3982 3053 peccatorum,
4010 2981 4197 3038 horri-

2561 3071 2689 3127 bilis
2721 3070 2893 3128 facies
2936 3074 3283 3138 daemonum,
3319 3073 3789 3129 inextricabilium
3839 3073 4196 3134 vinculorum

2565 3162 2764 3216 fertilis
2826 3163 3140 3216 multitudo.
3199 3163 3276 3218 lbi
3347 3163 3509 3218 ﬂetus
3563 3172 3620 3218 et
3677 3163 3886 3218 stridor
3945 3163 4195 3220 dentium

837 3252 1135 3294 munerans
1183 3246 1237 3291 et
1270 3253 1488 3303 munus,
1523 3237 1761 3292 olferens
1805 3247 1860 3291 et
1915 3236 2183 3300 oblatum,
2218 3237 2448 3290 conviva
2483 3205 2531 3270 C
2565 3256 2783 3328 (Μαιιιι,
2843 3267 2978 3324 xm;
3022 3257 3132 3313 Luc
3189 3259 3340 3324 ml),
3391 3259 3650 3329 planctus
3709 3270 3764 3315 ει
3814 3259 4074 3331 gemitus,
4139 3266 4198 3316 οι

834 3339 893 3384 et
920 3329 1254 3385 convivium.
1290 3328 1388 3383 llic
1415 3338 1654 3400 aggesta:
1703 3339 1832 3383 sunt
1863 3328 2273 3398 Omnipotentis
2313 3329 2450 3382 divi-

840 3421 950 3486 tim,
981 3417 1070 3474 hic
1098 3418 1278 3474 refusa
1308 3429 1392 3475 est
1419 3421 1594 3492 gloria
1625 3421 1968 3489 angelorum.
1997 3421 2239 3475 Putasne
2273 3420 2452 3476 nullas

755 3569 758 3571 Α
837 3510 930 3566 hic
954 3525 1080 3566 esse
1114 3512 1408 3574 nundinas,
1445 3523 1500 3566 et
1523 3513 1684 3566 otiari
1724 3513 1846 3566 illos
1872 3513 1964 3582 qui
2003 3513 2256 3568 habitant
2290 3513 2453 3566 unius

832 3605 1010 3662 moris
1061 3605 1111 3658 in
1164 3605 1568 3676 domo?(Psul.
1603 3608 1799 3670 vatt.)
1850 3604 2052 3662 Videas
2091 3606 2236 3661 hunc
2280 3605 2455 3661 sacris

831 3697 1164 3754 lectionibus
1215 3699 1590 3753 iutendentem
1621 3740 1634 3761 ,
1684 3701 1836 3753 illum
1899 3700 2306 3754 incumbentem
2331 3714 2458 3753 ora-

836 3789 1105 3850 tionibus,
1165 3792 1309 3844 hunc
1367 3805 1466 3858 pro
1510 3791 1624 3844 suis
1676 3791 1996 3845 excessibus
2028 3791 2454 3860 lacrymantem,

837 3878 994 3934 illum
1037 3880 1090 3933 in
1135 3880 1225 3933 Dei
1275 3880 1526 3934 laudibus
1569 3881 1973 3946 exsultantem,
2034 3882 2180 3937 hunc
2222 3880 2456 3952 vigilan-

837 3983 975 4035 tem,
1018 3971 1403 4041 jejunantcm,
1454 3981 1508 4026 et.
1544 3973 1696 4026 illum
1749 3971 1928 4028 cilicio
1959 3973 2180 4043 pictatis
2230 3973 2332 4028 sibi
2391 3973 2460 4028 ad

836 4064 1074 4119 invicem
1167 4063 1431 4119 invidere.
1487 4063 1658 4120 Nocte
1691 4077 2035 4136 consurgunt
2083 4068 2150 4122 ad
2190 4067 2459 4123 confiten-

837 4157 1062 4212 tendum
1115 4157 1253 4223 Deo;
1288 4173 1538 4227 vespere,
1590 4174 1751 4213 mane
1781 4168 1836 4214 et
1866 4160 2094 4215 meridie
2146 4169 2374 4216 narrant
2404 4170 2458 4216 et

833 4250 1168 4303 annuntiant
1201 4251 1414 4304 laudem
1449 4252 1588 4321 ejus,
1619 4260 1676 4305 et
1709 4252 1891 4306 oumis
1931 4251 2146 4306 illorum
2190 4252 2456 4309 sedulitas

836 4343 892 4397 in
945 4342 1132 4397 orbem
1185 4343 1353 4398 divini
1401 4355 1614 4398 rotatur
1663 4345 1936 4415 obsequii.
1985 4345 2159 4402 Curre
2196 4361 2329 4420 ergo
2360 4363 2457 4418 per

833 4452 1053 4504 ouxnes,
1078 4455 1236 4494 curre
1269 4456 1366 4511 per
1393 4442 1660 4512 singulos,
1691 4453 1748 4498 et
1781 4445 1848 4498 de
1883 4445 2157 4500 universis
2187 4455 2242 4502 et
2266 4447 2456 4518 singu-

836 4529 908 4586 lis
934 4530 1018 4586 fac
1044 4535 1319 4588 sarcinam
1347 4545 1516 4599 luant,
1544 4537 1779 4591 formam
1806 4539 2046 4594 vivendi.

915 4620 1124 4677 Relicto
1156 4640 1286 4695 ergo
1339 4628 1542 4681 mundo
1593 4637 1647 4682 et
1699 4630 1859 4683 modo
1909 4630 2125 4686 vivendi
2172 4641 2449 4703 suscepto,
2485 4596 2535 4657 Β

838 4717 1012 4770 transi
1047 4718 1111 4770 ad
1148 4719 1388 4786 tertiam,
1415 4736 1534 4790 qua:
1567 4732 1648 4776 est
1682 4724 1835 4794 regio
1872 4726 2224 4793 expiationis.
2260 4727 2314 4782 lu
2349 4728 2452 4784 hac

836 4807 1065 4876 regione
1097 4809 1363 4881 benignus
1392 4810 1553 4868 Pater
1575 4818 1858 4870 examinat
1898 4817 2038 4871 ﬁlios
2080 4820 2450 4890 rubiginosos,

836 4901 984 4958 sicut
1035 4905 1386 4961 examinator
1461 4921 1777 4980 argentum;
1832 4914 1983 4970 ducit
2038 4932 2136 4986 per
2176 4918 2356 4986 ignem
2399 4928 2456 4976 et

837 5010 1059 5064 aquam,
1094 5009 1154 5055 ιιι
1195 5000 1420 5058 inducat
1455 5003 1506 5058 in
1541 5006 1887 5077 refrigerium
1936 5007 2110 5080 (Psal.
2144 5015 2293 5082 utr).
2326 5013 2450 5069 Tri-

832 5105 926 5146 tia:
955 5092 1483 5152 suntdistinctiones
1523 5097 1793 5168 locorum,
1827 5120 1964 5172 quos
1996 5121 2094 5174 pro
2133 5107 2456 5164 diversitate

836 5181 1160 5239 meritorum
1215 5186 1413 5244 anima:
1463 5192 1788 5246 sortiuntur.
1843 5195 1924 5249 Ad
1971 5197 2170 5252 ccelum
2217 5215 2454 5270 namque

822 5274 1028 5328 statim
1077 5275 1320 5340 evolant,
1375 5281 1468 5350 qui
1516 5281 1794 5338 domicilio
1847 5288 2096 5356 corporis
2151 5291 2232 5343 usi
2284 5301 2452 5355 sunt,

837 5373 1103 5436 tanquam
1166 5385 1424 5433 carcere,
1463 5372 1555 5443 qui
1607 5375 1925 5431 dcl'a-catam
1974 5396 2277 5452 puramque
2326 5386 2453 5440 sub-

827 5461 1096 5513 stantiam
1122 5465 1407 5534 utriusque
1433 5467 1677 5524 hominis
1702 5487 2088 5528 servaverunt.
2115 5477 2451 5537 Ecoutrario

835 5549 933 5618 qui
988 5551 1233 5610 fecerunt
1285 5573 1456 5627 usque
1503 5562 1570 5615 ad
1617 5573 1847 5620 mortem
1878 5608 1892 5631 ,
1945 5584 2065 5638 quae
2116 5572 2277 5642 digna
2328 5585 2454 5629 sunt

829 5653 1040 5706 morte,
1087 5645 1217 5702 locis
1264 5651 1660 5721 gebennalibus
1703 5659 1819 5712 sine
1874 5661 2252 5720 misericordia
2287 5669 2457 5737 depu-

835 5744 1049 5790 tantur.
1105 5739 1205 5808 Qai
1271 5759 1402 5798 vero
1459 5758 1712 5804 neutrum
1775 5764 1942 5818 sunt,
1977 5759 2072 5812 sed
2129 5771 2256 5815 sunt
2313 5764 2454 5818 inter

831 5842 1158 5904 utrumque,
1209 5837 1300 5904 qui
1347 5841 1596 5898 mortalia
1633 5845 1856 5914 quidem
1894 5852 2326 5924 couuuiserunt,
2360 5862 2454 5914 sed

2557 3348 2885 3402 alternantia
2953 3350 3095 3404 mala
3150 3350 3347 3419 impios
3406 3351 3527 3405 sine
3588 3351 3797 3420 pietate
3844 3350 4193 3421 discerpunt.

2558 3441 2704 3496 Nihil
2745 3444 2825 3498 sic
2864 3444 3009 3499 valet
3039 3443 3107 3498 ad
3151 3445 3540 3515 exstirpandas
3573 3445 3917 3516 voluptatum
3948 3444 4195 3509 radices.

2559 3552 2724 3606 quam
2779 3537 3010 3591 istorum
3079 3538 3346 3592 memoria
3403 3547 3458 3593 et
3510 3538 3825 3594 recordatio
3902 3538 4194 3594 vulnerum

2563 3628 2774 3682 Domini
2834 3629 2962 3690 mei.
3022 3631 3114 3699 qui
3167 3631 3322 3685 stetit
3375 3639 3508 3685 ante
3551 3629 3819 3699 judicem,
3874 3634 3966 3702 qui
4005 3631 4199 3699 alapas

2562 3720 2798 3789 accepit,
2831 3720 2922 3788 qui
2953 3718 3261 3789 flagellatus
3301 3730 3407 3787 est,
3432 3722 3524 3792 qui
3551 3731 3874 3793 cousputus,
3908 3723 4000 3793 qui
4029 3737 4196 3779 coro-

2563 3821 2727 3866 natus
2758 3813 2954 3882 Spinis,
2997 3812 3089 3883 qui
3123 3812 3374 3882 colaphis
3424 3828 3620 3880 CIBSIIS,
3651 3815 3743 3884 qui
3790 3829 4095 3885 suspensus
4138 3815 4193 3870 in

2561 3905 2731 3977 ligno,
2768 3907 2852 3960 cui
2916 3908 3178 3978 pendenti
3221 3908 3545 3964 insultatum
3577 3918 3681 3974 est,
3719 3911 3812 3980 qui
3846 3921 4096 3966 mortuus
4140 3911 4195 3966 in

2563 4013 2745 4063 cruce,
2810 4001 2904 4070 qui
2965 4000 3152 4055 lancea
3220 4018 3550 4072 percussus,
3606 4003 3700 4073 qui
3755 4003 4042 4073 sepultus,
4098 4002 4194 4073 qui

2563 4093 2889 4159 resurrexit,
2941 4093 3033 4163 qui
3082 4095 3334 4150 ascendit
3386 4096 3453 4149 ad
3502 4095 3708 4162 cmlos,
3756 4096 3847 4166 qui
3906 4095 4040 4152 fecit
4092 4110 4196 4151 nos

2562 4197 2792 4252 regnum
2823 4193 2879 4238 et
2925 4186 3249 4241 sacerdotes
3290 4185 3402 4242 Deo
3441 4195 3496 4242 et
3522 4185 3693 4241 Patri.
3744 4187 3917 4242 Curre
3965 4204 4064 4258 per
4093 4188 4195 4244 has

2561 4277 2958 4332 tumultuantes
2994 4279 3292 4343 nundinas,
3328 4289 3388 4333 ut
3416 4280 3609 4335 vivens
3653 4281 3964 4337 descendas
3997 4281 4050 4336 in
4103 4281 4191 4335 in-

2557 4369 2805 4438 fernum,
2838 4381 2894 4428 et
2939 4371 3026 4428 fac
3057 4373 3336 4428 sarcinam
3372 4383 3551 4440 tuam,
3584 4375 3770 4430 odium
3804 4375 4041 4445 peccati.

2629 4464 2830 4532 Quinta
2890 4466 3046 4536 regio
3075 4476 3160 4522 est
3210 4469 3503 4536 paradisus
3556 4469 3990 4540 sopercmlestis,
4039 4469 4194 4542 regio

2560 4558 2725 4612 beata
2752 4570 2806 4612 et
2836 4559 3096 4630 gloriosa,
3154 4559 3316 4629 plena
3348 4559 3651 4632 voluptatis
3685 4572 3742 4616 et
3781 4562 3974 4633 gloria:
4004 4565 4192 4619 suavi-

2567 4652 2694 4707 tatis
2719 4662 2774 4706 et
2806 4653 3029 4717 laetitiae,
3064 4654 3258 4725 gratiae
3287 4664 3340 4710 et
3372 4656 3754 4727 benignitatis.
3793 4657 3867 4711 lbi
3911 4658 4129 4728 requies
4160 4673 4191 4713 a

2564 4743 2772 4807 labore,
2829 4743 3149 4813 jucunditas
3183 4748 3249 4802 de
3282 4748 3550 4812 novitate,
3597 4749 3664 4804 de
3691 4751 3999 4805 mternitate
4027 4767 4189 4806 secu-

2565 4840 2721 4894 ritas.
2744 4838 2821 4894 lbi
2865 4848 2948 4893 est
2977 4840 3174 4896 civitas
3198 4840 3368 4914 Regis
3403 4843 3607 4913 magni,
3643 4843 3798 4912 cujus
3830 4844 4024 4914 platea:
4060 4859 4194 4900 c0u-

2565 4942 2749 4988 strataa
2794 4943 2923 4988 sunt
2954 4949 3090 4989 auro
3138 4936 3457 5005 purissimo,
3507 4952 3630 5006 quae
3682 4937 3976 4992 fecundata
4005 4947 4090 4994 est
4135 4938 4191 4993 in

2565 5025 2863 5096 sapphiris,
2884 5027 2936 5080 in
2960 5042 3066 5096 qua
3089 5025 3323 5098 jaspidis
3337 5031 3744 5100 propugnacula
3763 5033 4189 5100 prmvirescunt,

2561 5129 2613 5174 et
2645 5134 2744 5189 per
2795 5121 3043 5176 ordinem
3091 5120 3302 5192 lapides
3357 5123 3765 5180 insternuntur.
3801 5125 3938 5180 Nam
3979 5127 4190 5198 lapides

2560 5211 2791 5280 pretiosi
2837 5226 3032 5266 omnes
3080 5213 3222 5267 muri
3257 5211 3378 5282 ejus
3413 5214 3601 5286 (Apoc.
3656 5217 3794 5287 xxi).
3849 5217 3963 5272 illic
3998 5235 4192 5275 omnes

2560 5303 2770 5364 vivunt,
2832 5303 3014 5359 nullus
3073 5307 3343 5372 moritur;
3376 5322 3573 5364 oumes
3622 5309 3904 5365 exsultant
3950 5311 4003 5366 in
4057 5327 4190 5367 voco

2561 5393 2967 5449 cxsoltationis.
2998 5396 3304 5453 intraverat
3332 5397 3503 5455 David
3537 5401 3588 5454 in
3630 5403 4004 5458 sanctuarium
4046 5405 4186 5474 ejus,

2559 5501 2614 5545 et
2643 5499 2824 5545 mente
2860 5503 3181 5549 excesserat
3239 5493 3373 5558 Deo,
3409 5512 3525 5551 'ncc
3567 5507 3750 5554 tamen
3793 5499 4000 5571 aliquid
4040 5500 4187 5556 aliud

2561 5584 2733 5654 potuit
2765 5595 3070 5653 asportare,
3106 5585 3237 5653 nisi,
3269 5589 3396 5657 quia
3434 5607 3452 5640 ι
3497 5590 3734 5660 gloriosa
3769 5592 3914 5647 dicta
3945 5603 4068 5647 sunt
4123 5597 4188 5648 de

2561 5685 2615 5730 te
2646 5675 2839 5730 civitas
2862 5676 2954 5732 Dei
2991 5675 3168 5747 (Psal.
3201 5683 3464 5752 LXXXVI);
3501 5702 3516 5735 ι
3547 5694 3602 5739 et
3635 5685 3797 5740 illud:
3829 5704 3847 5736 ι
3888 5686 4061 5754 Beati,
4093 5689 4186 5758 qui

2563 5768 2814 5824 habitant
2838 5771 2892 5826 in
2921 5772 3085 5827 domo
3117 5785 3232 5840 tua,
3264 5776 3515 5843 Domine,
3551 5781 3601 5834 in
3633 5782 3829 5836 saecula
3860 5783 4188 5839 steculorum

2563 5859 2876 5920 laudabunt.
2900 5876 2950 5922 te
2981 5864 3158 5939 (Psal.
3193 5886 3427 5928 until.
3473 5895 3490 5927 ι
3527 5874 3724 5933 Nescio
3751 5877 3883 5949 quid
3925 5894 4186 5952 maguum
