5450 6350
825 368 926 428 8M

2261 341 2497 404 SEBHO
2525 339 2639 398 LX.

4036 335 4145 394 8&3

817 485 980 542 corde
1015 480 1261 547 devOtiu;
1319 478 1716 534 solemnitatem
1763 473 1928 530 animi
1971 467 2288 526 indicabant
2339 462 2502 521 hi-A
2530 455 2723 512 tiferos
2791 452 2966 509 imbre

1994 467 2288 526 ηάἰεειικιηι
2339 455 2723 521 Ιιὶ-Αιίἷθτος
2791 452 2996 509 imbres
3084 451 3320 508 infusius
3398 449 3807 506 administrant.
3874 447 4145 510 Occursat

816 578 1007 632 laritas
1037 576 1240 640 vultus,
1286 571 1554 627 discursio
1580 568 1845 638 corporis,
1873 564 2058 635 operis
2082 559 2418 618 sollicitudo.

815 669 1034 741 Inspexi
1063 665 1379 723 sacerdotes
1422 662 1778 733 vigilantibus
1829 657 2006 713 oculis
2053 654 2260 725 primos
2310 650 2419 706 diei

813 769 970 816 ortus
1013 757 1291 815 subtiliter
1340 754 1618 824 indagare,
1694 746 2192 805 sacramentalibus
2271 742 2420 796 indui

815 849 1180 914 vestimentis,
1215 846 1441 902 introire
1481 847 1548 901 ad
1579 845 1753 899 altare
1784 842 1880 896 Dei
1911 842 1975 894 ad
2003 838 2423 894 sacrificandum

815 959 1014 1016 corpus
1038 951 1093 997 et
1121 941 1442 1012 sanguinem
1467 936 1866 1006 Redemptoris.
1897 932 2017 988 Vidi
2047 929 2423 986 assistentium

824 1038 1062 1099 turbam,
1084 1030 1432 1087 ministeriali
1461 1030 1752 1085 devotione
1784 1041 1928 1082 nunc
1951 1023 2170 1078 flectere
2223 1034 2421 1090 genua,

815 1141 964 1183 nunc
999 1124 1236 1180 osculari
1288 1137 1505 1186 manus,
1557 1129 1613 1174 et
1665 1119 1732 1173 ad
1785 1114 2173 1186 imperantium
2231 1122 2422 1166 nutum

817 1225 954 1273 nutu
1020 1216 1183 1271 citius
1247 1213 1494 1269 obedire.
1542 1210 1650 1266 Sed
1699 1218 1756 1265 et
1810 1222 2010 1278 pueros
2065 1204 2274 1274 aSpexi,
2329 1201 2423 1272 qui

818 1310 1070 1366 nesciunt
1099 1307 1232 1378 quid
1256 1308 1328 1363 sit
1359 1305 1502 1360 inter
1539 1303 1824 1358 dexteram
1869 1309 1927 1356 et
1960 1299 2264 1361 sinistram,
2319 1295 2421 1350 sibi

819 1402 889 1458 ad
935 1401 1169 1457 invicem
1211 1396 1497 1470 'psalteria
1563 1395 1808 1450 invidere
1867 1401 1923 1447 et
1989 1392 2282 1460 deportare
2355 1388 2424 1442 ad

819 1496 1046 1553 lectulos
1073 1509 1224 1556 suos,
1255 1491 1426 1545 furari
1458 1504 1708 1544 somnum
1750 1487 1819 1542 ab
1875 1485 2048 1540 oculis
2095 1483 2213 1540 Suis
2263 1491 2318 1537 et
2366 1482 2419 1535 in

821 1587 1020 1644 lectulo
1074 1602 1173 1642 suo
1220 1600 1321 1655 per
1370 1593 1560 1639 noctes
1613 1595 1866 1651 quaerere
1927 1593 2090 1649 quem
2167 1575 2425 1646 diligebat

819 1681 1001 1736 anima
1074 1695 1287 1734 eorum.
1339 1677 1507 1750 319
1553 1675 1710 1744 Quod
1762 1675 1892 1730 licet
1944 1683 2138 1728 contra
2193 1686 2415 1726 consue-

819 1771 1060 1825 tudinem
1099 1779 1490 1841 priesumptum
1546 1769 1635 1830 sit,
1691 1782 1799 1822 non
1859 1776 2038 1821 tamen
2099 1772 2291 1818 contra
2329 1763 2423 1817 de-

817 1862 1122 1918 votionem.

887 1954 1124 2021 Fateor,
1180 1955 1324 2009 inter
1377 1954 1492 2009 lucc
1547 1954 1729 2008 omnia
1787 1950 2162 2028 cogitabam:
2225 1946 2422 2002 Castra

817 2049 918 2105 Dei
967 2059 1094 2104 sunt
1142 2049 1290 2114 haec;
1348 2065 1367 2098 ‹
1402 2047 1521 2102 Non
1569 2055 1654 2102 est
1707 2046 1798 2101 hic
1855 2044 2021 2106 aliud,
2071 2041 2176 2096 nisi
2225 2041 2423 2096 domus

818 2137 918 2194 Dei
945 2147 1001 2194 et
1044 2145 1201 2208 porta
1243 2137 1367 2192 coeli
1403 2134 1557 2208 (Gen.
1601 2135 1818 2206 xxvm).
1849 2154 1866 2186 ι
1926 2133 2151 2196 Vellem,
2201 2131 2422 2195 nollem,

816 2242 1001 2289 vestra
1035 2233 1319 2288 devotione
1353 2231 1627 2292 trahebar,
1680 2237 1736 2284 et
1788 2227 1939 2283 vobis
1995 2223 2422 2296 negotiantibus,

815 2323 978 2378 otiari
1031 2339 1138 2378 non
1190 2331 1460 2393 poteram.
1511 2321 1794 2391 Sequebar
1838 2334 1955 2383 vos,
2004 2319 2096 2372 sed
2156 2333 2186 2372 a
2243 2316 2424 2386 longe,

814 2413 904 2469 vel
950 2415 1213 2470 aberrans
1262 2429 1293 2468 a
1325 2414 1432 2480 via,
1467 2412 1552 2468 vel
1607 2412 1925 2467 claudicans
1963 2426 1993 2464 a
2021 2410 2235 2465 semitis
2266 2412 2424 2478 meis,

816 2502 1013 2578 lugens
1039 2513 1096 2560 et
1143 2505 1527 2570 contristatus,
1583 2505 1712 2575 quia
1741 2519 1848 2558 non
1903 2513 2152 2572 poteram
2207 2517 2428 2572 :equare

829 2609 1138 2654 currentes.
1165 2596 1325 2652 Novit
1357 2597 1446 2653 ille
1470 2614 1630 2662 unus,
1661 2613 1786 2652 cum
1819 2612 1926 2667 quo
1953 2611 2062 2650 uno
2088 2612 2256 2650 unum
2305 2611 2428 2652 esse

816 2689 962 2760 coepi
1015 2691 1067 2744 in
1123 2689 1375 2753 Domino,
1421 2705 1592 2760 quam,
1629 2690 2006 2760 frequentibus
2045 2689 2286 2758 querelis
2326 2688 2428 2742 im-

815 2781 1080 2854 pleverim
1111 2799 1272 2839 aures
1309 2785 1448 2854 ejus,
1503 2780 1796 2853 quodgvos’
1841 2783 1894 2837 in
1950 2783 2179 2838 meridie
2231 2783 2428 2837 essetis

816 2887 944 2928 cum
997 2887 1213 2943 sponso,
1264 2883 1320 2927 et
1365 2887 1466 2943 ego
1509 2873 1562 2928 in
1613 2873 1924 2942 vespertino
1953 2872 2157 2943 frigore
2188 2886 2426 2926 commo-

817 2977 992 3018 nrcr.
1046 2963 1166 3030 Eia,
1197 2961 1417 3027 fratres,
1453 2964 1498 3019 si
1530 2963 1728 3034 aliquis
1768 2964 1948 3018 adhuc
1992 2962 2190 3017 inlluus
2232 2964 2430 3018 humor

815 3055 889 3114 de
922 3054 1144 3113 ﬂumine
1188 3056 1545 3119 mortalitatis
1596 3056 1759 3128 hujus
1808 3065 2020 3112 vestras
2067 3059 2431 3112 circumrorat

817 3145 1162 3211 affectiones,
1197 3148 1412 3222 tergite,
1438 3159 1492 3203 et
1531 3150 1696 3220 tegite
1738 3148 1887 3204 illum
1921 3150 2082 3204 niveo
2125 3148 2427 3205 confessio-

2527 551 2770 623 aspectui
2804 551 3006 607 mentis
3027 549 3172 620 quod
3202 547 3339 603 vidit
3370 556 3426 602 et
3449 545 3679 611 audivit,
3705 545 3850 616 quod
3885 546 4140 604 odoravit

2525 653 2579 700 et
2605 643 2868 716 gustavit,
2903 643 3048 713 quod
3086 639 3329 711 palpavit
3359 649 3416 695 et
3449 637 3648 709 tetigit,
3706 646 3761 691 et
3814 637 4143 710 plerumque

2526 736 2669 804 quod
2695 733 2932 804 simplici
2963 731 3121 787 oculo
3147 729 3488 801 aspeximus,
3519 727 3831 798 versipellis
3852 737 4143 785 contortor

2526 826 2592 878 ad
2616 822 3007 879 oll‘endiculum
3042 828 3324 891 retorquet
3369 828 3427 874 et
3469 818 3810 874 scandalum.
3863 818 4046 890 Fingit
4071 821 4148 877 si-
4189 881 4191 886 λ

2476 946 2478 949 -
2529 918 2886 984 militudines,
2949 915 3216 987 imagines
3261 913 3466 985 pingit,
3523 911 3737 968 colores
3781 921 3954 982 aptat,
3996 922 4052 969 et
4089 913 4147 969 in

2527 1012 2768 1068 thalamo
2820 1009 3020 1066 mentis
3056 1009 3315 1065 universa
3361 1004 3658 1070 convolvit,
3710 1004 3756 1061 si
3819 1004 3964 1061 forte
4009 1020 4148 1062 con-

2527 1119 2746 1160 sensum
2777 1103 2959 1158 eliciat
2987 1111 3041 1157 et
3071 1099 3280 1156 inliciat
3317 1098 3596 1154 allectum.
3640 1096 3815 1154 Oﬂ‘ert
3847 1099 4141 1156 horribilia

2527 1198 2594 1254 de
2625 1197 2930 1261 divinitate,
2985 1194 3250 1250 terribilia
3283 1193 3349 1249 dc
3392 1192 3518 1258 fide,
3570 1191 3846 1247 mirabilia
3903 1193 3971 1261 de
4021 1193 4150 1251 fidei

2527 1290 2891 1355 institutione,
2917 1298 2971 1345 et
3000 1290 3052 1344 in
3083 1287 3293 1344 alveolo
3331 1286 3532 1342 mentis
3561 1285 3912 1342 veneniferas
3953 1286 4155 1359 ingerit

2527 1383 2797 1454 potiones,
2832 1397 2970 1452 quas
3011 1380 3092 1435 vel
3128 1381 3181 1436 in
3214 1379 3565 1437 confessione
3596 1392 3852 1433 evomere
3892 1388 4152 1449 peccator

2526 1485 2791 1532 oneratus
2813 1476 3096 1532 exhorret.
3124 1474 3288 1529 Venit
3320 1473 3374 1527 in
3401 1471 3728 1535 oratorium,
3762 1471 4147 1527 dormitorium

2526 1578 2790 1639 occupat,
2841 1569 3041 1624 insidet
3093 1565 3410 1630 refectorio,
3455 1564 3655 1620 circuit
3691 1564 4016 1632 clauStrum,
4055 1581 4148 1622 re-

2526 1661 2656 1716 visit
2681 1659 2946 1725 officinas,
2994 1659 3201 1714 nullam
3242 1657 3614 1728 praetermittit
3657 1668 3832 1712 artem
3884 1660 4146 1724 nocendi,

2527 1752 2621 1807 sed
2675 1753 2876 1822 ubique
2908 1768 3020 1807 sua:
3048 1750 3368 1806 calliditatis
3405 1749 3654 1820 assignat
3704 1750 3972 1820 angulias,
4011 1761 4067 1808 et
4094 1751 4154 1806 in
4248 1777 4256 1785 -

2449 1840 2498 1900 B
2531 1843 2700 1898 choro
2729 1843 2950 1914 quidem
2984 1843 3124 1896 inter
3151 1841 3421 1896 orandum
3443 1851 3500 1895 et
3527 1839 3872 1910 psallendum
3902 1850 4146 1896 mentem

2529 1923 2800 2004 per-trahit
2846 1933 2900 1987 in
2940 1933 3191 1998 diversa,
3240 1931 3643 2001 pi-aateritorum
3691 1933 4154 1988 rememoratione

2526 2025 2824 2094 puritatem
2859 2023 3174 2079 intellectus
3202 2023 3505 2079 involvens.

2537 2146 2545 2158 ε
2602 2117 2659 2172 ln
2701 2127 2824 2174 toro
2853 2117 3217 2174 multiformes
3257 2118 3502 2174 libidinis
3531 2133 3727 2175 sensus
3768 2119 4015 2187 involvit,
4058 2122 4146 2176 in-

2530 2210 2738 2266 sidians
2763 2210 3044 2266 solitudini
3091 2220 3317 2277 nostrae,
3349 2220 3403 2266 et
3453 2211 3576 2267 telis
3621 2211 3945 2270 fortioribus
3984 2213 4154 2288 320

2532 2319 2874 2376 oppugnans,
2904 2304 3115 2359 utinam
3146 2319 3255 2359 non
3287 2313 3611 2375 expugnet,
3634 2315 3863 2377 pungat,
3899 2321 4007 2361 non
4033 2305 4155 2361 vul-

2531 2400 2722 2454 neret!
2759 2385 3139 2466 In‘refectorio
3179 2410 3364 2455 autem
3405 2416 3590 2472 gazam
3641 2401 3813 2457 allicit
3843 2403 3912 2458 ad
3962 2401 4156 2458 viden-

2531 2491 2658 2546 dum
2689 2507 2812 2562 quae
2860 2491 3231 2562 perferantur,
3286 2500 3342 2546 et
3396 2492 3605 2564 ingenti
3652 2494 3918 2550 aviditate
3963 2503 4161 2550 onerat

2532 2582 2829 2638 distentum
2872 2592 3138 2649 ventrem,
3175 2581 3234 2638 ut
3270 2583 3480 2654 majore
3509 2599 3675 2655 opera
3712 2586 3780 2641 ad
3811 2587 4150 2658 egerendum

2532 2683 2691 2744 egeat
2727 2690 2891 2745 quam
2938 2676 3006 2730 ad
3060 2675 3444 2748 ingerendum.
3494 2676 3553 2731 In
3590 2677 3835 2733 claustro
3865 2678 4162 2735 libros're-

2534 2765 2685 2820 vellit
2715 2782 2744 2821 a
2777 2767 3050 2830 manibus,
3101 2768 3425 2822 memoriam
3464 2777 3678 2824 resecat
3709 2767 4152 2841 Scripturarnm,

2533 2868 2588 2915 et
2623 2876 2769 2916 nunc
2799 2847 2866 2916 de
2891 2861 2982 2917 illo
3013 2861 3080 2916 ad
3125 2861 3289 2916 istum
3319 2878 3446 2917 cum
3494 2863 3669 2935 signis
3718 2873 3774 2918 et
3809 2864 4152 2920 seurrilitate

2535 2953 2877 3008 transvertit.
2919 2953 3025 3009 Per
3067 2953 3412 3010 officinarum
3456 2956 3864 3012 multitudinem
3919 2968 3971 3014 te
4025 2957 4163 3016 facit

2532 3059 2828 3100 excurrere
2856 3053 2912 3101 et
2953 3046 3280 3116 vagabundo
3310 3062 3370 3103 se
3397 3049 3656 3104 comitem
3686 3049 3836 3113 facit,
3872 3051 4047 3108 donec
4075 3061 4163 3108 ta-

2532 3138 2870 3193 citurnitatis
2900 3138 3123 3203 ostium,
3153 3149 3246 3194 aut
3273 3141 3512 3210 aperiat,
3543 3149 3637 3195 aut
3663 3139 3992 3214 confringat.
4012 3144 4158 3214 Quid
4251 3169 4254 3172 ’

814 3240 908 3295 ni;
933 3240 1158 3305 amictu,
1200 3250 1255 3296 ει
1281 3240 1524 3296 εαιρεειιε
1566 3257 1663 3297 vos
1701 3241 1754 3295 ίη
1797 3241 2200 3311 praeparatione
2241 3241 2421 3295 Eva“-
2454 3243 2502 3310 ε
2534 3228 2723 3298 plura?
2764 3230 2818 3284 ln
2851 3232 3020 3285 choro
3049 3231 3419 3298 devotionem,
3453 3233 3518 3310 in
3549 3243 3668 3290 toro
3714 3236 4053 3305 castitatem,
4103 3237 4160 3292 in

815 3327 947 3400 gelii
1001 3329 1153 3400 pacis
1207 3329 1428 3400 (Ephes.
1480 3330 1594 3399 vt),
1641 3341 1702 3384 ut
1749 3331 1868 3385 sitis
1921 3332 1987 3385 de
2041 3333 2240 3402 quibus
2296 3333 2430 3388 dicit

815 3429 1044 3478 sanctus
1096 3436 1110 3474 :
1164 3421 1276 3476 «1η
1316 3421 1540 3477 flumine
1589 3423 2009 3492 pertransibunt
2055 3423 2191 3491 pede
2250 3421 2426 3496 (Psaf.

815 3513 969 3585 va).
1002 3532 1020 3566 ι
1059 3513 1200 3581 Quid
1239 3521 1419 3569 autem
1471 3524 1594 3585 post
1645 3514 1796 3569 hac?
1839 3514 1962 3569 «1ὺί
2017 3514 2323 3570 laetabimur
2375 3516 2426 3568 in

817 3606 962 3678 ipso.
999 3625 1017 3660 ι
1063 3606 1138 3660 De
1185 3604 1408 3661 ﬂumine
1461 3607 1593 3671 hoc,
1653 3607 1764 3662 imo
1813 3607 1880 3662 de
1930 3606 2244 3661 fluminibus
2311 3607 2430 3662 istis

814 3695 992 3752 Isaias
1041 3697 1306 3767 propheta
1371 3697 1424 3751 i'n
1485 3699 1772 3753 nocturnis
1824 3697 2152 3753 lectionibus
2223 3697 2430 3769 largius

816 3787 1140 3858 disputavit.
1191 3807 1211 3840 ‹
1274 3788 1581 3854 Percutiet,
1630 3789 1836 3860 inquit,
1892 3790 2154 3856 Dominus
2205 3790 2429 3844 fluvium

816 3878 1040 3951 Egypti
1068 3881 1121 3934 in
1149 3889 1356 3950 septem
1381 3881 1532 3945 rivis,
1551 3881 1623 3935 ita
1649 3893 1706 3935 ut
1728 3890 2010 3936 transeant
2035 3897 2132 3951 per
2167 3896 2289 3935 eum
2321 3881 2432 3935 cal-

817 3972 966 4028 ceati
1017 3971 1155 4043 (ιω.
1197 3973 1296 4042 ιιι).
1334 3990 1352 4024 ι
1393 3971 1524 4027 Volo
1563 3972 1631 4028 de
1661 3972 1825 4030 fluvio
1853 3982 1907 4028 et
1935 3974 2106 4029 ruinis
2136 3973 2256 4044 ejus
2297 3990 2432 4044 pau-

818 4063 994 4134 lisper
1045 4062 1379 4120 confabulari
1457 4064 1785 4130 vobiscum,
1841 4069 2115 4136 quomodo
2171 4076 2225 4121 et
2297 4084 2431 4139 qua-

817 4153 952 4214 liter
998 4156 1398 4225 percutiantur,
1449 4165 1506 4211 et
1561 4156 1697 4228 quid
1737 4158 1810 4213 sit
1859 4159 2096 4213 transire
2160 4173 2258 4229 per
2304 4174 2431 4214 eum

820 4245 1116 4303 calceatos.
1410 4311 1415 4317 ἡ

897 4339 1004 4396 Per
1027 4339 1320 4413 Egyptum
1355 4340 1660 4414 figurauter
1685 4343 1917 4413 exprimi
1949 4343 2210 4398 mundum
2241 4344 2428 4408 istum,

819 4432 1132 4490 divinorum
1187 4433 1527 4506 eloquiorum
1583 4446 1922 4493 scrutatores
1983 4437 2290 4500 affirmant,
2337 4441 2428 4509 qui

817 4529 1038 4601 positus
1079 4538 1164 4586 est
1208 4530 1264 4584 in
1308 4531 1568 4602 tnaligno,
1619 4533 1710 4602 qui
1760 4531 2003 4588 tenebris
2054 4541 2108 4586 et
2153 4532 2427 4588 confusio-

2537 3320 2831 3376 refectorio
2897 3323 3258 3392 parcitatem,
3305 3324 3358 3378 in
3411 3324 3656 3380 claustro
3706 3325 4036 3394 lectionem,
4100 3328 4159 3384 in

2534 3413 2764 3470 ofﬁcinis
2832 3416 3034 3471 silentii
3083 3417 3344 3474 virtutem
3392 3420 3612 3474 virtutis
3665 3419 3918 3477 inimicus
3959 3423 4164 3479 exstir-

2533 3516 2645 3578 pat.
2704 3505 2814 3562 Nec
2871 3507 3072 3564 sufficit
3127 3525 3181 3563 in
3234 3509 3514 3581 vigilando
3571 3512 3870 3568 subtilibus
3933 3513 4162 3586 spiculis

2534 3599 2719 3653 cordis
2786 3599 3071 3654 terebrare
3129 3601 3385 3666 muralia,
3431 3603 3526 3658 sed
3583 3603 3908 3660 dormiendo
3965 3607 4157 3677 singu-

2536 3691 2633 3746 lari
2691 3708 2751 3749 se
2805 3703 3037 3757 versat,
3089 3702 3145 3748 et
3198 3703 3450 3749 reversat
3485 3696 3684 3751 astutia
3719 3713 3732 3762 ;
3775 3712 3899 3766 qua:
3934 3699 4160 3755 .melius

2533 3794 2730 3840 vestra:
2772 3785 3123 3840 conscientiae
3153 3801 3318 3856 quam
3343 3787 3470 3858 styli
3520 3789 3764 3843 scientia:
3803 3790 4155 3861 derelinquo.

2608 3880 2716 3934 Sed
2779 3889 2834 3934 et
2892 3879 2976 3934 ad-
3012 3880 3188 3936 altare
3243 3881 3461 3936 Domini
3523 3882 3792 3938 virtutmn
3852 3896 4162 3956 sequuntur

2535 3989 2632 4028 vos
2662 3973 2889 4043 Spiritus
2920 3973 3032 4039 isti,
3076 3974 3129 4028 in
3162 3975 3310 4045 ipsos
3341 3977 3545 4033 mentis
3594 3977 3785 4034 oculos
3812 3979 4123 4038 involantes
4143 4023 4159 4047 ,

2534 4073 2590 4120 et
2637 4066 2728 4119 vix
2774 4065 2978 4136 aliqua,
3021 4066 3106 4122 vel
3146 4069 3430 4124 nascentis
3471 4068 3568 4124 Dei
3618 4070 3703 4124 vel
3755 4072 4046 4141 pendentis
4104 4075 4161 4130 in

2536 4172 2724 4223 cruce,
2765 4168 2996 4229 possunt
3029 4159 3294 4215 memoria
3326 4160 3630 4216 deturbari.
3663 4160 3892 4232 Magnus
3925 4163 4016 4221 ille
4063 4180 4161 4236 pa-

2536 4251 2780 4306 triarcha
2810 4252 2896 4306 vix
2928 4252 3181 4308 volucres
3201 4253 3516 4325 hujustnodi
3553 4269 3582 4308 a
3605 4255 3722 4310 suis
3751 4256 4041 4313 sacrificiis
4064 4259 4161 4313 ab-

2536 4349 2738 4417 igebat.
2771 4347 2880 4404 Nos
2910 4349 3042 4419 quid
3076 4365 3290 4415 sumus,
3339 4349 3433 4420 qui
3487 4348 3681 4418 fugare
3726 4353 4160 4421 prmsumimus?

2535 4440 2667 4508 Quis
2716 4442 2770 4496 in
2816 4441 2920 4497 hoc
2970 4440 3106 4506 rivo,
3143 4442 3227 4496 vel
3276 4457 3543 4509 mersum,
3579 4442 3666 4497 vel
3706 4443 4056 4499 submersum
4097 4461 4160 4501 se

2534 4549 2655 4589 esse
2688 4533 3009 4604 negaverit?
3037 4533 3252 4588 Videris
3292 4549 3458 4605 quam
3507 4533 3760 4590 turbidus
3808 4545 4044 4601 torrens,
4104 4547 4163 4592 ct

817 4624 988 4681 nibus
1015 4633 1099 4680 est
1122 4624 1384 4695 repletus.
1431 4625 1662 4682 Flumen
1708 4625 1886 4682 fluxus
1935 4627 2158 4681 humani
2211 4619 2730 4698 ger-erileimosa
2785 4625 3133 4696 regurgitans
3183 4625 3531 4692 comositate,
3578 4625 3669 4696 qui
3720 4625 3836 4691 vix,
3897 4637 3993 4682 aut
4018 4644 4158 4682 nun-

818 4725 934 4783 est,
989 4718 1082 4789 qui
1133 4719 1200 4775 de
1245 4719 1438 4790 primis
1489 4720 1806 4790 parentibus
1859 4719 2064 4775 infelici
2117 4735 2252 4774 vena
2304 4737 2431 4792 pro-

818 4823 1108 4880 rumpens,
1163 4811 1528 4881 impetuosum
1561 4822 1864 4867 torrentem
1915 4829 2012 4883 per
2045 4822 2214 4867 totam
2245 4816 2433 4869 mundi

819 4902 1168 4958 latitudinem
1223 4903 1578 4974 instagnavit,
1630 4905 1720 4976 qui
1771 4905 1824 4959 in
1855 4914 2062 4974 septem
2097 4907 2434 4961 torrentibus

818 4992 1128 5061 derivatos,
1159 4994 1328 5050 valles
1369 5003 1426 5050 et
1477 4997 1803 5067 campestria
1857 4995 2124 5067 profunda
2175 4997 2436 5069 voragine

817 5085 1175 5157 supersedit,
1227 5087 1361 5156 ipsis
1423 5102 1642 5159 quoque
1704 5089 1972 5143 montium
2051 5089 2433 5144 cacuminibus

817 5170 1078 5234 eamdem
1133 5177 1466 5235 refusionem
1498 5181 1800 5245 intentans,
1855 5182 2000 5236 unde
2049 5196 2191 5235 unus
2240 5181 2307 5237 de
2357 5182 2435 5236 al-

819 5271 1061 5326 tioribus
1109 5271 1351 5326 clamat:
1398 5291 1416 5324 (
1448 5271 1750 5329 Torrentes
1800 5274 2104 5345 iniquitatis
2135 5275 2433 5328 conturba-

817 5372 1028 5418 verunt
1083 5379 1169 5420 me
1201 5359 1375 5436 (Prol.
1407 5367 1576 5435 xvtt);
1615 5387 1631 5419 ι
1684 5377 1740 5422 et
1774 5387 1784 5421 :
1842 5386 1859 5418 ι
1895 5368 2244 5422 Intraverunt
2281 5384 2436 5439 aquae

817 5467 1004 5523 usque
1033 5453 1100 5509 ad
1137 5455 1375 5510 animam
1430 5473 1606 5512 meam
1636 5457 1808 5528 (Psal.
1848 5459 2056 5529 ωινιιι).
2087 5479 2104 5510 ι

901 5545 1119 5602 Primus
1156 5548 1312 5616 hujus
1361 5548 1603 5605 fluminis
1652 5551 1818 5616 rivus,‘
1865 5561 1947 5606 est
1985 5552 2244 5622 cogitatio
2269 5551 2436 5617 mala,

816 5641 982 5698 rivus
1030 5644 1336 5709 exundans,
1386 5652 1442 5698 et
1485 5645 1578 5714 qui
1629 5645 1792 5700 nullis
1819 5646 2068 5701 obicibus
2120 5646 2434 5716 repellatur.

818 5733 1006 5791 Habet
1057 5731 1416 5803 frequentiam
1457 5735 1788 5806 pluviarum,
1834 5737 2106 5794 fenestras
2147 5753 2441 5807 corporeo-

819 5845 952 5887 rum
986 5843 1270 5897 sensuum,
1302 5832 1394 5902 qui
1428 5831 1478 5884 ei
1509 5830 1577 5886 de
1623 5833 1916 5886 mundanis
1951 5834 2244 5888 cataractis
2289 5820 2438 5887 mor-

1270 5946 1544 6008 ΡΑτιιοι..
1614 5945 1880 6008 CXLIV.

2536 4733 2700 4788 quam
2741 4717 2811 4772 ad
2841 4717 2944 4772 hoc
2969 4716 3190 4771 ducitur
3226 4725 3286 4771 ut
3328 4717 3546 4785 penitus
3614 4718 3950 4772 exsiccetur.
4037 4719 4156 4776 Non

2537 4820 2669 4882 puto
2716 4810 2861 4880 quod
2893 4809 3001 4875 ille,
3027 4810 3121 4879 qui
3154 4808 3354 4865 clausit
3377 4808 3576 4865 coelum
3599 4811 3850 4866 oratione
3881 4809 3998 4879 (111
4026 4809 4155 4882 Reg.

2538 4907 2697 4976 xvn),
2729 4904 2989 4960 clauserit
3036 4904 3278 4963 animum
3311 4919 3342 4958 a
3371 4904 3727 4973 cogitatione,
3763 4914 3820 4958 ut
3851 4904 4066 4961 facilius
4089 4907 4164 4962 sit

2541 4999 2739 5054 caelum
2777 4999 3038 5053 obserare
3066 5013 3230 5067 quam
3262 4997 3528 5052 animum.

2615 5093 2900 5150 Secundus
2947 5094 3100 5148 rivus
3166 5101 3253 5150 est
3301 5092 3504 5148 locutio
3554 5106 3835 5168 perversa.
3891 5092 4161 5166 Linguam

2543 5191 2726 5247 nullus
2787 5191 3072 5246 hominum
3144 5190 3370 5245 domare
3418 5198 3632 5260 potest,
3683 5191 3757 5244 ait
3816 5191 4101 5260 apostolus
4149 5211 4161 5244 ε

2545 5285 2852 5338 membrum
2893 5281 3220 5351 inquietum,
3279 5282 3589 5336 membrum
3621 5280 3992 5348 mortiferum,
4028 5282 4167 5337 faci-

2543 5384 2611 5439 lis
2642 5383 2709 5437 ad
2739 5378 3097 5452 loquendum,
3129 5379 3196 5433 ad
3244 5378 3656 5448 obsequendum
3705 5375 4006 5445 proclivior
4046 5376 4140 5448 (la

2546 5476 2660 5530 σοὺ.
2696 5477 2800 5545 ιιι).
2831 5473 2896 5529 Et
2923 5453 3225 5528 notandum
3251 5471 3396 5542 quod
3429 5470 3677 5525 nascitur
3702 5469 3840 5524 alter
3861 5485 3926 5525 ex
3963 5470 4162 5535 altero,

2547 5586 2672 5626 cum
2726 5568 2895 5633 mala:
2943 5566 3261 5638 cogitationi
3304 5579 3489 5634 prava:
3543 5563 3840 5618 locutionis
3874 5563 4041 5632 janna
4097 5566 4171 5617 sit

2549 5672 2758 5735 aperta.
2803 5663 2869 5718 Et
2906 5669 2990 5716 est
3021 5659 3269 5724 verbum,
3301 5657 3448 5712 aliud
3480 5653 3701 5721 falsum,
3739 5655 3883 5711 unde
3912 5655 4116 5710 dicitur
4151 5674 4166 5712 :

2554 5779 2571 5811 ι
2611 5756 2818 5812 Perdes
2871 5768 3064 5809 omnes
3138 5753 3231 5823 qui
3275 5751 3573 5821 loquuntur
3605 5748 3953 5804 mendaClum
3987 5747 4167 5816 (Ptol.

2549 5853 2636 5923 v);
2677 5872 2696 5904 ›
2755 5849 2897 5906 aliud
2930 5863 3151 5915 vanum,
3214 5847 3279 5902 de
3327 5861 3436 5918 quo
3482 5843 3752 5914 scriptum
3793 5848 3878 5899 est
3915 5857 3932 5897 :
3980 5837 4170 5896 tVana

3746 5934 3824 5995 27
