  <div class='ocr_page' id='page_1' title='image "/cluster/home/n/w/nwhite01/storage/ocr_20150623/144-145/uc1.31175001639262/429.png"; bbox 0 0 2725 3198; ppageno 0'>
   <div class='ocr_carea' id='block_1_1' title="bbox 3 496 98 966">
    <p class='ocr_par' dir='ltr' id='par_1_1' title="bbox 8 756 25 909">
     <span class='ocr_line' id='line_1_1' title="bbox 8 756 17 779; baseline 0 0"><span class='ocrx_word' id='word_1_1' title='bbox 8 756 17 779; x_wconf 70' lang='grc' dir='ltr'><strong>¹Γ</strong></span> 
     </span>
     <span class='ocr_line' id='line_1_2' title="bbox 10 866 25 909; baseline 0 -20"><span class='ocrx_word' id='word_1_2' title='bbox 10 866 25 909; x_wconf 35' lang='grc' dir='ltr'><strong>ς..</strong></span> 
     </span>
    </p>
   </div>
   <div class='ocr_carea' id='block_1_2' title="bbox 433 0 2179 47">
    <p class='ocr_par' dir='ltr' id='par_1_2' title="bbox 433 0 2179 47">
     <span class='ocr_line' id='line_1_3' title="bbox 433 0 2179 47; baseline 0.003 -19"><span class='ocrx_word' id='word_1_3' title='bbox 433 0 2179 47; x_wconf 52' lang='grc' dir='ltr'><strong>Μ</strong></span> 
     </span>
    </p>
   </div>
   <div class='ocr_carea' id='block_1_3' title="bbox 986 226 1039 254">
    <p class='ocr_par' dir='ltr' id='par_1_3' title="bbox 986 226 1039 254">
     <span class='ocr_line' id='line_1_4' title="bbox 986 226 1039 254; baseline 0 0"><span class='ocrx_word' id='word_1_4' title='bbox 986 226 1039 254; x_wconf 57' lang='grc'><strong>835</strong></span> 
     </span>
    </p>
   </div>
   <div class='ocr_carea' id='block_1_4' title="bbox 984 323 1776 363">
    <p class='ocr_par' dir='ltr' id='par_1_4' title="bbox 984 323 1776 363">
     <span class='ocr_line' id='line_1_5' title="bbox 984 323 1776 363; baseline -0.005 -9"><span class='ocrx_word' id='word_1_5' title='bbox 984 328 1044 363; x_wconf 82' lang='grc' dir='ltr'>ιι);</span> <span class='ocrx_word' id='word_1_6' title='bbox 1060 336 1070 353; x_wconf 78' lang='grc' dir='ltr'><strong>ι</strong></span> <span class='ocrx_word' id='word_1_7' title='bbox 1089 324 1159 354; x_wconf 85' lang='lat' dir='ltr'><strong>aliud</strong></span> <span class='ocrx_word' id='word_1_8' title='bbox 1173 323 1346 356; x_wconf 84' lang='lat' dir='ltr'><strong>maledicum,</strong></span> <span class='ocrx_word' id='word_1_9' title='bbox 1371 325 1403 352; x_wconf 92' lang='lat' dir='ltr'><strong>de</strong></span> <span class='ocrx_word' id='word_1_10' title='bbox 1424 332 1477 358; x_wconf 89' lang='lat' dir='ltr'><strong>quo</strong></span> <span class='ocrx_word' id='word_1_11' title='bbox 1501 325 1645 359; x_wconf 77' lang='lat' dir='ltr'><strong>Apostolus</strong></span> <span class='ocrx_word' id='word_1_12' title='bbox 1659 324 1753 351; x_wconf 83' lang='lat' dir='ltr'><strong>scribit</strong></span> <span class='ocrx_word' id='word_1_13' title='bbox 1771 334 1776 350; x_wconf 85' lang='lat'>:</span> 
     </span>
    </p>
   </div>
   <div class='ocr_carea' id='block_1_5' title="bbox 986 371 1776 407">
    <p class='ocr_par' dir='ltr' id='par_1_5' title="bbox 986 371 1776 407">
     <span class='ocr_line' id='line_1_6' title="bbox 986 371 1776 407; baseline -0.004 -7"><span class='ocrx_word' id='word_1_14' title='bbox 986 384 995 400; x_wconf 84' lang='lat' dir='ltr'><strong>I</strong></span> <span class='ocrx_word' id='word_1_15' title='bbox 1013 372 1105 407; x_wconf 80' lang='lat' dir='ltr'><strong>Neque</strong></span> <span class='ocrx_word' id='word_1_16' title='bbox 1115 371 1237 399; x_wconf 79' lang='lat' dir='ltr'><strong>maledici</strong></span> <span class='ocrx_word' id='word_1_17' title='bbox 1260 379 1373 405; x_wconf 77' lang='lat' dir='ltr'><strong>regnum</strong></span> <span class='ocrx_word' id='word_1_18' title='bbox 1398 371 1444 398; x_wconf 82' lang='lat' dir='ltr'><strong>Dei</strong></span> <span class='ocrx_word' id='word_1_19' title='bbox 1472 372 1647 405; x_wconf 70' lang='lat' dir='ltr'><strong>possidebunt</strong></span> <span class='ocrx_word' id='word_1_20' title='bbox 1671 372 1695 405; x_wconf 90' lang='grc'><strong>(1</strong></span> <span class='ocrx_word' id='word_1_21' title='bbox 1717 372 1776 398; x_wconf 83' lang='lat' dir='ltr'><strong>(.‘or.</strong></span> 
     </span>
    </p>
   </div>
   <div class='ocr_carea' id='block_1_6' title="bbox 984 415 1777 453">
    <p class='ocr_par' dir='ltr' id='par_1_6' title="bbox 984 415 1777 453">
     <span class='ocr_line' id='line_1_7' title="bbox 984 415 1777 453; baseline -0.001 -9"><span class='ocrx_word' id='word_1_22' title='bbox 984 417 1042 453; x_wconf 85' lang='lat' dir='ltr'><strong>vi);</strong></span> <span class='ocrx_word' id='word_1_23' title='bbox 1062 426 1071 441; x_wconf 79' lang='grc' dir='ltr'><strong>ι</strong></span> <span class='ocrx_word' id='word_1_24' title='bbox 1097 416 1169 444; x_wconf 81' lang='lat' dir='ltr'><strong>aliud</strong></span> <span class='ocrx_word' id='word_1_25' title='bbox 1196 415 1373 450; x_wconf 83' lang='lat' dir='ltr'><strong>impudicum,</strong></span> <span class='ocrx_word' id='word_1_26' title='bbox 1398 416 1430 443; x_wconf 90' lang='lat' dir='ltr'><strong>de</strong></span> <span class='ocrx_word' id='word_1_27' title='bbox 1453 424 1507 450; x_wconf 89' lang='lat' dir='ltr'><strong>quo</strong></span> <span class='ocrx_word' id='word_1_28' title='bbox 1520 417 1589 443; x_wconf 86' lang='lat' dir='ltr'><strong>idem</strong></span> <span class='ocrx_word' id='word_1_29' title='bbox 1620 426 1625 442; x_wconf 88' lang='lat'>:</span> <span class='ocrx_word' id='word_1_30' title='bbox 1653 427 1660 441; x_wconf 83' lang='grc' dir='ltr'><strong>ι</strong></span> <span class='ocrx_word' id='word_1_31' title='bbox 1679 417 1777 451; x_wconf 87' lang='lat' dir='ltr'><strong>Turpis</strong></span> 
     </span>
    </p>
   </div>
   <div class='ocr_carea' id='block_1_7' title="bbox 983 462 1775 497">
    <p class='ocr_par' dir='ltr' id='par_1_7' title="bbox 983 462 1775 497">
     <span class='ocr_line' id='line_1_8' title="bbox 983 462 1775 497; baseline -0.003 -6"><span class='ocrx_word' id='word_1_32' title='bbox 983 471 1072 491; x_wconf 97' lang='lat' dir='ltr'><strong>sermo</strong></span> <span class='ocrx_word' id='word_1_33' title='bbox 1083 464 1116 491; x_wconf 92' lang='lat' dir='ltr'><strong>de</strong></span> <span class='ocrx_word' id='word_1_34' title='bbox 1125 470 1174 490; x_wconf 88' lang='lat' dir='ltr'><strong>ore</strong></span> <span class='ocrx_word' id='word_1_35' title='bbox 1185 467 1276 490; x_wconf 82' lang='lat' dir='ltr'><strong>vestro</strong></span> <span class='ocrx_word' id='word_1_36' title='bbox 1284 470 1336 490; x_wconf 90' lang='lat' dir='ltr'><strong>non</strong></span> <span class='ocrx_word' id='word_1_37' title='bbox 1350 462 1477 497; x_wconf 82' lang='lat' dir='ltr'><strong>procedat</strong></span> <span class='ocrx_word' id='word_1_38' title='bbox 1491 462 1599 496; x_wconf 77' lang='lat' dir='ltr'><strong>(Ep/ta.</strong></span> <span class='ocrx_word' id='word_1_39' title='bbox 1615 463 1651 496; x_wconf 77' lang='lat' dir='ltr'><strong>iv)</strong></span> <span class='ocrx_word' id='word_1_40' title='bbox 1661 471 1668 494; x_wconf 82' lang='lat'><strong>;</strong></span> <span class='ocrx_word' id='word_1_41' title='bbox 1680 472 1688 487; x_wconf 83' lang='grc'><strong>›</strong></span> <span class='ocrx_word' id='word_1_42' title='bbox 1704 463 1775 489; x_wconf 82' lang='lat' dir='ltr'><strong>aliud</strong></span> 
     </span>
    </p>
   </div>
   <div class='ocr_carea' id='block_1_8' title="bbox 982 507 1776 541">
    <p class='ocr_par' dir='ltr' id='par_1_8' title="bbox 982 507 1776 541">
     <span class='ocr_line' id='line_1_9' title="bbox 982 507 1776 541; baseline -0.005 -3"><span class='ocrx_word' id='word_1_43' title='bbox 982 510 1194 541; x_wconf 80' lang='lat' dir='ltr'><strong>eacusatorium.</strong></span> <span class='ocrx_word' id='word_1_44' title='bbox 1208 508 1279 536; x_wconf 91' lang='lat' dir='ltr'><strong>unde</strong></span> <span class='ocrx_word' id='word_1_45' title='bbox 1300 508 1444 535; x_wconf 80' lang='lat' dir='ltr'><strong>Psalmista</strong></span> <span class='ocrx_word' id='word_1_46' title='bbox 1462 516 1468 533; x_wconf 94' lang='lat'>:</span> <span class='ocrx_word' id='word_1_47' title='bbox 1492 518 1500 533; x_wconf 87' lang='grc' dir='ltr'><strong>ι</strong></span> <span class='ocrx_word' id='word_1_48' title='bbox 1516 507 1573 534; x_wconf 79' lang='lat' dir='ltr'><strong>Non</strong></span> <span class='ocrx_word' id='word_1_49' title='bbox 1594 508 1713 535; x_wconf 83' lang='lat' dir='ltr'><strong>declines</strong></span> <span class='ocrx_word' id='word_1_50' title='bbox 1728 516 1776 534; x_wconf 74' lang='lat' dir='ltr'><strong>cor</strong></span> 
     </span>
    </p>
   </div>
   <div class='ocr_carea' id='block_1_9' title="bbox 980 554 1776 586">
    <p class='ocr_par' dir='ltr' id='par_1_9' title="bbox 980 554 1776 586">
     <span class='ocr_line' id='line_1_10' title="bbox 980 554 1776 586; baseline -0.006 -1"><span class='ocrx_word' id='word_1_51' title='bbox 980 564 1069 585; x_wconf 84' lang='lat' dir='ltr'><strong>meum</strong></span> <span class='ocrx_word' id='word_1_52' title='bbox 1090 557 1116 584; x_wconf 92' lang='lat' dir='ltr'><strong>in</strong></span> <span class='ocrx_word' id='word_1_53' title='bbox 1143 555 1223 583; x_wconf 85' lang='lat' dir='ltr'><strong>verba</strong></span> <span class='ocrx_word' id='word_1_54' title='bbox 1242 555 1361 586; x_wconf 78' lang='lat' dir='ltr'><strong>malitiae.</strong></span> <span class='ocrx_word' id='word_1_55' title='bbox 1384 555 1417 581; x_wconf 88' lang='lat' dir='ltr'><strong>ad</strong></span> <span class='ocrx_word' id='word_1_56' title='bbox 1436 554 1607 581; x_wconf 69' lang='lat' dir='ltr'><strong>excusandas</strong></span> <span class='ocrx_word' id='word_1_57' title='bbox 1622 555 1776 580; x_wconf 77' lang='lat' dir='ltr'><strong>excusatio-</strong></span> 
     </span>
    </p>
   </div>
   <div class='ocr_carea' id='block_1_10' title="bbox 980 599 1775 637">
    <p class='ocr_par' dir='ltr' id='par_1_10' title="bbox 980 599 1775 637">
     <span class='ocr_line' id='line_1_11' title="bbox 980 599 1775 637; baseline -0.006 -7"><span class='ocrx_word' id='word_1_58' title='bbox 980 610 1030 634; x_wconf 79' lang='lat' dir='ltr'><strong>nes</strong></span> <span class='ocrx_word' id='word_1_59' title='bbox 1052 602 1079 629; x_wconf 88' lang='lat' dir='ltr'><strong>in</strong></span> <span class='ocrx_word' id='word_1_60' title='bbox 1103 601 1221 637; x_wconf 85' lang='lat' dir='ltr'><strong>peccatis</strong></span> <span class='ocrx_word' id='word_1_61' title='bbox 1245 599 1331 635; x_wconf 80' lang='lat' dir='ltr'><strong>(Psnl.</strong></span> <span class='ocrx_word' id='word_1_62' title='bbox 1350 601 1433 632; x_wconf 74' lang='lat' dir='ltr'><strong>cu):</strong></span> <span class='ocrx_word' id='word_1_63' title='bbox 1456 611 1464 625; x_wconf 77' lang='grc' dir='ltr'><strong>ι</strong></span> <span class='ocrx_word' id='word_1_64' title='bbox 1487 600 1559 625; x_wconf 85' lang='lat' dir='ltr'><strong>aliud</strong></span> <span class='ocrx_word' id='word_1_65' title='bbox 1584 600 1724 629; x_wconf 73' lang='lat' dir='ltr'><strong>dolosuni.</strong></span> <span class='ocrx_word' id='word_1_66' title='bbox 1744 601 1775 626; x_wconf 80' lang='lat' dir='ltr'><strong>ile</strong></span> 
     </span>
    </p>
   </div>
   <div class='ocr_carea' id='block_1_11' title="bbox 980 647 1773 684">
    <p class='ocr_par' dir='ltr' id='par_1_11' title="bbox 980 647 1773 684">
     <span class='ocr_line' id='line_1_12' title="bbox 980 647 1773 684; baseline -0.005 -7"><span class='ocrx_word' id='word_1_67' title='bbox 980 655 1035 684; x_wconf 85' lang='lat' dir='ltr'><strong>quo</strong></span> <span class='ocrx_word' id='word_1_68' title='bbox 1054 647 1209 684; x_wconf 72' lang='lat' dir='ltr'><strong>Propheta:</strong></span> <span class='ocrx_word' id='word_1_69' title='bbox 1228 657 1237 673; x_wconf 80' lang='grc' dir='ltr'><strong>ι</strong></span> <span class='ocrx_word' id='word_1_70' title='bbox 1253 647 1394 682; x_wconf 82' lang='lat' dir='ltr'><strong>Dispertlat</strong></span> <span class='ocrx_word' id='word_1_71' title='bbox 1414 648 1542 674; x_wconf 80' lang='lat' dir='ltr'><strong>Dominus</strong></span> <span class='ocrx_word' id='word_1_72' title='bbox 1557 648 1681 673; x_wconf 70' lang='lat' dir='ltr'><strong>universa</strong></span> <span class='ocrx_word' id='word_1_73' title='bbox 1706 648 1773 673; x_wconf 60' lang='lat' dir='ltr'><strong>labia</strong></span> 
     </span>
    </p>
   </div>
   <div class='ocr_carea' id='block_1_12' title="bbox 979 692 1773 729">
    <p class='ocr_par' dir='ltr' id='par_1_12' title="bbox 979 692 1773 729">
     <span class='ocr_line' id='line_1_13' title="bbox 979 692 1773 729; baseline -0.005 -8"><span class='ocrx_word' id='word_1_74' title='bbox 979 693 1073 721; x_wconf 83' lang='lat' dir='ltr'><strong>dolosa</strong></span> <span class='ocrx_word' id='word_1_75' title='bbox 1097 693 1183 729; x_wconf 79' lang='lat' dir='ltr'><strong>(Paul.</strong></span> <span class='ocrx_word' id='word_1_76' title='bbox 1206 694 1266 727; x_wconf 69' lang='grc' dir='ltr'>ιι);</span> <span class='ocrx_word' id='word_1_77' title='bbox 1286 702 1294 717; x_wconf 82' lang='grc' dir='ltr'><strong>ι</strong></span> <span class='ocrx_word' id='word_1_78' title='bbox 1327 692 1398 719; x_wconf 91' lang='lat' dir='ltr'><strong>aliud</strong></span> <span class='ocrx_word' id='word_1_79' title='bbox 1420 693 1548 723; x_wconf 75' lang='lat' dir='ltr'><strong>otiosum.</strong></span> <span class='ocrx_word' id='word_1_80' title='bbox 1572 692 1605 719; x_wconf 86' lang='lat' dir='ltr'><strong>de</strong></span> <span class='ocrx_word' id='word_1_81' title='bbox 1627 700 1680 726; x_wconf 82' lang='lat' dir='ltr'><strong>quo</strong></span> <span class='ocrx_word' id='word_1_82' title='bbox 1704 693 1773 718; x_wconf 80' lang='lat' dir='ltr'><strong>idem</strong></span> 
     </span>
    </p>
   </div>
   <div class='ocr_carea' id='block_1_13' title="bbox 980 740 1772 774">
    <p class='ocr_par' dir='ltr' id='par_1_13' title="bbox 980 740 1772 774">
     <span class='ocr_line' id='line_1_14' title="bbox 980 740 1772 774; baseline -0.003 -6"><span class='ocrx_word' id='word_1_83' title='bbox 980 740 1107 768; x_wconf 77' lang='lat' dir='ltr'><strong>Dominus</strong></span> <span class='ocrx_word' id='word_1_84' title='bbox 1129 749 1135 767; x_wconf 91' lang='lat'>:</span> <span class='ocrx_word' id='word_1_85' title='bbox 1159 749 1168 765; x_wconf 87' lang='grc' dir='ltr'><strong>ι</strong></span> <span class='ocrx_word' id='word_1_86' title='bbox 1189 740 1226 767; x_wconf 89' lang='lat' dir='ltr'><strong>De</strong></span> <span class='ocrx_word' id='word_1_87' title='bbox 1253 740 1326 767; x_wconf 90' lang='lat' dir='ltr'><strong>omni</strong></span> <span class='ocrx_word' id='word_1_88' title='bbox 1355 740 1436 767; x_wconf 81' lang='lat' dir='ltr'><strong>verbo</strong></span> <span class='ocrx_word' id='word_1_89' title='bbox 1477 741 1565 767; x_wconf 85' lang='lat' dir='ltr'><strong>otioso</strong></span> <span class='ocrx_word' id='word_1_90' title='bbox 1596 742 1667 774; x_wconf 81' lang='lat' dir='ltr'><strong>quod</strong></span> <span class='ocrx_word' id='word_1_91' title='bbox 1693 741 1772 767; x_wconf 80' lang='lat' dir='ltr'><strong>locuti</strong></span> 
     </span>
    </p>
   </div>
   <div class='ocr_carea' id='block_1_14' title="bbox 978 783 1771 820">
    <p class='ocr_par' dir='ltr' id='par_1_14' title="bbox 978 783 1771 820">
     <span class='ocr_line' id='line_1_15' title="bbox 978 783 1771 820; baseline 0 -9"><span class='ocrx_word' id='word_1_92' title='bbox 978 783 1078 812; x_wconf 84' lang='lat' dir='ltr'><strong>fuerint</strong></span> <span class='ocrx_word' id='word_1_93' title='bbox 1092 785 1225 817; x_wconf 77' lang='lat' dir='ltr'><strong>homines.</strong></span> <span class='ocrx_word' id='word_1_94' title='bbox 1243 784 1357 812; x_wconf 87' lang='lat' dir='ltr'><strong>reddent</strong></span> <span class='ocrx_word' id='word_1_95' title='bbox 1382 786 1512 811; x_wconf 75' lang='lat' dir='ltr'><strong>rationem</strong></span> <span class='ocrx_word' id='word_1_96' title='bbox 1527 786 1558 812; x_wconf 79' lang='lat' dir='ltr'><strong>de</strong></span> <span class='ocrx_word' id='word_1_97' title='bbox 1574 794 1606 811; x_wconf 81' lang='lat' dir='ltr'><strong>eo</strong></span> <span class='ocrx_word' id='word_1_98' title='bbox 1630 786 1654 812; x_wconf 88' lang='lat' dir='ltr'><strong>in</strong></span> <span class='ocrx_word' id='word_1_99' title='bbox 1671 787 1713 811; x_wconf 78' lang='lat' dir='ltr'><strong>die</strong></span> <span class='ocrx_word' id='word_1_100' title='bbox 1732 787 1771 820; x_wconf 88' lang='lat' dir='ltr'><strong>ju-</strong></span> 
     </span>
    </p>
   </div>
   <div class='ocr_carea' id='block_1_15' title="bbox 975 826 1770 865">
    <p class='ocr_par' dir='ltr' id='par_1_15' title="bbox 975 826 1770 865">
     <span class='ocr_line' id='line_1_16' title="bbox 975 826 1770 865; baseline 0 -8"><span class='ocrx_word' id='word_1_101' title='bbox 975 830 1038 857; x_wconf 89' lang='lat' dir='ltr'><strong>dicii</strong></span> <span class='ocrx_word' id='word_1_102' title='bbox 1055 829 1164 865; x_wconf 68' lang='lat' dir='ltr'><strong>(lauit.</strong></span> <span class='ocrx_word' id='word_1_103' title='bbox 1188 830 1257 863; x_wconf 71' lang='lat' dir='ltr'><strong>an):</strong></span> <span class='ocrx_word' id='word_1_104' title='bbox 1277 840 1285 855; x_wconf 83' lang='grc' dir='ltr'><strong>ι</strong></span> <span class='ocrx_word' id='word_1_105' title='bbox 1317 835 1343 856; x_wconf 83' lang='lat' dir='ltr'><strong>et</strong></span> <span class='ocrx_word' id='word_1_106' title='bbox 1370 830 1392 857; x_wconf 78' lang='lat' dir='ltr'><strong>si</strong></span> <span class='ocrx_word' id='word_1_107' title='bbox 1418 838 1477 864; x_wconf 80' lang='lat' dir='ltr'><strong>qua:</strong></span> <span class='ocrx_word' id='word_1_108' title='bbox 1503 831 1554 857; x_wconf 81' lang='lat' dir='ltr'><strong>alia</strong></span> <span class='ocrx_word' id='word_1_109' title='bbox 1584 837 1645 857; x_wconf 88' lang='lat' dir='ltr'><strong>sunt</strong></span> <span class='ocrx_word' id='word_1_110' title='bbox 1672 826 1770 865; x_wconf 69' lang='lat' dir='ltr'><strong>genera</strong></span> 
     </span>
    </p>
   </div>
   <div class='ocr_carea' id='block_1_16' title="bbox 975 875 1769 910">
    <p class='ocr_par' dir='ltr' id='par_1_16' title="bbox 975 875 1769 910">
     <span class='ocr_line' id='line_1_17' title="bbox 975 875 1769 910; baseline -0.001 -7"><span class='ocrx_word' id='word_1_111' title='bbox 975 875 1059 910; x_wconf 77' lang='lat' dir='ltr'><strong>pestis</strong></span> <span class='ocrx_word' id='word_1_112' title='bbox 1087 875 1177 910; x_wconf 86' lang='lat' dir='ltr'><strong>hujus.</strong></span> <span class='ocrx_word' id='word_1_113' title='bbox 1203 883 1263 909; x_wconf 72' lang='lat' dir='ltr'><strong>qua:</strong></span> <span class='ocrx_word' id='word_1_114' title='bbox 1284 883 1332 901; x_wconf 88' lang='lat' dir='ltr'><strong>nos</strong></span> <span class='ocrx_word' id='word_1_115' title='bbox 1359 875 1432 902; x_wconf 84' lang='lat' dir='ltr'><strong>brevi</strong></span> <span class='ocrx_word' id='word_1_116' title='bbox 1459 876 1528 901; x_wconf 80' lang='lat' dir='ltr'><strong>saltu</strong></span> <span class='ocrx_word' id='word_1_117' title='bbox 1558 876 1693 901; x_wconf 67' lang='lat' dir='ltr'><strong>lfallsllirc</strong></span> <span class='ocrx_word' id='word_1_118' title='bbox 1719 884 1769 902; x_wconf 80' lang='grc' dir='ltr'>ιιοιι</span> 
     </span>
    </p>
   </div>
   <div class='ocr_carea' id='block_1_17' title="bbox 974 926 1126 956">
    <p class='ocr_par' dir='ltr' id='par_1_17' title="bbox 974 926 1126 956">
     <span class='ocr_line' id='line_1_18' title="bbox 974 926 1126 956; baseline -0.007 -7"><span class='ocrx_word' id='word_1_119' title='bbox 974 926 1126 956; x_wconf 87' lang='lat' dir='ltr'><strong>possumus.</strong></span> 
     </span>
    </p>
   </div>
   <div class='ocr_carea' id='block_1_18' title="bbox 1298 217 2374 255">
    <p class='ocr_par' dir='ltr' id='par_1_18' title="bbox 1298 217 2343 252">
     <span class='ocr_line' id='line_1_19' title="bbox 1298 217 2343 252; baseline -0.004 -1"><span class='ocrx_word' id='word_1_120' title='bbox 1298 223 1328 252; x_wconf 79' lang='lat'><strong>8.</strong></span> <span class='ocrx_word' id='word_1_121' title='bbox 1341 221 1444 251; x_wconf 79' lang='grc' dir='ltr'>ρετιυ</span> <span class='ocrx_word' id='word_1_122' title='bbox 1461 220 1603 249; x_wconf 71' lang='grc' dir='ltr'><strong>οΑκιΑΝι</strong></span> <span class='ocrx_word' id='word_1_123' title='bbox 1616 219 1690 248; x_wconf 79' lang='lat' dir='ltr'><strong>OPP.</strong></span> <span class='ocrx_word' id='word_1_124' title='bbox 1710 219 1800 248; x_wconf 73' lang='lat' dir='ltr'><strong>PARS</strong></span> <span class='ocrx_word' id='word_1_125' title='bbox 1820 219 1887 248; x_wconf 79' lang='lat' dir='ltr'>SEU</span> <span class='ocrx_word' id='word_1_126' title='bbox 1908 218 2027 247; x_wconf 75' lang='lat' dir='ltr'><strong>TOMUS</strong></span> <span class='ocrx_word' id='word_1_127' title='bbox 2044 218 2075 246; x_wconf 95' lang='grc' dir='ltr'><strong>ΙΙ.</strong></span> <span class='ocrx_word' id='word_1_128' title='bbox 2093 234 2127 240; x_wconf 74' lang='grc' dir='ltr'><strong>σ-</strong></span> <span class='ocrx_word' id='word_1_129' title='bbox 2144 217 2343 251; x_wconf 63' lang='grc' dir='ltr'><strong>εειιιοιηεε.</strong></span> 
     </span>
    </p>
   </div>
   <div class='ocr_carea' id='block_1_19' title="bbox 1482 217 2558 255">
    <p class='ocr_par' dir='ltr' id='par_1_19' title="bbox 1483 217 2558 255">
     <span class='ocr_line' id='line_1_20' title="bbox 1483 217 2558 255; baseline 0.003 -6"><span class='ocrx_word' id='word_1_130' title='bbox 1483 220 1603 249; x_wconf 76' lang='grc' dir='ltr'><strong>ΔΙΙΑΝΙ</strong></span> <span class='ocrx_word' id='word_1_131' title='bbox 1616 219 1690 248; x_wconf 80' lang='lat' dir='ltr'><strong>OPP.</strong></span> <span class='ocrx_word' id='word_1_132' title='bbox 1710 219 1800 248; x_wconf 73' lang='lat' dir='ltr'><strong>PARS</strong></span> <span class='ocrx_word' id='word_1_133' title='bbox 1820 219 1887 248; x_wconf 79' lang='lat' dir='ltr'>SEU</span> <span class='ocrx_word' id='word_1_134' title='bbox 1908 218 2027 247; x_wconf 76' lang='lat' dir='ltr'><strong>TOMUS</strong></span> <span class='ocrx_word' id='word_1_135' title='bbox 2044 218 2075 246; x_wconf 95' lang='grc' dir='ltr'><strong>ΙΙ.</strong></span> <span class='ocrx_word' id='word_1_136' title='bbox 2093 234 2127 240; x_wconf 90' lang='lat'><strong><em>—</em></strong></span> <span class='ocrx_word' id='word_1_137' title='bbox 2144 217 2343 251; x_wconf 63' lang='grc' dir='ltr'><strong>εειιΙοΝεει</strong></span> <span class='ocrx_word' id='word_1_138' title='bbox 2555 247 2558 255; x_wconf 52' lang='grc' dir='ltr'><em>ρ</em></span> 
     </span>
    </p>
   </div>
   <div class='ocr_carea' id='block_1_20' title="bbox 988 262 2635 317">
    <p class='ocr_par' dir='ltr' id='par_1_20' title="bbox 988 262 2635 317">
     <span class='ocr_line' id='line_1_21' title="bbox 988 262 2635 317; baseline -0.001 -8"><span class='ocrx_word' id='word_1_139' title='bbox 988 281 1072 309; x_wconf 86' lang='lat' dir='ltr'><strong>locuti</strong></span> <span class='ocrx_word' id='word_1_140' title='bbox 1092 284 1154 308; x_wconf 85' lang='lat' dir='ltr'><strong>sunt</strong></span> <span class='ocrx_word' id='word_1_141' title='bbox 1168 278 1352 313; x_wconf 84' lang='lat' dir='ltr'><strong>unusquisque</strong></span> <span class='ocrx_word' id='word_1_142' title='bbox 1369 278 1403 305; x_wconf 89' lang='lat' dir='ltr'><strong>ad</strong></span> <span class='ocrx_word' id='word_1_143' title='bbox 1420 278 1572 313; x_wconf 76' lang='lat' dir='ltr'><strong>proximum</strong></span> <span class='ocrx_word' id='word_1_144' title='bbox 1588 285 1666 305; x_wconf 87' lang='lat' dir='ltr'><strong>suum</strong></span> <span class='ocrx_word' id='word_1_145' title='bbox 1691 276 1780 311; x_wconf 75' lang='lat' dir='ltr'><strong>(Ptol.</strong></span> <span class='ocrx_word' id='word_1_146' title='bbox 1796 282 1817 310; x_wconf 81' lang='grc' dir='ltr'><strong>Α</strong></span> <span class='ocrx_word' id='word_1_147' title='bbox 1835 277 1928 308; x_wconf 73' lang='lat' dir='ltr'><strong>cados.</strong></span> <span class='ocrx_word' id='word_1_148' title='bbox 1946 277 1967 304; x_wconf 79' lang='lat' dir='ltr'><strong>si</strong></span> <span class='ocrx_word' id='word_1_149' title='bbox 1988 284 2040 304; x_wconf 90' lang='lat' dir='ltr'><strong>n0n</strong></span> <span class='ocrx_word' id='word_1_150' title='bbox 2053 269 2194 304; x_wconf 80' lang='lat' dir='ltr'><strong>descendit</strong></span> <span class='ocrx_word' id='word_1_151' title='bbox 2211 276 2245 305; x_wconf 85' lang='lat' dir='ltr'><strong>ad</strong></span> <span class='ocrx_word' id='word_1_152' title='bbox 2262 284 2322 311; x_wconf 78' lang='lat' dir='ltr'><strong>vos.</strong></span> <span class='ocrx_word' id='word_1_153' title='bbox 2336 280 2366 306; x_wconf 84' lang='lat' dir='ltr'><strong>et</strong></span> <span class='ocrx_word' id='word_1_154' title='bbox 2387 267 2498 314; x_wconf 66' lang='lat' dir='ltr'><strong>proiicit</strong></span> 
     </span>
    </p>
   </div>
   <div class='ocr_carea' id='block_1_21' title="bbox 1834 324 2630 364">
    <p class='ocr_par' dir='ltr' id='par_1_21' title="bbox 1834 324 2630 364">
     <span class='ocr_line' id='line_1_22' title="bbox 1834 324 2630 364; baseline 0.003 -13"><span class='ocrx_word' id='word_1_155' title='bbox 1834 325 1945 351; x_wconf 87' lang='lat' dir='ltr'><strong>fundum</strong></span> <span class='ocrx_word' id='word_1_156' title='bbox 1964 324 2047 350; x_wconf 85' lang='lat' dir='ltr'><strong>maris</strong></span> <span class='ocrx_word' id='word_1_157' title='bbox 2062 324 2153 351; x_wconf 80' lang='lat' dir='ltr'><strong>omnia</strong></span> <span class='ocrx_word' id='word_1_158' title='bbox 2169 328 2280 359; x_wconf 83' lang='lat' dir='ltr'><strong>peccata</strong></span> <span class='ocrx_word' id='word_1_159' title='bbox 2291 328 2393 352; x_wconf 74' lang='lat' dir='ltr'><strong>vestra.</strong></span> <span class='ocrx_word' id='word_1_160' title='bbox 2408 324 2476 359; x_wconf 63' lang='lat' dir='ltr'><strong>Qﬂa</strong></span> <span class='ocrx_word' id='word_1_161' title='bbox 2491 325 2569 364; x_wconf 49' lang='grc' dir='ltr'><strong>σή</strong></span> <span class='ocrx_word' id='word_1_162' title='bbox 2583 330 2630 358; x_wconf 59' lang='grc' dir='ltr'><strong>α</strong></span> 
     </span>
    </p>
   </div>
   <div class='ocr_carea' id='block_1_22' title="bbox 1832 370 2630 406">
    <p class='ocr_par' dir='ltr' id='par_1_22' title="bbox 1832 370 2630 406">
     <span class='ocr_line' id='line_1_23' title="bbox 1832 370 2630 406; baseline 0.009 -10"><span class='ocrx_word' id='word_1_163' title='bbox 1832 372 1876 406; x_wconf 85' lang='lat' dir='ltr'><strong>qui</strong></span> <span class='ocrx_word' id='word_1_164' title='bbox 1894 371 1972 405; x_wconf 78' lang='lat' dir='ltr'><strong>hujus</strong></span> <span class='ocrx_word' id='word_1_165' title='bbox 1987 371 2058 398; x_wconf 81' lang='lat' dir='ltr'><strong>lenii</strong></span> <span class='ocrx_word' id='word_1_166' title='bbox 2080 370 2157 398; x_wconf 89' lang='lat' dir='ltr'><strong>rivuli</strong></span> <span class='ocrx_word' id='word_1_167' title='bbox 2176 378 2231 398; x_wconf 79' lang='lat' dir='ltr'><strong>non</strong></span> <span class='ocrx_word' id='word_1_168' title='bbox 2256 370 2292 398; x_wconf 87' lang='lat' dir='ltr'><strong>sit</strong></span> <span class='ocrx_word' id='word_1_169' title='bbox 2319 377 2426 399; x_wconf 78' lang='lat' dir='ltr'><strong>mersus</strong></span> <span class='ocrx_word' id='word_1_170' title='bbox 2439 376 2470 400; x_wconf 77' lang='grc' dir='ltr'><strong>ιι</strong></span> <span class='ocrx_word' id='word_1_171' title='bbox 2485 379 2630 404; x_wconf 41' lang='grc' dir='ltr'><strong>τῇ</strong></span> 
     </span>
    </p>
   </div>
   <div class='ocr_carea' id='block_1_23' title="bbox 1833 417 1978 444">
    <p class='ocr_par' dir='ltr' id='par_1_23' title="bbox 1833 417 1978 444">
     <span class='ocr_line' id='line_1_24' title="bbox 1833 417 1978 444; baseline -0.007 -1"><span class='ocrx_word' id='word_1_172' title='bbox 1833 417 1978 444; x_wconf 72' lang='lat' dir='ltr'><strong>instantia?</strong></span> 
     </span>
    </p>
   </div>
   <div class='ocr_carea' id='block_1_24' title="bbox 1867 462 2629 497">
    <p class='ocr_par' dir='ltr' id='par_1_24' title="bbox 1867 462 2629 497">
     <span class='ocr_line' id='line_1_25' title="bbox 1867 462 2629 497; baseline 0.008 -7"><span class='ocrx_word' id='word_1_173' title='bbox 1867 464 1984 497; x_wconf 81' lang='lat' dir='ltr'><strong>Quartus</strong></span> <span class='ocrx_word' id='word_1_174' title='bbox 1999 463 2033 489; x_wconf 68' lang='lat' dir='ltr'><strong>rit</strong></span> <span class='ocrx_word' id='word_1_175' title='bbox 2041 471 2071 489; x_wconf 84' lang='lat' dir='ltr'><strong>us</strong></span> <span class='ocrx_word' id='word_1_176' title='bbox 2085 468 2126 490; x_wconf 76' lang='lat' dir='ltr'><strong>est</strong></span> <span class='ocrx_word' id='word_1_177' title='bbox 2136 462 2258 490; x_wconf 81' lang='lat' dir='ltr'><strong>defensio</strong></span> <span class='ocrx_word' id='word_1_178' title='bbox 2269 467 2455 497; x_wconf 79' lang='lat' dir='ltr'><strong>peccatorum.</strong></span> <span class='ocrx_word' id='word_1_179' title='bbox 2471 463 2501 493; x_wconf 81' lang='lat' dir='ltr'><strong>In</strong></span> <span class='ocrx_word' id='word_1_180' title='bbox 2512 463 2629 495; x_wconf 54' lang='grc' dir='ltr'><strong>να*</strong></span> 
     </span>
    </p>
   </div>
   <div class='ocr_carea' id='block_1_25' title="bbox 1831 509 2630 544">
    <p class='ocr_par' dir='ltr' id='par_1_25' title="bbox 1831 509 2630 544">
     <span class='ocr_line' id='line_1_26' title="bbox 1831 509 2630 544; baseline 0.005 -8"><span class='ocrx_word' id='word_1_181' title='bbox 1831 510 1890 537; x_wconf 70' lang='grc' dir='ltr'>ὧςο</span> <span class='ocrx_word' id='word_1_182' title='bbox 1908 509 1982 536; x_wconf 67' lang='lat' dir='ltr'><strong>vobis</strong></span> <span class='ocrx_word' id='word_1_183' title='bbox 2002 510 2064 544; x_wconf 91' lang='lat' dir='ltr'><strong>quia</strong></span> <span class='ocrx_word' id='word_1_184' title='bbox 2081 510 2145 535; x_wconf 83' lang='lat' dir='ltr'><strong>nihil</strong></span> <span class='ocrx_word' id='word_1_185' title='bbox 2164 510 2203 536; x_wconf 81' lang='lat' dir='ltr'><strong>sic</strong></span> <span class='ocrx_word' id='word_1_186' title='bbox 2216 513 2363 544; x_wconf 78' lang='lat' dir='ltr'><strong>exasperat</strong></span> <span class='ocrx_word' id='word_1_187' title='bbox 2384 509 2452 538; x_wconf 78' lang='lat' dir='ltr'><strong>iram</strong></span> <span class='ocrx_word' id='word_1_188' title='bbox 2477 510 2630 541; x_wconf 61' lang='lat' dir='ltr'><strong>diti-im</strong></span> 
     </span>
    </p>
   </div>
   <div class='ocr_carea' id='block_1_26' title="bbox 1830 554 2629 590">
    <p class='ocr_par' dir='ltr' id='par_1_26' title="bbox 1830 554 2629 590">
     <span class='ocr_line' id='line_1_27' title="bbox 1830 554 2629 590; baseline 0.004 -9"><span class='ocrx_word' id='word_1_189' title='bbox 1830 565 1910 590; x_wconf 77' lang='lat' dir='ltr'><strong>quam</strong></span> <span class='ocrx_word' id='word_1_190' title='bbox 1935 556 2083 590; x_wconf 71' lang='lat' dir='ltr'><strong>iniquitatis</strong></span> <span class='ocrx_word' id='word_1_191' title='bbox 2105 555 2237 582; x_wconf 75' lang='lat' dir='ltr'><strong>defensio.</strong></span> <span class='ocrx_word' id='word_1_192' title='bbox 2260 554 2352 590; x_wconf 66' lang='lat' dir='ltr'><strong>Equo</strong></span> <span class='ocrx_word' id='word_1_193' title='bbox 2375 556 2449 583; x_wconf 85' lang='lat' dir='ltr'><strong>enim</strong></span> <span class='ocrx_word' id='word_1_194' title='bbox 2477 557 2629 587; x_wconf 66' lang='lat' dir='ltr'><strong>om</strong></span> 
     </span>
    </p>
   </div>
   <div class='ocr_carea' id='block_1_27' title="bbox 1830 600 2628 639">
    <p class='ocr_par' dir='ltr' id='par_1_27' title="bbox 1830 600 2628 639">
     <span class='ocr_line' id='line_1_28' title="bbox 1830 600 2628 639; baseline 0.006 -12"><span class='ocrx_word' id='word_1_195' title='bbox 1830 610 1878 627; x_wconf 75' lang='lat' dir='ltr'><strong>nos</strong></span> <span class='ocrx_word' id='word_1_196' title='bbox 1892 601 2062 627; x_wconf 64' lang='lat' dir='ltr'><strong>decernimus</strong></span> <span class='ocrx_word' id='word_1_197' title='bbox 2076 609 2136 627; x_wconf 83' lang='lat' dir='ltr'><strong>cum</strong></span> <span class='ocrx_word' id='word_1_198' title='bbox 2155 600 2278 630; x_wconf 82' lang='lat' dir='ltr'><strong>Domino.</strong></span> <span class='ocrx_word' id='word_1_199' title='bbox 2294 607 2357 627; x_wconf 88' lang='lat' dir='ltr'><strong>cum</strong></span> <span class='ocrx_word' id='word_1_200' title='bbox 2371 600 2544 631; x_wconf 70' lang='lat' dir='ltr'><strong>defendimus</strong></span> <span class='ocrx_word' id='word_1_201' title='bbox 2554 602 2628 639; x_wconf 56' lang='grc' dir='ltr'><strong>Μ</strong></span> 
     </span>
    </p>
   </div>
   <div class='ocr_carea' id='block_1_28' title="bbox 1828 645 2627 685">
    <p class='ocr_par' dir='ltr' id='par_1_28' title="bbox 1828 645 2627 685">
     <span class='ocr_line' id='line_1_29' title="bbox 1828 645 2627 685; baseline 0.006 -13"><span class='ocrx_word' id='word_1_202' title='bbox 1828 648 1893 675; x_wconf 79' lang='lat' dir='ltr'><strong>odit,</strong></span> <span class='ocrx_word' id='word_1_203' title='bbox 1917 654 1977 673; x_wconf 85' lang='lat' dir='ltr'><strong>cum</strong></span> <span class='ocrx_word' id='word_1_204' title='bbox 1996 647 2073 673; x_wconf 82' lang='lat' dir='ltr'><strong>nobis</strong></span> <span class='ocrx_word' id='word_1_205' title='bbox 2101 647 2189 680; x_wconf 79' lang='lat' dir='ltr'><strong>placet</strong></span> <span class='ocrx_word' id='word_1_206' title='bbox 2214 645 2285 680; x_wconf 83' lang='lat' dir='ltr'><strong>quod</strong></span> <span class='ocrx_word' id='word_1_207' title='bbox 2309 645 2434 680; x_wconf 77' lang='lat' dir='ltr'><strong>displ&#39;cet</strong></span> <span class='ocrx_word' id='word_1_208' title='bbox 2450 647 2500 675; x_wconf 84' lang='lat' dir='ltr'><strong>illi.</strong></span> <span class='ocrx_word' id='word_1_209' title='bbox 2530 647 2627 685; x_wconf 60' lang='grc' dir='ltr'><strong>’κη</strong></span> 
     </span>
    </p>
   </div>
   <div class='ocr_carea' id='block_1_29' title="bbox 1828 691 2628 726">
    <p class='ocr_par' dir='ltr' id='par_1_29' title="bbox 1828 691 2628 726">
     <span class='ocr_line' id='line_1_30' title="bbox 1828 691 2628 726; baseline 0.01 -11"><span class='ocrx_word' id='word_1_210' title='bbox 1828 692 1925 724; x_wconf 71' lang='lat' dir='ltr'><strong>quippe</strong></span> <span class='ocrx_word' id='word_1_211' title='bbox 1949 691 2101 718; x_wconf 61' lang='lat' dir='ltr'><strong>didi-rentia</strong></span> <span class='ocrx_word' id='word_1_212' title='bbox 2120 696 2161 717; x_wconf 78' lang='lat' dir='ltr'><strong>est</strong></span> <span class='ocrx_word' id='word_1_213' title='bbox 2179 691 2252 718; x_wconf 82' lang='lat' dir='ltr'><strong>inter</strong></span> <span class='ocrx_word' id='word_1_214' title='bbox 2271 691 2418 726; x_wconf 84' lang='lat' dir='ltr'><strong>superbum</strong></span> <span class='ocrx_word' id='word_1_215' title='bbox 2445 697 2475 720; x_wconf 86' lang='lat' dir='ltr'><strong>et</strong></span> <span class='ocrx_word' id='word_1_216' title='bbox 2496 693 2628 722; x_wconf 53' lang='grc' dir='ltr'><strong>ΙΙ*</strong></span> 
     </span>
    </p>
   </div>
   <div class='ocr_carea' id='block_1_30' title="bbox 1828 736 2625 775">
    <p class='ocr_par' dir='ltr' id='par_1_30' title="bbox 1828 736 2625 775">
     <span class='ocr_line' id='line_1_31' title="bbox 1828 736 2625 775; baseline 0.004 -13"><span class='ocrx_word' id='word_1_217' title='bbox 1828 742 2009 770; x_wconf 70' lang='lat' dir='ltr'><strong>pet-calorem.</strong></span> <span class='ocrx_word' id='word_1_218' title='bbox 2032 746 2092 762; x_wconf 70' lang='lat' dir='ltr'><strong>cum</strong></span> <span class='ocrx_word' id='word_1_219' title='bbox 2111 736 2183 763; x_wconf 88' lang='lat' dir='ltr'><strong>illum</strong></span> <span class='ocrx_word' id='word_1_220' title='bbox 2207 737 2350 771; x_wconf 75' lang='lat' dir='ltr'><strong>despiciat.</strong></span> <span class='ocrx_word' id='word_1_221' title='bbox 2379 738 2451 765; x_wconf 79' lang='lat' dir='ltr'><strong>hunc</strong></span> 
     </span>
    </p>
   </div>
   <div class='ocr_carea' id='block_1_31' title="bbox 1827 783 2628 821">
    <p class='ocr_par' dir='ltr' id='par_1_31' title="bbox 1827 783 2628 821">
     <span class='ocr_line' id='line_1_32' title="bbox 1827 783 2628 821; baseline 0.007 -13"><span class='ocrx_word' id='word_1_222' title='bbox 1827 784 1887 817; x_wconf 78' lang='lat' dir='ltr'><strong>quia</strong></span> <span class='ocrx_word' id='word_1_223' title='bbox 1906 794 1913 807; x_wconf 81' lang='grc' dir='ltr'><strong>ι</strong></span> <span class='ocrx_word' id='word_1_224' title='bbox 1937 784 2048 809; x_wconf 83' lang='lat' dir='ltr'><strong>humilia</strong></span> <span class='ocrx_word' id='word_1_225' title='bbox 2076 783 2195 817; x_wconf 75' lang='lat' dir='ltr'><strong>respicit.</strong></span> <span class='ocrx_word' id='word_1_226' title='bbox 2221 788 2248 810; x_wconf 85' lang='lat' dir='ltr'><strong>et</strong></span> <span class='ocrx_word' id='word_1_227' title='bbox 2268 783 2322 810; x_wconf 67' lang='lat' dir='ltr'><strong>altat</strong></span> <span class='ocrx_word' id='word_1_228' title='bbox 2352 791 2366 810; x_wconf 86' lang='lat' dir='ltr'><strong>a</strong></span> <span class='ocrx_word' id='word_1_229' title='bbox 2388 783 2468 820; x_wconf 71' lang='lat' dir='ltr'><strong>longe</strong></span> <span class='ocrx_word' id='word_1_230' title='bbox 2485 786 2628 821; x_wconf 70' lang='grc' dir='ltr'>ωιιηαάι</span> 
     </span>
    </p>
   </div>
   <div class='ocr_carea' id='block_1_32' title="bbox 1827 828 2627 865">
    <p class='ocr_par' dir='ltr' id='par_1_32' title="bbox 1827 828 2627 865">
     <span class='ocr_line' id='line_1_33' title="bbox 1827 828 2627 865; baseline 0.011 -14"><span class='ocrx_word' id='word_1_231' title='bbox 1827 830 1911 857; x_wconf 63' lang='lat' dir='ltr'><strong>(riui.</strong></span> <span class='ocrx_word' id='word_1_232' title='bbox 1926 835 2058 855; x_wconf 67' lang='lat' dir='ltr'><strong>cunni,</strong></span> <span class='ocrx_word' id='word_1_233' title='bbox 2078 839 2086 853; x_wconf 73' lang='grc' dir='ltr'><strong>ν</strong></span> <span class='ocrx_word' id='word_1_234' title='bbox 2111 828 2223 860; x_wconf 78' lang='lat' dir='ltr'><strong>Quando</strong></span> <span class='ocrx_word' id='word_1_235' title='bbox 2246 829 2336 856; x_wconf 84' lang='lat' dir='ltr'><strong>sanari</strong></span> <span class='ocrx_word' id='word_1_236' title='bbox 2359 834 2460 864; x_wconf 82' lang='lat' dir='ltr'><strong>poterit</strong></span> <span class='ocrx_word' id='word_1_237' title='bbox 2481 830 2627 865; x_wconf 76' lang='lat' dir='ltr'><strong>qui-edi-</strong></span> 
     </span>
    </p>
   </div>
   <div class='ocr_carea' id='block_1_33' title="bbox 1826 875 2627 911">
    <p class='ocr_par' dir='ltr' id='par_1_33' title="bbox 1826 875 2627 911">
     <span class='ocr_line' id='line_1_34' title="bbox 1826 875 2627 911; baseline 0.007 -12"><span class='ocrx_word' id='word_1_238' title='bbox 1826 884 1885 900; x_wconf 84' lang='lat' dir='ltr'><strong>(‘lllll</strong></span> <span class='ocrx_word' id='word_1_239' title='bbox 1902 876 2015 908; x_wconf 45' lang='lat' dir='ltr'><strong>~api-ruit.</strong></span> <span class='ocrx_word' id='word_1_240' title='bbox 2034 875 2350 911; x_wconf 60' lang='lat' dir='ltr'><strong>litt-iliciliam.60tlculcnt</strong></span> <span class='ocrx_word' id='word_1_241' title='bbox 2367 881 2395 903; x_wconf 81' lang='lat' dir='ltr'><strong>et</strong></span> <span class='ocrx_word' id='word_1_242' title='bbox 2409 875 2547 904; x_wconf 64' lang='lat' dir='ltr'><strong>inﬁm-</strong></span> <span class='ocrx_word' id='word_1_243' title='bbox 2560 877 2627 905; x_wconf 66' lang='grc' dir='ltr'><strong>αδ·</strong></span> 
     </span>
    </p>
   </div>
   <div class='ocr_carea' id='block_1_34' title="bbox 1825 921 2625 954">
    <p class='ocr_par' dir='ltr' id='par_1_34' title="bbox 1825 921 2625 954">
     <span class='ocr_line' id='line_1_35' title="bbox 1825 921 2625 954; baseline 0.009 -9"><span class='ocrx_word' id='word_1_244' title='bbox 1825 922 1951 946; x_wconf 62' lang='grc' dir='ltr'>διέιιιιίπιιι</span> <span class='ocrx_word' id='word_1_245' title='bbox 1961 932 1968 946; x_wconf 83' lang='lat' dir='ltr'><strong>t</strong></span> <span class='ocrx_word' id='word_1_246' title='bbox 1978 922 2160 947; x_wconf 71' lang='lat' dir='ltr'><strong>unlruriorum</strong></span> <span class='ocrx_word' id='word_1_247' title='bbox 2173 921 2327 954; x_wconf 71' lang='lat' dir='ltr'><strong>receptione</strong></span> <span class='ocrx_word' id='word_1_248' title='bbox 2340 921 2625 952; x_wconf 57' lang='grc' dir='ltr'><strong>ωθωηῶιῗτιω</strong></span> 
     </span>
    </p>
   </div>
   <div class='ocr_carea' id='block_1_35' title="bbox 1013 965 2625 1003">
    <p class='ocr_par' dir='ltr' id='par_1_35' title="bbox 1013 965 2625 1003">
     <span class='ocr_line' id='line_1_36' title="bbox 1013 965 2625 1003; baseline -0.001 -9"><span class='ocrx_word' id='word_1_249' title='bbox 1013 965 1130 1003; x_wconf 78' lang='lat' dir='ltr'><strong>Tertius.</strong></span> <span class='ocrx_word' id='word_1_250' title='bbox 1148 970 1192 994; x_wconf 86' lang='lat' dir='ltr'><strong>est</strong></span> <span class='ocrx_word' id='word_1_251' title='bbox 1212 966 1285 993; x_wconf 86' lang='lat' dir='ltr'><strong>actio</strong></span> <span class='ocrx_word' id='word_1_252' title='bbox 1309 973 1405 1000; x_wconf 82' lang='lat' dir='ltr'><strong>prava.</strong></span> <span class='ocrx_word' id='word_1_253' title='bbox 1434 965 1498 993; x_wconf 81' lang='lat' dir='ltr'><strong>Post</strong></span> <span class='ocrx_word' id='word_1_254' title='bbox 1523 966 1724 1000; x_wconf 69' lang='lat' dir='ltr'><strong>cogitationem.</strong></span> <span class='ocrx_word' id='word_1_255' title='bbox 1745 972 1772 993; x_wconf 85' lang='lat' dir='ltr'><strong>et</strong></span> <span class='ocrx_word' id='word_1_256' title='bbox 1790 965 1809 992; x_wconf 71' lang='lat' dir='ltr'><strong>li</strong></span> <span class='ocrx_word' id='word_1_257' title='bbox 1826 967 1924 992; x_wconf 71' lang='lat' dir='ltr'><strong>malum</strong></span> <span class='ocrx_word' id='word_1_258' title='bbox 1940 966 2050 996; x_wconf 84' lang='lat' dir='ltr'><strong>bonum,</strong></span> <span class='ocrx_word' id='word_1_259' title='bbox 2066 974 2191 992; x_wconf 77' lang='lat' dir='ltr'><strong>amarunt</strong></span> <span class='ocrx_word' id='word_1_260' title='bbox 2211 966 2301 998; x_wconf 83' lang='lat' dir='ltr'><strong>dulce.</strong></span> <span class='ocrx_word' id='word_1_261' title='bbox 2319 967 2448 995; x_wconf 68' lang='lat' dir='ltr'><strong>tenebras</strong></span> <span class='ocrx_word' id='word_1_262' title='bbox 2467 967 2570 1001; x_wconf 66' lang='grc' dir='ltr'>ιυωι,</span> <span class='ocrx_word' id='word_1_263' title='bbox 2593 974 2625 998; x_wconf 65' lang='grc' dir='ltr'><strong><em>α</em></strong></span> 
     </span>
    </p>
   </div>
   <div class='ocr_carea' id='block_1_36' title="bbox 972 1011 1770 1047">
    <p class='ocr_par' dir='ltr' id='par_1_36' title="bbox 972 1011 1770 1047">
     <span class='ocr_line' id='line_1_37' title="bbox 972 1011 1770 1047; baseline 0 -7"><span class='ocrx_word' id='word_1_264' title='bbox 972 1012 1137 1040; x_wconf 86' lang='lat' dir='ltr'><strong>locutionem</strong></span> <span class='ocrx_word' id='word_1_265' title='bbox 1157 1012 1267 1040; x_wconf 81' lang='lat' dir='ltr'><strong>venitur</strong></span> <span class='ocrx_word' id='word_1_266' title='bbox 1289 1012 1323 1039; x_wconf 90' lang='lat' dir='ltr'><strong>ad</strong></span> <span class='ocrx_word' id='word_1_267' title='bbox 1349 1019 1444 1046; x_wconf 90' lang='lat' dir='ltr'><strong>opera.</strong></span> <span class='ocrx_word' id='word_1_268' title='bbox 1472 1011 1584 1047; x_wconf 81' lang='lat' dir='ltr'><strong>quando</strong></span> <span class='ocrx_word' id='word_1_269' title='bbox 1608 1011 1770 1040; x_wconf 72' lang='lat' dir='ltr'><strong>exhibemus</strong></span> 
     </span>
    </p>
   </div>
   <div class='ocr_carea' id='block_1_37' title="bbox 971 1055 1770 1092">
    <p class='ocr_par' dir='ltr' id='par_1_37' title="bbox 971 1055 1770 1092">
     <span class='ocr_line' id='line_1_38' title="bbox 971 1055 1770 1092; baseline 0 -8"><span class='ocrx_word' id='word_1_270' title='bbox 971 1056 1094 1085; x_wconf 84' lang='lat' dir='ltr'><strong>membra</strong></span> <span class='ocrx_word' id='word_1_271' title='bbox 1108 1061 1201 1085; x_wconf 83' lang='lat' dir='ltr'><strong>nostra</strong></span> <span class='ocrx_word' id='word_1_272' title='bbox 1215 1063 1292 1084; x_wconf 89' lang='lat' dir='ltr'><strong>arma</strong></span> <span class='ocrx_word' id='word_1_273' title='bbox 1304 1055 1457 1092; x_wconf 88' lang='lat' dir='ltr'><strong>iniquitatis</strong></span> <span class='ocrx_word' id='word_1_274' title='bbox 1471 1061 1594 1091; x_wconf 85' lang='lat' dir='ltr'><strong>peccato.</strong></span> <span class='ocrx_word' id='word_1_275' title='bbox 1620 1061 1648 1084; x_wconf 88' lang='lat' dir='ltr'><strong>et</strong></span> <span class='ocrx_word' id='word_1_276' title='bbox 1674 1061 1770 1084; x_wconf 85' lang='lat' dir='ltr'><strong>contu-</strong></span> 
     </span>
    </p>
   </div>
   <div class='ocr_carea' id='block_1_38' title="bbox 971 1100 1770 1137">
    <p class='ocr_par' dir='ltr' id='par_1_38' title="bbox 971 1100 1770 1137">
     <span class='ocr_line' id='line_1_39' title="bbox 971 1100 1770 1137; baseline 0 -7"><span class='ocrx_word' id='word_1_277' title='bbox 971 1102 1059 1131; x_wconf 86' lang='lat' dir='ltr'><strong>meliis</strong></span> <span class='ocrx_word' id='word_1_278' title='bbox 1073 1102 1205 1131; x_wconf 76' lang='lat' dir='ltr'><strong>adicimus</strong></span> <span class='ocrx_word' id='word_1_279' title='bbox 1217 1109 1332 1137; x_wconf 80' lang='lat' dir='ltr'><strong>corpora</strong></span> <span class='ocrx_word' id='word_1_280' title='bbox 1352 1106 1456 1129; x_wconf 89' lang='lat' dir='ltr'><strong>nostra.</strong></span> <span class='ocrx_word' id='word_1_281' title='bbox 1469 1100 1541 1135; x_wconf 85' lang='lat' dir='ltr'><strong>Quid</strong></span> <span class='ocrx_word' id='word_1_282' title='bbox 1563 1101 1638 1129; x_wconf 84' lang='lat' dir='ltr'><strong>enim</strong></span> <span class='ocrx_word' id='word_1_283' title='bbox 1662 1102 1770 1137; x_wconf 83' lang='lat' dir='ltr'><strong>turpius</strong></span> 
     </span>
    </p>
   </div>
   <div class='ocr_carea' id='block_1_39' title="bbox 971 1145 1768 1182">
    <p class='ocr_par' dir='ltr' id='par_1_39' title="bbox 971 1145 1768 1182">
     <span class='ocr_line' id='line_1_40' title="bbox 971 1145 1768 1182; baseline 0 -8"><span class='ocrx_word' id='word_1_284' title='bbox 971 1154 1052 1182; x_wconf 86' lang='lat' dir='ltr'><strong>quam</strong></span> <span class='ocrx_word' id='word_1_285' title='bbox 1068 1147 1191 1174; x_wconf 90' lang='lat' dir='ltr'><strong>membra</strong></span> <span class='ocrx_word' id='word_1_286' title='bbox 1207 1145 1310 1175; x_wconf 76' lang='lat' dir='ltr'><strong>Christi</strong></span> <span class='ocrx_word' id='word_1_287' title='bbox 1322 1146 1455 1181; x_wconf 70' lang='lat' dir='ltr'><strong>sanguine</strong></span> <span class='ocrx_word' id='word_1_288' title='bbox 1477 1151 1639 1174; x_wconf 78' lang='lat' dir='ltr'><strong>consecrata</strong></span> <span class='ocrx_word' id='word_1_289' title='bbox 1661 1151 1689 1174; x_wconf 90' lang='lat' dir='ltr'><strong>ct</strong></span> <span class='ocrx_word' id='word_1_290' title='bbox 1701 1154 1768 1174; x_wconf 83' lang='lat' dir='ltr'><strong>con-</strong></span> 
     </span>
    </p>
   </div>
   <div class='ocr_carea' id='block_1_40' title="bbox 972 1192 1768 1228">
    <p class='ocr_par' dir='ltr' id='par_1_40' title="bbox 972 1192 1768 1228">
     <span class='ocr_line' id='line_1_41' title="bbox 972 1192 1768 1228; baseline -0.001 -8"><span class='ocrx_word' id='word_1_291' title='bbox 972 1192 1077 1228; x_wconf 84' lang='lat' dir='ltr'><strong>aepulta</strong></span> <span class='ocrx_word' id='word_1_292' title='bbox 1090 1193 1115 1220; x_wconf 87' lang='lat' dir='ltr'><strong>ei</strong></span> <span class='ocrx_word' id='word_1_293' title='bbox 1131 1193 1158 1220; x_wconf 92' lang='lat' dir='ltr'><strong>in</strong></span> <span class='ocrx_word' id='word_1_294' title='bbox 1173 1192 1336 1228; x_wconf 82' lang='lat' dir='ltr'><strong>baptismate</strong></span> <span class='ocrx_word' id='word_1_295' title='bbox 1350 1192 1502 1220; x_wconf 86' lang='lat' dir='ltr'><strong>libidinosis</strong></span> <span class='ocrx_word' id='word_1_296' title='bbox 1517 1192 1663 1221; x_wconf 84' lang='lat' dir='ltr'><strong>ardoribus</strong></span> <span class='ocrx_word' id='word_1_297' title='bbox 1677 1199 1768 1220; x_wconf 85' lang='lat' dir='ltr'><strong>macu-</strong></span> 
     </span>
    </p>
   </div>
   <div class='ocr_carea' id='block_1_41' title="bbox 971 1238 1769 1274">
    <p class='ocr_par' dir='ltr' id='par_1_41' title="bbox 971 1238 1769 1274">
     <span class='ocr_line' id='line_1_42' title="bbox 971 1238 1769 1274; baseline -0.001 -7"><span class='ocrx_word' id='word_1_298' title='bbox 971 1239 1041 1272; x_wconf 81' lang='lat' dir='ltr'><strong>lare,</strong></span> <span class='ocrx_word' id='word_1_299' title='bbox 1057 1247 1107 1268; x_wconf 89' lang='lat' dir='ltr'><strong>nee</strong></span> <span class='ocrx_word' id='word_1_300' title='bbox 1124 1240 1266 1268; x_wconf 85' lang='lat' dir='ltr'><strong>attendere</strong></span> <span class='ocrx_word' id='word_1_301' title='bbox 1290 1241 1471 1267; x_wconf 80' lang='lat' dir='ltr'><strong>reverentiam</strong></span> <span class='ocrx_word' id='word_1_302' title='bbox 1486 1239 1629 1274; x_wconf 61' lang='lat' dir='ltr'><strong>praesentis</strong></span> <span class='ocrx_word' id='word_1_303' title='bbox 1644 1238 1702 1271; x_wconf 82' lang='lat' dir='ltr'><strong>Dei,</strong></span> <span class='ocrx_word' id='word_1_304' title='bbox 1719 1240 1769 1266; x_wconf 78' lang='lat' dir='ltr'><strong>ini-</strong></span> 
     </span>
    </p>
   </div>
   <div class='ocr_carea' id='block_1_42' title="bbox 970 1285 1768 1321">
    <p class='ocr_par' dir='ltr' id='par_1_42' title="bbox 970 1285 1768 1321">
     <span class='ocr_line' id='line_1_43' title="bbox 970 1285 1768 1321; baseline 0 -8"><span class='ocrx_word' id='word_1_305' title='bbox 970 1285 1062 1313; x_wconf 77' lang='lat' dir='ltr'><strong>nantis</strong></span> <span class='ocrx_word' id='word_1_306' title='bbox 1094 1292 1215 1321; x_wconf 74' lang='lat' dir='ltr'><strong>poenam,</strong></span> <span class='ocrx_word' id='word_1_307' title='bbox 1240 1285 1354 1320; x_wconf 69' lang='lat' dir='ltr'><strong>gloriam</strong></span> <span class='ocrx_word' id='word_1_308' title='bbox 1392 1285 1589 1320; x_wconf 89' lang='lat' dir='ltr'><strong>promittentis.</strong></span> <span class='ocrx_word' id='word_1_309' title='bbox 1631 1285 1709 1313; x_wconf 71' lang='lat' dir='ltr'><strong>Absit</strong></span> <span class='ocrx_word' id='word_1_310' title='bbox 1738 1290 1768 1313; x_wconf 88' lang='lat' dir='ltr'><strong>ut</strong></span> 
     </span>
    </p>
   </div>
   <div class='ocr_carea' id='block_1_43' title="bbox 970 1331 1766 1366">
    <p class='ocr_par' dir='ltr' id='par_1_43' title="bbox 970 1331 1766 1366">
     <span class='ocr_line' id='line_1_44' title="bbox 970 1331 1766 1366; baseline 0.001 -8"><span class='ocrx_word' id='word_1_311' title='bbox 970 1331 1068 1366; x_wconf 76' lang='lat' dir='ltr'><strong>aliquis</strong></span> <span class='ocrx_word' id='word_1_312' title='bbox 1097 1335 1218 1360; x_wconf 79' lang='lat' dir='ltr'><strong>vestrum</strong></span> <span class='ocrx_word' id='word_1_313' title='bbox 1236 1331 1300 1358; x_wconf 84' lang='lat' dir='ltr'><strong>huic</strong></span> <span class='ocrx_word' id='word_1_314' title='bbox 1315 1331 1389 1358; x_wconf 89' lang='lat' dir='ltr'><strong>idolo</strong></span> <span class='ocrx_word' id='word_1_315' title='bbox 1409 1332 1612 1363; x_wconf 81' lang='lat' dir='ltr'><strong>substernatur.</strong></span> <span class='ocrx_word' id='word_1_316' title='bbox 1637 1337 1667 1359; x_wconf 88' lang='lat' dir='ltr'><strong>ut</strong></span> <span class='ocrx_word' id='word_1_317' title='bbox 1683 1332 1766 1359; x_wconf 86' lang='lat' dir='ltr'><strong>lilium</strong></span> 
     </span>
    </p>
   </div>
   <div class='ocr_carea' id='block_1_44' title="bbox 971 1375 1766 1411">
    <p class='ocr_par' dir='ltr' id='par_1_44' title="bbox 971 1375 1766 1411">
     <span class='ocr_line' id='line_1_45' title="bbox 971 1375 1766 1411; baseline 0.003 -9"><span class='ocrx_word' id='word_1_318' title='bbox 971 1375 1091 1411; x_wconf 70' lang='lat' dir='ltr'><strong>Virginis</strong></span> <span class='ocrx_word' id='word_1_319' title='bbox 1111 1375 1138 1403; x_wconf 90' lang='lat' dir='ltr'><strong>in</strong></span> <span class='ocrx_word' id='word_1_320' title='bbox 1156 1376 1268 1403; x_wconf 85' lang='lat' dir='ltr'><strong>Veneris</strong></span> <span class='ocrx_word' id='word_1_321' title='bbox 1287 1375 1386 1410; x_wconf 87' lang='lat' dir='ltr'><strong>templo</strong></span> <span class='ocrx_word' id='word_1_322' title='bbox 1405 1376 1547 1411; x_wconf 84' lang='lat' dir='ltr'><strong>suscipiat.</strong></span> <span class='ocrx_word' id='word_1_323' title='bbox 1562 1380 1591 1403; x_wconf 92' lang='lat' dir='ltr'><strong>ut</strong></span> <span class='ocrx_word' id='word_1_324' title='bbox 1613 1383 1705 1404; x_wconf 87' lang='lat' dir='ltr'><strong>arcam</strong></span> <span class='ocrx_word' id='word_1_325' title='bbox 1720 1377 1766 1404; x_wconf 76' lang='lat' dir='ltr'><strong>Iiei</strong></span> 
     </span>
    </p>
   </div>
   <div class='ocr_carea' id='block_1_45' title="bbox 967 1422 1766 1458">
    <p class='ocr_par' dir='ltr' id='par_1_45' title="bbox 967 1422 1766 1458">
     <span class='ocr_line' id='line_1_46' title="bbox 967 1422 1766 1458; baseline 0.001 -8"><span class='ocrx_word' id='word_1_326' title='bbox 967 1422 1046 1458; x_wconf 78' lang='lat' dir='ltr'><strong>juxta</strong></span> <span class='ocrx_word' id='word_1_327' title='bbox 1058 1422 1149 1458; x_wconf 77' lang='lat' dir='ltr'><strong>Dagon</strong></span> <span class='ocrx_word' id='word_1_328' title='bbox 1164 1422 1290 1455; x_wconf 84' lang='lat' dir='ltr'><strong>collocet,</strong></span> <span class='ocrx_word' id='word_1_329' title='bbox 1304 1428 1340 1450; x_wconf 87' lang='lat' dir='ltr'><strong>ne</strong></span> <span class='ocrx_word' id='word_1_330' title='bbox 1352 1422 1471 1450; x_wconf 79' lang='lat' dir='ltr'><strong>nutritus</strong></span> <span class='ocrx_word' id='word_1_331' title='bbox 1486 1423 1513 1450; x_wconf 92' lang='lat' dir='ltr'><strong>in</strong></span> <span class='ocrx_word' id='word_1_332' title='bbox 1526 1423 1631 1452; x_wconf 89' lang='lat' dir='ltr'><strong>croceis</strong></span> <span class='ocrx_word' id='word_1_333' title='bbox 1645 1427 1766 1451; x_wconf 88' lang='lat' dir='ltr'><strong>stercora</strong></span> 
     </span>
    </p>
   </div>
   <div class='ocr_carea' id='block_1_46' title="bbox 968 1468 1767 1506">
    <p class='ocr_par' dir='ltr' id='par_1_46' title="bbox 968 1468 1767 1506">
     <span class='ocr_line' id='line_1_47' title="bbox 968 1468 1767 1506; baseline 0.004 -11"><span class='ocrx_word' id='word_1_334' title='bbox 968 1468 1047 1504; x_wconf 66' lang='lat'><strong>331</strong></span> <span class='ocrx_word' id='word_1_335' title='bbox 1067 1468 1271 1504; x_wconf 80' lang='lat' dir='ltr'><strong>complectatur.</strong></span> <span class='ocrx_word' id='word_1_336' title='bbox 1296 1468 1367 1502; x_wconf 85' lang='lat' dir='ltr'><strong>Quid</strong></span> <span class='ocrx_word' id='word_1_337' title='bbox 1391 1468 1472 1497; x_wconf 84' lang='lat' dir='ltr'><strong>Petro</strong></span> <span class='ocrx_word' id='word_1_338' title='bbox 1494 1477 1556 1497; x_wconf 89' lang='lat' dir='ltr'><strong>cum</strong></span> <span class='ocrx_word' id='word_1_339' title='bbox 1588 1470 1684 1506; x_wconf 68' lang='lat' dir='ltr'><strong>mago?</strong></span> <span class='ocrx_word' id='word_1_340' title='bbox 1697 1469 1767 1504; x_wconf 84' lang='lat' dir='ltr'><strong>Quid</strong></span> 
     </span>
    </p>
   </div>
   <div class='ocr_carea' id='block_1_47' title="bbox 969 1513 1767 1550">
    <p class='ocr_par' dir='ltr' id='par_1_47' title="bbox 969 1513 1767 1550">
     <span class='ocr_line' id='line_1_48' title="bbox 969 1513 1767 1550; baseline 0.005 -10"><span class='ocrx_word' id='word_1_341' title='bbox 969 1513 1079 1541; x_wconf 83' lang='lat' dir='ltr'><strong>Christo</strong></span> <span class='ocrx_word' id='word_1_342' title='bbox 1095 1520 1157 1541; x_wconf 88' lang='lat' dir='ltr'><strong>cum</strong></span> <span class='ocrx_word' id='word_1_343' title='bbox 1180 1513 1370 1541; x_wconf 76' lang='lat' dir='ltr'><strong>Antichristo?</strong></span> <span class='ocrx_word' id='word_1_344' title='bbox 1388 1513 1458 1548; x_wconf 86' lang='lat' dir='ltr'><strong>Quid</strong></span> <span class='ocrx_word' id='word_1_345' title='bbox 1476 1515 1575 1550; x_wconf 76' lang='lat' dir='ltr'><strong>virgini</strong></span> <span class='ocrx_word' id='word_1_346' title='bbox 1596 1520 1624 1544; x_wconf 87' lang='lat' dir='ltr'><strong>et</strong></span> <span class='ocrx_word' id='word_1_347' title='bbox 1641 1515 1767 1544; x_wconf 76' lang='lat' dir='ltr'><strong>libidini?</strong></span> 
     </span>
    </p>
   </div>
   <div class='ocr_carea' id='block_1_48' title="bbox 967 1560 1765 1598">
    <p class='ocr_par' dir='ltr' id='par_1_48' title="bbox 967 1560 1765 1598">
     <span class='ocr_line' id='line_1_49' title="bbox 967 1560 1765 1598; baseline 0.003 -10"><span class='ocrx_word' id='word_1_348' title='bbox 967 1560 1038 1595; x_wconf 91' lang='lat' dir='ltr'><strong>Quid</strong></span> <span class='ocrx_word' id='word_1_349' title='bbox 1059 1560 1170 1596; x_wconf 89' lang='lat' dir='ltr'><strong>puritati</strong></span> <span class='ocrx_word' id='word_1_350' title='bbox 1208 1565 1237 1589; x_wconf 89' lang='lat' dir='ltr'><strong>et</strong></span> <span class='ocrx_word' id='word_1_351' title='bbox 1269 1561 1442 1597; x_wconf 76' lang='lat' dir='ltr'><strong>impuritati?</strong></span> <span class='ocrx_word' id='word_1_352' title='bbox 1465 1562 1543 1589; x_wconf 82' lang='lat' dir='ltr'><strong>Absit</strong></span> <span class='ocrx_word' id='word_1_353' title='bbox 1567 1567 1597 1590; x_wconf 90' lang='lat' dir='ltr'><strong>ut</strong></span> <span class='ocrx_word' id='word_1_354' title='bbox 1619 1562 1765 1598; x_wconf 80' lang='lat' dir='ltr'><strong>quisquam</strong></span> 
     </span>
    </p>
   </div>
   <div class='ocr_carea' id='block_1_49' title="bbox 966 1606 1765 1643">
    <p class='ocr_par' dir='ltr' id='par_1_49' title="bbox 966 1606 1765 1643">
     <span class='ocr_line' id='line_1_50' title="bbox 966 1606 1765 1643; baseline 0.004 -9"><span class='ocrx_word' id='word_1_355' title='bbox 966 1611 1088 1636; x_wconf 87' lang='lat' dir='ltr'><strong>vestrum</strong></span> <span class='ocrx_word' id='word_1_356' title='bbox 1115 1606 1238 1635; x_wconf 84' lang='lat' dir='ltr'><strong>ambulet</strong></span> <span class='ocrx_word' id='word_1_357' title='bbox 1260 1607 1287 1635; x_wconf 91' lang='lat' dir='ltr'><strong>in</strong></span> <span class='ocrx_word' id='word_1_358' title='bbox 1315 1608 1441 1643; x_wconf 88' lang='lat' dir='ltr'><strong>passione</strong></span> <span class='ocrx_word' id='word_1_359' title='bbox 1464 1608 1593 1636; x_wconf 80' lang='lat' dir='ltr'><strong>desiderii</strong></span> <span class='ocrx_word' id='word_1_360' title='bbox 1608 1628 1615 1641; x_wconf 85' lang='lat'><strong><em>,</em></strong></span> <span class='ocrx_word' id='word_1_361' title='bbox 1641 1609 1711 1636; x_wconf 84' lang='lat' dir='ltr'><strong>sicut</strong></span> <span class='ocrx_word' id='word_1_362' title='bbox 1736 1614 1765 1637; x_wconf 83' lang='lat' dir='ltr'><strong>et</strong></span> 
     </span>
    </p>
   </div>
   <div class='ocr_carea' id='block_1_50' title="bbox 1821 1009 2625 1048">
    <p class='ocr_par' dir='ltr' id='par_1_50' title="bbox 1821 1009 2625 1048">
     <span class='ocr_line' id='line_1_51' title="bbox 1821 1009 2625 1048; baseline 0.007 -11"><span class='ocrx_word' id='word_1_363' title='bbox 1821 1010 1847 1037; x_wconf 91' lang='lat' dir='ltr'><strong>in</strong></span> <span class='ocrx_word' id='word_1_364' title='bbox 1863 1009 2021 1038; x_wconf 82' lang='lat' dir='ltr'><strong>Creatorem</strong></span> <span class='ocrx_word' id='word_1_365' title='bbox 2038 1010 2159 1038; x_wconf 69' lang='lat' dir='ltr'><strong>rotundis</strong></span> <span class='ocrx_word' id='word_1_366' title='bbox 2174 1010 2298 1045; x_wconf 79' lang='lat' dir='ltr'><strong>injurias.</strong></span> <span class='ocrx_word' id='word_1_367' title='bbox 2322 1016 2354 1039; x_wconf 87' lang='lat' dir='ltr'><strong>ut</strong></span> <span class='ocrx_word' id='word_1_368' title='bbox 2375 1013 2447 1048; x_wconf 72' lang='lat' dir='ltr'><strong>quod</strong></span> <span class='ocrx_word' id='word_1_369' title='bbox 2471 1013 2625 1043; x_wconf 72' lang='lat' dir='ltr'><strong>laudaverit</strong></span> 
     </span>
    </p>
   </div>
   <div class='ocr_carea' id='block_1_51' title="bbox 1821 1057 2625 1093">
    <p class='ocr_par' dir='ltr' id='par_1_51' title="bbox 1821 1057 2625 1093">
     <span class='ocr_line' id='line_1_52' title="bbox 1821 1057 2625 1093; baseline 0.009 -10"><span class='ocrx_word' id='word_1_370' title='bbox 1821 1062 1848 1084; x_wconf 93' lang='lat' dir='ltr'><strong>tu</strong></span> <span class='ocrx_word' id='word_1_371' title='bbox 1860 1057 2010 1092; x_wconf 80' lang='lat' dir='ltr'><strong>vituperes,</strong></span> <span class='ocrx_word' id='word_1_372' title='bbox 2029 1057 2101 1092; x_wconf 89' lang='lat' dir='ltr'><strong>quod</strong></span> <span class='ocrx_word' id='word_1_373' title='bbox 2116 1057 2312 1093; x_wconf 64' lang='lat' dir='ltr'><strong>vituperaverit</strong></span> <span class='ocrx_word' id='word_1_374' title='bbox 2324 1062 2351 1086; x_wconf 90' lang='lat' dir='ltr'><strong>tu</strong></span> <span class='ocrx_word' id='word_1_375' title='bbox 2373 1059 2476 1088; x_wconf 77' lang='lat' dir='ltr'><strong>Iaudes.</strong></span> <span class='ocrx_word' id='word_1_376' title='bbox 2498 1060 2558 1088; x_wconf 72' lang='lat' dir='ltr'><strong>Non</strong></span> <span class='ocrx_word' id='word_1_377' title='bbox 2579 1065 2625 1090; x_wconf 82' lang='lat' dir='ltr'><strong>est</strong></span> 
     </span>
    </p>
   </div>
   <div class='ocr_carea' id='block_1_52' title="bbox 1820 1103 2623 1138">
    <p class='ocr_par' dir='ltr' id='par_1_52' title="bbox 1820 1103 2623 1138">
     <span class='ocr_line' id='line_1_53' title="bbox 1820 1103 2623 1138; baseline 0.006 -8"><span class='ocrx_word' id='word_1_378' title='bbox 1820 1103 1871 1130; x_wconf 82' lang='lat' dir='ltr'><strong>hoc</strong></span> <span class='ocrx_word' id='word_1_379' title='bbox 1889 1103 2027 1138; x_wconf 88' lang='lat' dir='ltr'><strong>palpativa</strong></span> <span class='ocrx_word' id='word_1_380' title='bbox 2042 1103 2259 1132; x_wconf 69' lang='lat' dir='ltr'><strong>dissimulatione</strong></span> <span class='ocrx_word' id='word_1_381' title='bbox 2284 1105 2443 1138; x_wconf 72' lang='lat' dir='ltr'><strong>tacendum.</strong></span> <span class='ocrx_word' id='word_1_382' title='bbox 2466 1113 2529 1134; x_wconf 79' lang='lat' dir='ltr'><strong>eam</strong></span> <span class='ocrx_word' id='word_1_383' title='bbox 2544 1107 2623 1135; x_wconf 74' lang='lat' dir='ltr'><strong>vide-</strong></span> 
     </span>
    </p>
   </div>
   <div class='ocr_carea' id='block_1_53' title="bbox 1820 1148 2622 1186">
    <p class='ocr_par' dir='ltr' id='par_1_53' title="bbox 1820 1148 2622 1186">
     <span class='ocr_line' id='line_1_54' title="bbox 1820 1148 2622 1186; baseline 0.009 -11"><span class='ocrx_word' id='word_1_384' title='bbox 1820 1148 1870 1175; x_wconf 86' lang='lat' dir='ltr'><strong>rim</strong></span> <span class='ocrx_word' id='word_1_385' title='bbox 1896 1149 2028 1183; x_wconf 80' lang='lat' dir='ltr'><strong>quosdam</strong></span> <span class='ocrx_word' id='word_1_386' title='bbox 2046 1154 2165 1176; x_wconf 78' lang='lat' dir='ltr'><strong>vestrum</strong></span> <span class='ocrx_word' id='word_1_387' title='bbox 2189 1149 2272 1177; x_wconf 86' lang='lat' dir='ltr'><strong>tantis</strong></span> <span class='ocrx_word' id='word_1_388' title='bbox 2296 1150 2472 1186; x_wconf 66' lang='lat' dir='ltr'><strong>impatientia</strong></span> <span class='ocrx_word' id='word_1_389' title='bbox 2499 1153 2622 1182; x_wconf 74' lang='lat' dir='ltr'><strong>stimulis</strong></span> 
     </span>
    </p>
   </div>
   <div class='ocr_carea' id='block_1_54' title="bbox 1819 1194 2622 1229">
    <p class='ocr_par' dir='ltr' id='par_1_54' title="bbox 1819 1194 2622 1229">
     <span class='ocr_line' id='line_1_55' title="bbox 1819 1194 2622 1229; baseline 0.009 -9"><span class='ocrx_word' id='word_1_390' title='bbox 1819 1194 1915 1228; x_wconf 74' lang='lat' dir='ltr'><strong>agitari</strong></span> <span class='ocrx_word' id='word_1_391' title='bbox 1929 1199 1959 1220; x_wconf 89' lang='lat' dir='ltr'><strong>ut</strong></span> <span class='ocrx_word' id='word_1_392' title='bbox 1973 1194 2007 1221; x_wconf 79' lang='lat' dir='ltr'><strong>ait</strong></span> <span class='ocrx_word' id='word_1_393' title='bbox 2023 1194 2125 1229; x_wconf 84' lang='lat' dir='ltr'><strong>prima</strong></span> <span class='ocrx_word' id='word_1_394' title='bbox 2145 1195 2329 1229; x_wconf 79' lang='lat' dir='ltr'><strong>correptionis</strong></span> <span class='ocrx_word' id='word_1_395' title='bbox 2352 1202 2434 1224; x_wconf 81' lang='lat' dir='ltr'><strong>voces</strong></span> <span class='ocrx_word' id='word_1_396' title='bbox 2458 1203 2513 1225; x_wconf 75' lang='lat' dir='ltr'><strong>non</strong></span> <span class='ocrx_word' id='word_1_397' title='bbox 2531 1197 2622 1227; x_wconf 62' lang='lat' dir='ltr'><strong>solum</strong></span> 
     </span>
    </p>
   </div>
   <div class='ocr_carea' id='block_1_55' title="bbox 1818 1240 2622 1274">
    <p class='ocr_par' dir='ltr' id='par_1_55' title="bbox 1818 1240 2622 1274">
     <span class='ocr_line' id='line_1_56' title="bbox 1818 1240 2622 1274; baseline 0.006 -7"><span class='ocrx_word' id='word_1_398' title='bbox 1818 1241 2032 1272; x_wconf 77' lang='lat' dir='ltr'><strong>excusationem,</strong></span> <span class='ocrx_word' id='word_1_399' title='bbox 2055 1240 2103 1268; x_wconf 83' lang='lat' dir='ltr'><strong>sed</strong></span> <span class='ocrx_word' id='word_1_400' title='bbox 2131 1241 2317 1269; x_wconf 75' lang='lat' dir='ltr'><strong>defensionem</strong></span> <span class='ocrx_word' id='word_1_401' title='bbox 2343 1242 2500 1274; x_wconf 73' lang='lat' dir='ltr'><strong>exhibeant.</strong></span> <span class='ocrx_word' id='word_1_402' title='bbox 2524 1244 2622 1272; x_wconf 80' lang='lat' dir='ltr'><strong>etIlai</strong></span> 
     </span>
    </p>
   </div>
   <div class='ocr_carea' id='block_1_56' title="bbox 1818 1284 2619 1325">
    <p class='ocr_par' dir='ltr' id='par_1_56' title="bbox 1818 1284 2619 1325">
     <span class='ocr_line' id='line_1_57' title="bbox 1818 1284 2619 1325; baseline 0.007 -15"><span class='ocrx_word' id='word_1_403' title='bbox 1818 1284 2002 1319; x_wconf 80' lang='lat' dir='ltr'><strong>disciplinaris</strong></span> <span class='ocrx_word' id='word_1_404' title='bbox 2014 1285 2089 1320; x_wconf 69' lang='lat' dir='ltr'><strong>vigor</strong></span> <span class='ocrx_word' id='word_1_405' title='bbox 2098 1285 2260 1317; x_wconf 85' lang='lat' dir='ltr'><strong>obviaverit.</strong></span> <span class='ocrx_word' id='word_1_406' title='bbox 2278 1286 2312 1313; x_wconf 90' lang='lat' dir='ltr'><strong>ad</strong></span> <span class='ocrx_word' id='word_1_407' title='bbox 2326 1287 2458 1315; x_wconf 82' lang='lat' dir='ltr'><strong>tumultus</strong></span> <span class='ocrx_word' id='word_1_408' title='bbox 2478 1293 2506 1315; x_wconf 89' lang='lat' dir='ltr'><strong>et</strong></span> <span class='ocrx_word' id='word_1_409' title='bbox 2528 1288 2619 1325; x_wconf 68' lang='lat' dir='ltr'><strong>jnrgia</strong></span> 
     </span>
    </p>
   </div>
   <div class='ocr_carea' id='block_1_57' title="bbox 1818 1328 2622 1369">
    <p class='ocr_par' dir='ltr' id='par_1_57' title="bbox 1818 1328 2622 1369">
     <span class='ocr_line' id='line_1_58' title="bbox 1818 1328 2622 1369; baseline 0.009 -14"><span class='ocrx_word' id='word_1_410' title='bbox 1818 1329 1967 1364; x_wconf 82' lang='lat' dir='ltr'><strong>prOsih‘tur.</strong></span> <span class='ocrx_word' id='word_1_411' title='bbox 1989 1329 2052 1357; x_wconf 74' lang='lat' dir='ltr'><strong>[Lee</strong></span> <span class='ocrx_word' id='word_1_412' title='bbox 2070 1335 2112 1357; x_wconf 85' lang='lat' dir='ltr'><strong>est</strong></span> <span class='ocrx_word' id='word_1_413' title='bbox 2132 1330 2257 1366; x_wconf 83' lang='lat' dir='ltr'><strong>impietas</strong></span> <span class='ocrx_word' id='word_1_414' title='bbox 2276 1332 2394 1359; x_wconf 76' lang='lat' dir='ltr'><strong>maxima</strong></span> <span class='ocrx_word' id='word_1_415' title='bbox 2408 1328 2436 1359; x_wconf 81' lang='lat' dir='ltr'><strong>in</strong></span> <span class='ocrx_word' id='word_1_416' title='bbox 2450 1332 2534 1361; x_wconf 73' lang='lat' dir='ltr'><strong>Deum</strong></span> <span class='ocrx_word' id='word_1_417' title='bbox 2554 1333 2622 1369; x_wconf 69' lang='grc' dir='ltr'><strong>μοι</strong></span> 
     </span>
    </p>
   </div>
   <div class='ocr_carea' id='block_1_58' title="bbox 1818 1374 2619 1413">
    <p class='ocr_par' dir='ltr' id='par_1_58' title="bbox 1818 1374 2619 1413">
     <span class='ocr_line' id='line_1_59' title="bbox 1818 1374 2619 1413; baseline 0.009 -12"><span class='ocrx_word' id='word_1_418' title='bbox 1818 1376 1906 1409; x_wconf 72' lang='lat' dir='ltr'><strong>aut),</strong></span> <span class='ocrx_word' id='word_1_419' title='bbox 1918 1374 2046 1403; x_wconf 78' lang='lat' dir='ltr'><strong>delictum</strong></span> <span class='ocrx_word' id='word_1_420' title='bbox 2059 1375 2218 1407; x_wconf 75' lang='lat' dir='ltr'><strong>maximum.</strong></span> <span class='ocrx_word' id='word_1_421' title='bbox 2231 1383 2292 1413; x_wconf 80' lang='lat' dir='ltr'><strong>qua:</strong></span> <span class='ocrx_word' id='word_1_422' title='bbox 2299 1377 2342 1404; x_wconf 87' lang='lat' dir='ltr'><strong>vir</strong></span> <span class='ocrx_word' id='word_1_423' title='bbox 2352 1377 2464 1412; x_wconf 76' lang='lat' dir='ltr'><strong>simplex</strong></span> <span class='ocrx_word' id='word_1_424' title='bbox 2473 1382 2500 1406; x_wconf 87' lang='lat' dir='ltr'><strong>et</strong></span> <span class='ocrx_word' id='word_1_425' title='bbox 2515 1384 2619 1412; x_wconf 70' lang='lat' dir='ltr'><strong>rectus.</strong></span> 
     </span>
    </p>
   </div>
   <div class='ocr_carea' id='block_1_59' title="bbox 1818 1420 2565 1457">
    <p class='ocr_par' dir='ltr' id='par_1_59' title="bbox 1818 1420 2565 1457">
     <span class='ocr_line' id='line_1_60' title="bbox 1818 1420 2565 1457; baseline 0.009 -11"><span class='ocrx_word' id='word_1_426' title='bbox 1818 1424 1845 1446; x_wconf 89' lang='lat' dir='ltr'><strong>et</strong></span> <span class='ocrx_word' id='word_1_427' title='bbox 1870 1428 1937 1454; x_wconf 87' lang='lat' dir='ltr'><strong>puer</strong></span> <span class='ocrx_word' id='word_1_428' title='bbox 1960 1420 2065 1448; x_wconf 84' lang='lat' dir='ltr'><strong>Domini</strong></span> <span class='ocrx_word' id='word_1_429' title='bbox 2080 1428 2186 1449; x_wconf 81' lang='lat' dir='ltr'><strong>summa</strong></span> <span class='ocrx_word' id='word_1_430' title='bbox 2199 1422 2443 1457; x_wconf 81' lang='lat' dir='ltr'><strong>circoutspoctione</strong></span> <span class='ocrx_word' id='word_1_431' title='bbox 2451 1424 2565 1454; x_wconf 86' lang='lat' dir='ltr'><strong>devitat.</strong></span> 
     </span>
    </p>
   </div>
   <div class='ocr_carea' id='block_1_60' title="bbox 1855 1466 2622 1504">
    <p class='ocr_par' dir='ltr' id='par_1_60' title="bbox 1855 1466 2622 1504">
     <span class='ocr_line' id='line_1_61' title="bbox 1855 1466 2622 1504; baseline 0.01 -12"><span class='ocrx_word' id='word_1_432' title='bbox 1855 1466 2090 1502; x_wconf 75' lang='lat' dir='ltr'><strong>Elegantissimam</strong></span> <span class='ocrx_word' id='word_1_433' title='bbox 2104 1474 2186 1502; x_wconf 80' lang='lat' dir='ltr'><strong>super</strong></span> <span class='ocrx_word' id='word_1_434' title='bbox 2202 1468 2244 1496; x_wconf 82' lang='lat' dir='ltr'><strong>his</strong></span> <span class='ocrx_word' id='word_1_435' title='bbox 2257 1468 2490 1504; x_wconf 68' lang='lat' dir='ltr'><strong>comparationem</strong></span> <span class='ocrx_word' id='word_1_436' title='bbox 2512 1470 2622 1500; x_wconf 63' lang='lat' dir='ltr'><strong>intimis</strong></span> 
     </span>
    </p>
   </div>
   <div class='ocr_carea' id='block_1_61' title="bbox 1818 1514 2620 1552">
    <p class='ocr_par' dir='ltr' id='par_1_61' title="bbox 1818 1514 2620 1552">
     <span class='ocr_line' id='line_1_62' title="bbox 1818 1514 2620 1552; baseline 0.007 -13"><span class='ocrx_word' id='word_1_437' title='bbox 1818 1514 1961 1548; x_wconf 85' lang='lat' dir='ltr'><strong>propheta.</strong></span> <span class='ocrx_word' id='word_1_438' title='bbox 1972 1521 2055 1549; x_wconf 83' lang='lat' dir='ltr'><strong>quam</strong></span> <span class='ocrx_word' id='word_1_439' title='bbox 2066 1514 2100 1541; x_wconf 84' lang='lat' dir='ltr'><strong>de</strong></span> <span class='ocrx_word' id='word_1_440' title='bbox 2115 1514 2239 1542; x_wconf 82' lang='lat' dir='ltr'><strong>sacrario</strong></span> <span class='ocrx_word' id='word_1_441' title='bbox 2254 1516 2342 1543; x_wconf 80' lang='lat' dir='ltr'><strong>sancti</strong></span> <span class='ocrx_word' id='word_1_442' title='bbox 2356 1514 2476 1551; x_wconf 78' lang='lat' dir='ltr'><strong>Spiritus</strong></span> <span class='ocrx_word' id='word_1_443' title='bbox 2491 1523 2620 1552; x_wconf 80' lang='lat' dir='ltr'><strong>asporta-</strong></span> 
     </span>
    </p>
   </div>
   <div class='ocr_carea' id='block_1_62' title="bbox 1819 1559 2618 1600">
    <p class='ocr_par' dir='ltr' id='par_1_62' title="bbox 1819 1559 2618 1600">
     <span class='ocr_line' id='line_1_63' title="bbox 1819 1559 2618 1600; baseline 0.008 -15"><span class='ocrx_word' id='word_1_444' title='bbox 1819 1559 1875 1586; x_wconf 86' lang='lat' dir='ltr'><strong>vit:</strong></span> <span class='ocrx_word' id='word_1_445' title='bbox 1902 1569 1912 1585; x_wconf 81' lang='grc' dir='ltr'><strong>ι</strong></span> <span class='ocrx_word' id='word_1_446' title='bbox 1938 1559 1997 1590; x_wconf 88' lang='lat' dir='ltr'><strong>lhi.</strong></span> <span class='ocrx_word' id='word_1_447' title='bbox 2024 1560 2131 1595; x_wconf 83' lang='lat' dir='ltr'><strong>inquit.</strong></span> <span class='ocrx_word' id='word_1_448' title='bbox 2159 1560 2255 1600; x_wconf 78' lang='lat' dir='ltr'><strong>habuit</strong></span> <span class='ocrx_word' id='word_1_449' title='bbox 2275 1560 2383 1590; x_wconf 79' lang='lat' dir='ltr'><strong>foveam</strong></span> <span class='ocrx_word' id='word_1_450' title='bbox 2417 1563 2521 1590; x_wconf 84' lang='lat' dir='ltr'><strong>ericius</strong></span> <span class='ocrx_word' id='word_1_451' title='bbox 2545 1563 2618 1599; x_wconf 73' lang='lat' dir='ltr'><strong>(lu.</strong></span> 
     </span>
    </p>
   </div>
   <div class='ocr_carea' id='block_1_63' title="bbox 1818 1605 2619 1643">
    <p class='ocr_par' dir='ltr' id='par_1_63' title="bbox 1818 1605 2619 1643">
     <span class='ocr_line' id='line_1_64' title="bbox 1818 1605 2619 1643; baseline 0.006 -10"><span class='ocrx_word' id='word_1_452' title='bbox 1818 1605 1924 1640; x_wconf 75' lang='lat' dir='ltr'><strong>xxxiv).</strong></span> <span class='ocrx_word' id='word_1_453' title='bbox 1935 1615 1944 1631; x_wconf 78' lang='grc' dir='ltr'><strong>ι</strong></span> <span class='ocrx_word' id='word_1_454' title='bbox 1962 1605 2044 1641; x_wconf 65' lang='lat' dir='ltr'><strong>3n</strong></span> <span class='ocrx_word' id='word_1_455' title='bbox 2056 1605 2164 1634; x_wconf 82' lang='lat' dir='ltr'><strong>Ericius</strong></span> <span class='ocrx_word' id='word_1_456' title='bbox 2184 1606 2207 1634; x_wconf 86' lang='lat' dir='ltr'><strong>si</strong></span> <span class='ocrx_word' id='word_1_457' title='bbox 2221 1607 2387 1643; x_wconf 74' lang='lat' dir='ltr'><strong>apprehendi</strong></span> <span class='ocrx_word' id='word_1_458' title='bbox 2398 1615 2429 1636; x_wconf 84' lang='lat' dir='ltr'><strong>se</strong></span> <span class='ocrx_word' id='word_1_459' title='bbox 2446 1609 2558 1641; x_wconf 86' lang='lat' dir='ltr'><strong>sentiat.</strong></span> <span class='ocrx_word' id='word_1_460' title='bbox 2573 1611 2619 1638; x_wconf 74' lang='lat' dir='ltr'><strong>vei</strong></span> 
     </span>
    </p>
   </div>
   <div class='ocr_carea' id='block_1_64' title="bbox 964 1649 2617 1690">
    <p class='ocr_par' dir='ltr' id='par_1_64' title="bbox 964 1649 2617 1690">
     <span class='ocr_line' id='line_1_65' title="bbox 964 1649 2617 1690; baseline 0.002 -9"><span class='ocrx_word' id='word_1_461' title='bbox 964 1657 1071 1689; x_wconf 69' lang='lat' dir='ltr'><strong>gentes.</strong></span> <span class='ocrx_word' id='word_1_462' title='bbox 1088 1660 1150 1688; x_wconf 69' lang='lat' dir='ltr'><strong>qum</strong></span> <span class='ocrx_word' id='word_1_463' title='bbox 1169 1653 1296 1690; x_wconf 68' lang='lat' dir='ltr'><strong>ignorant</strong></span> <span class='ocrx_word' id='word_1_464' title='bbox 1319 1652 1416 1686; x_wconf 86' lang='lat' dir='ltr'><strong>Deum.</strong></span> <span class='ocrx_word' id='word_1_465' title='bbox 1434 1654 1480 1689; x_wconf 90' lang='lat' dir='ltr'><strong>qui</strong></span> <span class='ocrx_word' id='word_1_466' title='bbox 1494 1661 1593 1689; x_wconf 87' lang='lat' dir='ltr'><strong>corpus</strong></span> <span class='ocrx_word' id='word_1_467' title='bbox 1603 1653 1705 1681; x_wconf 87' lang='lat' dir='ltr'><strong>Christi</strong></span> <span class='ocrx_word' id='word_1_468' title='bbox 1718 1659 1765 1681; x_wconf 83' lang='lat' dir='ltr'><strong>aut</strong></span> <span class='ocrx_word' id='word_1_469' title='bbox 1778 1649 1801 1680; x_wconf 90' lang='lat' dir='ltr'><strong>C</strong></span> <span class='ocrx_word' id='word_1_470' title='bbox 1816 1652 1948 1688; x_wconf 69' lang='lat' dir='ltr'><strong>contingi,</strong></span> <span class='ocrx_word' id='word_1_471' title='bbox 1964 1652 2001 1680; x_wconf 88' lang='lat' dir='ltr'><strong>ita</strong></span> <span class='ocrx_word' id='word_1_472' title='bbox 2019 1652 2220 1681; x_wconf 71' lang='lat' dir='ltr'><strong>confertissima</strong></span> <span class='ocrx_word' id='word_1_473' title='bbox 2241 1654 2402 1689; x_wconf 83' lang='lat' dir='ltr'><strong>spinositate</strong></span> <span class='ocrx_word' id='word_1_474' title='bbox 2415 1655 2549 1684; x_wconf 68' lang='lat' dir='ltr'><strong>densatus</strong></span> <span class='ocrx_word' id='word_1_475' title='bbox 2570 1663 2617 1685; x_wconf 72' lang='lat' dir='ltr'><strong>est</strong></span> 
     </span>
    </p>
   </div>
   <div class='ocr_carea' id='block_1_65' title="bbox 966 1697 1762 1733">
    <p class='ocr_par' dir='ltr' id='par_1_65' title="bbox 966 1697 1762 1733">
     <span class='ocr_line' id='line_1_66' title="bbox 966 1697 1762 1733; baseline -0.001 -6"><span class='ocrx_word' id='word_1_476' title='bbox 966 1698 1145 1731; x_wconf 80' lang='lat' dir='ltr'><strong>consecratis,</strong></span> <span class='ocrx_word' id='word_1_477' title='bbox 1161 1702 1209 1725; x_wconf 87' lang='lat' dir='ltr'><strong>aut</strong></span> <span class='ocrx_word' id='word_1_478' title='bbox 1223 1697 1326 1726; x_wconf 86' lang='lat' dir='ltr'><strong>Christi</strong></span> <span class='ocrx_word' id='word_1_479' title='bbox 1349 1698 1456 1733; x_wconf 85' lang='lat' dir='ltr'><strong>corpori</strong></span> <span class='ocrx_word' id='word_1_480' title='bbox 1482 1698 1658 1731; x_wconf 86' lang='lat' dir='ltr'><strong>ministratia.</strong></span> <span class='ocrx_word' id='word_1_481' title='bbox 1683 1698 1762 1726; x_wconf 76' lang='lat' dir='ltr'><strong>electi</strong></span> 
     </span>
    </p>
   </div>
   <div class='ocr_carea' id='block_1_66' title="bbox 963 1743 1762 1780">
    <p class='ocr_par' dir='ltr' id='par_1_66' title="bbox 963 1743 1762 1780">
     <span class='ocr_line' id='line_1_67' title="bbox 963 1743 1762 1780; baseline -0.001 -8"><span class='ocrx_word' id='word_1_482' title='bbox 963 1744 1069 1772; x_wconf 78' lang='lat' dir='ltr'><strong>servire</strong></span> <span class='ocrx_word' id='word_1_483' title='bbox 1081 1743 1249 1780; x_wconf 83' lang='lat' dir='ltr'><strong>imperatori,</strong></span> <span class='ocrx_word' id='word_1_484' title='bbox 1264 1748 1294 1771; x_wconf 89' lang='lat' dir='ltr'><strong>ut</strong></span> <span class='ocrx_word' id='word_1_485' title='bbox 1306 1752 1369 1772; x_wconf 90' lang='lat' dir='ltr'><strong>cum</strong></span> <span class='ocrx_word' id='word_1_486' title='bbox 1382 1744 1545 1779; x_wconf 82' lang='lat' dir='ltr'><strong>imperatore</strong></span> <span class='ocrx_word' id='word_1_487' title='bbox 1559 1744 1688 1776; x_wconf 76' lang='lat' dir='ltr'><strong>sedentis,</strong></span> <span class='ocrx_word' id='word_1_488' title='bbox 1700 1751 1762 1772; x_wconf 90' lang='lat' dir='ltr'><strong>cum</strong></span> 
     </span>
    </p>
   </div>
   <div class='ocr_carea' id='block_1_67' title="bbox 966 1788 1763 1824">
    <p class='ocr_par' dir='ltr' id='par_1_67' title="bbox 966 1788 1763 1824">
     <span class='ocr_line' id='line_1_68' title="bbox 966 1788 1763 1824; baseline -0.001 -7"><span class='ocrx_word' id='word_1_489' title='bbox 966 1789 1069 1817; x_wconf 84' lang='lat' dir='ltr'><strong>sederit</strong></span> <span class='ocrx_word' id='word_1_490' title='bbox 1080 1789 1107 1816; x_wconf 88' lang='lat' dir='ltr'><strong>in</strong></span> <span class='ocrx_word' id='word_1_491' title='bbox 1122 1788 1186 1817; x_wconf 87' lang='lat' dir='ltr'><strong>sede</strong></span> <span class='ocrx_word' id='word_1_492' title='bbox 1201 1788 1354 1824; x_wconf 77' lang='lat' dir='ltr'><strong>maiestatis</strong></span> <span class='ocrx_word' id='word_1_493' title='bbox 1369 1797 1435 1817; x_wconf 67' lang='lat' dir='ltr'><strong>suat.</strong></span> <span class='ocrx_word' id='word_1_494' title='bbox 1454 1789 1512 1823; x_wconf 83' lang='lat' dir='ltr'><strong>Qua</strong></span> <span class='ocrx_word' id='word_1_495' title='bbox 1539 1789 1639 1821; x_wconf 84' lang='lat' dir='ltr'><strong>fronte.</strong></span> <span class='ocrx_word' id='word_1_496' title='bbox 1664 1790 1763 1824; x_wconf 83' lang='lat' dir='ltr'><strong>quibus</strong></span> 
     </span>
    </p>
   </div>
   <div class='ocr_carea' id='block_1_68' title="bbox 964 1833 1762 1870">
    <p class='ocr_par' dir='ltr' id='par_1_68' title="bbox 964 1833 1762 1870">
     <span class='ocr_line' id='line_1_69' title="bbox 964 1833 1762 1870; baseline -0.003 -6"><span class='ocrx_word' id='word_1_497' title='bbox 964 1836 1055 1864; x_wconf 76' lang='lat' dir='ltr'><strong>oculis</strong></span> <span class='ocrx_word' id='word_1_498' title='bbox 1076 1836 1182 1864; x_wconf 84' lang='lat' dir='ltr'><strong>videret</strong></span> <span class='ocrx_word' id='word_1_499' title='bbox 1203 1833 1266 1869; x_wconf 78' lang='lat' dir='ltr'><strong>&#39;nos,</strong></span> <span class='ocrx_word' id='word_1_500' title='bbox 1291 1836 1397 1863; x_wconf 76' lang='lat' dir='ltr'><strong>viveret</strong></span> <span class='ocrx_word' id='word_1_501' title='bbox 1420 1835 1583 1866; x_wconf 81' lang='lat' dir='ltr'><strong>nobiseum,</strong></span> <span class='ocrx_word' id='word_1_502' title='bbox 1607 1835 1652 1870; x_wconf 89' lang='lat' dir='ltr'><strong>qui</strong></span> <span class='ocrx_word' id='word_1_503' title='bbox 1680 1836 1762 1862; x_wconf 70' lang='lat' dir='ltr'><strong>tantis</strong></span> 
     </span>
    </p>
   </div>
   <div class='ocr_carea' id='block_1_69' title="bbox 964 1879 1759 1913">
    <p class='ocr_par' dir='ltr' id='par_1_69' title="bbox 964 1879 1759 1913">
     <span class='ocr_line' id='line_1_70' title="bbox 964 1879 1759 1913; baseline -0.006 -3"><span class='ocrx_word' id='word_1_504' title='bbox 964 1882 1037 1910; x_wconf 86' lang='lat' dir='ltr'><strong>inter</strong></span> <span class='ocrx_word' id='word_1_505' title='bbox 1062 1889 1113 1909; x_wconf 86' lang='lat' dir='ltr'><strong>nos</strong></span> <span class='ocrx_word' id='word_1_506' title='bbox 1131 1881 1356 1910; x_wconf 76' lang='lat' dir='ltr'><strong>obscmnitatibus</strong></span> <span class='ocrx_word' id='word_1_507' title='bbox 1369 1880 1541 1909; x_wconf 82' lang='lat' dir='ltr'><strong>deserviret?</strong></span> <span class='ocrx_word' id='word_1_508' title='bbox 1565 1879 1624 1913; x_wconf 88' lang='lat' dir='ltr'><strong>Qua</strong></span> <span class='ocrx_word' id='word_1_509' title='bbox 1658 1886 1759 1910; x_wconf 77' lang='lat' dir='ltr'><strong>mente.</strong></span> 
     </span>
    </p>
   </div>
   <div class='ocr_carea' id='block_1_70' title="bbox 963 1925 1757 1964">
    <p class='ocr_par' dir='ltr' id='par_1_70' title="bbox 963 1925 1757 1964">
     <span class='ocr_line' id='line_1_71' title="bbox 963 1925 1757 1964; baseline -0.005 -8"><span class='ocrx_word' id='word_1_510' title='bbox 963 1936 1018 1964; x_wconf 86' lang='lat' dir='ltr'><strong>qua</strong></span> <span class='ocrx_word' id='word_1_511' title='bbox 1039 1928 1207 1957; x_wconf 82' lang='lat' dir='ltr'><strong>conscientia</strong></span> <span class='ocrx_word' id='word_1_512' title='bbox 1234 1928 1379 1957; x_wconf 79' lang='lat' dir='ltr'><strong>accederet</strong></span> <span class='ocrx_word' id='word_1_513' title='bbox 1407 1927 1439 1954; x_wconf 85' lang='lat' dir='ltr'><strong>ad</strong></span> <span class='ocrx_word' id='word_1_514' title='bbox 1464 1925 1566 1953; x_wconf 82' lang='lat' dir='ltr'><strong>Sancta</strong></span> <span class='ocrx_word' id='word_1_515' title='bbox 1590 1931 1757 1957; x_wconf 83' lang='lat' dir='ltr'><strong>sanctorum.</strong></span> 
     </span>
    </p>
   </div>
   <div class='ocr_carea' id='block_1_71' title="bbox 963 1972 1759 2007">
    <p class='ocr_par' dir='ltr' id='par_1_71' title="bbox 963 1972 1759 2007">
     <span class='ocr_line' id='line_1_72' title="bbox 963 1972 1759 2007; baseline -0.004 -5"><span class='ocrx_word' id='word_1_516' title='bbox 963 1973 1108 2002; x_wconf 85' lang='lat' dir='ltr'><strong>immolare</strong></span> <span class='ocrx_word' id='word_1_517' title='bbox 1134 1973 1263 2002; x_wconf 86' lang='lat' dir='ltr'><strong>Sanctum</strong></span> <span class='ocrx_word' id='word_1_518' title='bbox 1293 1978 1471 2005; x_wconf 84' lang='lat' dir='ltr'><strong>sanctorum.</strong></span> <span class='ocrx_word' id='word_1_519' title='bbox 1496 1973 1574 2007; x_wconf 81' lang='lat' dir='ltr'><strong>cujus</strong></span> <span class='ocrx_word' id='word_1_520' title='bbox 1599 1972 1669 2000; x_wconf 85' lang='lat' dir='ltr'><strong>fama</strong></span> <span class='ocrx_word' id='word_1_521' title='bbox 1695 1980 1759 2000; x_wconf 85' lang='lat' dir='ltr'><strong>cou-</strong></span> 
     </span>
    </p>
   </div>
   <div class='ocr_carea' id='block_1_72' title="bbox 962 2018 1759 2056">
    <p class='ocr_par' dir='ltr' id='par_1_72' title="bbox 962 2018 1759 2056">
     <span class='ocr_line' id='line_1_73' title="bbox 962 2018 1759 2056; baseline -0.005 -7"><span class='ocrx_word' id='word_1_522' title='bbox 962 2020 1136 2056; x_wconf 78' lang='lat' dir='ltr'><strong>temptt‘bilis.</strong></span> <span class='ocrx_word' id='word_1_523' title='bbox 1165 2020 1220 2048; x_wconf 79' lang='lat' dir='ltr'><strong>vita</strong></span> <span class='ocrx_word' id='word_1_524' title='bbox 1247 2020 1392 2053; x_wconf 87' lang='lat' dir='ltr'><strong>notabilis.</strong></span> <span class='ocrx_word' id='word_1_525' title='bbox 1416 2027 1508 2048; x_wconf 82' lang='lat' dir='ltr'><strong>sermo</strong></span> <span class='ocrx_word' id='word_1_526' title='bbox 1538 2018 1759 2054; x_wconf 81' lang='lat' dir='ltr'><strong>reprehensibilis</strong></span> 
     </span>
    </p>
   </div>
   <div class='ocr_carea' id='block_1_73' title="bbox 961 2066 1641 2105">
    <p class='ocr_par' dir='ltr' id='par_1_73' title="bbox 961 2066 1641 2105">
     <span class='ocr_line' id='line_1_74' title="bbox 961 2066 1641 2105; baseline 0 -11"><span class='ocrx_word' id='word_1_527' title='bbox 961 2066 1130 2094; x_wconf 76' lang='lat' dir='ltr'><strong>haberetur?</strong></span> <span class='ocrx_word' id='word_1_528' title='bbox 1276 2079 1281 2083; x_wconf 63' lang='grc' dir='ltr'><em>ο</em></span> <span class='ocrx_word' id='word_1_529' title='bbox 1637 2100 1641 2105; x_wconf 29' lang='grc' dir='ltr'><strong><em>γ</em></strong></span> 
     </span>
    </p>
   </div>
   <div class='ocr_carea' id='block_1_74' title="bbox 997 2109 1756 2147">
    <p class='ocr_par' dir='ltr' id='par_1_74' title="bbox 997 2109 1756 2147">
     <span class='ocr_line' id='line_1_75' title="bbox 997 2109 1756 2147; baseline -0.007 -7"><span class='ocrx_word' id='word_1_530' title='bbox 997 2112 1052 2140; x_wconf 89' lang='lat' dir='ltr'><strong>Sed</strong></span> <span class='ocrx_word' id='word_1_531' title='bbox 1063 2112 1085 2140; x_wconf 91' lang='lat' dir='ltr'><strong>si</strong></span> <span class='ocrx_word' id='word_1_532' title='bbox 1109 2112 1186 2144; x_wconf 84' lang='lat' dir='ltr'><strong>forte,</strong></span> <span class='ocrx_word' id='word_1_533' title='bbox 1201 2112 1348 2139; x_wconf 81' lang='lat' dir='ltr'><strong>humanum</strong></span> <span class='ocrx_word' id='word_1_534' title='bbox 1365 2111 1464 2147; x_wconf 89' lang='lat' dir='ltr'><strong>loquor</strong></span> <span class='ocrx_word' id='word_1_535' title='bbox 1477 2113 1588 2145; x_wconf 83' lang='lat' dir='ltr'><strong>propter</strong></span> <span class='ocrx_word' id='word_1_536' title='bbox 1609 2109 1756 2137; x_wconf 84' lang='lat' dir='ltr'><strong>inﬁrmita-</strong></span> 
     </span>
    </p>
   </div>
   <div class='ocr_carea' id='block_1_75' title="bbox 961 2156 1756 2193">
    <p class='ocr_par' dir='ltr' id='par_1_75' title="bbox 961 2156 1756 2193">
     <span class='ocr_line' id='line_1_76' title="bbox 961 2156 1756 2193; baseline -0.003 -7"><span class='ocrx_word' id='word_1_537' title='bbox 961 2164 1014 2186; x_wconf 86' lang='lat' dir='ltr'><strong>tem</strong></span> <span class='ocrx_word' id='word_1_538' title='bbox 1037 2158 1128 2186; x_wconf 85' lang='lat' dir='ltr'><strong>carnis</strong></span> <span class='ocrx_word' id='word_1_539' title='bbox 1151 2162 1260 2190; x_wconf 59' lang='lat' dir='ltr'><strong>nostra.</strong></span> <span class='ocrx_word' id='word_1_540' title='bbox 1280 2157 1378 2193; x_wconf 81' lang='lat' dir='ltr'><strong>aliquis</strong></span> <span class='ocrx_word' id='word_1_541' title='bbox 1394 2161 1518 2185; x_wconf 89' lang='lat' dir='ltr'><strong>nostrum</strong></span> <span class='ocrx_word' id='word_1_542' title='bbox 1542 2156 1595 2183; x_wconf 86' lang='lat' dir='ltr'><strong>tale</strong></span> <span class='ocrx_word' id='word_1_543' title='bbox 1611 2156 1712 2190; x_wconf 81' lang='lat' dir='ltr'><strong>aliquid</strong></span> <span class='ocrx_word' id='word_1_544' title='bbox 1730 2157 1756 2184; x_wconf 88' lang='lat' dir='ltr'><strong>in</strong></span> 
     </span>
    </p>
   </div>
   <div class='ocr_carea' id='block_1_76' title="bbox 960 2201 1757 2237">
    <p class='ocr_par' dir='ltr' id='par_1_76' title="bbox 960 2201 1757 2237">
     <span class='ocr_line' id='line_1_77' title="bbox 960 2201 1757 2237; baseline -0.001 -8"><span class='ocrx_word' id='word_1_545' title='bbox 960 2202 1085 2230; x_wconf 86' lang='lat' dir='ltr'><strong>cubiculo</strong></span> <span class='ocrx_word' id='word_1_546' title='bbox 1103 2202 1275 2231; x_wconf 67' lang='lat' dir='ltr'><strong>conscientia!</strong></span> <span class='ocrx_word' id='word_1_547' title='bbox 1299 2202 1481 2237; x_wconf 87' lang='lat' dir='ltr'><strong>complicavit.</strong></span> <span class='ocrx_word' id='word_1_548' title='bbox 1497 2201 1615 2236; x_wconf 81' lang='lat' dir='ltr'><strong>duplicet</strong></span> <span class='ocrx_word' id='word_1_549' title='bbox 1631 2201 1696 2228; x_wconf 90' lang='lat' dir='ltr'><strong>illud</strong></span> <span class='ocrx_word' id='word_1_550' title='bbox 1709 2210 1757 2236; x_wconf 85' lang='lat' dir='ltr'><strong>per</strong></span> 
     </span>
    </p>
   </div>
   <div class='ocr_carea' id='block_1_77' title="bbox 958 2247 1755 2283">
    <p class='ocr_par' dir='ltr' id='par_1_77' title="bbox 958 2247 1755 2283">
     <span class='ocr_line' id='line_1_78' title="bbox 958 2247 1755 2283; baseline -0.003 -6"><span class='ocrx_word' id='word_1_551' title='bbox 958 2248 1157 2277; x_wconf 78' lang='lat' dir='ltr'><strong>confessionem</strong></span> <span class='ocrx_word' id='word_1_552' title='bbox 1174 2254 1202 2276; x_wconf 92' lang='lat' dir='ltr'><strong>ct</strong></span> <span class='ocrx_word' id='word_1_553' title='bbox 1220 2248 1419 2283; x_wconf 68' lang='lat' dir='ltr'><strong>paenitentiam.</strong></span> <span class='ocrx_word' id='word_1_554' title='bbox 1434 2252 1462 2274; x_wconf 88' lang='lat' dir='ltr'><strong>et</strong></span> <span class='ocrx_word' id='word_1_555' title='bbox 1475 2254 1526 2282; x_wconf 73' lang='lat' dir='ltr'><strong>ego</strong></span> <span class='ocrx_word' id='word_1_556' title='bbox 1538 2247 1575 2283; x_wconf 51' lang='lat' dir='ltr'><strong>ei.</strong></span> <span class='ocrx_word' id='word_1_557' title='bbox 1588 2247 1622 2275; x_wconf 87' lang='lat' dir='ltr'><strong>de</strong></span> <span class='ocrx_word' id='word_1_558' title='bbox 1645 2248 1755 2275; x_wconf 83' lang='lat' dir='ltr'><strong>miseri-</strong></span> 
     </span>
    </p>
   </div>
   <div class='ocr_carea' id='block_1_78' title="bbox 959 2292 1754 2333">
    <p class='ocr_par' dir='ltr' id='par_1_78' title="bbox 959 2292 1754 2333">
     <span class='ocr_line' id='line_1_79' title="bbox 959 2292 1754 2333; baseline -0.003 -11"><span class='ocrx_word' id='word_1_559' title='bbox 959 2294 1052 2322; x_wconf 81' lang='lat' dir='ltr'><strong>cordia</strong></span> <span class='ocrx_word' id='word_1_560' title='bbox 1065 2295 1202 2322; x_wconf 88' lang='lat' dir='ltr'><strong>nascentis</strong></span> <span class='ocrx_word' id='word_1_561' title='bbox 1213 2295 1288 2333; x_wconf 83' lang='lat' dir='ltr'><strong>pueri</strong></span> <span class='ocrx_word' id='word_1_562' title='bbox 1303 2294 1464 2329; x_wconf 84' lang='lat' dir='ltr'><strong>repromitto</strong></span> <span class='ocrx_word' id='word_1_563' title='bbox 1476 2293 1550 2328; x_wconf 84' lang='lat' dir='ltr'><strong>quia.</strong></span> <span class='ocrx_word' id='word_1_564' title='bbox 1569 2292 1593 2321; x_wconf 83' lang='lat' dir='ltr'><strong>si</strong></span> <span class='ocrx_word' id='word_1_565' title='bbox 1613 2292 1754 2321; x_wconf 74' lang='lat' dir='ltr'><strong>confessus</strong></span> 
     </span>
    </p>
   </div>
   <div class='ocr_carea' id='block_1_79' title="bbox 957 2338 1754 2375">
    <p class='ocr_par' dir='ltr' id='par_1_79' title="bbox 957 2338 1754 2375">
     <span class='ocr_line' id='line_1_80' title="bbox 957 2338 1754 2375; baseline -0.001 -8"><span class='ocrx_word' id='word_1_566' title='bbox 957 2339 1040 2367; x_wconf 78' lang='lat' dir='ltr'><strong>fuerit</strong></span> <span class='ocrx_word' id='word_1_567' title='bbox 1052 2344 1081 2367; x_wconf 92' lang='lat' dir='ltr'><strong>et</strong></span> <span class='ocrx_word' id='word_1_568' title='bbox 1103 2340 1270 2375; x_wconf 61' lang='lat' dir='ltr'><strong>paenituerit.</strong></span> <span class='ocrx_word' id='word_1_569' title='bbox 1289 2345 1417 2368; x_wconf 88' lang='lat' dir='ltr'><strong>nascetur</strong></span> <span class='ocrx_word' id='word_1_570' title='bbox 1430 2339 1458 2367; x_wconf 93' lang='lat' dir='ltr'><strong>in</strong></span> <span class='ocrx_word' id='word_1_571' title='bbox 1483 2346 1516 2367; x_wconf 85' lang='lat' dir='ltr'><strong>eo</strong></span> <span class='ocrx_word' id='word_1_572' title='bbox 1533 2338 1577 2367; x_wconf 78' lang='lat' dir='ltr'><strong>lux</strong></span> <span class='ocrx_word' id='word_1_573' title='bbox 1606 2339 1709 2372; x_wconf 86' lang='lat' dir='ltr'><strong>mundi,</strong></span> <span class='ocrx_word' id='word_1_574' title='bbox 1725 2344 1754 2366; x_wconf 89' lang='lat' dir='ltr'><strong>ut</strong></span> 
     </span>
    </p>
   </div>
   <div class='ocr_carea' id='block_1_80' title="bbox 957 2384 1753 2421">
    <p class='ocr_par' dir='ltr' id='par_1_80' title="bbox 957 2384 1753 2421">
     <span class='ocr_line' id='line_1_81' title="bbox 957 2384 1753 2421; baseline 0 -8"><span class='ocrx_word' id='word_1_575' title='bbox 957 2385 1068 2413; x_wconf 88' lang='lat' dir='ltr'><strong>dimotis</strong></span> <span class='ocrx_word' id='word_1_576' title='bbox 1087 2384 1229 2413; x_wconf 84' lang='lat' dir='ltr'><strong>fallacibus</strong></span> <span class='ocrx_word' id='word_1_577' title='bbox 1252 2385 1371 2414; x_wconf 86' lang='lat' dir='ltr'><strong>tenebris</strong></span> <span class='ocrx_word' id='word_1_578' title='bbox 1393 2384 1567 2421; x_wconf 84' lang='lat' dir='ltr'><strong>splendorem</strong></span> <span class='ocrx_word' id='word_1_579' title='bbox 1591 2392 1662 2413; x_wconf 69' lang='lat' dir='ltr'><strong>verat</strong></span> <span class='ocrx_word' id='word_1_580' title='bbox 1684 2385 1753 2413; x_wconf 86' lang='lat' dir='ltr'><strong>lucis</strong></span> 
     </span>
    </p>
   </div>
   <div class='ocr_carea' id='block_1_81' title="bbox 956 2430 1752 2466">
    <p class='ocr_par' dir='ltr' id='par_1_81' title="bbox 956 2430 1752 2466">
     <span class='ocr_line' id='line_1_82' title="bbox 956 2430 1752 2466; baseline 0.003 -8"><span class='ocrx_word' id='word_1_581' title='bbox 956 2430 1081 2466; x_wconf 84' lang='lat' dir='ltr'><strong>accipiat.</strong></span> <span class='ocrx_word' id='word_1_582' title='bbox 1100 2430 1243 2466; x_wconf 87' lang='lat' dir='ltr'><strong>Quomodo</strong></span> <span class='ocrx_word' id='word_1_583' title='bbox 1259 2432 1333 2466; x_wconf 81' lang='lat' dir='ltr'><strong>enim</strong></span> <span class='ocrx_word' id='word_1_584' title='bbox 1355 2431 1465 2460; x_wconf 85' lang='lat' dir='ltr'><strong>miseris</strong></span> <span class='ocrx_word' id='word_1_585' title='bbox 1490 2431 1676 2460; x_wconf 84' lang='lat' dir='ltr'><strong>misericordia</strong></span> <span class='ocrx_word' id='word_1_586' title='bbox 1701 2432 1752 2460; x_wconf 85' lang='lat' dir='ltr'><strong>hac</strong></span> 
     </span>
    </p>
   </div>
   <div class='ocr_carea' id='block_1_82' title="bbox 957 2477 1752 2513">
    <p class='ocr_par' dir='ltr' id='par_1_82' title="bbox 957 2477 1752 2513">
     <span class='ocr_line' id='line_1_83' title="bbox 957 2477 1752 2513; baseline 0 -9"><span class='ocrx_word' id='word_1_587' title='bbox 957 2481 1035 2505; x_wconf 78' lang='lat' dir='ltr'><strong>nocte</strong></span> <span class='ocrx_word' id='word_1_588' title='bbox 1050 2477 1203 2513; x_wconf 70' lang='lat' dir='ltr'><strong>negabitur.</strong></span> <span class='ocrx_word' id='word_1_589' title='bbox 1220 2478 1248 2505; x_wconf 93' lang='lat' dir='ltr'><strong>in</strong></span> <span class='ocrx_word' id='word_1_590' title='bbox 1265 2485 1318 2513; x_wconf 88' lang='lat' dir='ltr'><strong>qua</strong></span> <span class='ocrx_word' id='word_1_591' title='bbox 1334 2477 1549 2505; x_wconf 86' lang='lat' dir='ltr'><strong>misericorditer</strong></span> <span class='ocrx_word' id='word_1_592' title='bbox 1565 2477 1688 2504; x_wconf 89' lang='lat' dir='ltr'><strong>nascitur</strong></span> <span class='ocrx_word' id='word_1_593' title='bbox 1701 2478 1752 2505; x_wconf 91' lang='lat' dir='ltr'><strong>mi-</strong></span> 
     </span>
    </p>
   </div>
   <div class='ocr_carea' id='block_1_83' title="bbox 955 2521 1748 2556">
    <p class='ocr_par' dir='ltr' id='par_1_83' title="bbox 955 2521 1748 2556">
     <span class='ocr_line' id='line_1_84' title="bbox 955 2521 1748 2556; baseline 0 -7"><span class='ocrx_word' id='word_1_594' title='bbox 955 2521 1072 2550; x_wconf 73' lang='lat' dir='ltr'><strong>sericors</strong></span> <span class='ocrx_word' id='word_1_595' title='bbox 1080 2526 1109 2550; x_wconf 87' lang='lat' dir='ltr'><strong>et</strong></span> <span class='ocrx_word' id='word_1_596' title='bbox 1123 2523 1267 2550; x_wconf 86' lang='lat' dir='ltr'><strong>miserator</strong></span> <span class='ocrx_word' id='word_1_597' title='bbox 1282 2522 1428 2550; x_wconf 79' lang='lat' dir='ltr'><strong>Dominus?</strong></span> <span class='ocrx_word' id='word_1_598' title='bbox 1440 2522 1523 2550; x_wconf 80' lang='lat' dir='ltr'><strong>A&#39;dest</strong></span> <span class='ocrx_word' id='word_1_599' title='bbox 1535 2522 1609 2549; x_wconf 87' lang='lat' dir='ltr'><strong>Dens</strong></span> <span class='ocrx_word' id='word_1_600' title='bbox 1621 2527 1648 2549; x_wconf 89' lang='lat' dir='ltr'><strong>et</strong></span> <span class='ocrx_word' id='word_1_601' title='bbox 1656 2522 1748 2556; x_wconf 81' lang='lat' dir='ltr'><strong>homo,</strong></span> 
     </span>
    </p>
   </div>
   <div class='ocr_carea' id='block_1_84' title="bbox 954 2566 1749 2603">
    <p class='ocr_par' dir='ltr' id='par_1_84' title="bbox 954 2566 1749 2603">
     <span class='ocr_line' id='line_1_85' title="bbox 954 2566 1749 2603; baseline 0.001 -10"><span class='ocrx_word' id='word_1_602' title='bbox 954 2570 1044 2594; x_wconf 87' lang='lat' dir='ltr'><strong>mater</strong></span> <span class='ocrx_word' id='word_1_603' title='bbox 1054 2571 1083 2594; x_wconf 90' lang='lat' dir='ltr'><strong>et</strong></span> <span class='ocrx_word' id='word_1_604' title='bbox 1095 2567 1181 2603; x_wconf 70' lang='lat' dir='ltr'><strong>virgo.</strong></span> <span class='ocrx_word' id='word_1_605' title='bbox 1196 2575 1262 2597; x_wconf 81' lang='lat' dir='ltr'><strong>caro</strong></span> <span class='ocrx_word' id='word_1_606' title='bbox 1282 2571 1310 2595; x_wconf 89' lang='lat' dir='ltr'><strong>et</strong></span> <span class='ocrx_word' id='word_1_607' title='bbox 1329 2566 1457 2598; x_wconf 86' lang='lat' dir='ltr'><strong>Verbum,</strong></span> <span class='ocrx_word' id='word_1_608' title='bbox 1473 2566 1517 2594; x_wconf 80' lang='lat' dir='ltr'><strong>lux</strong></span> <span class='ocrx_word' id='word_1_609' title='bbox 1534 2572 1563 2594; x_wconf 87' lang='lat' dir='ltr'><strong>et</strong></span> <span class='ocrx_word' id='word_1_610' title='bbox 1581 2566 1749 2599; x_wconf 84' lang='lat' dir='ltr'><strong>illuminans.</strong></span> 
     </span>
    </p>
   </div>
   <div class='ocr_carea' id='block_1_85' title="bbox 953 2611 1750 2646">
    <p class='ocr_par' dir='ltr' id='par_1_85' title="bbox 953 2611 1750 2646">
     <span class='ocr_line' id='line_1_86' title="bbox 953 2611 1750 2646; baseline -0.001 -6"><span class='ocrx_word' id='word_1_611' title='bbox 953 2612 1042 2641; x_wconf 87' lang='lat' dir='ltr'><strong>bonus</strong></span> <span class='ocrx_word' id='word_1_612' title='bbox 1053 2618 1083 2641; x_wconf 91' lang='lat' dir='ltr'><strong>et</strong></span> <span class='ocrx_word' id='word_1_613' title='bbox 1106 2613 1222 2646; x_wconf 83' lang='lat' dir='ltr'><strong>bonitas,</strong></span> <span class='ocrx_word' id='word_1_614' title='bbox 1250 2613 1438 2641; x_wconf 85' lang='lat' dir='ltr'><strong>misericordia</strong></span> <span class='ocrx_word' id='word_1_615' title='bbox 1455 2617 1482 2640; x_wconf 88' lang='lat' dir='ltr'><strong>et</strong></span> <span class='ocrx_word' id='word_1_616' title='bbox 1498 2613 1610 2644; x_wconf 79' lang='lat' dir='ltr'><strong>veritas.</strong></span> <span class='ocrx_word' id='word_1_617' title='bbox 1636 2611 1750 2640; x_wconf 77' lang='lat' dir='ltr'><strong>fecunda</strong></span> 
     </span>
    </p>
   </div>
   <div class='ocr_carea' id='block_1_86' title="bbox 952 2657 1750 2694">
    <p class='ocr_par' dir='ltr' id='par_1_86' title="bbox 952 2657 1750 2694">
     <span class='ocr_line' id='line_1_87' title="bbox 952 2657 1750 2694; baseline 0.001 -9"><span class='ocrx_word' id='word_1_618' title='bbox 952 2657 1109 2693; x_wconf 74' lang='lat' dir='ltr'><strong>virginitas,</strong></span> <span class='ocrx_word' id='word_1_619' title='bbox 1116 2658 1425 2694; x_wconf 72' lang='lat' dir='ltr'><strong>virginalisfeeunditas,</strong></span> <span class='ocrx_word' id='word_1_620' title='bbox 1437 2663 1540 2687; x_wconf 63' lang='lat' dir='ltr'><strong>aeterna</strong></span> <span class='ocrx_word' id='word_1_621' title='bbox 1552 2659 1669 2692; x_wconf 86' lang='lat' dir='ltr'><strong>novitas.</strong></span> <span class='ocrx_word' id='word_1_622' title='bbox 1680 2666 1750 2686; x_wconf 77' lang='lat' dir='ltr'><strong>nava</strong></span> 
     </span>
    </p>
   </div>
   <div class='ocr_carea' id='block_1_87' title="bbox 954 2705 1749 2743">
    <p class='ocr_par' dir='ltr' id='par_1_87' title="bbox 954 2705 1749 2743">
     <span class='ocr_line' id='line_1_88' title="bbox 954 2705 1749 2743; baseline 0.004 -12"><span class='ocrx_word' id='word_1_623' title='bbox 954 2705 1113 2738; x_wconf 68' lang='lat' dir='ltr'><strong>mentitas,</strong></span> <span class='ocrx_word' id='word_1_624' title='bbox 1141 2705 1232 2733; x_wconf 88' lang='lat' dir='ltr'><strong>divina</strong></span> <span class='ocrx_word' id='word_1_625' title='bbox 1261 2706 1448 2738; x_wconf 80' lang='lat' dir='ltr'><strong>humanitas.‘</strong></span> <span class='ocrx_word' id='word_1_626' title='bbox 1466 2706 1585 2743; x_wconf 86' lang='lat' dir='ltr'><strong>humana</strong></span> <span class='ocrx_word' id='word_1_627' title='bbox 1611 2706 1749 2737; x_wconf 82' lang='lat' dir='ltr'><strong>divinitas.</strong></span> 
     </span>
    </p>
   </div>
   <div class='ocr_carea' id='block_1_88' title="bbox 952 2748 1749 2783">
    <p class='ocr_par' dir='ltr' id='par_1_88' title="bbox 952 2748 1749 2783">
     <span class='ocr_line' id='line_1_89' title="bbox 952 2748 1749 2783; baseline 0.001 -6"><span class='ocrx_word' id='word_1_628' title='bbox 952 2748 1063 2778; x_wconf 85' lang='lat' dir='ltr'><strong>humilis</strong></span> <span class='ocrx_word' id='word_1_629' title='bbox 1084 2749 1248 2783; x_wconf 85' lang='lat' dir='ltr'><strong>sublimitas,</strong></span> <span class='ocrx_word' id='word_1_630' title='bbox 1263 2755 1292 2778; x_wconf 89' lang='lat' dir='ltr'><strong>et</strong></span> <span class='ocrx_word' id='word_1_631' title='bbox 1316 2750 1343 2778; x_wconf 91' lang='lat' dir='ltr'><strong>in</strong></span> <span class='ocrx_word' id='word_1_632' title='bbox 1358 2750 1401 2778; x_wconf 87' lang='lat' dir='ltr'><strong>his</strong></span> <span class='ocrx_word' id='word_1_633' title='bbox 1413 2750 1541 2778; x_wconf 87' lang='lat' dir='ltr'><strong>omnibus</strong></span> <span class='ocrx_word' id='word_1_634' title='bbox 1562 2749 1749 2778; x_wconf 82' lang='lat' dir='ltr'><strong>misericordia</strong></span> 
     </span>
    </p>
   </div>
   <div class='ocr_carea' id='block_1_89' title="bbox 951 2794 1746 2833">
    <p class='ocr_par' dir='ltr' id='par_1_89' title="bbox 951 2794 1746 2833">
     <span class='ocr_line' id='line_1_90' title="bbox 951 2794 1746 2833; baseline 0.001 -10"><span class='ocrx_word' id='word_1_635' title='bbox 951 2794 1110 2824; x_wconf 82' lang='lat' dir='ltr'><strong>fabricatur.</strong></span> <span class='ocrx_word' id='word_1_636' title='bbox 1136 2796 1266 2825; x_wconf 84' lang='lat' dir='ltr'><strong>Cohibete</strong></span> <span class='ocrx_word' id='word_1_637' title='bbox 1288 2797 1373 2833; x_wconf 74' lang='lat' dir='ltr'><strong>igitur</strong></span> <span class='ocrx_word' id='word_1_638' title='bbox 1387 2796 1575 2825; x_wconf 79' lang='lat' dir='ltr'><strong>extollentiam</strong></span> <span class='ocrx_word' id='word_1_639' title='bbox 1595 2796 1631 2824; x_wconf 86' lang='lat' dir='ltr'><strong>ab</strong></span> <span class='ocrx_word' id='word_1_640' title='bbox 1649 2794 1746 2827; x_wconf 82' lang='lat' dir='ltr'><strong>oculis.</strong></span> 
     </span>
    </p>
   </div>
   <div class='ocr_carea' id='block_1_90' title="bbox 951 2841 1746 2880">
    <p class='ocr_par' dir='ltr' id='par_1_90' title="bbox 951 2841 1746 2880">
     <span class='ocr_line' id='line_1_91' title="bbox 951 2841 1746 2880; baseline 0.001 -10"><span class='ocrx_word' id='word_1_641' title='bbox 951 2841 1144 2878; x_wconf 78' lang='lat' dir='ltr'><strong>loquacitatem</strong></span> <span class='ocrx_word' id='word_1_642' title='bbox 1167 2851 1184 2872; x_wconf 88' lang='lat' dir='ltr'><strong>a</strong></span> <span class='ocrx_word' id='word_1_643' title='bbox 1212 2843 1325 2880; x_wconf 71' lang='lat' dir='ltr'><strong>lingua,</strong></span> <span class='ocrx_word' id='word_1_644' title='bbox 1351 2843 1541 2872; x_wconf 86' lang='lat' dir='ltr'><strong>crudelitatem</strong></span> <span class='ocrx_word' id='word_1_645' title='bbox 1568 2851 1584 2871; x_wconf 91' lang='lat' dir='ltr'><strong>a</strong></span> <span class='ocrx_word' id='word_1_646' title='bbox 1610 2843 1746 2878; x_wconf 82' lang='lat' dir='ltr'><strong>manibus,</strong></span> 
     </span>
    </p>
   </div>
   <div class='ocr_carea' id='block_1_91' title="bbox 951 2887 1746 2925">
    <p class='ocr_par' dir='ltr' id='par_1_91' title="bbox 951 2887 1746 2925">
     <span class='ocr_line' id='line_1_92' title="bbox 951 2887 1746 2925; baseline 0.005 -11"><span class='ocrx_word' id='word_1_647' title='bbox 951 2887 1116 2923; x_wconf 84' lang='lat' dir='ltr'><strong>voluptatem</strong></span> <span class='ocrx_word' id='word_1_648' title='bbox 1130 2896 1147 2916; x_wconf 88' lang='lat' dir='ltr'><strong>a</strong></span> <span class='ocrx_word' id='word_1_649' title='bbox 1166 2888 1274 2923; x_wconf 84' lang='lat' dir='ltr'><strong>lumbis,</strong></span> <span class='ocrx_word' id='word_1_650' title='bbox 1293 2888 1375 2925; x_wconf 79' lang='lat' dir='ltr'><strong>pedes</strong></span> <span class='ocrx_word' id='word_1_651' title='bbox 1387 2890 1421 2917; x_wconf 86' lang='lat' dir='ltr'><strong>ab</strong></span> <span class='ocrx_word' id='word_1_652' title='bbox 1437 2889 1538 2924; x_wconf 84' lang='lat' dir='ltr'><strong>itinere</strong></span> <span class='ocrx_word' id='word_1_653' title='bbox 1551 2897 1605 2917; x_wconf 90' lang='lat' dir='ltr'><strong>non</strong></span> <span class='ocrx_word' id='word_1_654' title='bbox 1621 2889 1696 2921; x_wconf 87' lang='lat' dir='ltr'><strong>trito.</strong></span> <span class='ocrx_word' id='word_1_655' title='bbox 1719 2896 1746 2918; x_wconf 79' lang='lat' dir='ltr'><strong>ct</strong></span> 
     </span>
    </p>
   </div>
   <div class='ocr_carea' id='block_1_92' title="bbox 952 2933 1746 2989">
    <p class='ocr_par' dir='ltr' id='par_1_92' title="bbox 952 2933 1746 2989">
     <span class='ocr_line' id='line_1_93' title="bbox 952 2933 1746 2989; baseline 0.005 -29"><span class='ocrx_word' id='word_1_656' title='bbox 952 2933 1040 2966; x_wconf 74' lang='lat' dir='ltr'><strong>venite</strong></span> <span class='ocrx_word' id='word_1_657' title='bbox 1056 2939 1084 2962; x_wconf 86' lang='lat' dir='ltr'><strong>et</strong></span> <span class='ocrx_word' id='word_1_658' title='bbox 1099 2935 1203 2970; x_wconf 69' lang='lat' dir='ltr'><strong>arguite</strong></span> <span class='ocrx_word' id='word_1_659' title='bbox 1224 2942 1296 2970; x_wconf 84' lang='lat' dir='ltr'><strong>eum,</strong></span> <span class='ocrx_word' id='word_1_660' title='bbox 1307 2935 1346 2989; x_wconf 54' lang='lat' dir='ltr'><strong>/ai</strong></span> <span class='ocrx_word' id='word_1_661' title='bbox 1363 2943 1419 2964; x_wconf 79' lang='lat' dir='ltr'><strong>non</strong></span> <span class='ocrx_word' id='word_1_662' title='bbox 1435 2935 1488 2964; x_wconf 83' lang='lat' dir='ltr'><strong>hac</strong></span> <span class='ocrx_word' id='word_1_663' title='bbox 1507 2939 1587 2964; x_wconf 82' lang='lat' dir='ltr'><strong>nocte</strong></span> <span class='ocrx_word' id='word_1_664' title='bbox 1601 2935 1746 2970; x_wconf 82' lang='lat' dir='ltr'><strong>disrumpit</strong></span> 
     </span>
    </p>
   </div>
   <div class='ocr_carea' id='block_1_93' title="bbox 1815 1698 2616 1736">
    <p class='ocr_par' dir='ltr' id='par_1_93' title="bbox 1815 1698 2616 1736">
     <span class='ocr_line' id='line_1_94' title="bbox 1815 1698 2616 1736; baseline 0.006 -11"><span class='ocrx_word' id='word_1_665' title='bbox 1815 1702 1845 1725; x_wconf 88' lang='lat' dir='ltr'><strong>ut</strong></span> <span class='ocrx_word' id='word_1_666' title='bbox 1865 1698 1984 1733; x_wconf 82' lang='lat' dir='ltr'><strong>undique</strong></span> <span class='ocrx_word' id='word_1_667' title='bbox 2000 1699 2253 1734; x_wconf 81' lang='lat' dir='ltr'><strong>compnnctiooibua</strong></span> <span class='ocrx_word' id='word_1_668' title='bbox 2278 1705 2308 1728; x_wconf 88' lang='lat' dir='ltr'><strong>et</strong></span> <span class='ocrx_word' id='word_1_669' title='bbox 2334 1700 2437 1729; x_wconf 74' lang='lat' dir='ltr'><strong>aculeis</strong></span> <span class='ocrx_word' id='word_1_670' title='bbox 2462 1703 2616 1736; x_wconf 78' lang='lat' dir='ltr'><strong>vestiatur;</strong></span> 
     </span>
    </p>
   </div>
   <div class='ocr_carea' id='block_1_94' title="bbox 1812 1736 2615 1784">
    <p class='ocr_par' dir='ltr' id='par_1_94' title="bbox 1812 1736 2615 1784">
     <span class='ocr_line' id='line_1_95' title="bbox 1812 1736 2615 1784; baseline 0.01 -15"><span class='ocrx_word' id='word_1_671' title='bbox 1812 1751 1875 1770; x_wconf 86' lang='lat' dir='ltr'><strong>cum</strong></span> <span class='ocrx_word' id='word_1_672' title='bbox 1891 1751 1957 1771; x_wconf 83' lang='lat' dir='ltr'><strong>vero</strong></span> <span class='ocrx_word' id='word_1_673' title='bbox 1967 1751 1997 1771; x_wconf 81' lang='lat' dir='ltr'><strong>se</strong></span> <span class='ocrx_word' id='word_1_674' title='bbox 2014 1736 2187 1772; x_wconf 81' lang='lat' dir='ltr'><strong>solitudinem</strong></span> <span class='ocrx_word' id='word_1_675' title='bbox 2202 1746 2329 1781; x_wconf 74' lang='lat' dir='ltr'><strong>adeptum</strong></span> <span class='ocrx_word' id='word_1_676' title='bbox 2350 1751 2435 1782; x_wconf 77' lang='lat' dir='ltr'><strong>potat.</strong></span> <span class='ocrx_word' id='word_1_677' title='bbox 2449 1752 2533 1783; x_wconf 74' lang='lat' dir='ltr'><strong>caput</strong></span> <span class='ocrx_word' id='word_1_678' title='bbox 2545 1756 2615 1784; x_wconf 84' lang='lat' dir='ltr'><strong>apo-</strong></span> 
     </span>
    </p>
   </div>
   <div class='ocr_carea' id='block_1_95' title="bbox 1814 1789 2616 1828">
    <p class='ocr_par' dir='ltr' id='par_1_95' title="bbox 1814 1789 2616 1828">
     <span class='ocr_line' id='line_1_96' title="bbox 1814 1789 2616 1828; baseline 0.01 -14"><span class='ocrx_word' id='word_1_679' title='bbox 1814 1789 1860 1821; x_wconf 84' lang='lat' dir='ltr'><strong>rit.</strong></span> <span class='ocrx_word' id='word_1_680' title='bbox 1872 1789 1960 1816; x_wconf 72' lang='lat' dir='ltr'><strong>exerit</strong></span> <span class='ocrx_word' id='word_1_681' title='bbox 1976 1789 2058 1824; x_wconf 81' lang='lat' dir='ltr'><strong>pedes</strong></span> <span class='ocrx_word' id='word_1_682' title='bbox 2072 1795 2098 1817; x_wconf 85' lang='lat' dir='ltr'><strong>et</strong></span> <span class='ocrx_word' id='word_1_683' title='bbox 2115 1790 2308 1819; x_wconf 77' lang='lat' dir='ltr'><strong>vit&#39;ifieatorios</strong></span> <span class='ocrx_word' id='word_1_684' title='bbox 2321 1797 2410 1820; x_wconf 85' lang='lat' dir='ltr'><strong>motus</strong></span> <span class='ocrx_word' id='word_1_685' title='bbox 2429 1793 2508 1828; x_wconf 82' lang='lat' dir='ltr'><strong>plana</strong></span> <span class='ocrx_word' id='word_1_686' title='bbox 2522 1794 2616 1822; x_wconf 70' lang='lat' dir='ltr'><strong>dean-</strong></span> 
     </span>
    </p>
   </div>
   <div class='ocr_carea' id='block_1_96' title="bbox 1812 1834 2614 1874">
    <p class='ocr_par' dir='ltr' id='par_1_96' title="bbox 1812 1834 2614 1874">
     <span class='ocr_line' id='line_1_97' title="bbox 1812 1834 2614 1874; baseline 0.009 -14"><span class='ocrx_word' id='word_1_687' title='bbox 1812 1834 1951 1862; x_wconf 82' lang='lat' dir='ltr'><strong>bulatione</strong></span> <span class='ocrx_word' id='word_1_688' title='bbox 1965 1836 2145 1863; x_wconf 80' lang='lat' dir='ltr'><strong>demonstrat.</strong></span> <span class='ocrx_word' id='word_1_689' title='bbox 2169 1836 2198 1863; x_wconf 84' lang='lat' dir='ltr'><strong>Si</strong></span> <span class='ocrx_word' id='word_1_690' title='bbox 2214 1835 2277 1871; x_wconf 78' lang='lat' dir='ltr'><strong>quis</strong></span> <span class='ocrx_word' id='word_1_691' title='bbox 2298 1839 2504 1874; x_wconf 55' lang='lat' dir='ltr'><strong>supervenerit.</strong></span> <span class='ocrx_word' id='word_1_692' title='bbox 2517 1840 2614 1868; x_wconf 70' lang='lat' dir='ltr'><strong>statim</strong></span> 
     </span>
    </p>
   </div>
   <div class='ocr_carea' id='block_1_97' title="bbox 1812 1880 2614 1917">
    <p class='ocr_par' dir='ltr' id='par_1_97' title="bbox 1812 1880 2614 1917">
     <span class='ocr_line' id='line_1_98' title="bbox 1812 1880 2614 1917; baseline 0.009 -11"><span class='ocrx_word' id='word_1_693' title='bbox 1812 1880 1955 1907; x_wconf 84' lang='lat' dir='ltr'><strong>celerrima</strong></span> <span class='ocrx_word' id='word_1_694' title='bbox 1972 1880 2118 1913; x_wconf 79' lang='lat' dir='ltr'><strong>velocitate</strong></span> <span class='ocrx_word' id='word_1_695' title='bbox 2133 1886 2215 1917; x_wconf 88' lang='lat' dir='ltr'><strong>caput</strong></span> <span class='ocrx_word' id='word_1_696' title='bbox 2228 1889 2289 1909; x_wconf 89' lang='lat' dir='ltr'><strong>cum</strong></span> <span class='ocrx_word' id='word_1_697' title='bbox 2304 1882 2419 1917; x_wconf 69' lang='lat' dir='ltr'><strong>pellibus</strong></span> <span class='ocrx_word' id='word_1_698' title='bbox 2439 1884 2473 1911; x_wconf 89' lang='lat' dir='ltr'><strong>ad</strong></span> <span class='ocrx_word' id='word_1_699' title='bbox 2494 1884 2614 1913; x_wconf 77' lang='lat' dir='ltr'><strong>interius</strong></span> 
     </span>
    </p>
   </div>
   <div class='ocr_carea' id='block_1_98' title="bbox 1811 1926 2612 1964">
    <p class='ocr_par' dir='ltr' id='par_1_98' title="bbox 1811 1926 2612 1964">
     <span class='ocr_line' id='line_1_99' title="bbox 1811 1926 2612 1964; baseline 0.007 -11"><span class='ocrx_word' id='word_1_700' title='bbox 1811 1926 1999 1954; x_wconf 79' lang='lat' dir='ltr'><strong>absconditum</strong></span> <span class='ocrx_word' id='word_1_701' title='bbox 2012 1931 2177 1962; x_wconf 81' lang='lat' dir='ltr'><strong>reportatur.</strong></span> <span class='ocrx_word' id='word_1_702' title='bbox 2194 1932 2222 1955; x_wconf 93' lang='lat' dir='ltr'><strong>ut</strong></span> <span class='ocrx_word' id='word_1_703' title='bbox 2236 1928 2258 1955; x_wconf 87' lang='lat' dir='ltr'><strong>si</strong></span> <span class='ocrx_word' id='word_1_704' title='bbox 2282 1928 2357 1956; x_wconf 90' lang='lat' dir='ltr'><strong>illum</strong></span> <span class='ocrx_word' id='word_1_705' title='bbox 2373 1934 2465 1957; x_wconf 77' lang='lat' dir='ltr'><strong>tenere</strong></span> <span class='ocrx_word' id='word_1_706' title='bbox 2479 1931 2612 1964; x_wconf 78' lang='lat' dir='ltr'><strong>volueris,</strong></span> 
     </span>
    </p>
   </div>
   <div class='ocr_carea' id='block_1_99' title="bbox 1810 1972 2610 2012">
    <p class='ocr_par' dir='ltr' id='par_1_99' title="bbox 1810 1972 2610 2012">
     <span class='ocr_line' id='line_1_100' title="bbox 1810 1972 2610 2012; baseline 0.009 -14"><span class='ocrx_word' id='word_1_707' title='bbox 1810 1972 1886 2006; x_wconf 86' lang='lat' dir='ltr'><strong>prius</strong></span> <span class='ocrx_word' id='word_1_708' title='bbox 1899 1972 1993 2012; x_wconf 79' lang='lat' dir='ltr'><strong>videas</strong></span> <span class='ocrx_word' id='word_1_709' title='bbox 2009 1972 2171 2008; x_wconf 70' lang='lat' dir='ltr'><strong>sanguinem</strong></span> <span class='ocrx_word' id='word_1_710' title='bbox 2193 1978 2269 2001; x_wconf 87' lang='lat' dir='ltr'><strong>tuum</strong></span> <span class='ocrx_word' id='word_1_711' title='bbox 2291 1981 2374 2010; x_wconf 85' lang='lat' dir='ltr'><strong>quam</strong></span> <span class='ocrx_word' id='word_1_712' title='bbox 2394 1982 2495 2010; x_wconf 81' lang='lat' dir='ltr'><strong>corpus</strong></span> <span class='ocrx_word' id='word_1_713' title='bbox 2517 1983 2610 2005; x_wconf 80' lang='lat' dir='ltr'><strong>suum.</strong></span> 
     </span>
    </p>
   </div>
   <div class='ocr_carea' id='block_1_100' title="bbox 1810 2016 2611 2055">
    <p class='ocr_par' dir='ltr' id='par_1_100' title="bbox 1810 2016 2611 2055">
     <span class='ocr_line' id='line_1_101' title="bbox 1810 2016 2611 2055; baseline 0.009 -11"><span class='ocrx_word' id='word_1_714' title='bbox 1810 2017 1856 2044; x_wconf 87' lang='lat' dir='ltr'><strong>Sic</strong></span> <span class='ocrx_word' id='word_1_715' title='bbox 1871 2023 1898 2044; x_wconf 90' lang='lat' dir='ltr'><strong>et</strong></span> <span class='ocrx_word' id='word_1_716' title='bbox 1912 2019 2063 2052; x_wconf 84' lang='lat' dir='ltr'><strong>peccatoris</strong></span> <span class='ocrx_word' id='word_1_717' title='bbox 2077 2016 2158 2054; x_wconf 81' lang='lat' dir='ltr'><strong>c‘aput</strong></span> <span class='ocrx_word' id='word_1_718' title='bbox 2171 2026 2234 2047; x_wconf 84' lang='lat' dir='ltr'><strong>cum</strong></span> <span class='ocrx_word' id='word_1_719' title='bbox 2257 2020 2382 2055; x_wconf 85' lang='lat' dir='ltr'><strong>pedibus,</strong></span> <span class='ocrx_word' id='word_1_720' title='bbox 2408 2022 2526 2050; x_wconf 81' lang='lat' dir='ltr'><strong>intentio</strong></span> <span class='ocrx_word' id='word_1_721' title='bbox 2548 2032 2611 2051; x_wconf 76' lang='lat' dir='ltr'><strong>cum</strong></span> 
     </span>
    </p>
   </div>
   <div class='ocr_carea' id='block_1_101' title="bbox 1809 2064 2609 2103">
    <p class='ocr_par' dir='ltr' id='par_1_101' title="bbox 1809 2064 2609 2103">
     <span class='ocr_line' id='line_1_102' title="bbox 1809 2064 2609 2103; baseline 0.009 -13"><span class='ocrx_word' id='word_1_722' title='bbox 1809 2064 1927 2094; x_wconf 83' lang='lat' dir='ltr'><strong>actione.</strong></span> <span class='ocrx_word' id='word_1_723' title='bbox 1951 2072 1966 2091; x_wconf 92' lang='lat' dir='ltr'><strong>a</strong></span> <span class='ocrx_word' id='word_1_724' title='bbox 1991 2069 2132 2099; x_wconf 80' lang='lat' dir='ltr'><strong>pastorum</strong></span> <span class='ocrx_word' id='word_1_725' title='bbox 2158 2065 2339 2096; x_wconf 83' lang='lat' dir='ltr'><strong>sollicitudine</strong></span> <span class='ocrx_word' id='word_1_726' title='bbox 2362 2073 2567 2103; x_wconf 81' lang='lat' dir='ltr'><strong>prospectatur,</strong></span> <span class='ocrx_word' id='word_1_727' title='bbox 2581 2075 2609 2098; x_wconf 82' lang='lat' dir='ltr'><strong>et</strong></span> 
     </span>
    </p>
   </div>
   <div class='ocr_carea' id='block_1_102' title="bbox 1809 2110 2611 2146">
    <p class='ocr_par' dir='ltr' id='par_1_102' title="bbox 1809 2110 2611 2146">
     <span class='ocr_line' id='line_1_103' title="bbox 1809 2110 2611 2146; baseline 0.01 -10"><span class='ocrx_word' id='word_1_728' title='bbox 1809 2110 1880 2144; x_wconf 90' lang='lat' dir='ltr'><strong>quod</strong></span> <span class='ocrx_word' id='word_1_729' title='bbox 1895 2110 1951 2137; x_wconf 85' lang='lat' dir='ltr'><strong>fere</strong></span> <span class='ocrx_word' id='word_1_730' title='bbox 1966 2110 2090 2138; x_wconf 85' lang='lat' dir='ltr'><strong>omnium</strong></span> <span class='ocrx_word' id='word_1_731' title='bbox 2115 2111 2285 2146; x_wconf 81' lang='lat' dir='ltr'><strong>peccantium</strong></span> <span class='ocrx_word' id='word_1_732' title='bbox 2301 2113 2395 2140; x_wconf 86' lang='lat' dir='ltr'><strong>vitium</strong></span> <span class='ocrx_word' id='word_1_733' title='bbox 2413 2118 2466 2145; x_wconf 88' lang='lat' dir='ltr'><strong>est.</strong></span> <span class='ocrx_word' id='word_1_734' title='bbox 2492 2122 2555 2143; x_wconf 79' lang='lat' dir='ltr'><strong>cum</strong></span> <span class='ocrx_word' id='word_1_735' title='bbox 2575 2116 2611 2143; x_wconf 71' lang='lat' dir='ltr'><strong>ab</strong></span> 
     </span>
    </p>
   </div>
   <div class='ocr_carea' id='block_1_103' title="bbox 1808 2155 2613 2190">
    <p class='ocr_par' dir='ltr' id='par_1_103' title="bbox 1808 2155 2613 2190">
     <span class='ocr_line' id='line_1_104' title="bbox 1808 2155 2613 2190; baseline 0.009 -7"><span class='ocrx_word' id='word_1_736' title='bbox 1808 2156 1933 2183; x_wconf 88' lang='lat' dir='ltr'><strong>omnibus</strong></span> <span class='ocrx_word' id='word_1_737' title='bbox 1947 2156 2082 2188; x_wconf 87' lang='lat' dir='ltr'><strong>videatur.</strong></span> <span class='ocrx_word' id='word_1_738' title='bbox 2102 2164 2117 2184; x_wconf 88' lang='lat' dir='ltr'><strong>a</strong></span> <span class='ocrx_word' id='word_1_739' title='bbox 2136 2156 2244 2184; x_wconf 84' lang='lat' dir='ltr'><strong>nemine</strong></span> <span class='ocrx_word' id='word_1_740' title='bbox 2264 2157 2384 2185; x_wconf 60' lang='lat' dir='ltr'><strong>estimat</strong></span> <span class='ocrx_word' id='word_1_741' title='bbox 2409 2166 2438 2186; x_wconf 87' lang='lat' dir='ltr'><strong>se</strong></span> <span class='ocrx_word' id='word_1_742' title='bbox 2453 2159 2554 2188; x_wconf 86' lang='lat' dir='ltr'><strong>videri.</strong></span> <span class='ocrx_word' id='word_1_743' title='bbox 2579 2155 2613 2190; x_wconf 82' lang='lat' dir='ltr'><strong>Si</strong></span> 
     </span>
    </p>
   </div>
   <div class='ocr_carea' id='block_1_104' title="bbox 1808 2201 2609 2241">
    <p class='ocr_par' dir='ltr' id='par_1_104' title="bbox 1808 2201 2609 2241">
     <span class='ocr_line' id='line_1_105' title="bbox 1808 2201 2609 2241; baseline 0.006 -13"><span class='ocrx_word' id='word_1_744' title='bbox 1808 2201 1902 2228; x_wconf 87' lang='lat' dir='ltr'><strong>vitium</strong></span> <span class='ocrx_word' id='word_1_745' title='bbox 1928 2210 2052 2229; x_wconf 75' lang='lat' dir='ltr'><strong>resecare</strong></span> <span class='ocrx_word' id='word_1_746' title='bbox 2075 2202 2202 2235; x_wconf 79' lang='lat' dir='ltr'><strong>studeas,</strong></span> <span class='ocrx_word' id='word_1_747' title='bbox 2230 2208 2258 2230; x_wconf 91' lang='lat' dir='ltr'><strong>et</strong></span> <span class='ocrx_word' id='word_1_748' title='bbox 2286 2202 2443 2231; x_wconf 85' lang='lat' dir='ltr'><strong>intentionis</strong></span> <span class='ocrx_word' id='word_1_749' title='bbox 2458 2204 2609 2241; x_wconf 71' lang='grc' dir='ltr'><strong>-ἰιιετεςωί</strong></span> 
     </span>
    </p>
   </div>
   <div class='ocr_carea' id='block_1_105' title="bbox 1806 2247 2608 2283">
    <p class='ocr_par' dir='ltr' id='par_1_105' title="bbox 1806 2247 2608 2283">
     <span class='ocr_line' id='line_1_106' title="bbox 1806 2247 2608 2283; baseline 0.007 -10"><span class='ocrx_word' id='word_1_750' title='bbox 1806 2255 1868 2274; x_wconf 90' lang='lat' dir='ltr'><strong>cum</strong></span> <span class='ocrx_word' id='word_1_751' title='bbox 1883 2247 2035 2275; x_wconf 79' lang='lat' dir='ltr'><strong>aetionibus</strong></span> <span class='ocrx_word' id='word_1_752' title='bbox 2046 2248 2211 2283; x_wconf 71' lang='lat' dir='ltr'><strong>egressibus.</strong></span> <span class='ocrx_word' id='word_1_753' title='bbox 2227 2249 2386 2277; x_wconf 83' lang='lat' dir='ltr'><strong>correctivis</strong></span> <span class='ocrx_word' id='word_1_754' title='bbox 2407 2250 2537 2278; x_wconf 75' lang='lat' dir='ltr'><strong>manibus</strong></span> <span class='ocrx_word' id='word_1_755' title='bbox 2564 2253 2608 2281; x_wconf 77' lang='lat' dir='ltr'><strong>de-</strong></span> 
     </span>
    </p>
   </div>
   <div class='ocr_carea' id='block_1_106' title="bbox 1805 2293 2605 2330">
    <p class='ocr_par' dir='ltr' id='par_1_106' title="bbox 1805 2293 2605 2330">
     <span class='ocr_line' id='line_1_107' title="bbox 1805 2293 2605 2330; baseline 0.006 -11"><span class='ocrx_word' id='word_1_756' title='bbox 1805 2293 1985 2328; x_wconf 83' lang='lat' dir='ltr'><strong>prehendere.</strong></span> <span class='ocrx_word' id='word_1_757' title='bbox 2001 2294 2093 2321; x_wconf 87' lang='lat' dir='ltr'><strong>statim</strong></span> <span class='ocrx_word' id='word_1_758' title='bbox 2105 2294 2247 2322; x_wconf 81' lang='lat' dir='ltr'><strong>Ciceronis</strong></span> <span class='ocrx_word' id='word_1_759' title='bbox 2268 2293 2426 2330; x_wconf 82' lang='lat' dir='ltr'><strong>eloquentia</strong></span> <span class='ocrx_word' id='word_1_760' title='bbox 2445 2302 2605 2329; x_wconf 78' lang='lat' dir='ltr'><strong>renovatur.</strong></span> 
     </span>
    </p>
   </div>
   <div class='ocr_carea' id='block_1_107' title="bbox 1804 2339 2607 2375">
    <p class='ocr_par' dir='ltr' id='par_1_107' title="bbox 1804 2339 2607 2375">
     <span class='ocr_line' id='line_1_108' title="bbox 1804 2339 2607 2375; baseline 0.006 -10"><span class='ocrx_word' id='word_1_761' title='bbox 1804 2345 1952 2366; x_wconf 62' lang='lat' dir='ltr'><strong>excusatur</strong></span> <span class='ocrx_word' id='word_1_762' title='bbox 1974 2344 2002 2366; x_wconf 87' lang='lat' dir='ltr'><strong>et</strong></span> <span class='ocrx_word' id='word_1_763' title='bbox 2017 2339 2171 2366; x_wconf 77' lang='lat' dir='ltr'><strong>defenditur</strong></span> <span class='ocrx_word' id='word_1_764' title='bbox 2185 2339 2257 2374; x_wconf 87' lang='lat' dir='ltr'><strong>quod</strong></span> <span class='ocrx_word' id='word_1_765' title='bbox 2272 2340 2396 2375; x_wconf 80' lang='lat' dir='ltr'><strong>opponis.</strong></span> <span class='ocrx_word' id='word_1_766' title='bbox 2417 2341 2564 2370; x_wconf 67' lang='lat' dir='ltr'><strong>accusatis</strong></span> <span class='ocrx_word' id='word_1_767' title='bbox 2578 2349 2607 2370; x_wconf 87' lang='lat' dir='ltr'><strong>et</strong></span> 
     </span>
    </p>
   </div>
   <div class='ocr_carea' id='block_1_108' title="bbox 1803 2384 2605 2421">
    <p class='ocr_par' dir='ltr' id='par_1_108' title="bbox 1803 2384 2605 2421">
     <span class='ocr_line' id='line_1_109' title="bbox 1803 2384 2605 2421; baseline 0.004 -9"><span class='ocrx_word' id='word_1_768' title='bbox 1803 2384 1950 2412; x_wconf 83' lang='lat' dir='ltr'><strong>oll&#39;enderis</strong></span> <span class='ocrx_word' id='word_1_769' title='bbox 1961 2385 2006 2419; x_wconf 88' lang='lat' dir='ltr'><strong>qui</strong></span> <span class='ocrx_word' id='word_1_770' title='bbox 2018 2385 2157 2420; x_wconf 85' lang='lat' dir='ltr'><strong>proponis.</strong></span> <span class='ocrx_word' id='word_1_771' title='bbox 2171 2384 2324 2421; x_wconf 76' lang='lat' dir='ltr'><strong>lnterrogat</strong></span> <span class='ocrx_word' id='word_1_772' title='bbox 2341 2387 2375 2413; x_wconf 87' lang='lat' dir='ltr'><strong>de</strong></span> <span class='ocrx_word' id='word_1_773' title='bbox 2388 2385 2458 2418; x_wconf 80' lang='lat' dir='ltr'><strong>loco.</strong></span> <span class='ocrx_word' id='word_1_774' title='bbox 2482 2388 2605 2416; x_wconf 82' lang='lat' dir='ltr'><strong>tie-teru-</strong></span> 
     </span>
    </p>
   </div>
   <div class='ocr_carea' id='block_1_109' title="bbox 1804 2430 2604 2466">
    <p class='ocr_par' dir='ltr' id='par_1_109' title="bbox 1804 2430 2604 2466">
     <span class='ocr_line' id='line_1_110' title="bbox 1804 2430 2604 2466; baseline 0.006 -8"><span class='ocrx_word' id='word_1_775' title='bbox 1804 2438 1880 2466; x_wconf 89' lang='lat' dir='ltr'><strong>pore.</strong></span> <span class='ocrx_word' id='word_1_776' title='bbox 1902 2431 2012 2466; x_wconf 85' lang='lat' dir='ltr'><strong>quando</strong></span> <span class='ocrx_word' id='word_1_777' title='bbox 2035 2430 2135 2458; x_wconf 78' lang='lat' dir='ltr'><strong>factum</strong></span> <span class='ocrx_word' id='word_1_778' title='bbox 2159 2431 2256 2462; x_wconf 75' lang='lat' dir='ltr'><strong>fuerit.</strong></span> <span class='ocrx_word' id='word_1_779' title='bbox 2279 2437 2308 2459; x_wconf 87' lang='lat' dir='ltr'><strong>et</strong></span> <span class='ocrx_word' id='word_1_780' title='bbox 2334 2439 2420 2460; x_wconf 83' lang='lat' dir='ltr'><strong>novus</strong></span> <span class='ocrx_word' id='word_1_781' title='bbox 2434 2433 2604 2463; x_wconf 67' lang='lat' dir='ltr'><strong>dialecticus</strong></span> 
     </span>
    </p>
   </div>
   <div class='ocr_carea' id='block_1_110' title="bbox 1802 2477 2603 2514">
    <p class='ocr_par' dir='ltr' id='par_1_110' title="bbox 1802 2477 2603 2514">
     <span class='ocr_line' id='line_1_111' title="bbox 1802 2477 2603 2514; baseline 0.004 -10"><span class='ocrx_word' id='word_1_782' title='bbox 1802 2482 1896 2505; x_wconf 78' lang='lat' dir='ltr'><strong>exerta</strong></span> <span class='ocrx_word' id='word_1_783' title='bbox 1928 2477 2018 2513; x_wconf 72' lang='lat' dir='ltr'><strong>lingua</strong></span> <span class='ocrx_word' id='word_1_784' title='bbox 2050 2478 2220 2513; x_wconf 89' lang='lat' dir='ltr'><strong>prorumplt.</strong></span> <span class='ocrx_word' id='word_1_785' title='bbox 2257 2478 2284 2505; x_wconf 93' lang='lat' dir='ltr'><strong>in</strong></span> <span class='ocrx_word' id='word_1_786' title='bbox 2320 2478 2438 2505; x_wconf 86' lang='lat' dir='ltr'><strong>medium</strong></span> <span class='ocrx_word' id='word_1_787' title='bbox 2473 2486 2603 2514; x_wconf 76' lang='lat' dir='ltr'><strong>parentes</strong></span> 
     </span>
    </p>
   </div>
   <div class='ocr_carea' id='block_1_111' title="bbox 1803 2515 2600 2559">
    <p class='ocr_par' dir='ltr' id='par_1_111' title="bbox 1803 2515 2600 2559">
     <span class='ocr_line' id='line_1_112' title="bbox 1803 2515 2600 2559; baseline 0.005 -10"><span class='ocrx_word' id='word_1_788' title='bbox 1803 2523 1927 2555; x_wconf 84' lang='lat' dir='ltr'><strong>advocat.</strong></span> <span class='ocrx_word' id='word_1_789' title='bbox 1942 2523 2157 2557; x_wconf 85' lang='lat' dir='ltr'><strong>patrocinatores</strong></span> <span class='ocrx_word' id='word_1_790' title='bbox 2168 2515 2266 2558; x_wconf 64' lang='lat' dir='ltr'><strong>qnmrit</strong></span> <span class='ocrx_word' id='word_1_791' title='bbox 2282 2544 2289 2556; x_wconf 90' lang='lat'><strong><em>,</em></strong></span> <span class='ocrx_word' id='word_1_792' title='bbox 2311 2523 2418 2558; x_wconf 68' lang='lat' dir='ltr'><strong>gravari</strong></span> <span class='ocrx_word' id='word_1_793' title='bbox 2429 2532 2460 2552; x_wconf 80' lang='lat' dir='ltr'><strong>se</strong></span> <span class='ocrx_word' id='word_1_794' title='bbox 2471 2523 2581 2559; x_wconf 73' lang='lat' dir='ltr'><strong>indicat</strong></span> <span class='ocrx_word' id='word_1_795' title='bbox 2591 2546 2600 2558; x_wconf 84' lang='grc'>,</span> 
     </span>
    </p>
   </div>
   <div class='ocr_carea' id='block_1_112' title="bbox 1801 2567 2601 2607">
    <p class='ocr_par' dir='ltr' id='par_1_112' title="bbox 1801 2567 2601 2607">
     <span class='ocr_line' id='line_1_113' title="bbox 1801 2567 2601 2607; baseline 0.005 -12"><span class='ocrx_word' id='word_1_796' title='bbox 1801 2567 1905 2596; x_wconf 86' lang='lat' dir='ltr'><strong>indicat</strong></span> <span class='ocrx_word' id='word_1_797' title='bbox 1926 2575 1956 2595; x_wconf 85' lang='lat' dir='ltr'><strong>se</strong></span> <span class='ocrx_word' id='word_1_798' title='bbox 1982 2575 2155 2596; x_wconf 84' lang='lat' dir='ltr'><strong>recessurum</strong></span> <span class='ocrx_word' id='word_1_799' title='bbox 2176 2569 2312 2604; x_wconf 87' lang='lat' dir='ltr'><strong>malleque</strong></span> <span class='ocrx_word' id='word_1_800' title='bbox 2340 2569 2409 2597; x_wconf 84' lang='lat' dir='ltr'><strong>mori</strong></span> <span class='ocrx_word' id='word_1_801' title='bbox 2432 2570 2517 2605; x_wconf 74' lang='lat' dir='ltr'><strong>quam</strong></span> <span class='ocrx_word' id='word_1_802' title='bbox 2543 2572 2601 2607; x_wconf 70' lang='lat' dir='ltr'><strong>pati</strong></span> 
     </span>
    </p>
   </div>
   <div class='ocr_carea' id='block_1_113' title="bbox 1802 2613 2600 2650">
    <p class='ocr_par' dir='ltr' id='par_1_113' title="bbox 1802 2613 2600 2650">
     <span class='ocr_line' id='line_1_114' title="bbox 1802 2613 2600 2650; baseline 0.006 -11"><span class='ocrx_word' id='word_1_803' title='bbox 1802 2613 1889 2646; x_wconf 83' lang='lat' dir='ltr'><strong>talia,</strong></span> <span class='ocrx_word' id='word_1_804' title='bbox 1916 2617 1944 2640; x_wconf 88' lang='lat' dir='ltr'><strong>et</strong></span> <span class='ocrx_word' id='word_1_805' title='bbox 1972 2620 2033 2648; x_wconf 67' lang='lat' dir='ltr'><strong>qum</strong></span> <span class='ocrx_word' id='word_1_806' title='bbox 2058 2613 2147 2641; x_wconf 85' lang='lat' dir='ltr'><strong>vidisti</strong></span> <span class='ocrx_word' id='word_1_807' title='bbox 2170 2621 2292 2649; x_wconf 71' lang='lat' dir='ltr'><strong>negans,</strong></span> <span class='ocrx_word' id='word_1_808' title='bbox 2313 2618 2341 2642; x_wconf 86' lang='lat' dir='ltr'><strong>et</strong></span> <span class='ocrx_word' id='word_1_809' title='bbox 2367 2621 2429 2650; x_wconf 70' lang='lat' dir='ltr'><strong>qua</strong></span> <span class='ocrx_word' id='word_1_810' title='bbox 2452 2623 2508 2643; x_wconf 88' lang='lat' dir='ltr'><strong>non</strong></span> <span class='ocrx_word' id='word_1_811' title='bbox 2532 2616 2600 2644; x_wconf 76' lang='lat' dir='ltr'><strong>viJit</strong></span> 
     </span>
    </p>
   </div>
   <div class='ocr_carea' id='block_1_114' title="bbox 1802 2658 2598 2694">
    <p class='ocr_par' dir='ltr' id='par_1_114' title="bbox 1802 2658 2598 2694">
     <span class='ocr_line' id='line_1_115' title="bbox 1802 2658 2598 2694; baseline 0.004 -9"><span class='ocrx_word' id='word_1_812' title='bbox 1802 2658 1828 2685; x_wconf 92' lang='lat' dir='ltr'><strong>in</strong></span> <span class='ocrx_word' id='word_1_813' title='bbox 1850 2663 1876 2685; x_wconf 90' lang='lat' dir='ltr'><strong>te</strong></span> <span class='ocrx_word' id='word_1_814' title='bbox 1894 2658 2020 2686; x_wconf 80' lang='lat' dir='ltr'><strong>convicia</strong></span> <span class='ocrx_word' id='word_1_815' title='bbox 2034 2663 2204 2693; x_wconf 79' lang='lat' dir='ltr'><strong>retorquens.</strong></span> <span class='ocrx_word' id='word_1_816' title='bbox 2220 2659 2266 2686; x_wconf 79' lang='lat' dir='ltr'><strong>Sic</strong></span> <span class='ocrx_word' id='word_1_817' title='bbox 2279 2660 2384 2694; x_wconf 86' lang='lat' dir='ltr'><strong>spinam</strong></span> <span class='ocrx_word' id='word_1_818' title='bbox 2399 2660 2486 2688; x_wconf 82' lang='lat' dir='ltr'><strong>sentis</strong></span> <span class='ocrx_word' id='word_1_819' title='bbox 2499 2665 2527 2688; x_wconf 82' lang='lat' dir='ltr'><strong>et</strong></span> <span class='ocrx_word' id='word_1_820' title='bbox 2541 2662 2598 2688; x_wconf 79' lang='lat' dir='ltr'><strong>eut-</strong></span> 
     </span>
    </p>
   </div>
   <div class='ocr_carea' id='block_1_115' title="bbox 1801 2704 2596 2741">
    <p class='ocr_par' dir='ltr' id='par_1_115' title="bbox 1801 2704 2596 2741">
     <span class='ocr_line' id='line_1_116' title="bbox 1801 2704 2596 2741; baseline 0.004 -11"><span class='ocrx_word' id='word_1_821' title='bbox 1801 2711 1862 2739; x_wconf 84' lang='lat' dir='ltr'><strong>pam</strong></span> <span class='ocrx_word' id='word_1_822' title='bbox 1878 2704 1980 2739; x_wconf 85' lang='lat' dir='ltr'><strong>perdis,</strong></span> <span class='ocrx_word' id='word_1_823' title='bbox 1996 2704 2088 2732; x_wconf 89' lang='lat' dir='ltr'><strong>odium</strong></span> <span class='ocrx_word' id='word_1_824' title='bbox 2104 2705 2232 2737; x_wconf 75' lang='lat' dir='ltr'><strong>incurris,</strong></span> <span class='ocrx_word' id='word_1_825' title='bbox 2254 2712 2304 2732; x_wconf 85' lang='lat' dir='ltr'><strong>nec</strong></span> <span class='ocrx_word' id='word_1_826' title='bbox 2321 2705 2447 2740; x_wconf 64' lang='lat' dir='ltr'><strong>conisis.</strong></span> <span class='ocrx_word' id='word_1_827' title='bbox 2469 2709 2498 2733; x_wconf 86' lang='lat' dir='ltr'><strong>et</strong></span> <span class='ocrx_word' id='word_1_828' title='bbox 2516 2714 2596 2741; x_wconf 69' lang='lat' dir='ltr'><strong>quem</strong></span> 
     </span>
    </p>
   </div>
   <div class='ocr_carea' id='block_1_116' title="bbox 1800 2744 2595 2786">
    <p class='ocr_par' dir='ltr' id='par_1_116' title="bbox 1800 2744 2595 2786">
     <span class='ocr_line' id='line_1_117' title="bbox 1800 2744 2595 2786; baseline 0.005 -10"><span class='ocrx_word' id='word_1_829' title='bbox 1800 2753 1887 2776; x_wconf 90' lang='lat' dir='ltr'><strong>totum</strong></span> <span class='ocrx_word' id='word_1_830' title='bbox 1901 2754 1994 2777; x_wconf 87' lang='lat' dir='ltr'><strong>tenere</strong></span> <span class='ocrx_word' id='word_1_831' title='bbox 2020 2750 2146 2784; x_wconf 86' lang='lat' dir='ltr'><strong>putabas,</strong></span> <span class='ocrx_word' id='word_1_832' title='bbox 2167 2754 2254 2778; x_wconf 89' lang='lat' dir='ltr'><strong>totum</strong></span> <span class='ocrx_word' id='word_1_833' title='bbox 2278 2744 2391 2778; x_wconf 73' lang='lat' dir='ltr'><strong>amittis.</strong></span> <span class='ocrx_word' id='word_1_834' title='bbox 2409 2749 2494 2779; x_wconf 81' lang='lat' dir='ltr'><strong>.Videa</strong></span> <span class='ocrx_word' id='word_1_835' title='bbox 2515 2758 2595 2786; x_wconf 71' lang='lat' dir='ltr'><strong>quam</strong></span> 
     </span>
    </p>
   </div>
   <div class='ocr_carea' id='block_1_117' title="bbox 1800 2795 2595 2830">
    <p class='ocr_par' dir='ltr' id='par_1_117' title="bbox 1800 2795 2595 2830">
     <span class='ocr_line' id='line_1_118' title="bbox 1800 2795 2595 2830; baseline 0.004 -7"><span class='ocrx_word' id='word_1_836' title='bbox 1800 2795 1940 2830; x_wconf 75' lang='lat' dir='ltr'><strong>multiplici</strong></span> <span class='ocrx_word' id='word_1_837' title='bbox 1963 2795 2153 2824; x_wconf 84' lang='lat' dir='ltr'><strong>cuniulositate</strong></span> <span class='ocrx_word' id='word_1_838' title='bbox 2176 2796 2251 2824; x_wconf 85' lang='lat' dir='ltr'><strong>rivus</strong></span> <span class='ocrx_word' id='word_1_839' title='bbox 2272 2797 2323 2825; x_wconf 80' lang='lat' dir='ltr'><strong>iste</strong></span> <span class='ocrx_word' id='word_1_840' title='bbox 2343 2796 2418 2825; x_wconf 81' lang='lat' dir='ltr'><strong>omni</strong></span> <span class='ocrx_word' id='word_1_841' title='bbox 2441 2796 2547 2826; x_wconf 62' lang='lat' dir='ltr'><strong>homini</strong></span> <span class='ocrx_word' id='word_1_842' title='bbox 2568 2802 2595 2825; x_wconf 67' lang='grc' dir='ltr'><em>α</em></span> 
     </span>
    </p>
   </div>
   <div class='ocr_carea' id='block_1_118' title="bbox 1798 2841 2309 2871">
    <p class='ocr_par' dir='ltr' id='par_1_118' title="bbox 1798 2841 2309 2871">
     <span class='ocr_line' id='line_1_119' title="bbox 1798 2841 2309 2871; baseline 0.004 -2"><span class='ocrx_word' id='word_1_843' title='bbox 1798 2841 1917 2869; x_wconf 80' lang='lat' dir='ltr'><strong>maxime</strong></span> <span class='ocrx_word' id='word_1_844' title='bbox 1927 2846 2022 2869; x_wconf 80' lang='lat' dir='ltr'><strong>nastro</strong></span> <span class='ocrx_word' id='word_1_845' title='bbox 2035 2843 2123 2869; x_wconf 77' lang='lat' dir='ltr'><strong>ordini</strong></span> <span class='ocrx_word' id='word_1_846' title='bbox 2138 2849 2169 2870; x_wconf 86' lang='lat' dir='ltr'><strong>se</strong></span> <span class='ocrx_word' id='word_1_847' title='bbox 2183 2841 2229 2870; x_wconf 88' lang='lat' dir='ltr'><strong>iuf.</strong></span> <span class='ocrx_word' id='word_1_848' title='bbox 2241 2843 2309 2871; x_wconf 89' lang='lat' dir='ltr'><strong>ndit.</strong></span> 
     </span>
    </p>
   </div>
   <div class='ocr_carea' id='block_1_119' title="bbox 1833 2887 2591 2924">
    <p class='ocr_par' dir='ltr' id='par_1_119' title="bbox 1833 2887 2591 2924">
     <span class='ocr_line' id='line_1_120' title="bbox 1833 2887 2591 2924; baseline 0.007 -10"><span class='ocrx_word' id='word_1_849' title='bbox 1833 2887 1950 2920; x_wconf 83' lang='lat' dir='ltr'><strong>Quintus</strong></span> <span class='ocrx_word' id='word_1_850' title='bbox 1963 2892 2004 2915; x_wconf 83' lang='lat' dir='ltr'><strong>est</strong></span> <span class='ocrx_word' id='word_1_851' title='bbox 2024 2887 2171 2916; x_wconf 77' lang='lat' dir='ltr'><strong>exsultatio</strong></span> <span class='ocrx_word' id='word_1_852' title='bbox 2191 2888 2221 2916; x_wconf 86' lang='lat' dir='ltr'><strong>in</strong></span> <span class='ocrx_word' id='word_1_853' title='bbox 2235 2889 2363 2924; x_wconf 82' lang='lat' dir='ltr'><strong>peccatis.</strong></span> <span class='ocrx_word' id='word_1_854' title='bbox 2386 2888 2411 2918; x_wconf 91' lang='grc'><strong>0</strong></span> <span class='ocrx_word' id='word_1_855' title='bbox 2435 2889 2591 2919; x_wconf 72' lang='lat' dir='ltr'><strong>detestanda</strong></span> 
     </span>
    </p>
   </div>
   <div class='ocr_carea' id='block_1_120' title="bbox 1798 2933 2590 2970">
    <p class='ocr_par' dir='ltr' id='par_1_120' title="bbox 1798 2933 2590 2970">
     <span class='ocr_line' id='line_1_121' title="bbox 1798 2933 2590 2970; baseline 0.004 -8"><span class='ocrx_word' id='word_1_856' title='bbox 1798 2933 1891 2962; x_wconf 74' lang='lat' dir='ltr'><strong>L&#39;ctitia</strong></span> <span class='ocrx_word' id='word_1_857' title='bbox 1904 2939 1931 2961; x_wconf 90' lang='lat' dir='ltr'><strong>et</strong></span> <span class='ocrx_word' id='word_1_858' title='bbox 1943 2934 1970 2961; x_wconf 92' lang='lat' dir='ltr'><strong>in</strong></span> <span class='ocrx_word' id='word_1_859' title='bbox 1980 2934 2138 2969; x_wconf 85' lang='lat' dir='ltr'><strong>sempiterni</strong></span> <span class='ocrx_word' id='word_1_860' title='bbox 2155 2934 2256 2964; x_wconf 79' lang='lat' dir='ltr'><strong>doloris</strong></span> <span class='ocrx_word' id='word_1_861' title='bbox 2269 2935 2590 2970; x_wconf 72' lang='lat' dir='ltr'><strong>tristitiamdemmanaa.</strong></span> 
     </span>
    </p>
   </div>
   <div class='ocr_carea' id='block_1_121' title="bbox 2526 56 2717 881">
    <p class='ocr_par' dir='ltr' id='par_1_121' title="bbox 2526 56 2668 860">
     <span class='ocr_line' id='line_1_122' title="bbox 2537 56 2668 83; baseline 0 0"><span class='ocrx_word' id='word_1_862' title='bbox 2537 56 2630 83; x_wconf 45' lang='lat' dir='ltr'><strong>ir</strong></span> <span class='ocrx_word' id='word_1_863' title='bbox 2659 60 2668 62; x_wconf 60' lang='grc' dir='ltr'>ν</span> 
     </span>
     <span class='ocr_line' id='line_1_123' title="bbox 2555 212 2635 270; baseline 0 0"><span class='ocrx_word' id='word_1_864' title='bbox 2555 212 2635 270; x_wconf 65' lang='lat'><strong>1.&quot;.</strong></span> 
     </span>
     <span class='ocr_line' id='line_1_124' title="bbox 2526 274 2631 317; baseline 0.029 -3"><span class='ocrx_word' id='word_1_865' title='bbox 2526 274 2631 317; x_wconf 63' lang='lat' dir='ltr'><strong>han-</strong></span> 
     </span>
     <span class='ocr_line' id='line_1_125' title="bbox 2526 325 2630 364; baseline 0 -6"><span class='ocrx_word' id='word_1_866' title='bbox 2526 325 2630 364; x_wconf 64' lang='grc' dir='ltr'>ιιειαι</span> 
     </span>
     <span class='ocr_line' id='line_1_126' title="bbox 2526 379 2630 404; baseline 0.01 -1"><span class='ocrx_word' id='word_1_867' title='bbox 2526 379 2630 404; x_wconf 61' lang='grc' dir='ltr'><strong>κη</strong></span> 
     </span>
     <span class='ocr_line' id='line_1_127' title="bbox 2526 463 2629 495; baseline 0.01 -1"><span class='ocrx_word' id='word_1_868' title='bbox 2526 463 2629 495; x_wconf 66' lang='lat' dir='ltr'><strong>uitus</strong></span> 
     </span>
     <span class='ocr_line' id='line_1_128' title="bbox 2526 510 2630 541; baseline 0.019 -2"><span class='ocrx_word' id='word_1_869' title='bbox 2526 510 2630 541; x_wconf 65' lang='lat' dir='ltr'><strong>Isim</strong></span> 
     </span>
     <span class='ocr_line' id='line_1_129' title="bbox 2526 557 2629 587; baseline 0.01 -1"><span class='ocrx_word' id='word_1_870' title='bbox 2526 557 2629 587; x_wconf 67' lang='lat' dir='ltr'><strong>tantas</strong></span> 
     </span>
     <span class='ocr_line' id='line_1_130' title="bbox 2526 602 2628 639; baseline 0.01 -8"><span class='ocrx_word' id='word_1_871' title='bbox 2526 602 2628 639; x_wconf 64' lang='lat' dir='ltr'><strong>nil-ad</strong></span> 
     </span>
     <span class='ocr_line' id='line_1_131' title="bbox 2530 647 2627 685; baseline 0.031 -9"><span class='ocrx_word' id='word_1_872' title='bbox 2530 647 2627 685; x_wconf 64' lang='lat' dir='ltr'><strong>lana</strong></span> 
     </span>
     <span class='ocr_line' id='line_1_132' title="bbox 2526 693 2628 722; baseline 0 0"><span class='ocrx_word' id='word_1_873' title='bbox 2526 693 2628 722; x_wconf 70' lang='lat' dir='ltr'><strong>unle-</strong></span> 
     </span>
     <span class='ocr_line' id='line_1_133' title="bbox 2526 739 2625 775; baseline 0 -8"><span class='ocrx_word' id='word_1_874' title='bbox 2526 739 2625 775; x_wconf 70' lang='lat' dir='ltr'><strong>pidat:</strong></span> 
     </span>
     <span class='ocr_line' id='line_1_134' title="bbox 2526 786 2628 821; baseline 0 -7"><span class='ocrx_word' id='word_1_875' title='bbox 2526 786 2628 821; x_wconf 69' lang='grc' dir='ltr'>ιιιοαάι</span> 
     </span>
     <span class='ocr_line' id='line_1_135' title="bbox 2526 831 2627 860; baseline 0.02 -2"><span class='ocrx_word' id='word_1_876' title='bbox 2526 831 2627 860; x_wconf 70' lang='lat' dir='ltr'><strong>inedi-</strong></span> 
     </span>
    </p>
   </div>
   <div class='ocr_carea' id='block_1_122' title="bbox 2707 883 2713 1170">
    <p class='ocr_par' dir='ltr' id='par_1_122' title="bbox 2707 883 2713 1170">
     <span class='ocr_line' id='line_1_136' title="bbox 2707 883 2713 1170; baseline 0 0"><span class='ocrx_word' id='word_1_877' title='bbox 2707 889 2713 1170; x_wconf 83' lang='grc'><strong>1</strong></span> 
     </span>
    </p>
   </div>
  </div>
