5450 6362
822 408 929 477 διε

2298 402 2539 462 δειιδιο
2577 404 2719 463 LXI.

4053 416 4165 479 886

823 531 877 587 in
904 526 1148 601 peccatis
1177 525 1320 583 sicut
1363 524 1419 581 in
1451 523 1748 581 virtutibus
1774 520 2074 580 exsultare.
2127 518 2318 578 Nonne
2348 518 2428 593 lae
2455 523 2507 584 Α
2533 518 2739 578 dicitur
2778 537 2795 578 :
2856 541 2877 577 ι
2910 521 3050 593 Quia
3089 524 3287 583 factus
3316 540 3439 584 sum
3482 526 3630 584 sicut
3677 536 3803 584 uter
3853 529 3911 584 in
3964 532 4169 602 pruina

822 620 1164 691 trocinantes
1182 627 1236 675 et
1262 617 1556 674 facinorosi
1580 616 1788 688 quique
1816 631 1942 671 cum
1976 623 2230 671 votorum
2256 612 2432 686 pleni-
2532 610 2711 686 (Paul.
2741 620 2961 688 cxvm).
2993 640 3018 703 ἰ

819 710 1057 768 tudinem
1103 716 1495 781 assequuntur,
1533 700 1643 765 non
1683 722 1745 764 se
1788 701 2017 779 capiunt
2061 721 2178 779 pra:
2205 706 2428 778 gaudio,

819 803 891 864 ita
919 803 1083 861 etiam
1133 812 1193 859 ut
1247 802 1481 858 audeant
1512 801 1613 873 ipsi
1655 801 1928 857 divinitati
1974 799 2185 873 gratias
2223 801 2426 855 imum-

818 894 951 952 tire?
980 911 1001 947 ι
1032 893 1139 963 Qui
1165 908 1290 948 eum
1316 891 1714 959 malefecerint,
1748 891 2011 947 laetantur
2042 899 2099 946 et
2142 874 2427 947 exsultant

818 989 870 1043 in
900 988 1062 1045 rebus
1096 984 1353 1059 pessimis
1386 982 1575 1059 (Prov.
1610 984 1698 1055 ιι).
1727 984 1944 1042 Cadent
1966 1000 2136 1056 super
2174 1000 2273 1041 eos
2296 1000 2425 1040 car-

814 1079 1005 1146 bones,
1024 1088 1082 1151 et
1105 1079 1162 1135 in
1194 1078 1376 1152 ignem
1404 1079 1733 1152 dejicientur
1762 1078 1939 1151 (Psal.
1973 1079 2226 1152 cxxxtx).
2264 1099 2284 1132 ι
2310 1077 2426 1138 Sed

812 1180 870 1228 et
896 1172 1045 1229 rivus
1072 1173 1180 1231 iste
1227 1188 1391 1246 quam
1430 1174 1641 1230 undosa
1673 1173 1974 1231 reﬂuxione
2013 1176 2249 1233 miseros
2304 1177 2427 1233 ani-

813 1272 1022 1320 mantes
1039 1261 1311 1334 oﬂ’undat,
1330 1263 1524 1323 melius
1552 1265 1889 1322 conscientia
1919 1282 2085 1337 quam
2109 1266 2424 1340 eloquentia

771 1371 776 1376 '
810 1357 1250 1429 comprehendit.
2074 1425 2079 1428 Α

879 1450 1081 1508 Sextus
1109 1462 1200 1510 est
1243 1452 1378 1510 alios
1407 1452 1717 1509 docere'ad
1747 1451 1973 1509 malum.
2010 1453 2143 1511 Haec
2168 1455 2420 1513 doctrina

809 1541 875 1599 de
898 1546 1165 1602 cathedra
1194 1546 1523 1619 pestilentia:
1552 1546 1855 1612 derivatur,
1905 1563 2069 1617 quam
2113 1548 2423 1604 detestatur

805 1644 863 1691 et
913 1635 1178 1707 reprobat
1223 1636 1315 1708 qui
1358 1636 1515 1693 docet
1555 1638 1830 1693 hominem
1879 1639 2169 1703 scientiam
2227 1637 2417 1711 (Prol.

806 1728 981 1801 xerit).
1030 1727 1373 1802 Oquamin
1419 1743 1564 1788 vano
1592 1730 1795 1801 accipit
1846 1732 2087 1786 animam
2137 1747 2294 1787 suam
2325 1732 2419 1804 qui

802 1814 1035 1874 aliorum
1061 1818 1279 1873 animas
1306 1827 1539 1873 venatur
1564 1820 1632 1875 ad
1659 1828 1913 1885 nonem,
1945 1821 2041 1891 qui
2089 1821 2262 1878 trahit
2286 1838 2408 1894 pec-

2605 706 2713 763 Sed
2735 711 2849 780 jam
2880 710 3069 781 corda,
3100 723 3156 769 et
3173 728 3407 786 corpora
3435 724 3624 770 nostra
3653 716 3720 770 ad
3744 716 4163 795 suscipiendum

2530 798 2730 877 Filium
2761 798 3001 874 Virginis
3040 814 3348 876 przeparata
3382 806 3730 862 dimittamus
3776 808 3831 863 in
3882 824 4019 878 pace
4046 847 4068 879 ,
4110 823 4169 865 et

2503 907 2723 960 omnes
2756 894 2809 949 in
2840 910 3133 953 commune
3156 897 3339 953 lumen
3379 900 3447 955 ad
3480 900 3871 957 rcvelationem
3908 894 4163 974 gentibm

2529 982 2915 1042 innocentibus
2964 986 3207 1045 brachiis
3247 991 3671 1061 amplectamur,
3725 992 3823 1066 qui
3876 1001 3966 1050 est
4016 991 4166 1051 Deus

2529 1073 2853 1133 benedictus
2881 1078 2935 1133 in
2958 1078 3177 1151 secula.
3208 1082 3403 1136 Amen.

3268 1170 3409 1227 LXI.

2708 1260 2725 1279 ‘
2748 1247 2972 1315 ιιόιίιιιιι
2993 1277 3047 1317 ιδ
3064 1278 3402 1321 nummus
3434 1280 3647 1321 DOIlNI.
3672 1267 3803 1340 (xxv
3826 1269 3978 1341 nec.)

2595 1350 2869 1408 Charitali
2904 1365 3121 1422 vestrae,
3150 1355 3356 1414 fratres
3383 1360 3721 1429 charissimi,
3766 1361 4155 1427 :edificationis

2525 1445 2755 1498 verbum
2796 1444 2981 1501 facere
3011 1446 3208 1517 gestio,
3241 1450 3337 1504 sed
3361 1451 3511 1520 quia,
3550 1452 3612 1507 ut
3643 1452 3840 1519 nostis,
3871 1469 4050 1526 nuper
4082 1457 4158 1513 ad

2524 1536 2877 1607 episcopatus
2920 1539 3156 1610 apicem,
3207 1540 3321 1598 Deo
3362 1558 3612 1611 auctore,
3658 1555 3944 1616 promotus
4004 1563 4151 1611 sum.

2523 1622 2674 1694 loqui
2722 1636 2853 1684 ante
2898 1631 3255 1699 prudentiam
3303 1644 3572 1703 vestram,
3631 1637 3765 1692 dum
3811 1640 4156 1699 conscientia

2523 1719 2738 1784 tuetuit,
2774 1719 2956 1791 lingua
2991 1723 3155 1778 etiam
3193 1724 3427 1780 necdum
3467 1736 3685 1800 assueta
3713 1729 3968 1787 balbutit.
4005 1730 4153 1788 Nun-

2524 1811 2657 1882 quid
2681 1812 2833 1868 enim
2875 1815 2970 1885 qui
3009 1818 3193 1872 navim
3236 1819 3453 1890 remigii
3504 1822 3792 1893 imperitus
3842 1823 4154 1894 ingreditur

799 1917 923 1965 cata
971 1910 1121 1966 sicut
1161 1910 1378 1981 longam
1430 1920 1653 1978 restem,
1712 1913 1805 1983 qui
1857 1915 2054 1970 miscet
2096 1917 2417 1987 sanguinem
2456 1890 2496 1949 Β
2524 1906 2809 1977 ειιεεῖρθνθ
2832 1908 2951 1978 μδ(

2001 1922 2054 1969 ει
2096 1890 2417 1987 “usui—nem
2456 1890 2496 1949 Β
2524 1906 2809 1977 suscipere
2832 1908 3264 1978 gubernaculum
3294 1928 3401 1967 non
3436 1915 3695 1970 veretur?
3740 1916 3810 1970 Et
3860 1919 3953 1987 qui
3997 1919 4153 1975 rudis

798 2002 1074 2074 sanguini.
1110 2002 1198 2058 cui
1260 2020 1366 2061 non
1403 2002 1601 2061 sulm-it
1653 2014 1714 2060 ut
1763 2006 2000 2063 intereat
2053 2008 2107 2063 in
2155 2010 2418 2090 saeculum

800 2094 1009 2161 saeculi,
1041 2094 1147 2151 nisi
1180 2104 1235 2151 et
1284 2097 1423 2152 alios
1454 2100 1523 2152 ad
1572 2098 1853 2154 interitum
1902 2100 2189 2170 pertrah‘at
2216 2102 2422 2172 sempi-

793 2191 1069 2255 ternuml
1113 2186 1281 2246 Scitis
1325 2191 1471 2247 enim
1506 2192 1637 2262 quia
1688 2180 1859 2248 multa
1916 2194 2049 2249 vitia
2105 2195 2419 2253 tenerrimis

794 2276 1053 2338 mtatib'us
1079 2278 1495 2353 imprimuntur,
1523 2299 1647 2355 qius
1674 2293 1864 2355 postea
1893 2285 1946 2341 in
1962 2300 2165 2356 magno
2186 2302 2420 2357 corpore

794 2370 884 2427 vix
932 2372 1234 2446 mitigare,
1268 2375 1480 2447 .nedum
1524 2378 1829 2445 exstirpare
1869 2377 2164 2449 quisquam
2219 2378 2414 2448 possit.

794 2458 1054 2541 infelices
1070 2465 1344 2536 magistri.
1374 2465 1466 2535 qui
1498 2466 1809 2537 hujnsmodi
1840 2466 2110 2536 plantaria
2138 2466 2418 2537 plantavec

789 2564 937 2621 runt,
972 2570 1105 2629 qua!
1141 2557 1535 2629 explantantur
1564 2560 1633 2613 ab
1672 2558 1762 2613 illa
1791 2559 2005 2614 caelesti
2052 2559 2413 2630 plautatione,

789 2660 957 2719 quam
985 2650 1260 2720 plantavit
1285 2649 1451 2705 Pater
1481 2650 1570 2705 ille
1600 2650 1872 2706 caelestis!
1908 2650 2043 2717 Quis
2089 2650 2418 2722 gloriabitur

786 2752 851 2797 Ie
871 2738 1041 2809 hujus
1072 2741 1175 2797 rivi
1210 2742 1545 2797 torrentibus
1568 2740 1686 2797 uou'
1707 2740 1879 2797 fuisse
1910 2741 2209 2798 vallatum?

861 2829 1153 2901 Septimus
1195 2841 1280 2885 est
1325 2831 1380 2885 in
1437 2832 1523 2885 his
1576 2832 1832 2887 omnibus
1879 2847 2257 2901 perseverare.
2313 2831 2416 2891 Hic

786 2933 1056 2993 peccator
1112 2923 1435 2979 submersus
1479 2931 1585 2989 est,
1637 2932 1695 2979 et
1744 2923 2058 2993 alisorptus,
2112 2934 2169 2980 et
2215 2925 2416 2981 clausit

785 3028 957 3084 super
978 3028 1110 3069 eum
1136 3022 1336 3082 puteus
1371 3000 1661 3071 ossuum.
1706 3013 1844 3071 Cum
1903 3016 2052 3070 enim
2107 3032 2217 3071 non
2268 3016 2415 3073 levat

780 3104 978 3161 oculos
1007 3105 1079 3161 ad
1111 3106 1333 3173 celum,
1382 3123 1484 3163 nec
1512 3108 1836 3164 recordatur
1868 3109 2202 3179 judiciorum
2227 3109 2409 3179 justo-

782 3208 930 3261 rum,
948 3205 1210 3252 mortuus
1236 3206 1290 3252 et
1312 3198 1557 3267 sepultus
1583 3207 1665 3253 est
1695 3199 1746 3252 in
1771 3199 2025 3269 sepulcro
2054 3202 2410 3258 conscientiae

2524 1994 2632 2050 tiro
2667 1997 2919 2053 militiam
2961 2002 3389 2072 noviterintral,
3421 2006 3682 2076 priefcrre
3713 2002 3972 2064 vexillUm
4004 2009 4157 2082 prin-

2521 2090 2703 2160 cipum
2730 2108 2836 2149 non
2868 2094 3173 2153 formidat?
3200 2097 3307 2155 Sed
3334 2117 3456 2173 ego,
3492 2104 3586 2173 qui
3628 2105 3697 2160 de
3740 2107 3964 2177 propria
3997 2107 4154 2163 inﬁr-

2521 2182 2715 2238 mitate
2744 2185 2951 2251 difﬁde,
2992 2190 3195 2246 vestris
3240 2191 3589 2250 orationibus
3642 2192 4013 2264 adjuvandum
4064 2216 4153 2254 me

2521 2289 2620 2345 per
2652 2270 2754 2332 Dei
2780 2279 3217 2338 misericordiam
3247 2285 3438 2341 credo.
3463 2286 3720 2357 Alioquin
3748 2292 4028 2360 quomodo
4048 2307 4164 2356 nos,

2520 2368 2740 2438 penitus
2772 2370 3071 2443 desperare
3114 2389 3183 2430 oe
3232 2362 3456 2448 propria
3494 2378 3911 2451 imperfectioue
3948 2398 4151 2454 possuo

2519 2472 2663 2524 mus,
2698 2462 2790 2530 qui
2821 2464 2933 2517 nati
2961 2464 3265 2522 Salvatoris
3293 2467 3585 2525 infantiam
3613 2473 4005 2530 celebramus?
4040 2474 4153 2544 Qui

2518 2551 2667 2605 enim
2702 2567 2801 2623 per
2838 2544 3063 2611 :etatum
3095 2558 3438 2615 incrementa
3470 2561 3732 2632 dignatus
3760 2573 3848 2629 est
3893 2581 4151 2623 crescere

2522 2646 2672 2700 valet
2696 2648 2864 2701 etiam
2893 2652 2992 2703 nos
3014 2652 3082 2709 de
3112 2652 3355 2707 minimis
3385 2655 3455 2709 ad
3496 2654 3703 2724 majora
3738 2660 4047 2728 provehere
4092 2670 4153 2715 et

2518 2743 2766 2791 teneram
2818 2739 2993 2794 nostri
3042 2755 3238 2797 sensus
3280 2744 3568 2799 infantiam
3619 2746 3979 2816 perfectionis
4032 2767 4151 2807 sua:

2517 2828 2693 2899 gratia
2720 2830 3005 2887 roborare.
3049 2830 3153 2901 Qui
3187 2833 3449 2891 nimirum
3482 2836 3688 2894 idcirco
3718 2855 3925 2912 parvus
3958 2842 4012 2897 in
4046 2857 4147 2899 no-

2516 2920 2649 2975 stris
2700 2920 2818 2978 fieri
2878 2923 3137 2995 dignatus
3164 2934 3251 2981 est
3294 2938 3353 2981 tu
3387 2945 3486 2984 nos
3518 2930 3569 2984 in
3600 2931 3715 2986 suis
3746 2948 3979 3005 magnos
4030 2935 4146 2992 elli-

2515 3019 2689 3077 cetet,
2720 3012 2925 3071 idcirco
2971 3025 3220 3073 nostram
3251 3018 3631 3078 infirmitatem
3672 3026 3921 3095 pertulit,
3952 3038 4012 3083 ut
4044 3040 4148 3086 uas

2516 3098 2632 3157 sum
2653 3104 2875 3161 virtutis
2912 3107 3253 3177 plenitudine
3294 3112 3579 3170 solidaret.

2588 3192 2707 3250 Non
2737 3211 2867 3269 ergo
2900 3199 3195 3256 timeamus
3218 3202 3535 3279 defuturum
3562 3210 3721 3266 nobis
3758 3214 4147 3271 transitorium

778 3301 918 3343 ante.
955 3286 1119 3343 Tunc
1165 3266 1476 3357 amortno,
1532 3300 1792 3360 tauquam
1824 3266 1917 3361 qui
1949 3308 2059 3348 non
2101 3303 2211 3359 est,
2264 3297 2410 3366 perit
2436 3266 2483 3331 ο
2515 3285 2768 3355 verbum.
2816 3290 2911 3361 qui
2959 3283 3108 3348 illius
3142 3291 3303 3351 Verbi
3337 3296 3572 3369 gloriam
3622 3303 3944 3372 quaerimus,
3994 3309 4145 3378 Quod

774 3376 1068 3435 confessio
1097 3378 1288 3451 (Ecrlj.
1324 3383 1484 3449 xvii).
1517 3382 1673 3438 Tunc
1704 3384 1869 3457 323
1912 3402 1932 3436 ι
1981 3392 2231 3456 peccator
2278 3403 2404 3444 cum

776 3470 1003 3524 venerit
1056 3470 1113 3524 in
1166 3469 1492 3541 profundum
1545 3472 1838 3540 malorum,
1883 3478 2185 3533 contemnit
2216 3475 2402 3547 (Prov.

771 3560 964 3633 xvrtt).
1005 3579 1027 3611 ι
1092 3560 1191 3615 llic
1232 3573 1317 3616 est
1358 3563 1411 3616 in
1442 3575 1689 3618 extremo
1712 3562 1997 3621 ﬂuminum
2026 3565 2270 3640 Egypti.
2305 3568 2406 3625 life

772 3649 1085 3707 multitude
1134 3652 1546 3715 tui-era‘.ionum
1581 3654 1795 3710 Domini
1857 3656 2067 3712 tollitur
2115 3658 2185 3714 ab
2230 3662 2405 3718 oculis

766 3741 915 3813 ejus.
953 3743 1003 3800 Ο
1062 3742 1267 3799 ﬂumen
1303 3745 1528 3813 tnalum,
1559 3747 1659 3801 rivi
1700 3748 1946 3817 pessimi,
1999 3748 2101 3804 rivi
2145 3752 2405 3806 extermi-

768 3842 979 3889 nantes
1013 3852 1027 3887 :
1066 3834 1169 3888 hac
1206 3842 1367 3889 nocte
1400 3835 1664 3891 Dominus
1694 3851 1790 3891 eos
1821 3838 2098 3894 calceatus
2120 3842 2399 3909 transivit,

764 3941 896 3980 cum
932 3925 992 3979 in
1019 3923 1272 3995 virginali
1294 3926 1602 3981 substantia
1617 3943 1809 3998 puram
1831 3944 2062 3986 carnem
2081 3942 2137 3986 et
2152 3934 2400 3989 omnium

761 4013 1185 4085 prataxatione
1209 4015 1444 4085 pestium
1476 4017 1773 4073 immunem
1804 4021 2041 4092 accepit.
2072 4020 2166 4079 illo
2181 4023 2399 4079 calcea-

761 4112 966 4162 mento
1008 4106 1307 4173 calceatus,
1339 4109 1483 4179 quod
1523 4110 1576 4165 in
1607 4110 1902 4167 ldumteam
1934 4115 2183 4171 extendit
2219 4115 2394 4189 (Paul.

759 4197 911 4270 arx),
938 4194 1106 4267 cujus
1135 4198 1427 4271 corrigiam
1456 4202 1669 4259 solvere
1699 4221 1805 4259 non
1835 4208 2013 4276 potuit
2045 4224 2277 4281 magnus
2310 4211 2399 4267 ille

755 4289 1028 4363 Baptista
1058 4290 1212 4363 (Luc.
1242 4293 1348 4364 tn).
1391 4294 1537 4350 Misit
1567 4296 1633 4351 de
1661 4312 1877 4354 summo
1918 4299 2117 4356 Filium
2154 4319 2313 4358 suum
2339 4315 2396 4359 et

755 4383 994 4455 accepit
1024 4399 1111 4439 me
1136 4385 1188 4439 in
1215 4394 1374 4441 utero
1390 4388 1653 4460 Virginis,
1677 4400 1732 4445 et
1757 4392 2078 4467 sicjandem
2097 4380 2397 4466 assumpsit

751 4488 852 4530 me
881 4474 963 4531 de
992 4476 1155 4545 aquis
1190 4478 1401 4543 multis,
1433 4494 1571 4549 quas
1602 4482 1756 4537 vobis
1800 4482 2043 4539 breviter
2087 4487 2393 4555 pnelibavi-

749 4583 934 4627 mus:
962 4586 985 4622 ι
1025 4569 1223 4627 Libera
1242 4588 1364 4639 me,
1397 4575 1595 4645 inquit,
1634 4578 1703 4631 ab
1734 4578 1823 4633 his
1875 4579 1965 4649 qui
2009 4582 2246 4637 oderunt
2278 4599 2388 4649 me,

742 4672 810 4720 et
834 4665 911 4719 de
944 4663 1237 4735 profundis
1271 4681 1536 4738 aquarum
1567 4667 1743 4741 (Paul.
1776 4674 1993 4744 uvm).
2033 4694 2053 4726 ι

826 4752 1229 4811 Percutiemus
1248 4771 1364 4823 eos,
1395 4759 1445 4822 si
1476 4762 1779 4832 cogitemus
1805 4779 1905 4834 pro
1926 4777 2153 4835 peccato
2177 4778 2386 4834 nostro,

741 4848 796 4903 si
854 4845 1264 4919 prohibeamus
1314 4849 1556 4915 linguam
1610 4869 1640 4908 a
1689 4854 1834 4922 dolo,
1873 4857 1919 4912 si
1968 4856 2307 4927 declinemus
2357 4880 2386 4917 a

742 4937 912 4992 malo
944 4946 1008 4992 et
1040 4937 1307 4996 faciamus
1341 4941 1543 4998 bonum
1596 4945 1641 4999 si
1683 4945 2047 5004 confiteamur
2098 4950 2386 5007 adversum

696 5048 699 5049 '
737 5046 855 5087 nos
883 5030 1221 5099 injustitiam
1249 5022 1493 5090 noStram
1538 5022 1791 5106 Domino,
1821 5039 1867 5096 si
1904 5040 2059 5098 dolor
2085 5054 2273 5106 nos:er
2317 5046 2388 5100 sit

736 5128 996 5191 semper
1030 5112 1421 5195 inconspectu
1453 5138 1662 5194 nostro,
1716 5132 1761 5186 si
1814 5132 2111 5189 doceamus
2167 5136 2385 5208 iniquos

728 5202 875 5267 vias
907 5209 1159 5275 Domini,
1185 5223 1242 5268 et
1285 5218 1660 5295 semper-[laus
1707 5221 1803 5277 Dei
1834 5211 1926 5278 sit
1959 5224 2013 5279 in
2039 5240 2137 5281 ore
2169 5233 2381 5284 uestro.

729 5301 838 5370 Et,
879 5313 952 5358 ut
1000 5305 1067 5359 de
1096 5315 1217 5361 arte
1247 5310 1454 5364 sutoria
1485 5313 1692 5369 nostris
1735 5315 2216 5389 moribus’aliqnid
2246 5336 2382 5376 cou-

724 5396 1016 5462 suatnus,
1047 5397 1347 5456 habeamus
1375 5404 1747 5463 calceamenta
1793 5408 1961 5465 densa
2007 5422 2064 5467 et
2108 5415 2383 5471 subtiliter

726 5500 1022 5555 consuta,
1074 5506 1197 5562 quas
1236 5499 1444 5563 possint
1493 5516 1667 5571 aquas
1698 5502 2011 5565 obviantes
2066 5509 2377 5566 excludere.

723 5570 1059 5639 Faciamus
1120 5600 1341 5649 carnem
1402 5602 1648 5649 nostram
1710 5595 1924 5652 firmam
1985 5608 2043 5656 ΕΙ.
2106 5602 2377 5660 conﬁxam

724 5675 969 5730 timore
999 5674 1235 5742 Domini,
1265 5696 1384 5749 qua:
1414 5682 1654 5743 libidinis
1686 5688 1972 5765 humorem
2025 5695 2282 5750 excludat
2323 5708 2377 5753 et

718 5773 994 5821 excocta
1044 5766 1491 5831 tribulationibus
1550 5786 1717 5848 atque
1778 5780 2045 5849 densata,
2103 5784 2199 5841 flat
2255 5796 2377 5843 uter

721 5870 941 5915 novus
986 5856 1061 5915 ad
1104 5867 1541 5924 conservandum
1591 5870 1780 5926 vinum
1834 5888 2035 5929 novum
2066 5917 2081 5944 ,
2145 5878 2220 5942 de,
2265 5895 2374 5950 quo

2513 3388 2700 3433 manet
2755 3380 2810 3434 in
2862 3393 3155 3449 aeternum,
3206 3384 3274 3440 de
3327 3401 3437 3455 quo
3483 3390 3740 3447 videlicet
3798 3394 3851 3447 in
3902 3394 4145 3455 lectione

2509 3470 2690 3528 sancti
2716 3472 2995 3544 Evangelii
3019 3476 3828 3554 modo,dum3zalcgeretur,
3861 3487 4099 3546 audistis
4124 3508 4139 3546 :

2514 3583 2535 3617 ι
2570 3566 2711 3636 Quia
2757 3568 2815 3622 in
2862 3567 3135 3640 pzincipio
3178 3583 3300 3627 erat
3348 3573 3610 3641 Verbum,
3656 3588 3710 3633 et
3744 3576 3985 3637 Verbum
4014 3594 4142 3640 erat

2509 3660 2653 3728 apud
2688 3660 2881 3722 Deum,
2929 3671 2984 3717 et
3016 3663 3161 3718 Deus
3188 3663 3310 3719 e'rat
3344 3665 3580 3723 Verbum
3609 3670 3793 3740 (lor-nt.
3841 3677 3906 3746 t).
3948 3696 3967 3729 ι
4004 3678 4140 3752 ⁸διειι

2508 3751 2613 3807 hoc
2641 3752 2707 3807 de
2740 3752 2831 3806 illa
2862 3756 3151 3810 nativitate
3182 3756 3389 3812 dictum
3419 3768 3506 3814 est
3534 3778 3658 3832 quae
3699 3779 3768 3818 ex
3806 3765 3971 3823 Patre
4010 3751 4141 3832 est,

2506 3852 2616 3915 Qua
2639 3845 2899 3903 videlicet
2945 3846 3089 3903 Deus
3114 3850 3257 3919 apud
3299 3850 3471 3907 Deum
3518 3865 3647 3911 ante
3685 3859 3887 3913 steenla
3913 3862 4135 3917 exstitit

2504 3944 2561 3989 et
2595 3945 2793 3990 cuncta
2838 3952 2905 3991 ex
2944 3939 3115 3995 nihilo
3161 3942 3383 4012 proyria
3434 3943 3640 4001 virtute
3690 3950 3922 4011 creavit.
3975 3948 4134 4008 Unde

2504 4043 2613 4083 non
2638 4022 2917 4084 immerito
2944 4029 3153 4107 dictum
3180 4042 3275 4109 {est
3305 4052 3319 4088 :
3371 4053 3388 4086 ι
3424 4034 3562 4102 Quia
3609 4040 3790 4094 omnia
3823 4056 3924 4112 per
3950 4043 4132 4114 ipsqu

2501 4118 2647 4175 facta
2678 4129 2825 4186 sunt,
2858 4130 2911 4177 et
2950 4122 3069 4179 sine
3115 4125 3235 4197 ipso
3266 4125 3473 4183 factum
3518 4138 3605 4185 est
3651 4132 3788 4187 nihil
3846 4133 4067 4209 (lbia.).
4104 4158 4123 4188 ι

2502 4209 2613 4266 Sed
2655 4211 2750 4284 qui
2801 4216 3103 4271 secundum
3152 4217 3300 4272 illam
3342 4221 3688 4278 nativitatem
3736 4227 3921 4281 omnia
3968 4226 4127 4296 fecit,

2500 4305 2802 4360 secundum
2832 4306 2995 4361 istam
3022 4324 3143 4379 quae
3170 4309 3445 4384 hodierna
3463 4325 3549 4370 est
3575 4316 3692 4387 ipse
3714 4318 3832 4373 fieri
3860 4321 4125 4393 dignatus

2497 4403 2605 4449 est.
2635 4393 2790 4462 Quod
2822 4396 2967 4454 idem
2994 4400 3191 4481 beatus
3211 4405 3548 4474 evangelista
3577 4417 3830 4478 patenter
3858 4413 4122 4481 innotuit,

2497 4504 2623 4543 cum
2674 4500 2798 4560 post
2841 4480 3102 4549 nonnulla
3158 4495 3444 4567 subjunxit
3482 4516 3497 4552 :
3548 4518 3567 4551 ι
3610 4499 3869 4571 Verbum,
3916 4506 4119 4578 inquit,

2498 4598 2628 4638 caro
2654 4581 2859 4639 factum
2877 4596 2981 4650 est,
3004 4595 3062 4642 et
3080 4586 3351 4644 habitavit
3379 4590 3435 4645 iu
3463 4594 3645 4648 nobis.
3681 4614 3700 4646 ›
3738 4595 3840 4652 Ubi
3868 4599 4122 4669 protinus

2464 4677 2753 4732 Tadditur:
2809 4696 2829 4730 ι
2868 4679 2935 4734 Ει.
2963 4680 3200 4737 vidimus
3241 4685 3474 4753 gloriam
3498 4686 3638 4756 ejus,
3676 4689 3912 4756 gloriam
3955 4696 4119 4761 'quasi

2497 4767 2774 4840 Unigeniti
2816 4786 2847 4825 a
2875 4770 3039 4845 Patre
3072 4772 3287 4847 (10541.).
3329 4797 3347 4828 ι

2564 4868 2622 4924 lu
2652 4880 2885 4941 utraque
2908 4884 3043 4945 ergo
3066 4883 3263 4929 natura
3295 4875 3437 4932 idem
3468 4888 3552 4933 est
3574 4877 3670 4933 Dei
3694 4878 3886 4941 Filius.
3922 4892 4117 4940 nostra

2492 4960 2801 5031 suscipiens
2839 4976 2893 5017 et
2946 4979 3174 5036 propria
3212 4981 3319 5021 non
3368 4970 3653 5025 amittens.
3704 4970 3831 5041 Qui,
3870 4973 4003 5030 dum
4065 4977 4118 5031 in

2490 5051 2715 5109 homine
2765 5054 3044 5112 hominem
3102 5070 3369 5128 renovat,
3431 5062 3485 5116 iu
3531 5078 3598 5120 se
3645 5065 4121 5125 incommutabilis

2492 5134 2843 5215 perseverat.
2868 5149 3012 5205 Deus
3032 5151 3202 5218 enim,
3228 5154 3322 5223 qui
3357 5163 3414 5209 ut
3449 5172 3550 5213 nos
3572 5158 3815 5231 erigeret
3853 5176 3913 5216 se
3944 5163 4117 5220 mise-

2494 5236 2783 5293 ricorditer
2820 5239 3127 5311 inclinavit,
3171 5260 3273 5301 nos
3306 5246 3536 5318 quidem
3570 5249 3624 5304 in
3670 5266 3827 5307 suam
3877 5253 4110 5325 gloriam

2492 5328 2791 5395 transtulit,
2840 5333 2937 5387 sed
2987 5334 3346 5392 nihilominus
3398 5338 3515 5411 ipse
3570 5342 3623 5395 in
3674 5358 3773 5399 sua
3820 5346 4112 5404 divinitate

2490 5421 2815 5489 permansit.
2840 5422 3009 5479 Nobis
3041 5427 3294 5497 contulit,
3325 5430 3429 5485 sibi
3458 5432 3595 5486 nihil
3622 5434 3850 5505 minuit.
3882 5437 3965 5493 lta
3993 5456 4112 5494 ma-

2491 5526 2633 5581 gnus
2660 5513 2714 5567 in
2745 5512 2920 5571 forma
2948 5515 3068 5585 Dei,
3101 5521 3182 5576 sic
3205 5522 3389 5579 brevis
3417 5523 3471 5579 in
3498 5524 3675 5580 forma
3703 5530 3874 5595 servi,
3916 5542 3977 5586 ut
4008 5550 4111 5589 nec

2492 5602 2598 5658 ista
2648 5602 2918 5663 brevitate
2970 5612 3295 5683 magnitudo
3337 5614 3429 5671 illa
3459 5617 3825 5688 minueretur,
3878 5639 3981 5679 nec
4019 5625 4113 5682 illa

2492 5697 2869 5767 magnitudine
2918 5700 3022 5757 ista
3074 5705 3319 5763 brevitas
3366 5724 3729 5779 premeretur.
3797 5715 3910 5771 Nec
3959 5719 4109 5776 enim

2490 5789 2710 5859 quando
2737 5794 2984 5849 membra
3022 5797 3262 5854 humana
3302 5804 3564 5871 suscepit,
3595 5820 3760 5875 opera
3794 5809 3980 5865 divina
4018 5812 4114 5868 de-

2490 5885 2682 5940 seruit.
2713 5884 2849 5943 Nam
2879 5890 3023 5959 quod
3056 5893 3279 5963 auditis,
3315 5895 3514 5955 fratres
3543 5901 3675 5968 mei,
3707 5904 3836 5974 quia
3870 5903 4111 5962 Veruutu
