2725 3192
1004 212 1058 244 stt
1288 213 1316 242 s.
1329 213 1432 241 PETRI
1457 211 1599 240 nanum
1616 211 1693 240 ore.
1714 210 1806 240 PARS
1826 210 1893 241 seu
1908 211 2028 242 rosus
2047 195 2082 242 n.
2100 227 2135 234 —
2153 203 2352 244 ssalouss.‘
2375 207 2379 210 ’

1004 278 1071 300 caro
1081 269 1181 299 factum
1193 274 1246 301 est,
1258 276 1431 305 nequaquam
1445 268 1550 297 debetis
1564 267 1715 314 intelligere
1726 268 1801 314 quod
1817 284 1838 311 Λ
1854 276 1915 295 cum
1939 268 2095 297 hominibus
2115 269 2261 299 multarum

1004 318 1034 345 in
1044 323 1155 345 carnem
1170 314 1206 342 sit
1220 314 1267 342 Dei
1274 319 1370 342 natura
1378 319 1490 345 mutata,
1505 314 1552 341 sed
1567 314 1638 348 quod
1649 312 1759 340 aVerbo
1775 313 1801 339 in

1004 361 1108 390 unitate
1121 368 1245 396 persona:
1257 366 1369 388 sttcaro
1384 365 1519 395 suscepta.
1535 360 1633 387 Carnis
1645 364 1735 386 autem
1752 367 1801 385 noo

1005 407 1077 435 mino
1091 406 1175 434 homo
1188 405 1330 440 accipitur,
1347 413 1407 433 cum
1420 414 1473 440 quo
1485 406 1553 432 intra
1565 405 1681 439 Virginis
1696 405 1800 430 viscera

1005 456 1099 481 saneto
1122 451 1224 486 Spiritu
1252 451 1406 483 fecuiulata.
1430 456 1485 478 tam
1509 451 1726 485 inseparabiliter
1753 451 1800 477 Dei

1004 497 1089 526 Filius
1101 501 1144 525 est
1157 497 1259 529 unitus,
1268 501 1295 523 ut
1308 498 1353 531 qui
1366 502 1425 524 erat
1436 497 1493 523 sine
1506 501 1626 531 tempore
1635 496 1667 522 de
1680 497 1799 523 essentia

1004 542 1093 571 Patris
1116 543 1234 578 genitus,
1253 542 1309 577 ipse
1337 543 1372 569 sit
1396 542 1579 577 temporaliter
1597 542 1630 568 de
1647 548 1724 568 utero
1739 541 1799 568 Vir-

1004 589 1074 624 ginis
1091 593 1182 616 natus.
1199 588 1251 616 Sed
1269 589 1320 616 hoc
1337 588 1484 615 Dominicze
1501 588 1650 615 naliVilutis
1663 588 1800 615 ineffabile

1004 639 1214 667 sacramentum,
1240 642 1301 670 qua;
1319 642 1396 662 mens
1409 635 1652 670 comprehendere,
1669 642 1730 669 qua:
1748 635 1800 661 tino

1003 687 1053 716 gua
1068 679 1157 707 valeat
1172 679 1288 714 pleniter
1304 679 1460 714 explicare?
1475 679 1533 707 Non
1551 679 1623 707 enim
1636 686 1652 706 a
1665 679 1798 714 propheta

1003 726 1060 753 sine
1082 732 1164 753 causa
1184 725 1286 753 dictum
1300 730 1363 753 est:
1391 735 1400 752 ι
1426 725 1636 753 Generationcm
1653 726 1713 762 ejus
1735 726 1799 761 quis

1000 770 1155 800 enarrabit?
1177 780 1187 796 ι
1201 770 1269 806 (lu.
1284 770 1357 806 un.)

1034 817 1197 853 Postpositis
1211 816 1294 852 igitur
1313 817 1357 845 his
1369 824 1431 852 qua
1445 817 1479 845 de
1502 817 1686 845 sacratissima
1701 816 1799 845 nativio

999 867 1056 891 tate
1078 871 1093 890 a
1108 862 1235 890 Patribus
1249 862 1351 890 nostris
1370 862 1451 890 latius
1465 861 1600 897 disputata
1625 867 1700 894 sunt.
1722 862 1804 896 Iibet,_

999 908 1100 937 fratres
1112 908 1278 941 charitasitni,
1291 907 1429 943 paulisper
1437 907 1471 937 ad
1485 908 1666 935 humilitatem
1678 907 1795 935 Redem-

999 956 1085 992 ptoris
1097 956 1194 989 nostri,
1205 954 1351 983 locutionis
1365 954 1510 982 articulum
1531 953 1654 985 nectere.
1679 958 1707 981 et
1729 953 1794 988 quid
1811 960 1834 990 Β

998 1008 1047 1037 pro
1067 1004 1160 1028 nostra
1174 1000 1262 1027 salute
1274 999 1330 1033 jam
1349 998 1377 1027 in
1400 999 1458 1034 ipsa
1481 1005 1532 1026 sua
1547 998 1689 1025 nativitate
1704 1002 1797 1032 pertu-

998 1046 1070 1079 lerit.
1094 1045 1230 1074 communi
1248 1045 1388 1073 vobiscum
1409 1044 1576 1072 discussione
1589 1050 1714 1079 pensare.
1729 1042 1797 1076 Quis

998 1091 1070 1120 alim
1083 1091 1164 1127 digne
1177 1090 1271 1118 mirari
1286 1089 1391 1117 valeat?
1401 1089 1467 1123 Quis
1479 1097 1533 1117 non
1540 1089 1713 1124 obstupescat
1724 1088 1795 1123 quod

998 1145 1033 1170 is.
1047 1137 1095 1173 qui
1118 1136 1179 1165 cteli
1208 1136 1390 1164 immensitate
1407 1143 1460 1163 non
1484 1135 1601 1170 capitur.
1629 1135 1656 1162 in
1681 1140 1796 1170 angusto

998 1182 1131 1218 priesepio
1141 1180 1307 1210 reclinatur?
1324 1180 1376 1215 Qui
1397 1180 1500 1209 electos
1518 1188 1582 1208 suos
1597 1179 1666 1208 stola
1682 1181 1795 1208 immor-

997 1227 1111 1255 talitatis
1127 1226 1223 1258 induit,
1241 1225 1339 1253 vilibus
1355 1219 1452 1260 pannis
1475 1225 1582 1260 contegi
1598 1232 1652 1252 non
1676 1230 1797 1252 contem-

997 1273 1061 1308 psit.
1083 1271 1112 1299 ln
1135 1270 1265 1298 stramine
1284 1270 1408 1298 recubuit
1420 1270 1578 1297 animalium
1593 1270 1639 1304 qui
1658 1269 1735 1297 cibus
1754 1273 1797 1296 est

997 1318 1165 1353 angelorum.
1181 1317 1232 1351 Qui
1244 1317 1361 1345 marium
1377 1316 1511 1352 procellas
1519 1316 1634 1353 mitigat,
1651 1317 1795 1354 quiaquia-

996 1372 1057 1392 rum
1073 1364 1267 1392 abundantiam
1279 1362 1435 1391 ﬂuminibus
1446 1363 1647 1397 subministrat,
1665 1371 1743 1391 raras
1762 1364 1796 1391 de

996 1406 1120 1446 virgineo
1137 1414 1248 1446 pectore
1258 1413 1350 1445 guttas
1363 1408 1443 1436 lactis
1457 1412 1609 1444 exspectat.
1626 1408 1795 1444 Exprimitur

994 1455 1038 1483 lac
1050 1462 1085 1483 ex
1099 1454 1227 1481 uberibus
1240 1453 1359 1489 Virginis
1373 1457 1402 1481 et
1422 1453 1450 1480 in
1467 1460 1580 1481 carnem
1594 1454 1712 1481 vertitur
1733 1453 1795 1481 Sal-

995 1500 1107 1528 vatoris.
1128 1499 1203 1527 Felix
1230 1499 1281 1526 ista
1311 1506 1455 1535 puerpera,
1482 1506 1543 1534 quae
1570 1499 1611 1527 sic
1638 1499 1738 1534 gaudet
1761 1499 1796 1527 de

993 1545 1160 1574 fecunditate
1174 1544 1269 1581 prolis,
1281 1549 1310 1583 ut
1323 1551 1494 1580 nequaquam
1506 1544 1594 1572 doleat
1604 1544 1638 1572 de
1648 1545 1795 1572 amissione

994 1591 1177 1628 virginitatis;
1197 1599 1257 1626 qua
1280 1590 1355 1618 illum
1380 1590 1490 1619 fovebat
1516 1598 1531 1618 a
1554 1598 1609 1626 quo
1630 1590 1792 1623 fovebatur;

2461 227 2470 240 ’
2477 226 2543 268 (.5.

1855 314 2002 347 sapientiae,
2018 319 2064 342 aut
2082 322 2223 348 generos:
2241 314 2402 348 nobilitat“.
2413 313 2465 344 α

1854 359 1932 386 nibus
1947 360 2024 386 bona:
2038 360 2193 388 voluntatis.
2501 383 2518 386 -
2553 359 2562 363 ’
2588 366 2603 395 .”

1888 406 2060 433 Gaudeamus
2077 407 2179 442 itaque.
2192 405 2409 440 dilectissimi.el
2419 405 2486 434 ιοιιι
2494 402 2653 437 ll“

1855 453 2001 479 visceribus
2019 452 2196 484 delectemur,
2208 453 2271 487 quia
2284 452 2409 480 Christus
2420 448 2474 488 iis!
2484 453 2591 485 Iul.
2602 450 2652 488 ﬂ

1853 498 1915 526 fecit
1932 504 2045 534 utraque
2071 507 2154 526 unum
2170 498 2279 534 (Epltu.
2303 498 2345 534 ιι),
2367 498 2469 526 idcirm

1853 551 1910 572 tare
1927 545 2051 580 dignatus
2065 549 2107 572 est
2124 545 2254 571 mundum
2274 549 2303 571 ιιι
2321 544 2445 572 homines
2462 541 2650 572 δοκε*-

1852 590 1915 616 tatis
1930 590 2059 624 perdurat
2082 590 2115 616 atl
2140 590 2309 617 consortium
2323 588 2442 617 deitatis.
2457 587 2510 622 Od
2520 586 2652 616 Vw

1851 639 1967 669 utraque
1990 642 2073 661 unum
2093 635 2166 667 fecit.
2182 636 2245 670 quia
2270 634 2394 662 homines
2414 641 2476 661 eum
2496 631 2652 669 *ὅ

1852 687 1976 714 superum
1992 679 2160 707 Hierusalem
2186 680 2260 707 socia
2281 679 2482 707 cohabitationc
2497 678 2650 713 conjunxit.

1852 725 1975 761 Utraque
1994 734 2077 753 unum
2102 726 2178 758 fecit.
2198 726 2261 760 quia
2276 732 2366 757 ovem.
2380 732 2440 760 qua
2462 724 2594 759 perierat.
2617 725 2652 750 ad

1849 779 1959 806 gregem
1982 772 2101 806 propriis
2119 771 2241 799 humeris
2267 771 2414 806 reportavit
2428 764 2539 806 tinus.
2557 769 2650 803 anu).

1848 816 1927 845 Jesus
1949 817 2075 845 Christus
2096 817 2226 844 Dominus
2247 821 2350 848 noster.
2365 815 2410 851 qui
2435 823 2497 842 cum
2521 814 2604 842 Patre
2624 818 2653 841 et

1850 863 1954 897 Spiritu
1970 868 2065 891 sancto
2079 864 2145 891 vivit
2156 867 2183 890 et
2198 867 2294 898 regnat
2315 862 2473 890 benedictus
2494 861 2522 888 ln
2549 860 2651 888 secula

1851 909 2024 937 smculorum.
2047 910 2143 937 Amen.

1951 987 2027 1022 (H5)
2046 985 2204 1015 ANONYII
2221 985 2412 1015 CUIUSPIAI
2429 985 2549 1014 SEBIO

1849 1050 1882 1070 ιιι
1898 1048 2065 1070 Μτινιτιτι
2075 1050 2239 1071 μινιτοιιι
2254 1050 2289 1070 ετ
2301 1050 2453 1071 ηιειιιιι
2467 1050 2614 1071 ιιυεαις
2625 1050 2651 1070 IS

2060 1086 2093 1106 sa
2104 1086 2207 1106 ncrts.
2217 1080 2284 1114 (xxv
2299 1079 2425 1113 smus.)

1884 1133 1942 1161 Non
1952 1134 2052 1169 poterit
2061 1134 2192 1169 explicari
2204 1141 2329 1162 sermone
2339 1134 2411 1169 quod
2421 1138 2513 1162 mente
2522 1135 2649 1169 meepi,

1847 1185 1943 1215 stupor
1955 1180 2028 1207 enim
2041 1180 2236 1208 miraculorum
2247 1181 2376 1216 opprimit
2384 1185 2470 1213 me.et
2480 1180 2546 1208 dum
2556 1182 2649 1209 omnia

1849 1225 2058 1261 replico,omnia
2076 1225 2294 1261 complicantur:
2311 1236 2322 1253 ι
2339 1225 2405 1261 Quis
2416 1227 2515 1262 poterit
2525 1228 2649 1262 cogitare

1846 1271 1919 1299 diem
1935 1272 2069 1299 adventus
2081 1271 2162 1307 ejus?
2177 1281 2186 1298 ι
2203 1271 2332 1305 (latera.
2345 1272 2399 1307 ut.)
2411 1272 2472 1300 Ideo
2486 1272 2516 1300 ﬁt
2531 1273 2650 1309 elinguis

1847 1317 1952 1352 lingua.
1968 1317 2100 1344 memoria
2117 1317 2271 1350 immemor.
2283 1318 2449 1346 insensibilis
2470 1326 2578 1346 sensus.
2606 1319 2649 1347 In-

1846 1367 1922 1390 sueta
1955 1362 2097 1390 nativitate
2122 1362 2243 1391 relucent
2267 1363 2368 1395 otnnia.
2393 1367 2423 1391 et
2440 1363 2531 1391 omnia
2557 1364 2647 1399 partui

1847 1409 1967 1444 Virginis
1982 1408 2180 1444 obsequuntur.
2200 1409 2283 1437 Fiunt
2299 1409 2434 1437 mirabilia
2449 1410 2476 1440 in
2499 1410 2572 1439 celo
2585 1418 2648 1438 sur-

1846 1461 1918 1486 sum.
1937 1459 1964 1482 et
1979 1454 2005 1481 in
2022 1459 2095 1482 Iern
2113 1454 2251 1487 deorsum.
2269 1460 2297 1484 et
2308 1456 2433 1483 universa
2447 1450 2485 1483 in
2507 1457 2649 1485 nascentis

1846 1499 1894 1527 Dei
1919 1500 2081 1535 obsequium
2103 1499 2275 1534 iuraverunt.
2310 1500 2495 1535 lnsignittntur
2519 1509 2646 1530 convexa

1845 1544 1976 1572 cmlorum
2004 1545 2081 1573 stella
2111 1545 2273 1579 lucentiori,
2299 1552 2327 1574 et
2349 1547 2432 1574 multo
2457 1547 2560 1575 lumine
2587 1549 2648 1576 loca

1846 1589 2012 1618 ﬂammantia
2031 1592 2264 1628 prestringuntur.
2293 1592 2482 1621 Dilunduntur
2500 1601 2549 1629 per
2562 1593 2649 1630 m

993 1637 1069 1665 illum
1083 1638 1110 1664 in
1124 1637 1194 1664 ulnis
1208 1636 1332 1673 gestabat
1346 1644 1362 1663 a
1374 1643 1429 1672 quo
1452 1636 1534 1664 totius
1548 1636 1641 1664 mundi
1664 1636 1790 1664 machina
1805 1635 1828 1667 C
1843 1636 2024 1672 quadrilidum
2039 1637 2134 1664 orbem
2155 1637 2223 1665 radii
2246 1637 2443 1671 rutilantium.
2458 1643 2485 1666 et
2501 1639 2647 1675 pluralita-

993 1684 1159 1713 continetur.
1174 1682 1323 1718 Stringitur
1336 1690 1351 1710 a
1371 1686 1458 1710 matre
1469 1682 1620 1718 puerilibus
1635 1682 1726 1710 fasciis
1753 1682 1794 1711 iu-

994 1729 1116 1758 fantulus
1123 1730 1170 1764 qui
1184 1737 1246 1756 cum
1254 1728 1336 1756 Patre
1349 1728 1472 1756 omnium
1487 1735 1578 1756 rerum
1587 1728 1651 1764 jura
1662 1728 1795 1764 gubernat

1030 1820 1053 1849 0
1066 1825 1169 1856 quanta
1187 1824 1250 1848 tunc
1264 1823 1343 1847 erant
1357 1827 1451 1855 regum
1467 1819 1560 1847 mundi
1587 1819 1685 1847 turrita
1711 1819 1794 1856 335

994 1866 1107 1903 palatia.
1119 1871 1218 1901 quanta
1235 1866 1313 1894 miris
1337 1866 1472 1901 lapidibus
1492 1870 1587 1893 ornata
1612 1866 1746 1893 triclinia!
1766 1871 1794 1894 et

995 1917 1085 1941 tamen
1096 1912 1188 1940 omnia
1205 1912 1250 1939 illa
1265 1912 1439 1947 contempsit,
1452 1911 1498 1947 qui
1515 1911 1677 1946 praesepium
1695 1912 1728 1939 ad
1743 1920 1792 1939 cu-

994 1958 1093 1987 nabula
1107 1966 1164 1986 sua
1182 1958 1332 1985 nativitatis
1344 1957 1436 1993 elegit.
1450 1957 1508 1985 Non
1525 1957 1610 1985 lectos
1623 1957 1701 1993 petiit
1714 1965 1794 1984 aura-

994 2005 1031 2033 tis
1043 2004 1167 2032 vestibus
1178 2004 1291 2034 obsitos.
1307 2010 1361 2030 non
1372 2010 1502 2038 purpura,
1510 2002 1646 2037 vcipictis
1659 2003 1795 2038 tapetibus

996 2051 1165 2082 adornatos;
1177 2050 1224 2077 sed
1240 2049 1266 2076 in
1278 2048 1405 2077 catabulo
1419 2048 1543 2076 recubuit
1563 2048 1733 2080 animalium.
1747 2048 1794 2083 qui

995 2096 1148 2125 innumeris
1160 2096 1275 2123 vallatur
1289 2095 1446 2131 angelorum
1461 2094 1627 2130 agminibus;
1653 2094 1731 2129 dejiei
1747 2102 1795 2121 vo-

993 2142 1046 2171 luit
1060 2147 1090 2170 ιιι
1110 2150 1160 2170 nos
1179 2142 1212 2169 ad
1230 2149 1338 2169 summa
1357 2141 1536 2176 proveheret;
1562 2148 1665 2181 pauper
1690 2142 1716 2168 in
1743 2141 1795 2169 hoc

996 2189 1099 2218 mundo
1112 2188 1201 2216 factus
1213 2193 1265 2220 est.
1281 2192 1312 2216 ut
1326 2195 1376 2216 nos
1386 2187 1541 2215 divitiarum
1556 2195 1667 2215 suarum
1683 2188 1794 2223 partici-

994 2239 1044 2271 pes
1056 2234 1207 2262 exhiberet.

1031 2279 1108 2307 Hanc
1140 2278 1328 2314 Redemptoris
1357 2278 1442 2306 nostri
1467 2277 1668 2310 humilitatem.
1694 2277 1796 2306 fratres

994 2323 1162 2356 charissimi.
1178 2328 1233 2350 tota
1256 2322 1340 2350 animi
1367 2323 1586 2350 consideratione
1611 2323 1790 2358 perpendite;
1808 2320 1833 2351 D
1845 2326 1956 2359 quilatis
1970 2327 2128 2352 memoriam
2150 2326 2278 2362 templum
2298 2327 2428 2362 singulari
2445 2327 2588 2356 schemate
2601 2329 2641 2356 fa-
2679 2349 2684 2372 γ.

1844 2379 1907 2399 cere
1921 2372 2114 2403 decrevissent.
2134 2372 2170 2400 ab
2189 2374 2263 2400 omni
2279 2373 2322 2400 illa
2337 2373 2526 2406 deorum,inso
2539 2375 2639 2403 hmo-
2679 2393 2680 2406 ι

994 2371 1065 2398 hanc
1087 2368 1201 2397 solerter
1214 2368 1316 2397 habere
1329 2373 1436 2401 curate,
1459 2369 1551 2396 mundi
1577 2369 1693 2405 gloriam
1716 2377 1792 2405 sper-

970 2443 972 2445 τ
993 2417 1060 2449 uite,
1076 2423 1210 2451 pauperes
1226 2423 1287 2443 esse
1297 2423 1359 2442 cum
1369 2415 1480 2443 Christo
1493 2417 1571 2443 veras
1584 2415 1694 2443 divitias
1706 2417 1791 2451 depu-

993 2466 1059 2489 tate.
1077 2460 1247 2489 Sacriﬁcium
1263 2460 1320 2488 Deo
1337 2460 1416 2487 bona
1436 2460 1583 2488 voluntatis
1603 2460 1703 2489 oﬂerre
1717 2466 1791 2489 sata-

992 2508 1059 2542 gile.
1073 2507 1096 2535 si
1108 2505 1138 2534 in
1152 2510 1297 2541 conspectu
1310 2504 1369 2540 ejus
1379 2505 1461 2533 vultis
1470 2506 1528 2533 veri
1538 2506 1636 2534 divites
1648 2514 1790 2542 apparere.

989 2551 1115 2580 Audistis
1133 2551 1207 2579 enim
1242 2551 1306 2587 quia
1324 2550 1404 2578 hodie
1427 2555 1491 2579 nato
1505 2551 1621 2580 Domino
1635 2553 1722 2580 sancti
1742 2561 1791 2580 an-

989 2597 1040 2632 geli
1055 2600 1236 2625 cantaverunt.
1246 2587 1256 2623 ἐ
1273 2606 1282 2622 ι
1293 2595 1384 2624 Gloria
1398 2597 1424 2624 in
1435 2597 1552 2625 excelsis
1562 2597 1629 2631 Deo,
1640 2603 1667 2625 et
1679 2598 1706 2625 in
1720 2603 1791 2626 terra

989 2650 1043 2679 pax
1073 2643 1229 2671 hominibus
1251 2643 1331 2670 bona:
1356 2643 1504 2671 voluntatis
1528 2644 1604 2680 (an.
1618 2647 1683 2680 ιη.»
1705 2645 1791 2674 Hodie

990 2689 1091 2725 quippe
1104 2696 1156 2724 pax
1169 2688 1224 2716 Deo
1241 2695 1304 2716 cum
1321 2688 1477 2718 hominibus
1501 2689 1572 2718 facta
1598 2695 1650 2723 est,
1667 2691 1714 2718 sed
1736 2699 1789 2719 non

1026 2756 1102 2792 (115)
1122 2755 1247 2792 Alcysius
1262 2755 1427 2792 Lipomanus
1440 2762 1468 2785 et
1491 2758 1657 2786 recentiores
1679 2758 1724 2787 alii
1745 2767 1788 2787 se-

990 2797 1119 2826 quentem
1136 2799 1288 2819 sertnmtem
1304 2792 1338 2820 de
1352 2792 1499 2820 Nativitate
1523 2794 1628 2820 Domini
1654 2794 1684 2821 Β.
1706 2795 1787 2822 Petro

992 2826 1124 2865 Damiano
1136 2828 1285 2865 ascribunt.
1306 2826 1457 2865 Sedgquaut
1478 2837 1574 2865 verum
1585 2830 1610 2856 id
1626 2830 1672 2861 sit,
1684 2832 1786 2865 optime

992 2861 1185 2900 animadvertit
1200 2862 1345 2900 cardinalis
1356 2861 1498 2900 Baronius,
1516 2864 1594 2891 initio
1613 2866 1677 2893 tomi
1702 2861 1783 2900 primi

992 2895 1138 2924 Annalium
1158 2897 1415 2925 ecclosiasticornm.
1427 2898 1494 2926 Cum
1509 2900 1582 2926 enim
1602 2900 1628 2927 in
1649 2909 1683 2928 eo
1696 2895 1782 2929 sancti

992 2931 1124 2963 Bcrnardi
1139 2932 1243 2960 abbatis
1254 2932 1477 2968 Clamallensis,
1495 2935 1540 2971 qui
1552 2941 1612 2970 post
1627 2935 1655 2962 Β.
1672 2936 1780 2964 Petrum

1845 1685 1898 1708 tem
1913 1681 2097 1709 stellatiorum
2123 1682 2225 1718 ignium
2240 1691 2327 1710 novus
2344 1683 2413 1718 ignis
2429 1684 2570 1719 obtundit.
2593 1684 2646 1712 li-

1845 1733 1921 1755 ratur
1935 1721 2010 1756 orbis
2036 1724 2121 1757 cmlos
2146 1737 2245 1757 novum
2268 1730 2405 1765 peperisse
2418 1731 2602 1765 splendorem,
2619 1738 2648 1759 ct

1845 1773 2079 1802 incomertil-ilem
2093 1783 2188 1802 eorum
2203 1780 2304 1803 statum
2325 1776 2359 1803 ad
2373 1777 2450 1812 signa
2478 1781 2506 1804 et
2520 1777 2645 1814 prodzgia

1844 1818 1927 1846 fuisse
1950 1827 2122 1847 conversum.
2147 1820 2246 1849 Vident
2267 1821 2386 1849 αλιΙὰπί
2414 1822 2440 1849 in
2461 1822 2549 1853 cmlis.
2571 1826 2646 1857 quod

1843 1865 1953 1892 Balaam
1971 1866 2078 1901 reliquit
2093 1866 2120 1893 in
2134 1867 2263 1902 scriptis:
2291 1877 2301 1893 ι
2315 1867 2425 1895 Orietur
2445 1868 2543 1903 inquit.
2565 1872 2644 1897 stetta

1843 1917 1877 1937 ex
1891 1909 1988 1943 Jacob,
2002 1915 2030 1938 et
2044 1916 2192 1947 consurget
2204 1911 2287 1939 homo
2301 1919 2334 1939 ex
2350 1912 2477 1945 lsrael.et
2489 1914 2543 1940 erit
2553 1915 2645 1942 omnis

1846 1960 1918 1983 terra
1930 1955 2136 1990 possessio'ejus
2149 1955 2245 1992 (Nam.
2266 1958 2351 1993 xstv).
2363 1968 2371 1984 ι
2386 1957 2511 1986 Nascitur
2524 1959 2604 1987 stella
2618 1961 2643 1986 in

1843 2001 1971 2033 excelsis.
1988 2006 2016 2028 et
2028 2001 2100 2029 Deus
2124 2002 2153 2029 in
2176 2003 2268 2034 terris.
2284 2003 2362 2038 cujus
2375 2005 2513 2039 possessio
2533 2013 2550 2031 a
2573 2007 2643 2033 mari

1845 2055 1930 2083 usque
1943 2048 1977 2075 ad
1991 2056 2075 2077 mare.
2091 2048 2250 2084 Pratparant
2262 2058 2292 2078 se
2305 2058 2381 2086 reges
2394 2050 2516 2083 Tharsis.
2537 2057 2569 2079 nt
2580 2059 2642 2081 cum

2430 133 2486 203 ἐι
2649 148 2682 197 ..-

2426 313 2465 344 ⁸
2553 359 2562 363 η
2580 348 2629 360 νυν

1845 2094 1967 2122 novitate
1981 2102 2123 2122 munerant
2137 2095 2249 2124 videant
2261 2103 2360 2124 novam
2383 2101 2509 2128 matrem.
2525 2097 2576 2125 ﬁlii
2595 2107 2644 2126 no-
2694 2109 2695 2114 η

1845 2147 1906 2166 vam
1919 2140 2103 2168 nativitatem.
2125 2140 2198 2169 Fons
2208 2141 2261 2169 olei
2272 2142 2307 2170 de
2320 2146 2390 2170 terra
2404 2143 2534 2178 erumpit.
2559 2142 2642 2171 Tem-

1845 2186 1917 2221 plum
1944 2186 2046 2219 ilomm.
2075 2188 2147 2222 quod
2174 2189 2324 2217 vocabatur
2348 2176 2492 2222 turnum;
2526 2191 2641 2223 corruit.
2691 2176 2693 2210 Ι

1844 2233 1971 2261 omnibus
1984 2234 2115 2269 impensis
2126 2238 2155 2262 et
2174 2234 2254 2263 Urbis
2279 2240 2307 2263 et
2319 2235 2393 2264 orbis
2404 2236 2569 2265 mirabiliter
2582 2245 2643 2269 eum

1846 2285 2021 2306 summatum.
2042 2280 2109 2307 Cum
2122 2280 2195 2308 enim
2208 2280 2324 2309 Romani
2341 2283 2367 2310 iu
2391 2282 2548 2311 victorius:
2569 2284 2641 2311 anti-

1845 2417 1952 2444 niorum
1978 2417 2152 2445 multitudine
2177 2418 2352 2452 quaesierunt,
2374 2426 2518 2454 usquean
2543 2421 2640 2449 durate

1844 2469 1936 2500 posset
1960 2470 2014 2492 tant
2037 2464 2195 2491 excellentis
2214 2465 2306 2499 operis
2324 2473 2438 2500 operosa
2460 2468 2638 2495 constructio.

1844 2510 2012 2545 Responsum
2025 2514 2066 2537 est
2082 2519 2087 2536 ε
2102 2510 2193 2537 Donec
2210 2508 2290 2546 Virgo
2306 2516 2423 2546 pareret.
2438 2511 2477 2539 Illi
2489 2514 2525 2539 ad
2539 2514 2637 2552 impos-

1843 2556 1999 2584 sibilitatem
2019 2556 2160 2583 oraculum
2184 2561 2386 2591 retorquentes,
2409 2557 2541 2593 templum
2562 2563 2637 2587 ater-

1843 2609 1907 2629 num
1923 2602 2072 2629 solemnem
2087 2601 2160 2628 illam
2184 2601 2338 2630 machinam
2354 2609 2531 2631 vocavean
2557 2604 2636 2632 Nocte

1842 2653 1932 2675 autem
1948 2648 2009 2678 ista.
2027 2656 2087 2675 cum
2105 2649 2139 2675 de
2152 2648 2276 2684 virginali
2300 2649 2418 2677 thalamo
2438 2649 2580 2685 virgineus
2591 2650 2637 2678 los

1842 2693 1933 2721 list-ite
1944 2702 2070 2729 egressus
2092 2699 2144 2727 est.
2168 2695 2206 2722 ita
2227 2695 2337 2728 cecidit.
2358 2700 2387 2723 et
2409 2695 2583 2724 cortfracsun
2599 2702 2636 2724 ει

1841 2795 1947 2828 bentur,
1972 2795 2174 2831 absque—dubio
2190 2797 2235 2824 alii
2262 2798 2418 2825 tribuendus
2441 2798 2560 2825 videtur.
2586 2799 2634 2826 505

1840 2838 1903 2858 vero
1920 2833 1968 2859 hac
1984 2834 2017 2859 de
2029 2840 2110 2859 must
2127 2833 2198 2859 beati
2214 2833 2264 2859 viri
2289 2834 2458 2860 semionibus
2474 2833 2550 2860 Illum
2566 2836 2633 2860 insc-

1839 2868 2107 2909 remlumuluxunus.
2135 2873 2162 2894 ut
2183 2868 2336 2910 aliquando
2357 2869 2481 2910 alicujus
2495 2869 2631 2910 diligent:

1837 2910 1887 2929 suo
1903 2904 2062 2930 n‘stilttalur
2086 2904 2207 2931 auctori.
2229 2905 2328 2932 Cum.
2340 2919 2374 2925 —
2386 2904 2433 2931 Est
2451 2904 2554 2931 Μαιὴή
2576 2906 2631 2932 ως-

1837 2939 2001 2966 νςιηίιΙΙοιιδι,
2009 2940 2146 2972 :nonathi,
2154 2944 2181 2966 ut
2190 2940 2246 2974 jam
2258 2939 2507 2968 mouuituus.£ntr.
2515 2939 2629 2969 ΡΔιιοι.

1842 2759 2000 2797 Damianum
2014 2762 2151 2797 octoginta
2176 2762 2255 2789 annis
2275 2762 2347 2789 "diem
2370 2761 2449 2793 obiit,
2464 2763 2569 2790 mentio
2591 2764 2634 2789 ha-
2669 2758 2677 2797 τέ
