5450 6356
847 363 968 420 819'

2325 351 2560 409 SERMO
2601 352 2737 408 LXI.

4051 333 4156 393 850

852 477 981 532 illud
1009 473 1214 531 murale
1265 482 1321 529 et
1343 471 1714 529 columnatum
1747 485 1905 540 opus,
1937 479 1996 524 ut
2027 469 2114 524 vix
2141 476 2445 539 appareant
2473 472 2522 529 Α
2549 466 2792 537 pietatis.
2851 465 2994 521 Puer
3040 461 3278 527 Domini,
3333 461 3400 515 de
3450 473 3560 530 quo
3622 452 3966 525 frequentius
4020 451 4161 506 facio

850 570 1076 636 vestigia
1102 569 1409 623 ruinarum.

923 658 968 714 0
996 657 1304 716 Bethleem!
1333 655 1526 712 civitas
1569 655 1662 710 Dei
1707 655 1926 718 summi,
1979 664 2035 710 et
2081 656 2135 709 in
2167 665 2243 720 te,
2291 663 2346 710 et
2395 655 2447 709 in

853 749 1125 806 suburbiis
1172 747 1278 802 tuis
1307 747 1426 803 visa
1453 756 1578 804 sunt
1607 746 1878 804 mirabilia
1923 737 2102 802 hodie.
2135 748 2278 803 Deus
2313 761 2449 817 pen-

853 840 946 896 det
975 841 1042 894 ab
1070 839 1347 904 uberibus,
1382 838 1602 908 ponitur
1639 839 1692 892 in
1724 855 1988 909 prmsepe,
2019 839 2219 907 ligatur
2254 841 2310 894 in
2355 856 2451 896 cu-

857 932 960 994 nis,
999 930 1188 1000 pannis
1239 928 1551 992 involvitur,
1604 939 1659 983 et
1709 929 1905 984 laxatis
1954 929 2215 994 fasciolis,
2268 930 2452 986 felices

857 1036 1066 1082 manus,
1100 1029 1155 1074 et
1181 1028 1370 1074 sancta
1399 1019 1677 1075 brachiola
1708 1035 1806 1090 per
1831 1036 2091 1075 cunarum
2124 1023 2450 1091 parvitatem

853 1111 1130 1181 expandit.
1162 1110 1366 1165 Alludit
1390 1111 1608 1181 virgini,
1641 1112 1801 1167 matri
1830 1113 2056 1179 arridet,
2084 1123 2140 1168 et
2165 1113 2450 1169 blandien-

857 1209 944 1255 tes
986 1200 1170 1256 oculos
1227 1200 1294 1258 ad
1347 1199 1572 1255 Mariam
1619 1201 1918 1272 intorquet.
1978 1203 2100 1267 Stat
2160 1204 2450 1274 perterrita

856 1293 1021 1348 tantis
1057 1292 1332 1348 miraculis
1380 1292 1565 1363 regina
1595 1295 1880 1352 caelorum.
1931 1295 2143 1350 confert
2187 1297 2240 1350 in
2290 1295 2454 1350 corde

853 1399 955 1439 suo
1007 1383 1385 1452 salutationem
1439 1384 1798 1454 archangeli,
1853 1387 2266 1456 conceptionem
2321 1386 2449 1450 Dei,

853 1475 1196 1530 nativitatem
1251 1476 1437 1545 pueri;
1489 1485 1546 1530 et
1605 1477 1840 1532 miratur
1873 1479 2016 1547 quod
2065 1478 2175 1543 ille,
2228 1478 2320 1549 qui
2375 1479 2454 1534 sic

852 1565 1035 1634 potuit
1060 1563 1126 1618 ad
1154 1579 1253 1618 nos
1283 1565 1490 1629 venire,
1521 1565 1603 1620 sic
1629 1565 1799 1620 voluit
1831 1568 2143 1622 subvenire.

923 1654 1092 1708 Adest
1132 1661 1188 1709 et
1220 1653 1440 1724 Ioseph;
1478 1656 1572 1710 sed
1628 1657 1700 1712 ab
1747 1667 1979 1728 utroque
2011 1668 2275 1724 remotus,
2303 1668 2357 1715 et
2397 1660 2451 1713 in

853 1759 1082 1799 excessu
1113 1746 1309 1802 mentis
1357 1747 1610 1813 miratur,
1641 1758 1697 1803 ct
1735 1750 1918 1804 mirari
1950 1751 2084 1804 satis
2113 1767 2220 1806 non
2251 1759 2450 1821 potest,

853 1834 1085 1902 qualiter
1106 1834 1178 1888 sit
1211 1836 1278 1889 ad
1306 1844 1467 1891 tantae
1498 1836 1830 1910 dignationis
1860 1841 2136 1897 admissus
2164 1857 2450 1897 arcanum.
2487 1831 2529 1889 Β

849 1925 1018 1980 Adest
1032 1926 1320 1982 multitudo
1333 1929 1431 1983 ccel
1439 1930 1570 1985 estis
1588 1931 1865 1987 exercitus
1877 1941 1930 1987 et
1944 1934 2167 1991 vocibus
2180 1935 2451 2006 gloriosis,

851 2012 1036 2086 Gloria
1067 2017 1132 2071 in
1158 2017 1376 2072 excelsis
1419 2018 1529 2074 Deo
1584 2022 1806 2077 auditur
1854 2022 2009 2095 (Luc.
2055 2026 2141 2096 ιι).
2195 2025 2455 2082 Pastores

850 2105 1098 2174 veniunt,
1133 2109 1474 2164 etinveniunt
1517 2123 1746 2181 puerum
1799 2123 1855 2170 et
1893 2115 2148 2185 puellam.
2200 2117 2454 2175 Procedit

850 2196 1025 2262 stella,
1060 2212 1215 2269 reges
1241 2200 1527 2268 accedunt,
1575 2202 1808 2259 adorant
1851 2204 2042 2272 lilium,
2091 2217 2327 2264 matrem
2357 2225 2451 2266 ve,-
2480 2270 2484 2274 ,

853 2296 1152 2352 nerantur,
1224 2288 1459 2346 oﬂerunt
1520 2308 1771 2362 munera,
1836 2297 2093 2352 deferunt
2178 2298 2453 2368 majestati

850 2375 1068 2448 (Matth.
1098 2380 1182 2448 ιι).
1222 2380 1511 2437 Cruciatur
1536 2382 1811 2451 Herodes,
1842 2386 2221 2459 Hierosolyma
2267 2390 2454 2445 turba-

852 2478 964 2537 tur,
997 2473 1347 2542 requiruntur
1373 2475 1597 2540 Scribae,
1628 2477 1780 2533 locus
1803 2479 2152 2550 praedicitnr;
2178 2481 2455 2537 inducitur

850 2560 1144 2629 simulatio,
1197 2564 1484 2621 simulator
1531 2567 1598 2620 ad
1656 2569 1885 2624 nihilum
1942 2571 2252 2638 deducitur,
2303 2575 2455 2629 dete-

848 2661 1050 2722 guntur
1094 2665 1402 2711 commenta
1453 2656 1721 2714 fraudum.
1778 2660 1916 2732 Magi
1949 2678 2046 2732 per
2091 2663 2253 2719 aliam
2305 2666 2451 2720 viam

847 2756 1218 2814 revertuntur,
1271 2765 1375 2820 pax
1433 2750 1677 2807 inaudita
1736 2768 1767 2807 a
1824 2755 2024 2810 saeculo
2078 2765 2289 2827 regnat,
2329 2758 2452 2812 uni-

848 2849 1042 2894 versus
1080 2839 1228 2897 orbis
1293 2843 1359 2896 ad
1427 2857 1654 2898 censum
1717 2846 2066 2914 describitur,
2140 2848 2292 2913 rivus
2345 2849 2451 2906 olei

850 2929 920 2984 de
947 2938 1087 2985 terra
1117 2933 1397 3000 persudat,
1429 2943 1484 2990 et
1529 2935 1582 2990 in
1609 2937 1834 2993 divitem
1860 2954 2055 2994 venam
2092 2939 2274 3011 liquor
2321 2957 2449 2998 san-

848 3021 1119 3077 ctillcatus
1149 3023 1360 3080 ebullit.

922 3112 1059 3179 Quid
1088 3115 1315 3181 esthoc,
1359 3116 1462 3172 nisi
1494 3118 1622 3188 quia
1653 3134 1781 3175 vera
1824 3137 1930 3191 pax
1983 3123 2040 3178 iu
2073 3125 2234 3180 terris
2280 3141 2448 3197 appa-

848 3201 981 3267 euit,
1012 3203 1116 3259 nisi
1145 3206 1270 3274 quia
1303 3208 1371 3262 ad
1401 3223 1696 3278 supernum
1732 3227 1956 3283 regnum
1987 3215 2137 3270 cives
2163 3219 2450 3273 ascribun—
2479 3184 2526 3248 C

850 3302 960 3361 tur,
988 3295 1091 3350 nisi
1113 3299 1241 3366 quia
1266 3296 1387 3354 fons
1417 3300 1807 3357 misericordia
1843 3305 1912 3360 de
1935 3304 2161 3375 ‘Virgine
2204 3320 2446 3376 emanat,

847 3386 1028 3442 oleum
1086 3388 1315 3446 effusum
1363 3406 1560 3448 nomen
1601 3396 1798 3449 tuum?
1850 3395 2028 3467 (Cant.
2076 3399 2142 3469 ι.)
2210 3401 2448 3471 Spiritus

850 3489 1076 3534 sanctus
1105 3479 1404 3551 Scriptum
1435 3482 1593 3538 istius
1636 3499 1799 3551 unus,
1824 3496 1879 3541 et
1901 3489 2098 3546 unicus
2128 3489 2448 3558 fabricator,

849 3569 1166 3625 nonnullam
1189 3586 1301 3625 sua:
1327 3573 1674 3644 pinguedinis
1700 3575 2042 3634 dulcedinem
2081 3581 2182 3636 sub
2209 3581 2311 3637 hoc
2359 3596 2453 3638 ca-

848 3659 1018 3730 pitulo
1046 3661 1354 3733 dereliquit.
1388 3663 1495 3719 Sed
1519 3680 1617 3722 vos
1652 3671 1934 3727 nocturnis
1960 3672 2159 3743 vigiliis
2198 3675 2272 3730 ita
2301 3673 2452 3734 defa-

851 3754 1004 3824 ligati
1033 3757 1186 3824 estis,
1220 3767 1280 3812 ut
1303 3759 1392 3813 vix
1421 3762 1642 3829 possitis
1668 3778 1922 3821 somnum
1960 3768 2028 3823 ab
2058 3772 2234 3826 oculis
2271 3787 2452 3830 rexno-

851 3856 996 3897 vere.
1047 3845 1312 3915 Evigilate
1336 3857 1516 3904 tamen
1546 3851 1840 3923 paulisper,
1877 3865 1930 3912 et
1960 3859 2137 3914 somni
2173 3869 2449 3931 torporem

849 3936 1110 3990 excutite.
1141 3935 1306 4008 327
1335 3939 1526 3996 Aderit
1574 3941 1686 4009 ille,
1722 3946 1788 3999 de
1835 3946 1991 4016 cujus
2036 3951 2323 4008 nativitate
2372 3953 2452 4010 lo-

849 4025 1089 4094 quimur,
1123 4028 1472 4086 ut-illuminet
1520 4034 1708 4089 oculos
1751 4048 1990 4107 nostros,
2021 4057 2091 4097 ne
2130 4019 2446 4102 obdormia-

849 4131 989 4171 mus.
1036 4116 1206 4195 Totus
1233 4130 1414 4176 autem
1461 4127 1746 4182 sententia:
1787 4144 1982 4188 sensus
2029 4147 2096 4188 ex
2147 4134 2291 4191 illius
2321 4153 2448 4194 arca

849 4211 1207 4279 mutuabitur,
1261 4214 1414 4282 cujus
1463 4219 1753 4275 consilium
1801 4233 1888 4278 est
1941 4227 2099 4294 quasi
2157 4229 2446 4287 consilium

849 4300 965 4355 Dei.
1004 4301 1125 4371 Ipse
1150 4303 1238 4359 ille
1284 4314 1368 4362 est
1398 4305 1660 4365 Dominus
1699 4311 1952 4370 videlicet
1984 4315 2446 4390 Clartevallensis,

847 4393 1003 4460 cujus
1049 4394 1238 4466 religio
1280 4406 1336 4453 et
1381 4397 1656 4466 discretio,
1702 4404 1968 4473 sapientia
2012 4416 2070 4462 et
2112 4409 2445 4480 eloquentia,

846 4484 960 4538 vita
987 4495 1041 4541 et
1082 4485 1224 4542 fama
1269 4503 1365 4559 per
1410 4499 1580 4546 totam
1630 4493 1983 4554 Latinitatem
2032 4515 2139 4555 non
2171 4502 2447 4560 immerito

845 4573 1114 4668 decurrit;
1142 4578 1375 4635 libenter
1407 4583 1551 4636 enim
1595 4583 1742 4640 illius
1767 4589 2015 4645 sarcinas
2062 4591 2230 4647 adoro
2272 4594 2446 4668 (ne).

846 4665 956 4723 Sed
980 4671 1048 4725 ad
1084 4673 1419 4742 propositum
1453 4687 1814 4735 revertamur.

918 4757 1188 4832 Benignus
1230 4763 1319 4820 ille
1367 4765 1625 4836 Spiritus,
1661 4773 1728 4826 de
1758 4771 1914 4843 cujus
1945 4777 2250 4834 .secretiori
2298 4780 2452 4838 fonte

843 4853 1181 4910 canticorum
1224 4855 1422 4915 ﬂumen
1470 4861 1676 4928 evadit,
1707 4864 1759 4918 in
1795 4866 1877 4920 his
1915 4867 2091 4924 tribus
2125 4872 2306 4928 verbis
2345 4876 2448 4929 tria

845 4944 1004 5001 nobis
1031 4949 1356 5020 requirenda
1411 4951 1655 5024 reliquit,
1700 4959 1955 5016 videlicet
2003 4978 2202 5019 nomen
2234 4969 2445 5038 sponsi,

843 5051 1012 5105 quare
1039 5038 1158 5096 oleo
1183 5054 1552 5114 comparetur,
1582 5058 1639 5102 et
1669 5053 1941 5120 quomodo
1971 5053 2301 5124 effundatur,
2321 5062 2450 5130 quia

843 5137 902 5181 et
926 5143 1120 5185 nomen
1149 5141 1316 5200 tacet,
1349 5137 1415 5192 de
1437 5141 1848 5209 comparatione
1881 5143 1958 5199 nil
2006 5145 2269 5218 loquitur,
2315 5153 2452 5209 nihil

842 5217 978 5274 dicit
1017 5221 1083 5277 de
1125 5221 1407 5282 eﬂ'usione.
1455 5227 1699 5286 Primum
1749 5235 1818 5289 de
1867 5238 2091 5296 nomine
2136 5243 2448 5302 videamus.

842 5310 1029 5380 Multa,
1055 5325 1115 5372 ut
1138 5320 1396 5391 arbitror,
1419 5327 1680 5382 vocabula
1710 5332 1892 5400 sponsi
1922 5347 2020 5402 per
2045 5335 2284 5393 divinam
2301 5342 2450 5396 Scri-

839 5414 1056 5474 pturam
1084 5425 1272 5482 sparsa
1303 5415 1578 5485 leguntur,
1622 5421 1716 5476 sed
1751 5423 1805 5477 in
1833 5425 2048 5482 duobus
2086 5432 2271 5487 verbis
2319 5435 2444 5488 uni-

838 5512 999 5555 versa
1028 5504 1378 5575 complector.
1432 5509 1650 5566 Nullum
1685 5515 1930 5582 profecto
1961 5522 2274 5590 reperietis,
2300 5526 2447 5594 quod

836 5603 950 5644 non
1001 5605 1157 5651 sonet
1205 5607 1300 5652 aut
1351 5599 1650 5669 majestatis
1690 5609 2012 5676 potentiam,
2069 5625 2164 5668 aut
2209 5619 2445 5687 gratiam

2556 559 2912 624 mentionem,
2962 556 3030 611 ad
3081 555 3224 625 regis
3274 551 3584 609 cubiculum
3632 546 3998 609 introductus,
4053 542 4162 598 duo

2555 655 2709 726 quasi
2759 652 3080 708 sublimiora
3115 649 3183 704 de
3222 647 3394 717 ipsius
3420 659 3518 700 ore
3564 640 3868 698 divinitatis
3897 637 4107 693 audivit
4142 648 4160 691 :

2560 766 2578 798 ‹
2616 745 2863 801 Potestas
2887 744 2981 798 Dei
3009 751 3115 807 est,
3133 740 3330 811 inquit,
3348 748 3404 792 et
3432 735 3553 798 tibi,
3572 732 3822 796 Domine,
3844 729 4163 785 misericor—

2557 841 2642 897 dia
2671 838 2970 910 (lamus).
3017 856 3036 890 ι
3090 834 3197 890 Sed
3248 840 3304 888 et
3351 831 3467 900 ipse
3523 827 3781 883 Salvator
3829 820 4164 894 prophetica:

2521 960 2523 962 -
2557 930 2773 987 veritati
2805 938 3097 994 attestans,
3137 926 3209 981 ait
3240 939 3256 979 :
3305 942 3323 976 ι
3358 923 3467 978 Vos
3508 920 3718 977 vocatis
3759 931 3847 972 me
3876 914 4163 986 magister,

2555 1035 2610 1080 et
2646 1023 2960 1087 Domine.et
2978 1021 3122 1078 bene
3147 1018 3350 1074 dicitis.
3380 1016 3513 1071 Sum
3537 1013 3740 1070 etenim
3767 1010 3950 1082 (Joan.
3980 1008 4124 1080 xm).
4144 1027 4161 1058 ι

2556 1117 2817 1172 Dominus
2862 1127 3059 1170 nomen
3099 1119 3184 1167 est
3231 1108 3557 1180 maiestatis,
3612 1104 3834 1177 pietatis
3881 1101 4165 1184 magister.

2557 1210 2614 1266 Si
2646 1210 2792 1263 enim
2843 1209 2993 1280 pium
3044 1213 3130 1262 est
3185 1203 3435 1275 prmbere
3473 1215 3658 1257 escam
3706 1196 3946 1267 corpori,
3998 1192 4168 1248 multo

2558 1300 2969 1358 misericordius
2999 1306 3087 1354 est
3113 1311 3296 1354 escam
3342 1295 3542 1350 anima:
3581 1290 3878 1363 impartiri,
3903 1287 4050 1358 quod
4081 1294 4167 1340 est

2557 1394 2779 1466 pr0prie
2799 1392 3212 1463 magistrorum,
3237 1388 3330 1460 qui
3356 1395 3568 1444 mentes
3592 1381 4029 1454 indisciplinatas
4063 1379 4168 1435 sub

2558 1485 2858 1556 disciplinae
2893 1484 3073 1555 rigore
3099 1489 3378 1537 coercent.

2630 1578 2926 1633 Videamus
2946 1573 3090 1646 quod
3109 1575 3303 1629 horum
3327 1570 3610 1626 nominum
3633 1565 4166 1630 eﬂ‘unuatur,utrum

2558 1687 2756 1728 nomen
2789 1669 3045 1742 potentiae
3076 1668 3131 1722 in
3172 1680 3369 1721 nomen
3407 1663 3620 1735 gratiae,
3651 1658 3735 1713 vel
3767 1672 3964 1713 nomen
3993 1655 4170 1726 pieta’

2562 1766 2631 1819 tis
2663 1763 2715 1818 in
2746 1759 3051 1829 maiestatis
3092 1755 3436 1812 vocabulum.
3480 1753 3661 1817 Absit,
3688 1759 3755 1806 ut
3785 1744 4168 1804 misericordia

2559 1857 2613 1912 in
2672 1855 2917 1926 potentia
2969 1850 3306 1916 includatur,
3364 1851 3492 1918 quia
3562 1863 3580 1897 ι
3616 1837 3998 1899 miserationes
4050 1837 4171 1909 ejus

2559 1962 2724 2018 super
2744 1945 2932 2003 omnia
2963 1957 3129 2014 opera
3156 1940 3276 2010 ejus
3326 1937 3502 2012 (Psat.
3528 1934 3734 2007 cxuv).
3773 1953 3792 1988 ι
3832 1933 4058 1989 Certum
4085 1938 4171 1985 est

2557 2053 2730 2108 ergo,
2787 2036 2915 2106 quia
2967 2038 3211 2104 potestas
3267 2029 3362 2085 Dei
3420 2029 3474 2084 in
3521 2027 3785 2098 majorem
3833 2023 3995 2078 hodie
4044 2021 4160 2092 pie-

2558 2138 2725 2182 tatem
2754 2125 2927 2182 elIusa
2953 2133 3059 2191 est,
3088 2138 3214 2180 cum
3243 2121 3368 2178 εαξη
3395 2118 3802 2175 distillaveruut
3825 2130 3855 2169 a
3885 2113 4026 2169 facie
4051 2112 4169 2174 Dei.

2557 2229 2612 2275 et
2643 2219 2710 2274 de
2736 2216 3001 2290 virgineis
3047 2214 3309 2271 membris
3344 2219 3592 2268 vetustus
3636 2208 3851 2264 dierum
3899 2204 4168 2260 exoritur.

2559 2312 2673 2366 Non
2695 2321 2799 2376 est,
2835 2311 2927 2380 qui
2951 2325 3010 2366 se
3038 2306 3339 2364 abscondat
3367 2320 3398 2361 a
3425 2304 3608 2361 calore
3645 2302 3781 2367 isto;
3812 2299 3938 2370 quia
3963 2297 4174 2369 largior

2556 2403 2662 2459 olei
2689 2401 2883 2458 effusio
2913 2416 2942 2455 a
2971 2401 3153 2470 capite
3180 2397 3465 2454 descendit
3489 2396 3544 2451 in
3576 2395 3827 2456 barbam,
3862 2404 3984 2460 qua:
4003 2387 4172 2444 etiam

2556 2505 2859 2552 extremam
2910 2493 3223 2559 vestimenti
3277 2489 3554 2547 fimbriam
3617 2485 3826 2558 largius
3886 2480 4168 2538 irroravit.

2558 2587 2731 2643 Tanta
2759 2595 2843 2642 est
2867 2584 3202 2640 abundantia
3229 2580 3572 2644 miserantis,
3615 2589 3675 2635 ut
3706 2593 3814 2634 non
3858 2575 4038 2631 solum
4067 2572 4173 2630 sub

2557 2681 2778 2736 nomine
2809 2676 3112 2743 eﬂ'usionis,
3145 2675 3242 2732 sed
3287 2684 3344 2730 et
3384 2671 3775 2730 exinanitionis
3823 2676 4114 2726 censeatur
4154 2684 4170 2720 :

2561 2790 2580 2822 ς
2612 2769 2925 2826 Exiuanivit
2953 2766 3384 2838 semetipsumyr
3407 2765 3488 2818 ait
3517 2761 3843 2834 Apostolus,
3881 2778 3899 2811 ι
3936 2756 4172 2813 formam

2556 2864 2699 2919 servi
2723 2882 2742 2914 ι
2779 2862 3046 2916 hodierna
3063 2859 3153 2914 die
3187 2878 3206 2912 ι
3230 2857 3511 2927 accipiens
3556 2853 3782 2928 (Philip.
3802 2851 3891 2922 ιι),
3915 2870 3934 2903 ι
3960 2857 4017 2902 et
4043 2863 4169 2904 cum

2560 2964 2670 3010 tota
2712 2951 3061 3008 multitudine
3098 2948 3515 3005 miSerationum
3555 2960 3780 3002 suarum
3817 2944 3887 2999 de
3929 2941 4174 2999 thalamo

2556 3043 2790 3115 prosiliit
2820 3041 3108 3114 virginali;
3157 3055 3266 3096 non
3298 3039 3444 3095 enim
3477 3037 3670 3093 habuit
3715 3035 4014 3092 dulciorem
4053 3047 4174 3089 mo-

2556 3135 2686 3190 dum
2714 3136 2783 3190 ad
2829 3133 3208 3189 redimendum
3250 3145 3352 3185 nos
3396 3129 3629 3201 abyssus
3675 3127 3767 3183 illa
3816 3125 4170 3184 consiliorum

2558 3229 2679 3295 Dei,
2707 3226 2834 3298 quia
2884 3223 3150 3295 quidquid
3182 3221 3490 3278 divinitatis
3541 3221 3598 3275 in
3644 3220 3903 3276 thesauro
3951 3216 4175 3288 pietatis

2557 3321 2839 3376 inventum
2893 3326 2999 3378 est;
3059 3325 3234 3372 totum
3294 3315 3350 3371 in
3425 3324 3584 3369 utero
3634 3311 3879 3384 Virginis
3940 3319 4028 3368 est
4073 3324 4171 3382 ago

2553 3422 2785 3485 gestum.

2630 3502 2748 3557 Non
2778 3516 2867 3557 me
2886 3498 3045 3571 capio
3070 3514 3184 3574 prae
3213 3499 3424 3567 laetitia,
3457 3498 3604 3571 quod
3637 3497 3730 3553 illa
3764 3496 4030 3567 majestas
4075 3509 4174 3549 na-

2561 3603 2740 3649 turam
2771 3609 2927 3649 suam
2955 3592 3297 3659 exinanieus,
3331 3592 3387 3647 in
3415 3578 3676 3647 naturam
3703 3605 3842 3646 meae
3875 3588 4086 3654 carnis,
4116 3596 4174 3641 et

2555 3685 2840 3756 sanguinis
2883 3684 3252 3754 superveniat,
3300 3693 3358 3738 et
3401 3698 3489 3738 me
3535 3683 3798 3737 miserum
3838 3679 3892 3735 in
3946 3679 4175 3735 divitias

2554 3781 2742 3855 gloria:
2771 3796 2884 3838 sua:
2914 3794 3020 3834 non
3051 3780 3119 3836 ad
3149 3780 3365 3842 horam,
3415 3778 3510 3834 sed
3540 3778 3594 3833 in
3643 3776 4041 3847 sempiternum
4089 3774 4173 3828 in-

2556 3874 2760 3930 cludat.
2811 3873 2899 3928 Fit
2945 3870 3116 3926 frater
3159 3886 3335 3937 meus,
3387 3870 3650 3925 Dominus
3683 3883 3872 3936 meus;
3916 3867 4172 3921 timorem

2557 3966 2771 4022 Domini
2804 3965 2991 4020 fratris
3018 3964 3192 4020 vincit
3239 3963 3490 4020 affectus.
3526 3962 3754 4017 Domine
3799 3959 3950 4026 Jesu,
3999 3958 4174 4014 liben-

2558 4069 2640 4112 tcr
2673 4067 2723 4112 te
2752 4056 2916 4111 audio
2961 4063 3279 4127 regnantem
3328 4055 3382 4109 in
3425 4053 3600 4118 cmlis,
3644 4051 3902 4108 libentius
3932 4065 4173 4105 nascen-

2557 4158 2666 4204 tem
2693 4150 2747 4204 in
2781 4149 2961 4214 terris,
2985 4147 3346 4220 libentissime
3365 4160 3608 4210 crucem,
3634 4144 3819 4200 clavos
3843 4152 3898 4222 et
3925 4142 4173 4197 lanceam

2558 4241 2920 4297 sustinentem
2939 4258 2963 4308 ;.
2994 4241 3112 4296 hate
3155 4240 3425 4311 siquidem
3475 4237 3668 4296 effusio
3722 4237 3861 4308 rapit
3916 4235 4174 4290 affectum

2559 4349 2766 4399 meum,
2806 4342 2862 4388 et
2895 4333 3124 4388 istorum
3159 4331 3428 4387 memoria
3471 4328 3809 4386 convalescit
3849 4342 3946 4384 cor
3989 4341 4176 4382 meum

2558 4427 2810 4491 viventis,
2861 4434 2918 4481 et
2972 4425 3169 4480 vividae
3211 4424 3454 4495 potionis
3508 4422 3808 4492 asperitate
3857 4428 4174 4492 purgatum.

2559 4523 2729 4595 328
2753 4520 2954 4577 Vivens
2983 4529 3068 4576 est
3095 4520 3200 4575 iste
3227 4534 3411 4574 sermo
3431 4525 3486 4574 et
3514 4517 3732 4573 efﬁcax.
3776 4526 3832 4572 et
3858 4515 4177 4586 penetrabi-

2560 4617 2662 4671 lior
2681 4616 2830 4671 omni
2879 4614 3060 4687 gladio
3097 4614 3345 4683 ancipiti,
3381 4612 3702 4684 pertingens
3743 4611 3812 4666 ad
3851 4611 4179 4666 divisionem

2559 4708 2776 4772 animae,
2811 4715 2868 4761 et
2911 4707 3160 4777 spiritus,
3187 4720 3515 4778 compagum
3546 4719 3784 4775 quoque,
3823 4719 3889 4758 ac
3919 4703 4181 4759 medulla-

2557 4818 2679 4858 rum
2709 4811 2988 4858 scrutator
3015 4799 3204 4872 (Hebr.
3235 4799 3330 4871 IV).

2630 4895 2784 4953 Unus
2816 4896 3059 4961 illorum,
3089 4895 3181 4964 qui
3211 4893 3549 4964 proplietalis
3576 4893 3730 4948 chon
3761 4901 3858 4947 aut
3891 4890 4170 4964 magister,

2562 5001 2656 5047 aut
2685 4992 2830 5046 inter
2859 4991 3155 5062 magistros
3197 4999 3302 5055 est,
3343 4990 3445 5046 sub
3476 4989 3694 5045 senaria
3730 4988 4043 5044 divinorum
4071 5002 4169 5042 nor-

2562 5087 2770 5140 minum
2803 5085 3123 5156 partitione,
3150 5086 3215 5140 de
3243 5085 3349 5139 hac
3389 5081 3655 5139 effusione
3693 5083 4023 5137 mirabiliter
4055 5081 4180 5152 qui-

2557 5178 2816 5241 dem,sed
2845 5176 3117 5231 subtiliter
3143 5175 3497 5246 prophetavit
3523 5193 3534 5226 :
3576 5193 3594 5226 ‹
3629 5172 3952 5254 Vocabitur,
3974 5171 4179 5242 inquit,

2558 5285 2756 5324 nomen
2807 5267 2926 5337 ejus
2953 5267 3327 5332 Admirabilis,
3358 5265 3739 5330 Consiliarius,
3779 5266 3944 5332 Deus,
3996 5265 4178 5328 fortis.

2559 5363 2724 5418 Pater
2749 5361 2920 5417 futuri
2954 5361 3164 5428 saeculi,
3198 5361 3466 5434 Princeps
3493 5363 3646 5433 pacis
3689 5362 3830 5435 (ιω.
3858 5364 3960 5434 Ix).
3997 5381 4016 5414 ι
4049 5359 4182 5414 Erat

2557 5455 2777 5525 quidem
2813 5453 3155 5509 admirabilis
3208 5453 3474 5509 Dominus
3503 5470 3658 5510 meus
3711 5456 3856 5510 inter
3899 5453 4182 5526 angelicos

2558 5548 2798 5610 ordines,
2843 5541 3076 5602 audiens
3123 5548 3389 5619 hymnum
3420 5551 3608 5620 gloriae
3654 5565 3792 5616 suae,
3841 5540 4182 5607 admirabilis

2559 5641 2633 5696 illi
2671 5639 2908 5697 mirabili
2946 5647 3239 5706 creaturae,
3268 5639 3482 5698 faciens
3528 5642 3800 5698 mirabilia
3841 5643 3895 5699 in
3921 5642 4082 5708 coelo,
4126 5650 4180 5698 et

910 5771 1060 5846 ωδ)
1097 5776 1162 5882 'S.
1203 5779 1537 5852 Bcrnardum
1565 5787 1714 5844 dicit.
1751 5789 1880 5848 Vide
1904 5793 2021 5864 ejus
2051 5811 2216 5853 serui.
2263 5798 2329 5854 15
2375 5799 2430 5854 in
2469 5801 2626 5860 Cant.
