5450 6364
838 366 945 426 853

2318 356 2556 415 SERMO
2584 352 2747 414 LXI].

4069 349 4178 407 854

843 497 969 548 nam
995 486 1054 536 et
1081 481 1481 537 sententiarum
1514 487 1788 532 concentu
1808 490 2001 533 omnes
2033 474 2154 529 illos
2196 488 2333 541 quos
2365 471 2447 526 di-
2479 477 2526 535 Α
2557 469 2760 535 culum,
2795 468 2863 523 ad
2913 467 3060 537 qnod
3117 467 3313 533 currit,
3361 466 3456 537 qui
3502 465 3745 522 exsultat
3795 483 3814 516 ‹
3850 472 3909 519 ut
3932 462 4087 537 gigas
4117 465 4185 519 ad

841 571 1010 642 igere
1039 585 1437 626 consueveram
1471 568 1854 637 ineloquentes
1885 565 2066 621 reddit
2092 575 2147 619 ct
2173 574 2375 618 nmtos.

912 658 1074 715 Leuit
1102 669 1161 716 et
1202 659 1376 729 ungit,
1407 660 1532 728 quia
1561 657 1699 711 nihil
1746 658 1826 711 sic
1880 664 2096 710 recreat
2138 656 2189 708 in
2225 653 2454 706 tribula-

845 751 1010 825 tione.
1041 751 1293 822 Denique
1317 763 1371 807 et
1401 755 1633 823 probare
1659 751 1820 806 licet:
1847 769 1862 801 t
1896 750 2093 806 ltn'oca
2118 766 2222 811 me,
2255 749 2452 818 inquit,

844 843 896 897 in
919 843 1008 901 die
1037 844 1408 900 tribulationis
1438 862 1454 910 ;
1503 853 1803 909 eruanrte,
1834 854 1888 898 ct
1931 843 2326 899 honorifieabis
2369 857 2455 907 me

843 934 1017 996 (Paul.
1041 939 1218 1010 XLIX).
1257 959 1275 990 ι
1339 939 1450 994 lloc
1482 949 1566 993 est
1597 953 1818 1003 nomen,
1851 939 1954 992 hoc
1981 948 2065 994 est
2105 938 2306 1002 oleum,
2342 939 2456 992 hare
2492 957 2495 959 ·

840 1027 940 1080 olei
985 1025 1204 1084 eﬂ'nsio.
1241 1030 1414 1084 Amen
1469 1029 1591 1083 dico
1634 1029 1807 1093 vobis,
1859 1045 1966 1084 non
2012 1027 2226 1082 deﬁciet
2259 1029 2344 1082 hic
2376 1027 2452 1082 le-

840 1119 1033 1190 t-ythus
1084 1121 1217 1187 olei,
1258 1136 1359 1176 nec
1407 1121 1688 1175 minuetur
1723 1122 1896 1174 donec
1941 1119 2178 1190 pluviam
2212 1119 2455 1173 volunta-

841 1210 977 1264 riam
1004 1210 1129 1280 (III
1155 1211 1288 1282 Reg.
1317 1212 1473 1282 xvu).
1524 1227 1647 1282 quae
1676 1221 1964 1282 segregata
2011 1221 2095 1264 cst
2143 1210 2449 1264 haereditati

839 1301 957 1371 ejus
1002 1303 1256 1361 dill'usius
1311 1304 1560 1370 iustillet,
1612 1305 1785 1360 donec
1837 1304 2448 1359 faciatcmlnmnovnm

839 1405 894 1452 et
941 1404 1151 1453 terram
1190 1414 1384 1455 novam
1439 1397 1616 1488 ('Psul.
1645 1398 1847 1466 vau),
1897 1400 2026 1469 quia
2074 1398 2450 1454 misericordia
2488 1447 2491 1449 ,

836 1484 954 1556 ejus
983 1489 1307 1556 abaeterno,
1336 1499 1387 1545 et
1421 1484 1592 1562 usque
1626 1491 1678 1546 iu
1732 1501 1998 1549 attentum
2041 1507 2209 1562 super
2250 1490 2453 1552 timcn-

840 1587 921 1636 tes
943 1596 1068 1637 eum
1093 1580 1250 1654 (Pial
1303 1584 1425 1655 cu).

909 1676 1017 1731 Sed
1041 1678 1158 1748 jam
1185 1692 1480 1749 surgamus
1509 1688 1566 1736 et
1612 1694 1984 1752 praeparemus
2017 1695 2117 1736 nos
2155 1680 2222 1734 ad
2255 1679 2455 1735 solem-

835 1767 1008 1823 nioris
1040 1769 1224 1826 misste
1242 1769 1652 1840 jubilatiouem,
1698 1788 1798 1827 nec
1823 1773 2086 1829 cordibus
2141 1787 2452 1842 parcentes,

2560 560 2885 617 currendum
2917 559 3059 613 viam
3090 555 3267 631 (I’sul.
3297 557 3460 630 xvm)
3499 577 3547 624 ι,
3579 568 3634 614 et
3660 557 3950 612 videamus
3987 555 4189 626 quibus

2561 652 2731 708 armis
2756 659 3004 708 armatus
3031 647 3306 706 vexillifer
3335 659 3642 721 martyrum
3682 648 3739 703 in
3789 663 4049 719 campum
4078 661 4187 716 pu-

2560 754 2826 817 gnaturus
2854 746 3165 809 descendit;
3212 754 3268 800 et
3294 742 3714 813 utdiligentius
3766 735 4192 798 elucescat'siu-

2561 836 2767 909 gularis
2794 836 3044 908 martyrii
3074 836 3249 905 prima
3298 831 3708 904 praerogativa;
3770 847 4095 889 revocemus
4121 832 4190 886 ad

2561 932 2885 989 memoriam
2914 930 3343 1001 apostolicorum
3378 929 3619 984 Actnnm
3651 926 4103 998 descriptionem,
4133 925 4190 982 iu

2558 1028 2760 1100 quibus
2784 1026 3066 1082 historicis
3097 1033 3152 1078 et
3183 1021 3504 1095 tignraiibus
3531 1020 3696 1076 dictis
3744 1017 4104 1077 conversatio
4133 1024 4192 1075 et

2556 1121 2746 1192 passio
2770 1118 3019 1189 belligeri
3055 1116 3248 1172 militis
3277 1114 3618 1171 continetur.

2636 1233 2654 1266 ι
2693 1213 3028 1286 Stephanus,
3064 1211 3339 1282 inquiunt,
3382 1207 3579 1281 plenus
3640 1207 3816 1280 gratia
3871 1215 3928 1262 et
3968 1205 4192 1263 fortltu-

2559 1307 2708 1372 dine,
2742 1306 2983 1362 faciebat
3013 1304 3268 1376 prodigia
3313 1312 3369 1358 et
3418 1302 3574 1374 signa
3632 1317 3834 1372 magna
3891 1300 3945 1355 in
3990 1298 4191 1372 populo

2560 1401 2698 1471 (Act.
2731 1400 2829 1470 vr).
2886 1421 2905 1452 ι
2944 1398 3061 1453 Νοη
3111 1412 3340 1468 parvum
3398 1396 3537 1452 latet
3591 1397 3683 1452 hic
3712 1395 4062 1468 mysterium,
4088 1407 4196 1452 nec

2560 1491 2942 1564 viiipendenda
2993 1487 3437 1564 .simplicioribus
3508 1486 3814 1558 Scriptura:
3897 1483 4194 1541 manifesta

2558 1585 2780 1656 positio.
2813 1583 2898 1639 Ad
2954 1581 3233 1655 Virginem
3286 1580 3492 1652 quippe
3539 1580 3772 1651 loquens
3822 1578 4193 1651 archangelus

2558 1679 2729 1731 verba
2754 1676 2823 1731 de
2866 1675 3189 1732 etelestibus
3245 1673 3469 1730 scriniis
3522 1681 3766 1743 sumpta,
3821 1687 3922 1726 uec
3957 1670 4194 1726 alterius

2562 1769 2665 1823 nisi
2714 1767 2886 1838 ipsius
2934 1767 3028 1822 Dei
3079 1764 3288 1837 Spiritu
3318 1751 3633 1827 'fabricata,
3680 1752 3821 1816 riora
3863 1759 4196 1817 salutatione

834 1872 937 1913 uec
963 1857 1196 1916 vocibhs
1223 1861 1292 1916 ad
1327 1860 1592 1917 honorem
1639 1863 1794 1932 pueri
1827 1864 1919 1932 qui
1971 1871 2134 1918 natus
2179 1871 2266 1918 est
2293 1862 2453 1917 nobis
2489 1859 2532 1919 Β
2561 1865 2804 1934 perorat.
2870 1859 3012 1915 Nulli
3075 1859 3300 1915 dubium
3379 1858 3512 1929 quin
3581 1855 3832 1910 onmium
3893 1854 4194 1909 verborum

831 1949 924 2019 qui
950 1957 1043 2005 est
1069 1948 1221 2006 Deus
1256 1952 1578 2015 benedictus
1608 1953 1662 2008 in
1695 1953 1918 2008 saecula.
1946 1955 2143 2009 Amen.

1342 2100 1346 2101 ,
1404 2043 1436 2078 ³⁵
1464 2042 1704 2106 SERMO
1732 2035 1892 2100 LXII.

904 2145 972 2186 tut
1011 2147 1058 2188 s.
1093 2148 1390 2201 Δδτεριιιιιηιο
1429 2149 1890 2192 sucronemne.
1933 2137 2085 2207 (xxv:
2125 2138 2380 2209 DECEIB.)

901 2220 1107 2285 Adhuc
1139 2223 1359 2281 Filium
1397 2224 1643 2298 Virginis
1691 2225 1960 2285 habemus
2009 2229 2062 2284 in
2115 2230 2372 2286 manibus
2401 2238 2456 2285 et

821 2311 1182 2380 obsecuturia
1206 2303 1526 2380 definitione
1574 2323 1846 2392 vagientis
1877 2322 1973 2378 Dei
2010 2323 2344 2379 honoramus
2376 2326 2456 2380 in.

827 2400 1090 2462 fantium.
1119 2407 1276 2464 Ducit
1301 2426 1402 2466 nos
1427 2409 1594 2482 Virgo
1634 2413 1701 2467 ad
1733 2414 2042 2469 Veneranda
2074 2415 2373 2482 cunabula,
2400 2425 2458 2471 et

827 2500 1081 2570 speciosa
1119 2516 1233 2572 pra:
1256 2492 1474 2559 ﬁliabus
1519 2505 1803 2561 hominum
1841 2507 1908 2561 ad
1940 2507 2251 2577 speciosum
2279 2508 2456 2564 forma

825 2605 943 2662 pra:
965 2591 1099 2649 [iliis
1126 2595 1411 2651 hominum
1437 2594 1619 2667 (Paul.
1646 2600 1824 2668 xciv);
1850 2600 2140 2658 benedicta
2169 2600 2316 2655 inter
2341 2616 2459 2655 mu-

827 2679 998 2740 lieres
1035 2684 1108 2739 ad
1139 2687 1486 2743 benedictum
1535 2689 1684 2744 inter
1725 2690 1980 2748 homines
2015 2707 2132 2748 nos
2177 2692 2453 2749 conducit.

829 2771 1269 2834 Snbmurmurat
1337 2780 1497 2836 nobis
1553 2780 1609 2836 in
1666 2795 1877 2849 aurem,
1936 2799 2008 2840 ne
2071 2782 2215 2842 forte
2263 2787 2459 2842 domus

827 2883 1176 2941 exasperatis
1204 2872 1393 2928 audiat
1423 2881 1479 2930 et
1505 2875 1840 2940 concitetur.
1896 2877 2139 2933 revelata
2174 2894 2297 2934 esse
2322 2877 2459 2933 vela-

826 2959 982 3014 mina
1041 2963 1452 3034 prophetarum,
1502 2975 1562 3021 et
1608 2967 1942 3038 completum
1997 2971 2290 3027 consilium
2334 2971 2450 3026 Dei.

827 3050 1036 3110 Videte
1081 3055 1407 3113 miraculum
1464 3059 1656 3115 matris
1718 3061 1958 3128 Domini,
2010 3065 2140 3136 quia
2199 3070 2457 3122 creatura

825 3157 978 3212 erat,
1022 3139 1080 3204 et
1126 3148 1356 3205 Creator
1399 3162 1639 3207 creatur.
1708 3154 1987 3212 Seiutillat
2038 3159 2211 3224 sidus.
2261 3174 2457 3230 magus

2557 1953 2830 2014 excedant
2857 1951 3226 2016 altitudinem,
3256 1957 3448 2018 utpote
3479 1947 3546 2003 de
3581 1945 3905 2002 melioribus
3952 1942 4196 2015 discipli-

2557 2045 2645 2101 nis
2687 2044 2863 2100 sancti
2911 2042 3154 2114 Spiritus
3221 2041 3464 2106 evoluta,
3516 2053 3753 2109 quorum
3811 2036 4196 2093 enuntiatione

2559 2138 3049 2196 confoederandam
3104 2144 3227 2192 erat
3297 2133 3428 2189 illud
3497 2134 3724 2188 unicum
3783 2139 4196 2188 sacramentum

2561 2231 2726 2287 Verbi
2749 2242 2798 2287 et
2832 2230 3072 2287 hominis
3096 2228 3404 2285 divinitatis
3419 2236 3475 2282 et
3506 2227 3712 2284 carnis.
3743 2245 3760 2277 ε
3789 2226 3959 2290 Ave,»
3989 2223 4170 2279 innuit

2557 2324 2826 2380 fortitudo
2855 2321 3098 2386 Domini,
3134 2341 3152 2373 ι
3177 2322 3356 2392 gratia
3387 2319 3545 2389 plena
3575 2316 3732 2390 (Luc.
3765 2316 3828 2388 ι).
3875 2335 3892 2368 ν

2632 2418 2775 2486 Quid
2826 2425 3010 2473 autem
3059 2417 3126 2471 de
3169 2412 3499 2485 Stephano?
3563 2431 3583 2466 ι
3633 2411 3952 2482 Stephanus
3997 2407 4195 2481 plenus

2560 2512 2736 2585 gratia
2779 2521 2834 2567 et
2871 2510 3213 2566 fortitudine.
3267 2529 3285 2562 ι
3334 2508 3527 2563 Nonne
3574 2506 3753 2562 Lucas
3799 2505 4008 2561 eisdem
4052 2517 4194 2575 pene

2562 2605 2762 2660 litteris
2793 2605 2862 2660 de
2893 2604 3144 2674 utrisque
3179 2601 3466 2673 loquitur?
3505 2601 3614 2657 Sed
3657 2599 3786 2655 licet
3818 2598 3980 2670 longe
4008 2593 4193 2653 excel-

2561 2697 2763 2752 lentior
2812 2696 3009 2752 modus
3069 2695 3126 2749 in
3174 2693 3401 2766 Virgine
3453 2692 3809 2762 prmdicetur,
3862 2686 4193 2745 secundaria

2564 2800 2745 2847 tamen
2775 2787 3030 2844 laudatur
3047 2787 3100 2842 in
3121 2794 3384 2859 martyre.
3408 2783 3586 2842 Habet
3611 2785 3779 2856 igitur
3812 2782 4050 2854 gratiam
4073 2778 4197 2836 Ste-

2563 2881 2780 2951 phanus
2805 2879 3113 2936 sublimiori
3161 2892 3366 2950 genere
3409 2892 3576 2948 quam
3627 2875 3838 2946 reliqua
3882 2875 4192 2945 martyrum

2563 2972 2877 3039 multitudo,
2906 2972 3101 3044 plenus
3130 2971 3331 3044 gratia,
3357 2968 3596 3025 refertus
3628 2966 3888 3023 videlicet
3914 2975 3972 3021 et
3997 2973 4193 3022 cumu-

2563 3064 2726 3128 latus,
2758 3066 2904 3135 quod
2938 3080 3068 3120 raro
3097 3065 3150 3119 iu
3184 3062 3495 3135 Scripturis
3542 3061 3828 3117 canonicis
3858 3057 4074 3116 subtilis
4106 3057 4192 3114 in-

2563 3161 2797 3230 quisitor
2853 3161 3122 3218 inveniet.
3173 3159 3435 3233 Iungitur
3474 3159 3666 3231 gratite
3719 3157 4010 3223 fortitudo,
4061 3153 4190 3226 quia

826 3237 1055 3303 adorat,
1091 3240 1334 3296 exsultat
1386 3243 1561 3313 polus.
1620 3244 1779 3301 tellus
1837 3247 2113 3316 resultat;
2154 3250 2460 3323 gloriantur
2487 3246 2532 3310 C
2566 3253 2748 3310 infuso
2775 3255 2987 3326 Spiritu
3017 3253 3296 3311 libertatis
3320 3253 3529 3326 ignitus
3555 3252 3776 3308 auinms
3803 3252 3860 3307 in
3892 3249 4072 3307 lucem
4100 3263 4192 3302 vc.

824 3331 1043 3402 angeli,
1099 3344 1347 3405 pastores
1391 3338 1740 3410 adgaudent;
1790 3339 1956 3414 Virgo
1999 3346 2170 3414 parit,
2212 3347 2460 3402 nascitur

827 3417 1008 3488 Deus,
1035 3433 1092 3479 et
1132 3426 1398 3482 cmlorum
1447 3429 1735 3486 luminaria
1773 3433 1994 3492 clariori
2039 3436 2246 3494 lumine
2272 3438 2457 3496 lumen

825 3527 1093 3571 exortum
1122 3517 1175 3572 in
1206 3520 1445 3576 tenebris
1474 3535 1902 3595 prosequuntur.
1927 3513 1984 3582 lu
2015 3528 2137 3587 istis
2154 3530 2311 3586 bouis
2335 3545 2462 3586 ver-

827 3619 1049 3660 samur.
1088 3626 1106 3659 ε
1143 3608 1346 3666 Beatus
1372 3613 1474 3678 vir,
1503 3614 1594 3684 qui
1643 3615 1889 3687 implevit
1935 3619 2268 3676 desiderium
2298 3635 2458 3676 suum

825 3708 900 3750 ex
958 3697 1098 3766 ipsis
1136 3696 1312 3771 (Paul.
1343 3702 1552 3775 cxxvl).
1585 3723 1605 3757 ι
1647 3704 1777 3762 Scio
1803 3710 1930 3778 quia
1965 3710 2123 3766 dulce
2148 3712 2300 3768 vobis
2330 3725 2411 3769 εει
2440 3731 2453 3766 :

833 3805 856 3842 ι
893 3789 954 3845 1η
995 3791 1265 3864 principio
1288 3805 1408 3850 erat
1453 3797 1732 3877 Verbum;
1784 3819 1802 3852 ι
1852 3801 2067 3858 dulcius
2104 3819 2118 3856 :
2158 3822 2176 3855 ι
2219 3802 2456 3860 Verbum

826 3895 972 3936 caro
1001 3881 1206 3939 factum
1245 3884 1429 3956 (Joan.
1462 3887 1536 3958 I);
1583 3909 1625 3947 ι.
1659 3890 2060 3960 dulcissimum,
2108 3894 2348 3951 Vierbum
2399 3897 2456 3951 in

827 3989 1007 4031 cruce
1054 3992 1403 4048 suSpeusum.
1442 3981 1484 4036 Δ
1529 3991 1683 4038 tanto
1727 3987 2021 4056 puerperio
2061 3989 2186 4058 quis
2233 3990 2457 4045 insanus

824 4069 1031 4125 oculus
1076 4086 1203 4127 suos
1243 4088 1521 4142 amovere,
1580 4077 1779 4132 nedum
1837 4079 2075 4136 avellere
2135 4093 2455 4152 praesumat.

828 4161 945 4216 nisi
989 4161 1106 4233 ipse
1147 4162 1340 4232 jubeat
1381 4168 1474 4237 qui
1506 4170 1677 4225 dicit:
1742 4191 1761 4223 t
1796 4173 1998 4228 Averte
2020 4176 2212 4232 oculos
2243 4170 2383 4235 'tnos
2423 4195 2455 4235 a

825 4271 952 4318 me,
976 4256 1107 4326 quia
1138 4258 1240 4327 ipsi
1271 4276 1358 4314 me
1395 4262 1616 4318 avolare
1652 4264 1941 4321 fecerunt?
1969 4287 1986 4318 ι
2028 4267 2207 4339 (Cant.
2243 4274 2345 4344 vi.)

914 4346 1062 4404 Ecce
1082 4349 1208 4404 dum
1238 4351 1520 4408 osculatur
1552 4361 1667 4411 'nos
1697 4357 1897 4414 osculo
1923 4359 2036 4415 oris
2068 4362 2152 4416 sui
2183 4360 2360 4434 (Cant.
2389 4363 2466 4436 1);

825 4439 972 4496 dum
995 4442 1161 4496 tantis
1191 4444 1470 4500 miraculis
1513 4456 1569 4502 et
1608 4437 1854 4519 sﬂtupidos
1897 4468 1997 4507 nos
2044 4451 2455 4512 facitetatteu-
2507 4477 2519 4486 ε

828 4541 952 4600 tos,
997 4533 1306 4605 Stephanus
1359 4540 1554 4610 plenus
1604 4545 1801 4612 gratia,
1854 4553 1910 4601 et
1961 4546 2282 4623 fortitudine
2323 4549 2456 4607 facit

2563 3344 2744 3418 ritatis
2777 3345 3042 3416 erumpit,
3080 3359 3184 3400 uec
3212 3344 3422 3414 patitur
3465 3343 3578 3401 ullo
3629 3352 3791 3415 pacto
3827 3339 4195 3414 rigoremvtri-

2562 3442 2750 3508 stitite,
2783 3440 2872 3496 vel
2902 3440 3153 3497 submitti
3193 3438 3512 3510 aliquando,
3560 3438 3646 3494 vel
3689 3437 3919 3493 dimitti.
3948 3435 4043 3493 Sic
4062 3433 4196 3492 lori-

2562 3543 2722 3608 catus
2749 3535 2926 3606 gratia
2958 3545 3014 3590 et
3058 3533 3216 3589 hasta
3259 3531 3601 3588 fortitudinis
3645 3531 3931 3602 sapienter
3979 3527 4193 3585 infren—

2563 3629 2701 3685 dens
2729 3627 2967 3684 faciebat
2993 3620 3240 3698 prodigia
3272 3637 3329 3681 et
3361 3626 3516 3697 signa
3551 3640 3747 3694 magna
3775 3625 3830 3679 iu
3857 3621 4080 3696 populo.
4100 3621 4198 3678 Ille

2563 3730 2746 3792 potest
2775 3722 2930 3792 signa
2958 3714 3296 3792 etprodigia
3320 3717 3530 3788 facere,
3571 3720 3624 3773 in
3647 3733 3757 3788 quo
3789 3716 3966 3788 gratia
3994 3724 4051 3771 et
4079 3713 4192 3771 for-

2565 3816 2740 3872 titudo
2778 3815 2968 3873 sedem
3014 3815 3376 3872 fortissimam
3409 3823 3746 3870 statuerunt.
3789 3812 3886 3870 Sic
3927 3811 4044 3868 exit
4070 3809 4194 3868 Ste-

2559 3901 2791 3977 phanus
2820 3909 2886 3964 ad
2917 3909 3246 3974 homicidas,
3285 3907 3354 3963 ad
3383 3906 3522 3976 legis
3566 3904 3872 3970 adulteros,
3904 3903 3973 3959 ad
4015 3902 4191 3958 cruei-

2566 3999 2771 4056 uxores
2799 4000 2920 4056 Filii
2958 4000 3053 4066 Dei
3080 4001 3301 4067 Patris;
3351 3998 3599 4070 loquitur
3623 3998 3772 4070 genti
3805 3993 4106 4068 peccatrici
4139 3995 4195 4049 in

2563 4092 2822 4165 Egypto,
2855 4093 3057 4166 populo
3083 4093 3238 4166 gravi
3284 4093 3578 4163 iniquitate
3622 4092 3677 4146 in
3722 4091 3964 4153 deserto,
3993 4086 4194 4144 semini

2561 4176 2802 4258 nequam
2853 4190 2908 4244 in
2963 4197 3110 4244 terra
3160 4187 3569 4258 promissionis,
3628 4185 3753 4240 filiis
3797 4182 4087 4240 sceleratis
4132 4180 4188 4236 in

2564 4288 2744 4335 morte
2770 4277 3078 4336 Salvatoris
3119 4278 3341 4354 (1511.1).
3379 4297 3399 4332 ‹
3443 4279 3589 4334 Dura
3634 4277 3875 4344 cervice,
3907 4277 4105 4347 inquit,
4135 4284 4193 4332 et

2564 4373 2934 4429 iucircumcisi
2964 4374 3152 4437 corde.
3189 4383 3245 4430 et
3271 4373 3519 4439 auribus,
3563 4388 3661 4430 vos
3690 4387 3912 4442 semper
3959 4369 4208 4428 Soiritni.

2563 4465 2756 4521 saneto
2785 4465 3096 4530 restitistis,
3129 4485 3147 4519 ι
3182 4476 3288 4521 etc.

2642 4575 2661 4609 ι
2700 4555 3074 4612 Surrexeruut
3096 4567 3279 4612 autem
3294 4555 3518 4627 quidam
3543 4557 3609 4611 de
3632 4554 3923 4627 Synagoga
3959 4573 3978 4608 ι
4001 4553 4192 4625 utique

827 4628 1093 4721 prodigia
1132 4641 1190 4685 et
1231 4631 1384 4704 signa
1408 4649 1603 4705 magna
1653 4637 1706 4691 in
1750 4639 1947 4708 populo
1994 4640 2133 4715 (Act.
2178 4645 2279 4714 vi).
2309 4643 2460 4699 Nun-
2488 4615 2538 4676 D
2566 4647 2806 4713 Satanae,
2840 4649 3086 4720 undique
3129 4649 3572 4721 conglobantur,‘
3603 4650 3688 4704 vel
3735 4651 3803 4705 ad
3855 4649 4184 4704 convincen-

828 4719 976 4790 quid
1003 4713 1221 4792 aequum
1248 4735 1334 4780 est
1372 4725 1756 4801 derelinquere
1793 4713 2011 4803 regem,
2042 4736 2098 4790 et
2130 4737 2199 4792 ad
2227 4713 2457 4793 militem

827 4812 1035 4869 oculos
1088 4818 1456 4889 retorquere?
1503 4819 1888 4894 Nequaquam,
1939 4827 2044 4882 nisi
2106 4827 2462 4900 imperaverit

831 4904 1164 4976 imperator.
1196 4908 1386 4982 Surgit
1413 4912 1530 4983 ipse
1559 4929 1657 4970 rex
1689 4915 1836 4973 (ilius
1890 4919 2068 4991 regis,
2106 4932 2162 4977 et
2210 4921 2458 4993 lapidau-

831 4997 982 5052 tium
1022 4999 1172 5054 acies
1211 4999 1652 5074 interrumpeus,
1693 5009 2120 5081 triumphatorio
2166 5017 2467 5078 certamini.

828 5109 952 5171 nun
997 5095 1116 5151 sine
1149 5097 1337 5154 dolore
1376 5102 1560 5156 cordis
1597 5085 1829 5159 assistit.
1869 5106 2027 5162 Videt
2063 5111 2300 5181 opprimi
2348 5115 2463 5185 pri-

828 5201 990 5240 mum
1019 5198 1073 5242 et
1100 5189 1477 5260 primicerium
1511 5208 1828 5264 purpurata:
1858 5198 2126 5263 cohortis.
2157 5209 2214 5256 et
2242 5205 2471 5274 grandi-

827 5275 995 5331 naria
1035 5278 1277 5348 lapidum
1306 5283 1577 5340 densitate
1608 5284 1788 5342 fontes
1819 5291 2104 5364 sanguinis
2140 5293 2209 5349 de
2231 5309 2465 5366 corpore

825 5374 1263 5445 protomartyris
1324 5376 1577 5434 ebullire.
1647 5379 1804 5436 Videt
1861 5385 1988 5454 quia
2047 5387 2304 5445 universa
2374 5397 2462 5452 de-

826 5463 1130 5552 bacchatio
1159 5467 1319 5538 331
1359 5472 1629 5528 redundat
1659 5473 1712 5527 in
1750 5477 1949 5546 ipsum.
1978 5491 2047 5552 et
2073 5483 2171 5552 ipsi
2209 5487 2308 5541 soli
2349 5489 2457 5544 im-

832 5551 1101 5654 properia
1145 5559 1600 5629 exprobrantium
1648 5571 2021 5630 cumulantur.
2067 5551 2170 5633 Ubi
2204 5579 2382 5648 pietas
2406 5586 2460 5638 et

834 5645 1219 5741 misericordia
1276 5660 1390 5718 tua,
1440 5655 1690 5724 Domine,
1737 5663 1781 5718 si
1832 5680 1938 5720 non
1988 5645 2322 5738 compateris
2357 5688 2454 5741 pa-

837 5735 1042 5834 uenti?
1074 5735 1171 5834 Ubi
1199 5750 1257 5795 et
1293 5747 1523 5814 aequitas
1553 5761 1608 5804 et
1636 5742 1875 5822 iustitia,
1904 5757 1947 5811 si
1989 5773 2095 5814 non
2118 5735 2370 5829 ijudicas.‘
2400 5773 2457 5818 et

834 5828 1094 5886 vindicas
1125 5830 1192 5887 de
1221 5842 1422 5906 populo
1449 5838 1773 5913 lapidante?
1799 5846 2102 5910 Curramus
2130 5828 2211 5910 ad
2239 5862 2456 5922 specta-

2563 4742 2720 4805 dnm,
2753 4741 2838 4796 vel
2884 4742 2954 4797 ad
2993 4741 3398 4809 occidendum;
3453 4742 3666 4798 faciunt
3705 4741 3973 4813 parietem
3997 4755 4190 4804 unum.

2563 4833 2865 4905 impietatis
2910 4849 3140 4905 squama
3202 4850 3448 4906 squamae
3507 4834 3884 4907 coniungitur,
3967 4833 4194 4890 sibilant

2565 4933 2670 4990 sibi
2709 4943 3000 5005 serpentes
3026 4935 3095 4991 ad
3136 4935 3398 5001 invicem,
3456 4945 3511 4990 et
3544 4935 3884 4991 conveniunt
3937 4933 3993 4990 in
4019 4949 4190 4989 unum

2564 5027 2828 5083 adversus
2854 5027 3144 5082 Dominum
3193 5037 3249 5083 et
3280 5028 3549 5084 adversus
3586 5042 3808 5083 servum
3849 5026 3989 5098 ejus.
4023 5023 4190 5089 Velit,

2565 5119 2721 5186 nolit,
2759 5121 2908 5176 cedit
2935 5123 3190 5192 impietas
3214 5122 3428 5192 pietati,
3471 5121 3694 5178 veritati
3737 5137 3918 5187 error,
3953 5121 4188 5178 stultitia

2562 5213 2868 5281 sapientiae,
2913 5212 3143 5283 Spiritui
3193 5224 3385 5269 saneto
3439 5215 3819 5285 praesumptio,
3863 5224 3919 5270 et
3969 5213 4194 5268 vanitas

2567 5306 2797 5375 spiritus
2820 5306 3067 5361 humani.
3101 5325 3124 5372 ε
3159 5307 3225 5362 Et
3246 5324 3354 5362 non
3387 5317 3665 5376 poterant,
3703 5307 3903 5377 inquit,
3930 5306 4192 5364 resistere

2568 5397 2855 5468 sapientiae
2886 5407 2943 5454 et
2991 5400 3256 5470 spiritui,
3291 5402 3385 5471 qui
3416 5401 3767 5470 loquebatur.
3823 5419 3843 5453 ι
3875 5400 3993 5456 Νοη
4025 5400 4184 5463 dixit,

2567 5488 2686 5546 Non
2719 5491 2978 5547 valebant
3014 5493 3162 5562 quod
3211 5493 3622 5557 rationabilium
3674 5501 3760 5549 est
3805 5503 3862 5548 et
3908 5493 4186 5564 perfecto-

2569 5598 2728 5646 rum;
2759 5585 2878 5651 sed,
2929 5599 3035 5640 non
3086 5594 3360 5655 poterant,
3400 5586 3493 5642 ubi
3550 5586 3720 5641 menti
3756 5585 3916 5643 mala:
3953 5585 4189 5641 facultas

2570 5677 2800 5740 tollitur,
2832 5695 2938 5736 non
2964 5679 3220 5736 voluntas
3248 5689 3518 5736 mutatur.

2644 5787 2660 5818 ι
2698 5767 3196 5840 Redarguebantnr
3218 5771 3319 5838 ait,
3367 5773 3438 5829 ab
3463 5788 3530 5828 eo
3560 5788 3686 5828 cum
3719 5772 3870 5828 omni
3898 5771 4119 5828 fiducia.
4167 5789 4187 5825 ι

2563 5861 2726 5934 332
2778 5862 3136 5922 Fiducialiter
3191 5868 3325 5938 agit,
3371 5883 3471 5924 nec
3523 5878 3722 5937 mutat,
3788 5884 3891 5926 nec
3945 5877 4193 5927 mutatur
