5450 6400
2015 395 2121 451 sas
2590 399 2646 454 s.
2691 400 2894 455 PETRI
2937 399 3219 455 unum
3259 401 3408 458 orr.
3462 402 3641 459 rans
3691 403 3821 461 seu
3859 403 4094 462 rosus
4128 406 4191 461 η.
4233 407 4707 466 —ssnuo.vss.
5169 398 5280 470 tas

2009 527 2162 568 mens
2187 512 2564 582 imperterrita,
2587 529 2714 584 qua:
2753 515 2924 598 magis
2966 523 3109 568 amat
3137 515 3397 584 justitiam
3427 535 3590 588 quam
3624 524 3665 582 Α
3696 535 3796 573 nus
3821 518 3976 574 Jesus
3999 521 4147 576 stans
4175 539 4203 576 a
4230 523 4432 578 dextris
4467 525 4682 579 virtutis
4735 523 4846 580 Dei.
4883 525 4958 582 Ne
4987 525 5148 584 Patre
5175 531 5289 581 inin

2008 605 2367 670 vitam,ﬂdem
2395 620 2555 674 quam
2580 608 2922 676 sanguinem,
2943 619 3168 662 mortem
3196 626 3353 679 quam
3375 611 3593 679 iustitia:

2007 697 2448 752 taciturnitatem.
2500 698 2902 755 Concurrentes
2953 703 3171 770 rapiunt
3221 721 3366 768 eum,
3422 705 3590 759 addu-

2001 795 2130 841 cunt
2158 786 2211 840 in
2241 787 2549 854 concilium,
2583 799 2638 843 et
2680 791 2915 860 gaudent
2951 807 3071 844 eum
3112 794 3250 846 intra
3300 809 3393 847 sua
3436 796 3592 849 retia.

2002 885 2122 938 cula
2179 887 2549 944 conclusisse:
2607 890 2713 944 Sed
2753 910 2770 940 ι
2808 889 3008 943 frustra
3059 891 3263 959 jacitur
3309 903 3423 944 rete
3465 903 3592 947 ante

2000 973 2189 1030 oculos
2216 987 2573 1046 pennatorum
2631 975 2818 1049 (Prov.
2846 980 2907 1044 t).
2950 998 2968 1031 ι
3002 977 3152 1033 Tunc
3203 994 3301 1034 vox
3348 981 3586 1046 liberior,

2001 1073 2056 1118 et
2099 1065 2309 1121 illorum
2353 1068 2600 1124 cautibus
2648 1085 2828 1124 sermo
2880 1071 3170 1125 exacuitur
3207 1073 3470 1135 veritatis,
3518 1083 3590 1128 to-

1989 1165 2226 1228 tumque
2254 1169 2543 1232 martyrem
2579 1163 2719 1231 rapit
2749 1163 2850 1217 sibi
2885 1162 3119 1232 Spiritus
3147 1164 3262 1228 Dei,
3307 1175 3358 1219 et
3381 1181 3446 1220 ex
3473 1167 3589 1236 ejus

1999 1263 2094 1304 ore
2125 1253 2426 1308 sonantiori
2474 1269 2680 1324 organo
2731 1255 3053 1309 modulatur.
3101 1256 3333 1325 Apparet
3385 1260 3432 1310 ei
3481 1273 3583 1311 una

1998 1339 2164 1397 facies
2181 1343 2603 1414 Scripturarum,
2632 1357 2687 1401 et
2710 1348 2916 1402 Veteris
2937 1347 3279 1402 Instrumenti
3306 1351 3583 1420 dispendia

1997 1433 2052 1487 in
2089 1436 2525 1503 compendiosam
2564 1437 2753 1507 redigit
2791 1437 3129 1493 brevitatem.
3184 1439 3428 1508 Replicat
3457 1457 3583 1510 pro—

1996 1525 2283 1582 missiones
2306 1538 2361 1581 et
2384 1529 2648 1584 beneficia
2681 1529 2795 1593 Dei,
2833 1532 3285 1586 murmmationes
3317 1541 3370 1585 et
3412 1534 3582 1589 male-

1994 1619 2113 1672 tlcia
2141 1620 2348 1690 populi,
2397 1621 2535 1676 bona
2563 1623 2825 1692 praestita,
2881 1623 3089 1677 reddita
3132 1624 3294 1690 mala,
3317 1634 3369 1678 et
3395 1626 3458 1678 ad
3487 1643 3580 1680 ex-

1991 1720 2223 1766 tremum
2251 1712 2418 1766 divini
2446 1714 2725 1783 sanguinis
2761 1711 3055 1784 exprobrat
3085 1715 3423 1771 elfusionem.
3479 1718 3576 1770 Vo-

1989 1811 2079 1856 cat
2104 1801 2449 1859 refractarios
2499 1803 2743 1874 Spiritui,
2780 1806 2911 1858 dura
2957 1807 3192 1870 cervice,
3237 1808 3574 1860 incircumci-

3701 626 3799 663 nor
3831 627 3950 666 esse
3965 623 4201 681 putetur,
4228 624 4332 667 stat
4359 631 4481 667 cum
4505 615 4664 686 333
4692 626 4887 681 stante,
4909 633 5032 673 cum
5048 619 5280 675 bellante

3700 697 3949 766 bellatu'r,
3984 705 4071 772 qui
4108 704 4376 772 lapidatur
4404 706 4456 759 in
4490 705 4748 774 lapidato.

3770 794 3884 848 Non
3905 797 4189 850 mediocris
4206 807 4393 866 stupor
4412 798 4634 852 involvit
4654 817 4760 865 me,
4780 810 4957 856 utrum
4976 802 5282 870 primitivum

3698 884 3794 938 llos
3822 898 4117 955 martyrum
4147 890 4445 956 corporeis,
4487 905 4553 942 an
4597 891 4928 963 incorporeis
4972 895 5142 948 oculis
5172 897 5277 949 ista

3695 979 4047 1043 prospexerit.
4083 977 4298 1031 Grande
4341 981 4558 1049 quidem
4613 984 4930 1038 miraculum
4976 986 5020 1040 si
5065 987 5281 1041 mortali

3693 1065 3888 1119 intuitu
3917 1067 4261 1122 stellantibus
4307 1085 4365 1124 se
4407 1071 4670 1126 immersit
4723 1076 4957 1137 arcanis.
5011 1078 5056 1130 si
5095 1076 5282 1132 minui]

3691 1155 3854 1208 corde
3899 1156 4038 1210 oculi
4094 1167 4202 1211 tam
4243 1159 4537 1214 solemnem
4601 1162 4934 1231 inspexerint
4987 1167 5280 1223 visionem.

3689 1242 3841 1308 Quod
3873 1247 3916 1298 si
3947 1247 4354 1316 corporalibus.
4392 1260 4601 1304 certum
4637 1262 4720 1306 cst
4748 1254 4890 1309 hunc
4919 1270 5079 1309 omne
5109 1256 5284 1310 homi-

3690 1349 3814 1387 num
3844 1351 4014 1404 genus
4043 1339 4401 1408 disparilitate
4428 1342 4613 1411 gloria:
4640 1345 4986 1414 pravolasse,
5013 1359 5060 1402 et
5089 1349 5282 1417 pennis

3689 1425 3830 1489 lldci,
3864 1437 3919 1480 et
3947 1429 4231 1493 virtutum,
4275 1432 4598 1502 incorporea
4647 1439 4943 1505 corporeis,
4983 1449 5039 1492 et
5081 1440 5126 1494 si
5173 1454 5278 1493 non

3685 1520 4180 1587 comprehendisse,
4229 1523 4650 1596 apprehendisse
4690 1536 4890 1583 tamen.
4927 1527 5070 1584 Nihil
5106 1532 5280 1585 audeo

3686 1616 3888 1662 temere
3915 1610 4161 1674 delinire,
4196 1614 4277 1666 vel
4312 1629 4378 1666 ex
4413 1614 4643 1684 abrupto
4678 1618 5022 1688 praecipitare
5054 1629 5278 1675 seruen-

3685 1702 3848 1764 tiam;
3886 1719 4007 1756 cum
4046 1706 4307 1759 tiuitivam
4350 1723 4514 1777 super
4560 1708 4868 1779 huiusmodi
4917 1727 4970 1765 re
4991 1713 5158 1767 mlam
5189 1728 5279 1769 me

3683 1807 3788 1845 non
3824 1793 4046 1863 legerim
4079 1798 4372 1853 invenisse.
4407 1798 4665 1856 Securius
4694 1813 4874 1858 tamen
4908 1820 5109 1874 sequor
5136 1809 5282 1876 Apo-

1988 1909 2080 1949 sos
2107 1895 2272 1949 corde
2319 1904 2376 1950 et
2403 1897 2643 1958 auribus,
2668 1905 2721 1950 et
2750 1897 2968 1950 sublimi
3011 1911 3141 1951 voce
3190 1899 3484 1952 homicidas
3529 1909 3582 1952 et
3614 1882 3660 1942 Β
3689 1885 3914 1948 διοΙυιην
3955 1888 4064 1942 ίιιὶο
4105 1888 4140 1942 5

3124 1913 3141 1951 ε
3190 1899 3484 1952 homicidas
3529 1909 3582 1952 ει
3614 1882 3660 1942 Β
3689 1885 3914 1948 stolum,
3955 1888 4064 1942 imo
4105 1888 4368 1958 Spiritum
4421 1890 4513 1945 Dei
4563 1895 4614 1946 in
4673 1896 4953 1962 Apostolo.
5011 1912 5103 1966 qni
5153 1913 5276 1952 cum

1985 1983 2291 2052 proiitorcs
2324 1984 2574 2052 appellat.
2603 1985 2718 2039 Non
2762 1998 2989 2052 Igeretur
3019 1989 3394 2042 conventicula
3452 2004 3580 2043 con-

1985 2085 2209 2143 gregata
2238 2075 2304 2127 de
2331 2075 2704 2144 sanguinibus,
2737 2086 2790 2130 et
2827 2078 2968 2130 inter
3006 2093 3197 2131 manUs
3220 2081 3577 2148 quaerentium

1987 2167 2224 2221 animam
2255 2168 2372 2235 ejus
2396 2167 2488 2229 (Ps
2502 2169 2565 2224 τι.
2592 2176 2708 2240 xv),
2735 2171 3125 2226 deliberatione
3164 2173 3388 2240 iustitiae
3414 2190 3575 2234 cacu-

1985 2271 2109 2311 men
2133 2260 2372 2314 veritatis
2399 2262 2657 2314 ascendit.
2694 2261 3042 2317 Dissecantur
3063 2264 3334 2329 cordibus,
3365 2275 3420 2320 et
3449 2268 3578 2321 stri-

1987 2345 2120 2401 dent
2143 2347 2394 2403 dentibus
2428 2350 2480 2404 in
2522 2366 2668 2416 eum,
2708 2353 3302 2422 concipiuntdolorem,
3330 2365 3382 2410 et
3413 2373 3578 2426 prope

1985 2449 2071 2493 est
2094 2447 2151 2492 ut
2183 2441 2400 2509 pariant
2423 2442 2762 2512 iniquitatem
2793 2443 3011 2513 (Ibid).

2059 2527 2278 2593 Mirmn,
2304 2533 2428 2600 quia
2479 2548 2584 2587 non
2617 2543 2942 2589 revocantur
2968 2537 3161 2591 insueti
3207 2538 3444 2592 novitate
3479 2539 3576 2592 mi-

1990 2621 2161 2675 raculi
2187 2623 2328 2691 quod
2375 2623 2640 2681 luminosa
2683 2628 3101 2697 protomartyris
3153 2628 3316 2684 facies
3345 2646 3449 2683 non
3494 2646 3576 2685 re-

1987 2713 2168 2768 frenat
2193 2715 2432 2772 insanos.
2468 2735 2486 2768 t
2530 2717 2815 2781 Videbam,
2858 2719 3053 2790 inquit,
3092 2720 3287 2777 faciem
3320 2723 3435 2787 ejus
3459 2733 3575 2776 tan-

1986 2821 2150 2876 quam
2182 2807 2390 2863 vultum
2430 2809 2607 2882 angeli
2637 2811 2834 2866 stantis
2883 2812 3022 2868 inter
3057 2813 3195 2868 illos.
3248 2834 3265 2866 ι
3305 2815 3441 2881 Quid
3471 2827 3574 2879 est,

1982 2896 2152 2954 Judzei
2180 2898 2206 2953 ἓ
2235 2898 2462 2956 Lumine
2514 2901 2692 2957 vultus
2731 2901 2823 2956 Del
2855 2882 3169 2973 insignitur
3207 2906 3478 2976 gloriosus
3505 2908 3577 2962 le-

1979 2987 2117 3051 vita,
2143 2996 2203 3042 ut
2235 2989 2467 3043 vibranti
2497 2989 2784 3064 splendore
2806 2988 3116 3061 Stephanus
3154 3006 3460 3059 serenatur,
3496 3013 3580 3052 re-

1975 3077 2332 3133 verberantur
2377 3079 2520 3134 oculi
2553 3081 2744 3146 vestri,
2788 3089 2844 3137 et
2895 3090 3074 3138 tamen
3121 3084 3336 3140 invidiae
3367 3089 3574 3156 magni-

1975 3166 2129 3232 tudo,
2145 3169 2368 3224 visionis
2395 3168 2732 3238 majestatem
2751 3171 3006 3228 occludit.
3031 3173 3414 3246 Respondeant
3437 3181 3569 3233 mihi

1975 3256 2281 3313 divinorum
2336 3260 2685 3317 voluminum
2722 3263 3049 3329 evolutores,
3104 3267 3194 3322 ubi
3241 3269 3570 3325 revolverint

1975 3349 2251 3404 hominem
2275 3351 2328 3405 in
2347 3352 2509 3408 terris
2531 3355 2766 3422 positum
2781 3355 2986 3409 vultum
3004 3358 3306 3426 angelicum
3334 3361 3571 3416 induisse

1975 3448 2169 3494 etcum
2202 3441 2255 3494 in
2287 3442 2536 3512 utrisque
2587 3443 2817 3515 legibus,
2867 3445 2950 3499 vel
2998 3462 3146 3511 raro,
3182 3449 3261 3503 vel
3293 3465 3569 3521 nunquam

1975 3528 2301 3592 invenerint,
2333 3542 2624 3602 astupeant
2645 3533 2814 3603 gloria
2842 3523 3246 3605 triumphantis.

2051 3617 2344 3689 Sequitur:
2379 3642 2398 3675 ι
2435 3623 2571 3678 Cum
2603 3633 2786 3680 autem
2813 3634 2960 3680 esset
2985 3627 3178 3696 plenus
3209 3628 3416 3698 Spiritu
3449 3648 3572 3686 san-

1981 3717 2090 3772 cto,
2122 3711 2410 3768 intendens
2441 3713 2494 3768 in
2519 3713 2718 3770 emtum
2752 3715 2889 3770 vidit
2914 3717 3142 3787 gloriam
3165 3719 3279 3774 Dei.
3323 3742 3340 3773 ι
3374 3722 3568 3779 Mirum

1975 3799 2145 3863 dictu,
2194 3810 2251 3856 et
2294 3803 2460 3858 totius
2503 3806 2876 3873 supergressio
2921 3818 3206 3864 creaturas.
3257 3809 3487 3866 lntendit
3514 3814 3566 3867 in

1974 3889 2196 3955 ctelum,
2233 3891 2381 3948 videt
2415 3893 2528 3964 jam
2562 3891 2671 3949 non
2712 3897 2932 3962 cmlum,
2972 3900 3065 3953 sed
3115 3902 3284 3957 caelos
3327 3915 3566 3973 apertos,

1975 3980 2120 4036 videt
2145 3983 2374 4053 gloriam
2403 3983 2520 4050 Dei,
2550 3994 2607 4040 et
2627 3983 2811 4041 Jesum
2840 3996 3073 4044 stantem
3099 4005 3130 4044 a
3166 3991 3372 4047 dextris
3395 3995 3569 4048 virtu-

1974 4072 2046 4127 tis
2067 4071 2182 4128 Dei.
2218 4073 2397 4131 Movet
2427 4093 2511 4131 me
2536 4077 2651 4132 hac
2692 4078 2947 4144 intentio,
3001 4097 3124 4152 qua:
3162 4083 3228 4137 de
3262 4085 3443 4140 cordis
3472 4102 3570 4155 pu-

1975 4164 2140 4221 ritate
2169 4167 2373 4234 refusa,
2399 4170 2505 4224 vim
2529 4169 2661 4227 facit
2685 4171 2860 4240 caelis,
2888 4183 2944 4228 et
2968 4176 3034 4229 ad
3067 4176 3236 4246 ipsius
3267 4179 3570 4235 divinitatis

1973 4258 2356 4313 consistorium
2399 4272 2649 4331 penetrat
2675 4272 2730 4318 et
2777 4265 3011 4336 attingit.
3053 4267 3188 4323 Cotti
3225 4270 3562 4339 aperiuntur,

1975 4348 2144 4420 gloria
2172 4350 2265 4405 Dei
2295 4352 2528 4418 videtur,
2557 4354 2716 4410 Jesus
2757 4358 3112 4427 conspicitur,
3155 4369 3308 4414 stans
3342 4377 3445 4414 non
3480 4377 3566 4416 so—

1973 4439 2086 4494 lum
2117 4457 2147 4496 a
2177 4443 2384 4498 dextris
2405 4444 2521 4506 Dei,
2547 4447 2639 4500 sed
2663 4462 2691 4499 a
2722 4443 2927 4503 dextris
2941 4449 3179 4504 virtutis.
3215 4449 3363 4504 Hanc
3391 4452 3564 4506 inten-

1971 4530 2176 4586 tionem
2228 4531 2434 4588 fecerat
2483 4535 2712 4615 abjeetio
2763 4541 2980 4604 mundi,
3043 4551 3387 4612 contemptus
3447 4547 3564 4610 sui,

1969 4623 2152 4679 cordis
2183 4626 2471 4693 munditia,
2501 4628 2719 4684 dilectio
2752 4628 2866 4694 Dei,
2900 4647 3056 4687 amor
3084 4634 3338 4698 oroximi,
3367 4636 3567 4690 verita-

1970 4714 2043 4770 tis
2061 4714 2326 4782 defensio,
2354 4717 2683 4774 desiderium
2711 4719 2933 4776 Christi.

2042 4805 2426 4878 Betorquenda
2478 4821 2660 4865 essent
2727 4813 2840 4866 haec
2889 4814 3072 4868 omnia
3124 4815 3192 4869 ad
3246 4829 3562 4872 communes

1967 4897 2223 4954 ﬂosculos
2251 4899 2621 4965 mortalitatis,
2652 4902 2756 4955 nisi
2781 4916 2926 4958 esset
2952 4905 3272 4962 excellentia
3303 4910 3561 4979 martyris

1967 4989 2424 5045 commendanda.
2471 4989 2679 5046 Felices
2737 4994 2897 5059 oculi,
2951 4998 3162 5053 subtilis
3211 5000 3391 5063 visus,
3426 5003 3563 5057 visio

1968 5079 2225 5150 gloriosa.
2276 5080 2558 5151 Simulque
2604 5085 2884 5153 signanter
2936 5089 3186 5160 recollige
3235 5094 3559 5162 positionem

1969 5171 2280 5226 verborum.
2309 5171 2508 5228 Plenus
2535 5185 2620 5229 est
2643 5175 2870 5245 Spiritu,
2896 5189 2951 5232 et
2983 5180 3060 5235 sic
3091 5181 3315 5236 intendit
3367 5185 3417 5237 in
3451 5200 3558 5239 cte-

1972 5265 2080 5316 lum
2105 5265 2230 5333 quia
2264 5268 2356 5335 qui
2395 5264 2596 5336 Spiritu
2622 5267 2927 5326 divinitatis
2949 5272 3182 5337 amatur,
3227 5279 3561 5331 conculcatis

1976 5357 2325 5411 '.-.‘restribus
2351 5359 2663 5416 coelestibus
2695 5362 2868 5417 inhiat
2916 5374 2971 5419 et
3007 5368 3243 5422 :eternis.
3289 5367 3417 5423 Post
3446 5371 3561 5424 hac

1972 5443 2292 5513 aperiuntur
2331 5447 2478 5513 caeli,
2521 5451 2776 5521 nullaque
2812 5456 3070 5522 praevalet
3116 5459 3442 5525 obiirmatio,
3479 5461 3561 5514 vel

1975 5533 2233 5601 claustra,
2288 5553 2408 5607 qua:
2450 5555 2556 5595 non
2602 5546 2917 5610 transvolet,
2967 5556 3060 5600 ant
3118 5549 3378 5620 irrumpat
3407 5568 3560 5606 mens

1977 5622 2066 5678 illa
2097 5639 2324 5680 summa:
2352 5630 2519 5683 menti
2552 5631 2874 5689 aifectanter
2901 5636 3193 5693 inhmrens.
3225 5641 3560 5710 Aperiuntur

1979 5728 2109 5782 ergo
2128 5715 2270 5772 coeli.
2305 5725 2359 5770 et
2386 5728 2517 5786 puto
2552 5722 2694 5790 quod
2718 5738 2918 5802 omnes
2932 5725 3054 5781 caeli
3085 5745 3378 5799 eorumque
3404 5748 3561 5802 aper-

1980 5804 2187 5860 tionetn
2220 5809 2470 5876 sequitur
2496 5812 2631 5867 visio
2659 5813 2844 5884 gloritc
2878 5798 2993 5883 Dei,
3041 5828 3095 5872 et
3134 5798 3343 5875 videtur
3377 5798 3556 5879 Domi-

3595 4582 3646 4642 D

3684 1993 3892 2032 summa
3940 1982 4226 2034 verborum
4273 1982 4660 2039 deliberatione
4704 1989 4875 2057 magis
4918 2004 5128 2042 secura:
5161 2006 5281 2043 am-

3684 2068 3928 2132 biguitati
3958 2085 4121 2138 quam
4178 2071 4494 2138 periculosa:
4526 2073 4848 2138 deﬁnitioni,
4881 2077 4984 2131 ista
5026 2077 5281 2132 commit-

3685 2163 3766 2211 tit.
3802 2179 3817 2210 ι
3854 2161 3997 2219 Sive,
4042 2161 4236 2228 inquit,
4296 2162 4347 2215 in
4403 2178 4651 2232 corpore,
4697 2166 4812 2220 sive
4855 2176 5007 2220 extra
5051 2182 5256 2224 cornus

3685 2253 3888 2310 ειμι-ἑο,
3935 2252 4075 2305 Deus
4105 2253 4205 2304 scit
4236 2250 4318 2320 (Il
4351 2251 4474 2305 Cor.
4510 2255 4606 2321 xl).
4645 2273 4663 2304 ι

3757 2343 4072 2395 ¹·;ιυ1;ιιιι;ιιιι
4126 2344 4308 2396 statim
4364 2344 4605 2399 clamore
4655 2345 4932 2408 horribili,
4988 2349 5278 2404 cnntinent

3682 2448 3841 2486 auri-5
3870 2450 4027 2498 suas,
4064 2443 4119 2487 et
4158 2450 4249 2487 cas
4277 2435 4568 2489 obstruunt
4607 2437 4840 2491 veritati.
4874 2438 5141 2508 Impetum
5201 2439 5281 2495 fe-

3682 2533 3874 2578 cerunt
3926 2526 4254 2578 unanimiter
4314 2527 4366 2579 in
4411 2541 4567 2589 eum,
4617 2527 4743 2581 facti
4791 2530 4950 2584 amici
4995 2531 5048 2582 in
5101 2544 5279 2588 morte

3681 2618 3845 2680 illius,
3877 2628 3930 2671 et
3969 2619 4248 2686 ejicicntcs
4274 2633 4398 2672 eum
4431 2628 4584 2672 extra
4610 2620 4906 2684 civitatem,
4938 2621 5275 2690 lapidabant.

3681 2711 3910 2777 l'ljicitur
3947 2720 4156 2779 martyr
4189 2722 4342 2763 extra
4370 2711 4648 2765 civitatem
4690 2713 5035 2782 sanguinurn,
5081 2716 5136 2768 in
5169 2731 5276 2783 qua

3681 2801 4056 2867 priusjnstitia
4088 2799 4445 2862 habitaverat,
4480 2816 4622 2855 nunc
4663 2813 4840 2856 autem
4873 2805 5183 2870 homicidae,
5209 2811 5280 2862 de

3679 2905 3784 2958 qua
3823 2890 3954 2942 dicit
3980 2900 4250 2943 sanctus:
4292 2908 4308 2941 I
4340 2891 4606 2957 Quoniam
4657 2893 4763 2947 vidi
4810 2895 5172 2964 iniquitatem,
5221 2908 5280 2952 et

3681 2981 4164 3035 contradictionem
4204 2983 4257 3035 in
4299 2983 4517 3037 civitate
4563 2982 4737 3053 (Psal.
4776 2991 4920 3052 ην).
4961 3006 4977 3037 ι
5027 2986 5152 3042 Haec
5190 3001 5278 3044 est

3677 3071 3870 3123 civitas
3898 3111 3912 3132 ,
3957 3086 4119 3138 quam
4174 3071 4263 3126 die
4307 3087 4372 3126 ac
4423 3083 4581 3127 nocte
4621 3075 4928 3130 circumdat
4974 3077 5271 3147 iniquitas.

3675 3163 3868 3216 civitas
3917 3162 4199 3217 castellum
4241 3163 4553 3234 despective
4601 3176 4821 3233 vocata,
4873 3169 5016 3236 quod
5078 3179 5272 3225 contra

3675 3255 3949 3320 apostolus
4004 3264 4056 3308 et
4093 3255 4460 3323 apostolorum
4498 3257 4807 3324 Dominum,
4843 3260 5152 3315 durissimis
5183 3264 5274 3317 in—

3676 3345 3951 3398 fidelitatis
3976 3346 4222 3398 vectibus
4262 3355 4344 3399 est
4379 3348 4646 3402 munitum
4675 3347 4891 3416 (Matth.
4926 3350 5062 3417 xxI).
5093 3350 5274 3407 Extra

3674 3448 3882 3505 portam
3937 3436 4174 3491 civitatis
4221 3438 4381 3506 hujus
4429 3453 4620 3507 passus
4662 3448 4748 3494 est
4790 3439 5071 3504 Dominus,
5110 3451 5270 3497 extra

3673 3540 3792 3579 eam
3834 3525 4108 3594 lapidatur
4157 3541 4346 3579 servus
4389 3527 4580 3581 exiens
4610 3528 4677 3582 ad
4709 3542 4833 3582 eum
4877 3538 5029 3584 extra
5062 3541 5270 3596 castra,

3672 3624 3726 3670 et
3763 3625 3987 3685 portans
4016 3616 4423 3671 similitudinem
4470 3618 4783 3688 improperii
4809 3619 4946 3689 ejus.
4975 3621 5268 3692 Deponun-

3673 3716 3759 3761 tur
3793 3709 4113 3762 vestimenta
4143 3709 4400 3778 martyris
4439 3711 4505 3763 ad
4553 3711 4716 3779 pedes
4754 3715 5145 3782 persecutoris,
5172 3718 5267 3786 qui

3669 3797 3737 3851 ad
3773 3807 3975 3851 tactum
4013 3813 4291 3852 sacrarum
4339 3799 4593 3862 vestium,
4635 3808 4693 3854 et
4740 3801 5074 3856 orationibus
5131 3801 5258 3874 lapi-

3671 3892 3827 3945 dandi
3856 3892 4032 3946 fuerat
4059 3892 4454 3946 convertendus
4487 3911 4496 3944 :
4538 3911 4555 3942 ι
4591 3892 4656 3946 Et
4686 3891 5016 3964 lapidabant,
5053 3898 5228 3966 inquit
5250 3938 5266 3959 ,

3673 3981 4005 4051 Stephanum
4031 3983 4371 4037 invocantem
4398 3991 4454 4036 et
4497 3983 4764 4037 dicentem
4804 4003 4817 4036 :
4864 3983 5088 4040 Domine
5107 3983 5259 4050 Jesn,

3673 4074 3857 4142 accipe
3887 4073 4137 4143 spiritum
4190 4089 4368 4128 meum
4399 4074 4540 4144 (Act.
4573 4075 4688 4144 vti).
4724 4094 4742 4126 ι
4798 4074 5038 4130 Currant
5078 4079 5154 4132 illi
5198 4081 5264 4133 ad

3669 4163 3893 4233 lapides,
3917 4175 3971 4219 et
4000 4165 4087 4219 ille
4115 4165 4180 4218 ad
4205 4179 4412 4233 preces,
4440 4164 4644 4234 lapides
4667 4166 4899 4236 lapidem
4924 4171 5261 4236 p:rcutiunt.

3671 4256 3762 4311 sed
3795 4256 4028 4325 lapidem
4057 4255 4378 4319 molliorem,
4408 4257 4475 4311 de
4514 4273 4620 4326 quo
4656 4256 4772 4312 linit
4803 4258 4982 4313 oleum
5025 4261 5264 4316 charito-

3674 4349 3762 4411 tis,
3799 4359 3853 4402 et
3884 4349 4110 4401 tinnitus
4148 4346 4393 4401 redditur
4440 4348 4676 4416 pietatis.
4729 4348 4954 4402 Domine
4989 4347 5147 4414 Iesu,
5191 4355 5270 4405 in-

3670 4442 3805 4509 quit,
3849 4457 3915 4495 ne
3962 4451 4168 4495 statuas
4223 4441 4326 4494 illis
4375 4442 4478 4495 hoc
4519 4453 4822 4510 peccatum,
4851 4443 4979 4512 quia
5015 4447 5270 4499 nesciunt

3673 4535 3802 4603 quid
3829 4533 4054 4588 faciunt.
4082 4533 4254 4602 ltogat
4283 4535 4482 4603 suscipi
4510 4535 4761 4603 spiritum
4789 4549 4979 4600 suum;
5010 4536 5265 4605 spiritum

3672 4625 3886 4694 utique,
3926 4634 3980 4678 et
4027 4626 4279 4694 spiritum
4329 4624 4513 4688 illum,
4565 4641 4726 4695 quem
4780 4627 5060 4695 signanter
5111 4634 5265 4698 quasi

3666 4718 3937 4788 quoddam
3968 4719 4185 4772 tertium
4209 4719 4501 4787 Apostolus
4530 4720 4581 4773 in
4613 4719 4829 4773 homine
4856 4722 5104 4792 pmipit
5125 4739 5265 4777 cou-

3664 4809 3891 4866 servari.
3925 4829 3941 4861 ι
3975 4809 4043 4864 Ut
4070 4810 4298 4879 integer,
4326 4811 4520 4878 inquit,
4551 4811 4731 4864 anima
4758 4827 4899 4874 mea,
4931 4821 4990 4865 et
5013 4815 5262 4881 spiritus.

3663 4914 3718 4957 et
3764 4919 3961 4972 corpus
4017 4903 4070 4957 in
4122 4903 4264 4958 diem
4315 4902 4527 4957 Domini
4579 4903 4698 4959 sine
4742 4902 4968 4974 querela
5014 4919 5265 4960 servetur

3667 4993 3750 5063 (11
3780 4994 3960 5048 Thess.
3994 4995 4070 5062 ν).
4110 5011 4127 5043 ι

3737 5085 3781 5141 Ο
3813 5096 4016 5156 quanta
4070 5085 4260 5154 pietas,
4305 5094 4543 5155 quantus
4597 5083 4846 5150 aﬂectos,
4896 5094 4953 5140 et
4995 5087 5264 5141 ardentis-

3665 5178 3816 5231 sima:
3859 5179 4144 5232 charitatis
4196 5177 4502 5247 integritas.
4549 5176 4716 5231 Recte
4766 5177 5015 5248 martyrii
5074 5176 5260 5234 ﬂorem

3668 5273 3770 5326 iste
3801 5270 3900 5325 sibi
3934 5272 4318 5340 pravendicat.
4347 5272 4399 5326 in
4426 5288 4534 5342 quo
4561 5271 4861 5328 similitudo
4891 5270 5104 5326 Domini
5134 5287 5260 5344 pen-

3667 5363 3845 5417 dentis
3887 5364 3938 5416 iu
3989 5379 4152 5417 cruce
4197 5364 4535 5419 mirabilibus
4576 5362 4821 5419 formulis
4857 5373 4939 5419 est
4972 5365 5254 5434 impressa.

3667 5455 3722 5509 in
3755 5456 3898 5525 ligno
3926 5460 4068 5511 enim
4112 5458 4303 5528 spinis,
4350 5459 4542 5524 clavis,
4579 5457 4766 5513 lancea
4800 5455 5013 5522 allixus,
5047 5469 5104 5512 et
5141 5474 5256 5512 cru-

3670 5550 3886 5612 cifixus,
3938 5549 4243 5603 dissimulat
4286 5549 4435 5603 illum
4488 5551 4706 5603 unicum
4749 5549 5011 5614 dolorem,
5045 5560 5101 5604 et
5127 5551 5257 5605 obii.

3671 5643 3898 5696 viscitur
3930 5644 4120 5696 mortis
4152 5643 4364 5707 vicinte,
4396 5658 4592 5696 novum
4633 5643 5038 5698 introducturus
5079 5660 5256 5698 exem-

3670 5735 3845 5804 plum,
3905 5737 4078 5804 aperit
4130 5735 4469 5790 latitudinem
4516 5735 4836 5798 charitatis,
4892 5745 4942 5790 et
4999 5737 5252 5802 apertieri

3672 5842 3862 5895 campo
3915 5828 4176 5883 terminos
4209 5827 4421 5882 tradita:
4466 5827 4599 5899 legis
4641 5827 4950 5898 ampliﬁcat,
5005 5842 5108 5881 non
5145 5825 5254 5894 λιιι
