5450 6334
840 387 947 446 857

2341 349 2576 407 $151010
2615 352 2804 409 LXIII.

4076 364 4184 424 858

846 508 1018 565 solum
1045 503 1254 561 amicus
1285 501 1494 568 amicis,
1537 498 1632 557 sed
1664 499 1834 554 velint
1881 496 2076 561 nolint,
2117 509 2329 550 amicus
2354 507 2450 563 pa-
2477 491 2526 552 Α
2557 489 2713 554 bern,
2762 488 2866 544 hoc
2921 493 3038 549 est,
3095 485 3146 540 in
3195 484 3393 540 συνίετε
3454 483 3780 539 substantia":
3831 482 4184 555 claritatem,

847 599 977 652 riter
1025 594 1284 651 inimicis.
1329 611 1346 643 ι
1378 591 1565 658 Pater,
1611 590 1809 662 inquit,
1857 588 2083 660 ignosce
2141 585 2271 649 illis,
2322 586 2452 654 quia

845 688 1094 744 nesciunt
1117 685 1249 756 quid
1278 681 1487 738 faciunt
1515 681 1669 753 (Luc.
1698 680 1882 750 χχιιι).
1923 699 1942 732 ι
1979 676 2097 733 Νοιι
2127 676 2304 748 potuit
2330 689 2454 731 esse

846 778 1092 834 ineiiicax
1123 777 1303 832 oratio
1333 774 1646 840 morientis,
1682 775 1826 828 unde
1862 779 1918 828 et
1956 771 2309 826 inimicorum
2343 785 2447 824 nu-

843 870 1133 925 merositas
1170 868 1238 922 ad
1267 880 1557 922 numerum
1589 865 1896 922 amicorum
1929 863 2207 917 transivit.

911 959 1076 1033 335.
1109 957 1457 1030 Vide'quam
1507 966 1658 1013 recto
1709 971 1875 1011 cursu
1929 954 2274 1026 Stephanus,
2317 963 2374 1008 et
2407 953 2452 1008 si

842 1071 944 1110 non
987 1061 1191 1124 aequat,
1245 1051 1496 1122 sequitur
1553 1060 1734 1105 tamen
1797 1049 2243 1118 Redemptorem.
2295 1046 2456 1102 Volat

841 1161 1101 1201 saxorum
1145 1145 1342 1212 imber,
1388 1154 1445 1201 et
1479 1143 1802 1200 fortiSsimis
1849 1142 2157 1198 invidorum
2201 1141 2453 1196 manibus

839 1240 955 1294 loca
1004 1240 1294 1297 vulnerum
1343 1239 1716 1310 duplicantur,
1771 1238 1869 1293 sed
1923 1237 2200 1308 patienter
2248 1236 2456 1306 patitur

841 1341 1136 1388 coronatus
1183 1341 1391 1396 noster,
1448 1330 1516 1386 de
1559 1344 1766 1387 corona
1807 1329 2045 1384 nominis
2090 1328 2159 1382 ad
2189 1341 2454 1384 coronam

841 1424 1126 1494 regiminis
1159 1420 1592 1478 transferendus.
1640 1421 1828 1478 Nescit
1866 1420 2124 1477 aﬂ'ectum
2166 1419 2367 1483 carnis,
2399 1427 2456 1473 et

840 1516 1031 1571 mortis
1057 1517 1250 1571 horam
1277 1516 1527 1586 ignorat;
1565 1523 1620 1571 et
1645 1515 1770 1571 vide
1794 1514 1930 1591 quid
1955 1513 2220 1569 deliberet
2251 1511 2455 1567 facien-

839 1605 987 1661 dum.
1021 1605 1225 1662 Positis
1263 1619 1446 1662 autem
1494 1606 1726 1677 genibus
1773 1606 2032 1662 clamavit
2071 1621 2210 1661 voce
2253 1617 2454 1672 magna

839 1699 1072 1755 dicens:
1110 1719 1130 1752 ‹
1171 1699 1400 1754 Domine
1446 1713 1514 1754 ne
1561 1709 1775 1754 statuas
1832 1697 1940 1754 illis
1985 1698 2090 1754 hoc
2143 1704 2452 1768 peccatum,

838 1789 965 1858 quia
1000 1789 1252 1845 nesciunt
1300 1789 1432 1860 quid
1477 1789 1707 1845 faciunt.
1745 1807 1763 1842 ι
1800 1789 2018 1846 Clamat
2062 1803 2196 1844 voce
2231 1801 2454 1858 magna,

2559 586 2745 641 radios
2776 583 3079 656 purificatae
3109 581 3310 636 mentis
3341 581 3542 637 inﬁxit.

2628 681 2672 737 0
2700 695 2862 750 quam
2891 677 3142 734 miranda
3190 693 3358 748 super
3400 693 3503 732 nos
3550 676 3796 733 caelestis
3842 678 4060 734 consilii
4097 678 4189 738 di-

2557 773 2867 844 spensatio!
2901 771 2946 827 Ο
2976 786 3141 842 quam
3187 771 3517 839 profundam
3551 770 3751 825 divina:
3781 771 4070 840 sapientia:
4103 781 4190 828 est

2555 867 2820 923 altitudo!
2863 861 3159 921 Descendit
3191 865 3334 918 Deus
3365 865 3435 919 ad
3465 862 3768 926 hominem,
3808 873 3869 916 ut
3904 853 4184 920 occultam

2559 959 2876 1014 hominibus
2911 956 3257 1037 patefaceret
3282 956 3578 1012 Deitatem.
3615 955 3700 1010 Ad
3735 955 3900 1028 335
3930 957 4190 1011 humana:

2557 1049 2913 1106 mortalitatis
2955 1050 3110 1105 exire
3154 1047 3416 1119 dignatus
3451 1058 3538 1105 est
3575 1047 3878 1118 publicum,
3925 1057 3986 1104 ut
4027 1049 4190 1106 nobis

2557 1142 2880 1198 azternitatis
2910 1157 3022 1197 sure
3066 1139 3339 1196 revelaret
3368 1155 3656 1195 arcanum.
3693 1140 3802 1197 Sed
3849 1141 3893 1196 si
3941 1157 4093 1209 mox,
4129 1155 4188 1198 ut

2559 1232 2612 1286 in
2644 1232 2978 1304 evangelica
3017 1233 3284 1288 doctrina:
3314 1232 3487 1303 cmpit
3507 1232 3676 1287 verba
3702 1248 4090 1303 prorumpere,
4121 1248 4187 1288 ac

2559 1337 2714 1377 nova:
2756 1323 2950 1392 gratiae
2996 1322 3258 1394 mysteria
3301 1323 3533 1378 rudibus
3574 1313 3770 1378 adhuc.
3800 1324 4186 1393 imperitorum

2557 1416 2819 1472 cordibus
2863 1417 3115 1486 aperire,
3165 1417 3354 1474 statim
3403 1417 3710 1472 divinitatis
3751 1433 3864 1473 sum
3919 1417 4188 1487 panderet

2558 1517 3003 1572 sacramentum,
3056 1507 3215 1578 cujus
3270 1523 3458 1578 quaeso
3505 1509 3676 1563 ferret
3728 1509 3978 1573 auditus,
4027 1510 4187 1580 cujus

2559 1611 2801 1668 unquam
2834 1607 3057 1668 caperet
3096 1597 3440 1654 intellectus?
3482 1596 3618 1652 Nam
3677 1608 3737 1653 ut
3779 1597 3849 1653 de
3895 1599 4187 1654 divinitate

2561 1707 2708 1748 nunc
2752 1701 2997 1756 taceam,
3047 1707 3173 1747 cum
3223 1691 3489 1747 Dominus
3536 1693 3746 1747 diceret
3783 1709 3797 1746 :
3839 1711 3858 1744 ι
3893 1691 4031 1759 Quia
4077 1691 4184 1747 nisi

2562 1783 3030 1840 manducaveritis
3075 1800 3299 1840 carnem
3355 1783 3451 1840 lilii
3506 1784 3789 1848 hominis,’
3823 1794 3880 1841 et
3933 1765 4186 1853 biberitis

838 1879 966 1949 quia
995 1895 1196 1952 magna
1238 1881 1425 1951 utique
1462 1881 1768 1946 charitate;
1800 1880 1999 1950 positis
2031 1879 2283 1952 genibus.
2323 1876 2453 1948 quia
2488 1867 2534 1929 Β
2563 1879 2682 1950 ejus
2713 1879 3064 1952 sanguinem,
3108 1893 3215 1934 non
3260 1877 3536 1934 habebitis
3572 1878 3740 1932 vitam
3786 1878 3840 1932 in
3869 1877 4025 1953 vobis
4058 1893 4072 1930 :
4105 1890 4185 1942 et,

837 1985 988 2036 vera,
1021 1981 1079 2026 et
1123 1971 1318 2026 humili
1367 1972 1739 2042 simplicitate.
1788 1971 1899 2027 Pro
1946 1986 2006 2026 se
2041 1985 2209 2025 orans
2239 1977 2365 2034 stat,
2400 1976 2457 2022 et

835 2062 1102 2134 erigitur;
1136 2077 1237 2134 pro
1262 2062 1636 2132 lapidantibus
1664 2061 1833 2117 ﬂectit
1853 2077 2050 2133 genua.
2083 2061 2216 2128 Quis
2245 2059 2456 2114 audivit

837 2167 1080 2224 unquam
1132 2153 1320 2219 talem,
1375 2162 1432 2209 et
1483 2153 1608 2224 quis
1660 2153 1798 2208 vidit
1845 2153 1974 2208 huic
2021 2151 2296 2207 similem?
2323 2151 2456 2206 Plus

835 2243 984 2302 dolet
1031 2247 1481 2317 persequentium
1535 2255 1767 2317 peccata
1817 2262 1984 2318 quam
2031 2262 2131 2302 sua
2182 2246 2450 2304 vulnera:

836 2335 1054 2395 illorum
1085 2339 1426 2410 iniquitatem
1454 2353 1619 2410 quam
1647 2355 1804 2396 suam
1833 2348 2093 2395 mortem.

891 2448 932 2503 ,ς
953 2431 1160 2488 Etcum
1178 2432 1280 2488 hoc
1295 2431 1543 2496 dixisset,
1561 2431 1892 2488 obdormivit
1907 2433 1960 2488 in
1979 2432 2230 2488 Domino.
2261 2451 2279 2484 ι
2303 2432 2452 2488 Felix

835 2534 1068 2578 somnus
1094 2536 1219 2577 cum
1243 2521 1450 2592 requie,
1474 2523 1694 2592 requies
1724 2538 1849 2578 cum
1877 2521 2178 2593 voluptate,
2200 2521 2451 2592 voluptas

837 2629 963 2669 cum
980 2615 1258 2681 satietate,
1283 2615 1512 2671 satietas
1539 2630 1665 2670 cum
1696 2615 2015 2680 securitate,
2034 2615 2304 2671 securitas
2328 2629 2453 2669 cum

835 2708 1168 2764 aeternitate.
1187 2706 1557 2777 Obdormivit,
1583 2710 1850 2781 inquit,in
1874 2710 2131 2774 Domino,
2160 2709 2455 2781 absorptus

837 2800 893 2857 in
930 2802 1207 2858 claritatis
1237 2803 1519 2874 abyssum,
1552 2811 1607 2858 et
1656 2804 1802 2858 inter
1844 2803 1940 2859 Dei
1961 2803 2059 2861 .sui
2108 2803 2335 2858 brachia
2363 2818 2455 2858 re-

836 2893 1152 2964 quiescens.
1181 2893 1419 2951 Sedebat
1443 2911 1475 2950 a
1502 2896 1711 2952 dextris
1737 2897 1834 2952 Dei
1863 2896 2129 2952 Dominus
2152 2894 2335 2958 Jesus,
2358 2894 2455 2950 sed

835 2986 1020 3056 primo
1066 2987 1302 3060 martyri
1331 2997 1637 3060 martyrum
1676 2996 1862 3058 caput.
1915 2987 2136 3044 Recolis
2180 2988 2313 3058 quid
2365 2987 2454 3043 illa

834 3075 1102 3135 Ecclesiae
1146 3078 1352 3150 lingua,
1399 3081 1767 3152 Augustinum
1817 3080 2033 3152 loquor,
2070 3080 2139 3136 de
2181 3081 2285 3136 hoc
2318 3096 2458 3135 mar-

837 3182 960 3246 tyre
1013 3175 1286 3242 senserit,
1337 3175 1431 3247 qui
1480 3187 1606 3246 post
1651 3185 1884 3232 mortem
1949 3186 2158 3247 septem
2207 3185 2454 3232 mortuos

833 3269 1060 3324 asserit.

905 3359 1010 3416 Eia
1047 3375 1168 3427 vos,
1210 3361 1302 3432 qui
1343 3361 1561 3418 levitico
1607 3361 1804 3418 ordine
1845 3360 2200 3434 praefulgetis,
2237 3370 2456 3418 cantate

831 3449 967 3508 huic
1000 3452 1278 3507 canticum
1315 3469 1537 3521 novum,
1584 3463 1640 3510 et
1685 3461 1850 3510 tantae
1899 3437 2191 3510 fcstivitati
2242 3453 2457 3510 festivis

831 3541 1068 3598 vocibus
1107 3543 1425 3599 incumbite.
1467 3544 1745 3602 Fortassis
1790 3546 1968 3602 aderit
2007 3547 2356 3612 canentibus,
2392 3547 2458 3602 et

833 3644 1098 3706 suggeret
1142 3636 1207 3692 de
1259 3637 1419 3693 nobis
1469 3637 1700 3694 Domino
1743 3655 1866 3707 suo,
1898 3638 2072 3709 iudici
2110 3648 2301 3697 nostro
2335 3659 2348 3694 :
2378 3639 2458 3696 Ne

832 3735 1054 3784 statuas
1085 3728 1191 3785 illis
1221 3717 1426 3802 ahquid
1460 3732 1526 3787 ad
1561 3741 1874 3802 peccatum,
1904 3735 1997 3804 qui
2025 3748 2088 3791 es
2110 3733 2258 3791 Deus
2289 3735 2458 3791 bene-

834 3819 1023 3878 dictus
1051 3821 1106 3876 in
1133 3825 1357 3878 saecula.
1383 3824 1582 3880 Amen.

1396 3958 1632 4018 SERMO
1672 3960 1853 4018 LXIII.

947 4089 1017 4128 ns
1055 4087 1258 4130 sacro
1292 4089 1492 4129 JOANNE
1534 4091 1808 4131 APOSTOLO
1846 4091 1916 4132 ετ
1955 4085 2344 4134 evasimus“.

1400 4148 1572 4217 (xxvtt
1607 4150 1862 4218 nsceus.)

910 4278 1108 4345 Hodie,
1156 4281 1522 4346 dilectissimi,
1572 4294 1778 4340 sanctae
1820 4286 1978 4342 nobis
2016 4287 2216 4342 laetitiae
2255 4289 2455 4360 gaudia

835 4375 1213 4444 geminantur,
1238 4375 1364 4446 quia
1390 4378 1594 4432 recenti
1623 4379 1802 4434 adhuc
1831 4381 2122 4436 nativitate
2146 4382 2454 4445 Dominica,

831 4464 904 4525 Β.
933 4463 1161 4522 Joannis
1187 4468 1434 4523 occurrit
1454 4469 1776 4526 solemnitas
1802 4471 2061 4542 gloriosa.
2090 4473 2262 4530 Ilodie
2286 4475 2456 4530 disci-

833 4558 1029 4630 pulus,
1059 4576 1224 4631 quem
1257 4562 1517 4632 diligebat
1543 4562 1724 4628 Jesus,
1752 4565 2035 4622 dilectoris
2066 4583 2150 4622 SUI
2189 4569 2455 4638 amplexi-

830 4649 947 4706 ωε
973 4652 1282 4725 stringitur,
1310 4655 1574 4711 societate
1601 4646 1924 4727 perfruitur,
1959 4670 2016 4714 et
2046 4662 2190 4730 quod
2215 4662 2451 4726 viderat,

833 4743 990 4816 quod
1019 4745 1290 4813 audierat,
1323 4748 1468 4816 quod
1496 4750 1749 4803 manibus
1772 4757 2166 4806 attrectaverat
2193 4752 2258 4807 de
2286 4754 2453 4809 verbo

832 4840 990 4901 “LE,
1019 4843 1173 4891 tanto
1194 4835 1311 4907 jam
1345 4835 1583 4906 liquidus
1621 4849 1828 4910 quanto
1875 4839 2164 4896 sublimius
2203 4852 2455 4898 contem-

833 4923 1024 4996 platur
1048 4925 1097 4997 (I
1129 4927 1292 4982 Joan.
1322 4929 1387 4996 t).
1417 4927 1589 4985 Hodie
1614 4931 1828 4987 scilicet
1859 4932 1947 4986 illa
1975 4934 2242 4989 mirabilis
2270 4934 2453 5006 aquila

834 5029 1007 5086 quam
1052 5025 1108 5071 et
1149 5016 1280 5073 olim
1331 5018 1584 5075 Ezechiel
1639 5021 1886 5078 eminere
1944 5025 2162 5080 czeteris
2217 5037 2454 5096 quatuor

835 5105 1172 5167 animalibus
1208 5108 1345 5162 vidit
1375 5108 1594 5178 (Ezech.
1623 5112 1686 5180 ι),
1718 5119 1776 5166 ct
1807 5112 1922 5182 ipse
1948 5111 2190 5171 Joannes
2225 5116 2453 5183 suimet,

835 5205 904 5252 ut
929 5196 1003 5253 ita
1032 5198 1248 5270 loquar,
1273 5201 1540 5272 propheta
1575 5201 1779 5270 factus,
1821 5205 2096 5261 volantem
2137 5207 2189 5262 in
2219 5209 2450 5280 mystica

833 5285 1055 5348 visione
1079 5289 1387 5361 conspexit,
1425 5293 1496 5348 ad
1545 5293 1765 5350 unicam
1811 5297 2130 5367 angelorum
2165 5307 2221 5355 et
2275 5299 2454 5356 homi-

836 5393 974 5433 num
1019 5396 1223 5448 escam,
1269 5384 1465 5455 pennis
1508 5384 1706 5441 librata
1754 5387 2072 5444 sublimium
2125 5389 2450 5448 meritorum

837 5469 1078 5529 feliciter
1120 5475 1376 5532 evolavit.
1413 5477 1566 5535 Licet
1597 5481 1746 5536 enim
1779 5482 2093 5553 ubicunque
2125 5482 2293 5540 fuerit
2329 5500 2454 5541 cor-

838 5578 968 5636 pus,
1007 5564 1120 5621 illic
1147 5571 1460 5627 necessario
1492 5584 1898 5646 congregentur
1947 5585 2004 5632 et
2057 5578 2254 5649 aquila:
2296 5579 2451 5652 (Luc.

838 5655 1010 5727 xvu);
1037 5657 1141 5713 iste
1170 5669 1348 5717 tamen
1378 5673 1531 5720 tanto
1553 5663 1878 5724 familiarius
1911 5669 1980 5725 ad
2017 5671 2140 5726 vita:
2171 5672 2449 5743 pabulum,

838 5750 1214 5820 corruptionis
1243 5755 1475 5812 vinculis
1499 5756 1614 5827 jam
1652 5760 1865 5818 solutus
1897 5754 2131 5829 accedit,
2163 5776 2371 5835 quanto
2400 5780 2453 5822 et

789 5858 794 5861 ·
840 5837 898 5894 iu
939 5855 1110 5898 carne
1149 5843 1325 5902 adhuc
1366 5849 1574 5919 positus
1641 5853 1692 5908 in
1742 5853 1918 5924 ipsum
1956 5857 2142 5912 aeterni
2187 5858 2316 5914 solis
2365 5876 2451 5914 or-

2486 4613 2533 4672 D

2560 1973 2652 2043 qui
2684 1973 2984 2028 manducat
3006 1988 3112 2036 me,
3141 1973 3259 2044 ipse
3279 1972 3427 2028 vivet
3451 1981 3679 2043 propter
3699 1987 3786 2027 me
3809 1971 3995 2040 (Joan.
4026 1986 4079 2025 vt
4098 1971 4137 2040 );
4161 1990 4180 2024 ι

2561 2066 2810 2137 protinus
2839 2066 3118 2136 aspernati
3154 2075 3282 2121 sunt
3323 2067 3577 2129 verbum,
3626 2075 3683 2122 et
3726 2067 4066 2121 exhorruere
4105 2063 4189 2118 di-

2559 2170 2751 2216 centes
2786 2179 2799 2215 :
2840 2179 2859 2212 ι
2895 2160 3076 2215 Durus
3121 2171 3210 2216 est
3250 2161 3340 2216 hic
3379 2175 3566 2216 sermo
3606 2177 3620 2215 :
3664 2161 3789 2231 quis
3842 2167 4023 2230 potest
4059 2172 4186 2212 eum

2560 2253 2789 2307 audire?
2825 2271 2843 2305 ι
2879 2251 3090 2308 Deinde
3139 2251 3428 2324 Scriptura
3481 2251 3762 2324 subiungit
3801 2268 3815 2305 :
3860 2269 3879 2304 ι
3919 2250 4000 2306 Ex
4046 2250 4187 2318 hoc,

2564 2343 2762 2415 inquit,
2802 2345 2957 2399 multi
2997 2345 3396 2414 discipulorum
3440 2342 3560 2414 ejus
3609 2343 3867 2401 abierunt
3910 2351 4084 2408 retro,
4133 2348 4192 2398 et

2552 2434 2668 2504 jam
2698 2450 2820 2490 cum
2857 2434 2948 2491 illo
2975 2451 3083 2491 nou
3112 2435 3470 2493 ambulabant
3496 2435 3688 2506 (Ιὺίἀ.)
3719 2455 3739 2489 ι
3778 2434 4036 2491 videlicet
4077 2450 4188 2490 non

2559 2530 2628 2585 de
2663 2530 2857 2596 turba;
2885 2545 2992 2585 non
3023 2529 3256 2599 quilibet
3281 2528 3546 2600 imperiti,
3568 2529 3667 2584 sed
3691 2528 3792 2597 ipsi
3819 2528 3984 2583 etiam
4014 2527 4187 2582 disci-

2559 2621 2673 2692 puli
2705 2621 3038 2690 nequierunt
3068 2634 3271 2689 capere
3309 2619 3536 2674 verbum
3569 2617 3844 2690 mysterii.
3877 2615 4019 2683 Quid
4049 2631 4190 2688 ergo

2561 2713 2650 2788 isti
2682 2712 2932 2768 facerent
2979 2720 3108 2766 ante
3140 2710 3337 2774 solem,
3369 2711 3465 2782 qui
3512 2710 3703 2765 caecati
3753 2718 3883 2764 sunt
3910 2709 3978 2763 ad
4008 2707 4190 2764 lucrr-

2558 2805 2724 2860 nam?
2773 2803 3059 2872 Quomodo
3108 2803 3335 2858 tonitrui
3392 2803 3706 2859 sustineant
3754 2802 4032 2866 sonitum,
4091 2818 4186 2873 qut

2558 2899 2865 2967 clangentis
2919 2897 3063 2952 tubae
3117 2898 3334 2966 pondus
3391 2896 3537 2952 ferre
3582 2904 3889 2966 nequeunt,
3941 2897 4056 2951 imo
4095 2896 4188 2966 qui

2558 3007 2872 3062 suppressae
2909 3005 2989 3046 .ac
3043 2998 3364 3062 temperata:
3418 2990 3676 3044 humana:
3729 2987 3884 3044 vocis
3937 2988 4187 3044 exilitate

2558 3086 2907 3140 surdescunt.

2631 3175 2929 3248 Pr0pterea
2963 3175 3129 3247 igitur
3164 3174 3502 3245 Redemptor
3539 3183 3728 3230 noster
3766 3173 4028 3231 dilectum
4079 3176 4187 3232 sibt

2560 3268 2786 3340 speciali
2837 3269 3203 3340 praerogativa
3253 3267 3616 3338 discipulum,
3669 3267 3738 3322 ad
3797 3267 4186 3324 declarandam

2560 3381 2673 3421 suae
2707 3364 3013 3420 divinitatis
3047 3362 3346 3419 essentiam
3386 3360 3662 3431 quoddam
3703 3361 3862 3430 quasi
3912 3376 4186 3431 organum

2560 3456 2712 3522 fecit,
2742 3466 2910 3527 atque
2941 3464 3002 3511 ut
3045 3456 3136 3510 hic
3179 3453 3462 3526 suppleret
3499 3453 3645 3524 quod
3689 3454 3760 3509 ad
3809 3463 4026 3525 tempus
4069 3455 4189 3526 ipse

2561 3548 2826 3604 Dominus
2880 3547 3255 3617 dispensative
3309 3555 3715 3616 suppresserat,
3769 3546 3994 3602 sibimet
4033 3547 4187 3603 vica-

2561 3641 2704 3696 rium
2731 3638 3048 3710 dereliquit,
3077 3647 3352 3709 quatenus
3387 3637 3606 3707 expleto
3650 3637 3947 3708 passionis,
3989 3653 4056 3693 ac
4096 3653 4186 3695 re-

2559 3733 2920 3790 surrectionis
2957 3733 3407 3803 ascensionisque
3435 3732 3718 3802 mysterio,
3763 3741 3896 3802 post,
3919 3733 4183 3788 tredecim

2561 3823 2678 3879 fere
2722 3838 2991 3879 annorum
3049 3823 3244 3889 lustra,
3303 3839 3430 3877 cum
3469 3822 3585 3894 jam
3638 3822 3896 3878 videlicet
3935 3823 4189 3882 homines

2561 3915 2876 3971 liberiorem
2940 3915 3010 3971 ad
3075 3914 3477 3985 capessendam
3549 3914 3841 3970 veritatem
3916 3915 4190 3972 baberent

2560 4009 2762 4064 mentis
2804 4008 3081 4073 obtutum,
3117 4007 3208 4063 hic
3247 4008 3649 4074 cocssentialis,
3687 4018 3742 4064 et
3780 4009 4042 4064 coxterni
4074 4009 4188 4066 Deo

2560 4101 2726 4157 Verbi
2757 4101 3022 4172 panderet
3048 4109 3476 4165 sacramentum,
3506 4100 3696 4156 dicens
3730 4120 3742 4155 :
3779 4122 3796 4154 ι
3827 4101 3884 4156 In
3913 4101 4187 4174 principio

2560 4203 2680 4249 erat
2715 4192 2978 4258 Verbum,
3007 4202 3062 4246 et
3103 4189 3342 4246 Verbqu
3376 4200 3497 4245 erat
3527 4192 3670 4262 apttd
3704 4191 3912 4257 Deum,
3951 4202 4008 4247 et
4041 4193 4187 4248 Deus

2561 4293 2680 4341 erat
2703 4283 2960 4343 .Verbum
2994 4281 3180 4355 (Joan.
3209 4284 3270 4354 ι).
3309 4303 3326 4335 ι
3372 4281 3637 4336 Ilutname
3668 4284 3869 4352 quippe
3898 4269 4189 4338 imbecilli-

2564 4379 2689 4434 tatis
2714 4378 2850 4432 ordo
2874 4376 3138 4447 poscebat
3165 4385 3225 4431 ut
3257 4376 3410 4446 prius
3433 4375 3642 4430 Christi
3677 4375 4039 4430 humanitatis
4069 4375 4186 4446 pri-
4247 4439 4252 4444 _

2561 4470 2772 4525 mordia
2824 4485 3046 4525 cursum
3100 4470 3747 4538 consummationemque
3795 4479 4185 4537 pernosceret,

2562 4561 2826 4616 miracula
2863 4562 3061 4626 etiam,
3094 4575 3217 4629 quae
3247 4561 3300 4614 in
3330 4560 3612 4616 hominem
3643 4561 3836 4628 gessit,
3870 4560 4187 4618 addisceret

2561 4655 2752 4723 sicque
2805 4654 3070 4726 paulatim
3125 4653 3193 4710 ad
3248 4653 3826 4724 comprehendendum
3879 4655 4188 4711 divinitatis

2559 4744 2787 4800 occultas
2835 4744 3161 4815 mysterium
3197 4745 3312 4800 suis
3362 4753 3613 4814 vegetata
3648 4745 4000 4815 provectibus
4045 4746 4191 4816 aspi-

2559 4846 2730 4894 raret.
2763 4838 3110 4908 Quapropter
3147 4837 3316 4893 divini
3361 4835 3462 4892 fuit
3501 4852 3668 4892 causa
3716 4837 3931 4892 consilii
3977 4847 4037 4893 ut
4084 4854 4190 4894 ca:-

2560 4929 2662 4986 teri
2703 4929 3088 5001 Evangelistze,
3131 4931 3223 5000 qui
3259 4930 3310 4985 in
3345 4930 3706 4986 describenda
3746 4931 4052 4987 Salvatoris
4088 4932 4190 4986 ltu-

2559 5021 2825 5076 manitate
2873 5021 3074 5083 versati
3111 5030 3261 5087 sunt,
3301 5021 3460 5092 longe
3497 5023 3900 5093 pra-cederent;
3942 5022 4188 5080 Joannes

2563 5129 2718 5181 vero,
2752 5130 2876 5169 cum
2931 5115 3185 5169 homines
3241 5124 3503 5186 tanquam
3546 5118 3726 5188 primo
3771 5116 4044 5173 lactantes
4094 5118 4190 5172 ﬂr-

2563 5208 2738 5263 miora
2769 5206 2885 5277 jam
2929 5208 2982 5263 in
3015 5209 3102 5263 via
3141 5209 3393 5266 veritatis
3431 5211 3658 5282 vestigia
3705 5212 3954 5283 Iigerent,
3993 5227 4090 5267 eos
4118 5210 4186 5265 ad

2561 5303 3105 5360 condescendeudam
3143 5305 3343 5361 divinae
3399 5306 3643 5363 scientiae
3684 5307 3917 5380 gratiam
3966 5322 4187 5378 promo-

2563 5403 2732 5451 veret.

2635 5488 2790 5544 Ilanc
2841 5489 3080 5561 denique
3136 5491 3636 5561 superemincntem
3686 5491 3886 5548 divinae
3939 5492 4210 5548 scientias'

2558 5580 2940 5640 celsitudinem
2975 5595 3108 5641 tunc
3143 5584 3406 5641 divinitus
3446 5586 3718 5642 illustrata
3761 5597 3943 5642 mente
3979 5602 4181 5643 conce-

2558 5674 2668 5743 pit,
2717 5689 2842 5729 cum
2897 5676 2950 5730 in
2999 5688 3355 5734 sacrosancto
3406 5679 3654 5750 mysticae
3704 5693 3877 5733 cmna:
3927 5678 4183 5733 convivio

2559 5782 2722 5837 supra
2752 5765 2943 5840 pectus
2983 5771 3238 5827 recubuit
3283 5770 3672 5843 Redemptoris
3709 5773 3894 5842 (Joan.
3930 5777 4074 5839 nul.
4119 5773 4178 5829 Et

2559 5862 2685 5931 quia
2717 5862 2770 5918 in
2812 5873 3034 5936 pectore
3057 5863 3188 5922 Jesu
3222 5875 3348 5923 sunt
3383 5882 3576 5923 omnes
3619 5866 3860 5923 thesauri
3894 5867 4174 5937 sapienti-.2
