5450 6392
1786 1594 1831 1606 δ

2044 347 2151 405 859
2752 358 2952 416 PETRI
2990 360 3269 417 DAIIANI
3307 360 3458 419 OPP.
3504 363 3684 420 PARS
3714 366 3844 424 SBU
3888 370 4126 431 TOIUS
4147 376 4212 433 ll.
4256 407 4321 419 —
4351 378 4743 438 SERMONES.
5220 383 5323 441 8in

2050 471 2109 517 et
2146 464 2387 520 scientia:
2427 466 2751 535 abscon'diti.
2786 487 2851 526 ex
2886 474 2976 530 illo
3004 475 3216 532 cmlesti
3252 479 3637 551 gazopliylacio
3661 482 3715 544 Δ
3741 484 3898 539 modo
3950 500 4071 560 qua
4124 490 4481 547 humanitatis
4528 504 4656 549 sunt
4710 494 4867 565 plane
4925 498 5320 567 quodammodo

2041 568 2308 609 summam
2340 559 2531 615 traxit.
2577 560 2719 616 unde
2746 573 2949 619 nostra:
2997 569 3334 638 paupertatis
3386 570 3624 641 inopiam
3728 586 3890 648 atque
3920 559 4197 636 humiliter
4236 594 4532 647 asseverat,
4572 559 4725 642 Sicut
4769 588 4886 659 ipse
4939 590 4993 646 in
5039 590 5314 664 Evangetii

2039 644 2251 714 copiosa
2298 644 2625 706 liberalitate
2671 652 2883 708 ditavit.
2930 655 3005 710 Es
3050 657 3161 723 illo,
3197 659 3436 729 inquam,
3469 662 3626 719 nobis
3724 644 4091 738 sui‘principio
4110 675 4296 743 carpit,
4325 675 4398 730 ita
4426 644 4668 732 seriatim
4693 644 4866 750 usque
4892 682 4958 737 ad
4982 682 5144 738 finem
5174 644 5311 739 ὴυιιιιςη

2036 736 2230 790 :erario
2266 738 2579 797 divitiarum
2618 746 2804 815 copias
2846 749 3049 811 attulit.
3087 760 3143 805 et
3183 752 3237 806 in
3279 768 3621 810 communem
3723 763 3969 815 eumdem
4000 762 4217 818 modum
4248 783 4344 835 per
4370 782 4586 823 omnem
4623 786 4735 825 sua
4765 774 5151 843 descriptionis
5186 779 5310 830 arti-

2036 825 2202 881 totius
2240 830 2423 884 mundi
2453 830 2683 889 salutem
2728 837 2867 892 bene
2906 840 3163 908 prodigus
3197 843 3464 911 erogavit,
3514 845 3623 900 imo
3724 853 3900 905 eulu°n
3940 856 4128 909 tenuit.
4162 854 4317 922 Nam,
4348 857 4488 914 sicut
4529 863 4721 926 nostis,
4756 864 4809 916 in
4850 867 5029 935 capite
5068 868 5152 924 sui
5194 867 5311 923 libri

2030 931 2193 985 supra
2224 915 2430 974 fontem
2463 925 2716 989 perennis
2744 926 2867 980 vita:
2897 929 3161 993 recubuit,
3192 940 3250 984 ιιι
3275 943 3327 986 et
3357 934 3465 1003 ipse
3493 944 3622 991 tunc
3721 945 3970 999 deificum
4020 946 4149 1000 illud
4194 964 4258 1003 ac
4310 952 4589 1022 singulare
4634 956 4787 1024 ponit
4830 959 5114 1015 exordium
5147 977 5164 1015 :
5198 979 5219 1013 α
5258 961 5309 1015 In

2029 1022 2245 1078 semper
2283 1014 2556 1066 manantia
2589 1014 2789 1070 fluenta
2834 1019 3030 1075 divina!
3057 1022 3320 1078 doctrinm
3353 1026 3614 1091 hauriret,

2026 1105 2079 1150 et
2106 1101 2295 1155 eadem
2340 1103 2497 1157 nobis
2525 1111 2865 1174 postmodum
2916 1105 3137 1182 ρελιξιὶιο
3174 1117 3309 1170 certi
3356 1119 3616 1188 temporis

2030 1190 2260 1246 articulo
2285 1196 2617 1263 propinaret.

2087 1278 2311 1352 Iagnus
2324 1284 2569 1343 videlicet
2584 1292 2814 1359 paradisi
2832 1292 3048 1359 fluvius,
3062 1298 3150 1368 qui
3164 1314 3229 1353 ex
3244 1301 3613 1374 338princi~

2019 1372 2123 1440 pali
2151 1376 2231 1429 sui
2252 1374 2415 1432 fontis
2436 1383 2647 1449 origine
2674 1386 2944 1453 proﬂuens
2960 1406 3023 1445 ac
3042 1393 3275 1449 uberiori
3304 1400 3609 1457 etrlestium

2017 1464 2403 1522 charismatum
2447 1473 2801 1531 inundatione
2834 1482 3153 1549 procedens,
3185 1489 3486 1556 squalentia
3518 1494 3611 1547 de-

2014 1558 2157 1615 serta
2178 1558 2535 1618 humanarum
2564 1570 2824 1623 mentium
2858 1573 3072 1641 irrigat,
3108 1587 3163 1631 et
3192 1579 3257 1632 ad
3286 1581 3605 1651 proferenda

2011 1641 2276 1703 bonomm
2293 1665 2514 1719 operum
2548 1666 2802 1726 tanquam
2838 1678 3096 1720 novarum
3124 1641 3334 1739 frugum
3360 1676 3603 1742 germina

2011 1734 2594 1803 uberriinafertilitate
2626 1749 2898 1808 fecundat.
2936 1756 2997 1809 Et
3038 1754 3142 1813 non
3184 1761 3455 1818 immerito
3491 1778 3601 1823 tam

2008 1828 2299 1897 profunda,
2330 1844 2439 1889 tam
2480 1843 2887 1907 supereminens
2927 1850 3187 1903 revelatio
3227 1853 3444 1909 deitatis
3478 1858 3602 1912 Vir-

2005 1920 2116 1990 gini
2145 1923 2445 1985 debebatur
2474 1940 2531 1984 ut
2558 1934 2652 2001 qui
2692 1938 2873 1991 carnis
2904 1939 3120 1996 sibimet
3154 1949 3451 2014 amputavit
3481 1949 3597 2004 ille-

2002 2014 2227 2077 cebras,
2275 2015 2417 2073 felici
2476 2028 2835 2091 commercio,
2892 2045 2993 2098 pro
3038 2036 3241 2090 carnali
3288 2039 3590 2106 dulcedine,

2003 2102 2306 2161 cmlestiunt
2346 2111 2624 2179 epularum
2659 2117 2862 2175 divitiis
2907 2120 3201 2182 frueretur.
3248 2129 3330 2183 Ad
3384 2141 3591 2189 tantum

2002 2195 2208 2253 scilicet
2244 2204 2430 2269 gratim
2470 2220 2759 2274 provectus
2792 2224 2875 2268 est
2914 2218 3255 2289 privilegium
3290 2234 3347 2277 ut
3374 2241 3590 2282 omnem

2000 2292 2405 2359 transgrediens
2447 2308 2779 2367 creaturam,
2827 2305 2951 2359 illuc
2990 2312 3106 2363 acie
3142 2315 3338 2368 mentis
3368 2318 3594 2387 attinge-

1996 2385 2104 2442 ret,
2137 2396 2243 2449 quo
2272 2399 2377 2438 non
2405 2390 2684 2459 propheta,
2719 2410 2824 2450 non
2854 2401 3188 2466 patriarcha,
3224 2422 3327 2457 non
3360 2385 3592 2478 denique

1995 2468 2281 2541 quisquam
2326 2476 2397 2529 ab
2435 2478 2553 2548 ipso
2594 2485 2782 2539 mundi
2810 2487 3111 2555 primordio
3140 2468 3586 2561 cognoscatur‘ia

1994 2574 2159 2618 carne
2202 2568 2413 2633 positus
2447 2574 2740 2642 aspirasse.
2790 2577 2898 2635 Nec
2938 2583 3137 2638 mirum
3177 2587 3220 2641 si
3256 2588 3588 2662 Redemptor

1994 2660 2179 2707 noster
2212 2655 2371 2711 beato
2409 2657 2602 2718 Joanni
2646 2666 2820 2722 vicem
2877 2686 3032 2727 suam
3069 2676 3137 2729 ad
3194 2678 3583 2738 declarandum

1992 2738 2295 2800 divinitatis
2324 2762 2435 2803 suae
2475 2755 2793 2824 mysterium
2850 2760 3140 2831 delegavit,
3198 2783 3359 2837 quem
3412 2782 3466 2826 et
3518 2776 3584 2827 ad

1990 2832 2399 2892 custodiendam
2450 2846 2812 2903 venerabilem
2870 2860 3102 2908 matrem
3155 2832 3340 2923 suam,
3398 2878 3588 2934 perpe-

1988 2927 2136 2977 tuam
2189 2927 2442 2986 videlicet
2490 2934 2791 3006 Virginem,
2832 2946 2984 3011 quasi
3033 2945 3264 3005 alterum
3302 2927 3469 3009 filium
3500 2927 3582 3012 sui

1984 3010 2104 3068 loco
2130 3022 2409 3087 supposuit
2432 3041 2444 3076 :
2472 3043 2490 3075 ι
2513 3024 2724 3091 Mulier.
2746 3010 2997 3102 inquiens
3015 3081 3028 3103 ,
3060 3055 3189 3096 ecce
3207 3044 3349 3098 filius
3371 3055 3523 3113 tuus;
3558 3069 3576 3101 ι

1982 3104 2053 3160 ad
2081 3106 2403 3178 discipulum
2423 3125 2604 3172 autem
2632 3137 2645 3171 :
2674 3138 2694 3172 ι
2718 3121 2854 3178 Ecce
2876 3138 3051 3183 mater
3075 3140 3162 3186 tua
3189 3133 3371 3203 (Joan.
3401 3104 3572 3210 xui.»

1980 3191 2209 3261 Dignum
2238 3204 2437 3274 quippe
2465 3205 2641 3265 fuerat
2679 3220 2739 3266 ut
2773 3217 2862 3270 cui
2904 3191 3246 3287 potissimum
3299 3191 3574 3289 commisit

1976 3286 2217 3344 cmlestia
2248 3297 2617 3357 committeret
2644 3312 2701 3361 et
2734 3286 2971 3366 terrena.

2050 3375 2117 3431 Et
2144 3382 2270 3449 quia
2308 3383 2572 3443 Mediator
2598 3392 2694 3447 Dei
2726 3403 2781 3449 et
2809 3397 3089 3457 hominum
3132 3420 3197 3460 ex
3241 3406 3453 3467 duabus
3479 3430 3577 3468 na-

1979 3464 2145 3533 turis,
2192 3473 2373 3530 divina
2431 3480 2688 3539 videlicet
2742 3498 2797 3543 et
2853 3491 3089 3550 humana
3142 3503 3394 3558 consistit
3434 3522 3573 3562 unus

1975 3557 2315 3655 l‘mmannel,
2348 3584 2561 3639 aequum
2614 3577 2905 3637 admodum
2936 3587 3113 3642 visum
3156 3592 3256 3647 fuit
3294 3557 3351 3649 ut
3381 3557 3570 3655 beatus

1972 3643 2211 3707 Joannes
2236 3656 2524 3730 utriusque
2553 3676 2763 3726 natura
2789 3673 2961 3732 fidelis
2994 3680 3246 3738 minister
3271 3689 3564 3757 existeret,

1970 3741 2064 3809 qui
2099 3753 2155 3799 et
2184 3746 2483 3810 divinitatis
2517 3773 2857 3822 sacramenta
2892 3777 3283 3843 conscriberet.
3312 3793 3368 3837 et
3391 3786 3566 3844 beatze

1971 3830 2235 3893 Genitrici
2265 3854 2542 3912 perpetua:
2572 3857 2832 3915 custodire
2870 3876 2936 3917 ac
2976 3867 3283 3929 sedulitatis
3318 3891 3431 3932 sua
3467 3881 3567 3933 mi-

1969 3924 2257 3986 nisterium
2297 3937 2601 4001 exhiberet.
2646 3938 2814 4016 Cujus
2861 3955 3167 4027 utriusque.
3219 3924 3565 4024 sinitIn-a4.

1968 4017 2092 4073 simi
2134 4023 2388 4083 videlicet
2427 4033 2781 4105 sacramenti,
2814 4017 3216 4114 quodaminodo
3252 4057 3562 4116 ministrum

1968 4124 2031 4164 se
2062 4126 2183 4167 esse
2211 4124 2458 4187 testatur,
2489 4140 2613 4181 cum
2648 4144 2748 4200 per
2782 4148 2999 4192 omnem
3039 4145 3337 4212 evangelici
3382 4158 3563 4208 textus

1968 4201 2052 4255 sui
2108 4206 2328 4273 seriem,
2373 4212 2454 4266 sic
2488 4217 2612 4287 styli
2657 4222 2876 4279 modum
2919 4201 3209 4299 temperet"
3231 4245 3286 4290 et

1960 4293 2332 4357 vicissitudine
2384 4308 2627 4375 mysticae
2673 4315 2959 4373 varietatis
3011 4293 3249 4382 alternat
3294 4293 3356 4384 ui
3396 4308 3558 4390 modo

1960 4383 2197 4443 humana
2228 4399 2563 4464 pronuntiet,
2590 4406 2750 4460 modo
2772 4408 2951 4465 divina
2985 4417 3207 4484 revelet,
3246 4383 3558 4496 modo‘qiize

1960 4474 2321 4539 humanitatis
2349 4497 2478 4543 sunt
2518 4492 2875 4555 bistorialiter
2931 4504 3167 4571 inserat,
3192 4474 3385 4569 ymodo
3437 4474 3558 4588 qua:

1958 4577 2086 4625 sunt
2136 4571 2441 4633 divinitatis
2494 4585 2725 4652 quadam
2787 4591 3100 4652 sublimium
3152 4616 3217 4657 ac
3273 4571 3553 4666 subtiliuni

1955 4661 2267 4761 verborum.
2287 4669 2573 4739 majestate
2606 4676 2907 4747 depromat.
2947 4684 3233 4761 Tantaque
3261 4661 3554 4757 locutionis

1952 4760 2073 4804 arte
2100 4753 2387 4812 verborum
2411 4762 2521 4817 vim
2565 4774 2829 4838 temperat
2854 4788 2921 4828 ac
2948 4753 3551 4849 librati-moderaminis

1951 4837 2248 4929 sobrietate
2290 4844 2568 4916 dispensat
2607 4864 2668 4910 ut
2717 4837 2816 4917 nec
2850 4864 3149 4926 divinitatis
3182 4837 3384 4934 areana
3428 4884 3549 4936 vul-

1945 4929 2085 4997 gari,
2116 4946 2219 4989 nec
2246 4950 2310 4990 ea
2342 4953 2465 5009 qua:
2494 4942 2621 4999 fidei
2652 4960 2852 5007 nostra:
2880 4964 3187 5019 necessaria
3220 4929 3546 5042 sunt—patia-

1946 5029 2038 5075 tur
2059 5026 2343 5085 abscondi.

1939 5482 2251 5553 stringitur,
2287 5490 2354 5584 ad
2394 5493 2759 5575 indagandum
2809 5523 2934 5567 mox
2980 5514 3113 5572 illud
3160 5482 3536 5584 inacgsibile

1933 5674 2065 5766 vero
2094 5668 2285 5728 beatus
2310 5675 2549 5739 Joannes
2588 5668 2857 5749 alternan
2896 5712 3009 5755 sua
3051 5668 3531 5766 nai'rationis‘or-

1934 5753 2080 5826 tline,
2136 5764 2296 5820 modo
2345 5768 2680 5835 divinitatem
2729 5782 2934 5841 Christi
2981 5792 3252 5851 subtiliter
3289 5799 3523 5869 intonat,

3717 1036 4004 1104 principio,
4046 1039 4321 1106 inquiens,
4356 1055 4475 1097 erat
4507 1042 4765 1111 Verbum,
4811 1057 4866 1101 et
4908 1040 5144 1107 Verbum
5191 1062 5309 1107 erat

3716 1128 3855 1195 apud
3893 1128 4092 1195 Deum,
4123 1142 4171 1186 et
4206 1132 4347 1189 Deus
4384 1144 4503 1189 erat
4535 1135 4768 1193 Verbum
4806 1140 4987 1206 (locu.
5014 1146 5077 1213 t).
5113 1164 5133 1198 ι
5168 1145 5309 1203 Ecce

3714 1219 3892 1287 aquila
3926 1221 4018 1276 Dei
4055 1223 4122 1278 ad
4166 1227 4287 1279 θαιΙὶ
4335 1228 4599 1283 verticem
4637 1230 4943 1288 sublimiter
4977 1234 5176 1301 evolat,
5210 1240 5305 1294 sed

3714 1311 3778 1366 ad
3825 1328 4006 1367 escam
4052 1318 4236 1372 carnis
4277 1334 4497 1376 necesse
4533 1334 4619 1378 est
4662 1334 4720 1378 ιιι
4750 1327 5015 1396 repressis
5060 1328 5165 1384 alis
5202 1330 5303 1385 ali-

3711 1406 3925 1470 quando
3958 1406 4009 1457 in
4038 1405 4204 1462 imum
4244 1412 4515 1467 submissa
4544 1416 4857 1471 descendat.
4890 1419 5041 1475 Unde
5066 1430 5121 1476 et
5142 1422 5305 1491 paulo

3709 1503 3829 1561 post
3858 1497 3984 1565 quid
4016 1499 4229 1563 subdat,
4262 1504 4443 1558 audite
4471 1522 4483 1558 :
4513 1525 4530 1553 σ
4564 1506 5079 1585 EtVerbum,337
5102 1515 5303 1587 inquit,

3709 1603 3837 1642 Caro
3866 1590 4065 1645 factum
4088 1603 4194 1657 cst,
4222 1605 4273 1649 ct
4306 1598 4564 1654 habitavit
4598 1602 4650 1656 in
4678 1605 4829 1658 nobis
4857 1605 5069 1677 (Ibid.).
5102 1627 5121 1660 ι

3779 1678 3929 1734 lianc
3960 1684 4141 1752 itaque
4177 1687 4545 1745 diversitatem
4579 1694 4933 1751 humanitatis
4965 1712 5131 1769 atque
5162 1700 5301 1753 divi-

3706 1770 3893 1826 uitatis
3936 1776 4100 1829 unita:
4150 1779 4368 1833 sibimet
4425 1794 4589 1852 atque
4648 1788 4942 1842 incnnfnsm
5001 1807 5204 1862 sponsa
5240 1794 5307 1845 de

3630 1846 3898 1931 Bsponso
3958 1866 4089 1919 dicit
4144 1868 4197 1923 in
4256 1846 4546 1925 Canticis':
4605 1894 4623 1925 ι
4665 1876 4886 1941 Venter,
4940 1846 5137 1949 inqiiit,
5185 1883 5305 1951 ejus

3699 1950 3992 2017 eburneus,
4025 1955 4314 2011 distinctus
4345 1963 4617 2030 sapphiris
4645 1964 4821 2033 (Cani.
4856 1972 4931 2035 v).
4967 1989 4985 2019 ι
5036 1970 5095 2023 In
5127 1950 5301 2025 mem-

3698 2043 3810 2097 bris
3853 2062 4045 2113 nempe
4090 2049 4313 2103 humani
4344 2056 4591 2122 corporis
4618 2056 4705 2110 vis
4736 2058 4937 2129 aliquid
4968 2073 5162 2118 ventre
5197 2064 5304 2120 fra-

3698 2134 3882 2204 gilius:
3909 2138 4022 2192 sive
4065 2142 4304 2196 tenerius
4339 2144 4634 2209 invenitur,
4668 2147 4895 2218 ideoque
4923 2166 5019 2220 per
5048 2165 5299 2211 ventrem

3697 2239 3847 2279 recte
3887 2226 4148 2296 fragilitas
4177 2230 4230 2284 in
4259 2233 4478 2288 Christo
4508 2247 4797 2307 assumpue
4829 2240 5188 2300 humanitatis
5212 2263 5307 2303 ae-

3696 2316 3926 2384 cipitur;
3953 2320 4091 2372 ebur
4121 2330 4298 2373 autem
4329 2308 4391 2375 os
4412 2334 4495 2377 est
4517 2324 4840 2395 elephantis,
4871 2332 5015 2398 quod
5046 2332 5302 2391 videlicet

3695 2410 3896 2463 animal
3930 2409 4101 2465 fertur
4130 2428 4252 2467 esse
4288 2417 4656 2471 castissimum
4689 2418 5171 2493 frigidissimequc
5201 2443 5300 2481 na-

3692 2509 3846 2557 turae.
3882 2504 4083 2559 Venter
4110 2522 4243 2577 ergo
4273 2510 4455 2577 sponsi
4487 2511 4763 2567 eburneus
4804 2523 4913 2577 est,
4938 2518 5067 2585 quia
5098 2533 5295 2575 susce-

3689 2604 3779 2661 pta
3837 2593 4219 2666 Redemptoris
4279 2602 4590 2656 humanitas
4641 2604 4710 2656 ab
4736 2604 4883 2659 omni
4938 2616 5297 2674 peccatorum

3689 2688 3942 2755 contagio
3967 2699 4114 2742 casta
4145 2705 4365 2759 prorsus
4391 2702 4446 2747 et
4478 2693 4734 2749 inviolata
4758 2699 5080 2767 permansit.
5111 2701 5299 2772 Siqui-

3690 2778 3809 2831 dem
3842 2789 4121 2845 peccatum
4155 2796 4261 2836 non
4290 2781 4439 2847 fecit,
4481 2800 4583 2841 nec
4612 2785 4770 2842 dolus
4797 2788 5048 2846 inventus
5086 2792 5141 2847 in
5192 2810 5296 2849 ore

3686 2870 3803 2937 ejus
3832 2867 3881 2937 (1
3915 2866 4055 2925 l‘elr.
4094 2876 4178 2942 ιι).
4208 2872 4514 2945 Sapphirus
4554 2888 4737 2934 autem
4779 2880 4916 2950 lapis
4950 2882 5038 2938 est
5102 2886 5294 2941 sereni

3687 2960 3807 3011 cadi
3841 2960 4080 3016 colorem
4111 2963 4347 3031 habens;
4376 2970 4518 3022 unde
4545 2980 4601 3022 et
4634 2969 4688 3024 in
4714 2970 4923 3026 visione
4956 2973 5169 3028 Domini
5204 2976 5291 3029 di-

3684 3052 3826 3104 citur
3864 3069 3877 3104 :
3930 3072 3948 3136 ι
4000 3054 4127 3109 Erat
4166 3058 4269 3110 snh
4316 3059 4551 3128 pedibus
4592 3060 4709 3130 ejus
4735 3064 4889 3133 quasi
4920 3080 5057 3136 opus
5088 3066 5293 3136 lapidis

3685 3130 4006 3210 sapphirini,
4029 3158 4082 3200 et
4114 3150 4267 3216 quasi
4290 3150 4513 3213 celum,
4537 3167 4659 3205 eum
4684 3168 4935 3210 serenum
4965 3168 5049 3213 est
5076 3158 5287 3229 (Exod.

3683 3240 3857 3301 xxiv).
3905 3256 3923 3289 ι
3957 3233 4063 3291 Per
4090 3239 4379 3308 sapphiros
4424 3256 4554 3314 ergo
4583 3260 4745 3314 opera
4793 3249 5098 3306 divinitatis
5127 3252 5292 3307 intel-

3680 3327 3938 3397 liguntur,
3968 3343 4090 3399 qum
4120 3332 4172 3384 iu
4210 3347 4377 3388 carne
4406 3332 4667 3391 Dominus
4706 3342 5045 3396 ostendebat.
5080 3340 5290 3398 Venter

3676 3435 3806 3488 crgo
3853 3424 4036 3489 sponsi
4083 3426 4376 3481 distinctus
4410 3439 4527 3482 erat
4576 3431 4866 3501 sapphiris,
4912 3435 5037 3503 quia
5072 3434 5286 3490 Christi

3678 3510 3991 3569 humanitas
4021 3516 4221 3573 divinis
4258 3520 4554 3577 virtutibus
4590 3523 4909 3595 refulgebat.
4942 3516 5052 3582 Nec
5081 3530 5283 3596 pienus

3675 3603 3953 3671 sapphiris
3980 3620 4102 3661 esse
4143 3608 4362 3673 dicitur,
4415 3611 4509 3665 sed
4561 3612 4868 3681 distinctus,
4915 3617 4985 3670 ita
5018 3619 5281 3677 videliee;

3674 3703 3728 3746 ut
3760 3696 3903 3748 inter
3928 3699 4219 3767 sapphiros
4251 3703 4457 3756 candor
4481 3703 4666 3759 eboris
4707 3718 4997 3789 appareret
5021 3711 5152 3780 quia
5194 3712 5284 3765 sic

3670 3782 3931 3840 Dmninus
3959 3802 4022 3840 ex
4052 3798 4207 3857 parte
4237 3792 4474 3849 hominis
4500 3799 4766 3867 assumpti
4810 3782 5145 3869 operabatur
5168 3802 5279 3856 bu-

3670 3892 3829 3931 mana
3879 3885 3939 3933 ut
3989 3881 4284 3951 aliquando
4333 3885 4688 3944 nihilominus
4731 3905 4799 3945 cx
4850 3900 5003 3961 parte
5053 3894 5281 3951 deitatis

3666 3967 3983 4023 ostenderet
4030 3983 4086 4025 et
4132 3974 4337 4030 divina.
4391 3976 4526 4032 Nam
4591 3980 4825 4061 esurire,
4872 3983 5049 4049 sitire,
5117 3984 5275 4051 flere,

3666 4065 3942 4123 postremo
3967 4061 4210 4133 crucifigi
4246 4076 4303 4119 et
4332 4069 4470 4122 mori
4504 4064 4859 4126 humanitatis
4879 4085 5039 4129 erant
5065 4088 5271 4147 opera;

3666 4149 3924 4205 miracula
3963 4168 4093 4208 vero
4132 4154 4334 4224 facere,
4365 4170 4418 4214 et
4456 4163 4770 4218 non'solum
4823 4164 4985 4231 alios;
5030 4172 5127 4224 sed
5176 4186 5270 4229 se-

3663 4240 3955 4310 metipsum
3988 4238 4018 4298 a
4061 4251 4294 4303 mortuis
4340 4252 4631 4319 sunseitare,
4662 4255 5073 4313 evidentissima
5102 4273 5269 4317 erant

3661 4331 3963 4389 divinitatis
3993 4335 4211 4391 indicia.
4247 4337 4358 4394 lloc
4383 4342 4567 4413 itaque
4599 4345 4760 4401 modo
4801 4347 4989 4402 beatus
5019 4348 5270 4409 Joannes

3660 4430 3814 4493 quasi
3842 4433 4142 4499 eburneum
4172 4449 4416 4495 ventrem
4442 4445 4626 4515 sponsi
4653 4448 4925 4519 sapphiris
4950 4451 5266 4524 distinguit,

3660 4519 3786 4570 dum
3829 4520 4123 4591 aliquando
4172 4542 4517 4587 sacramenta
4556 4536 4856 4592 divinitatis
4900 4544 5099 4610 aperit,
5129 4519 5265 4598 vali-

3658 4612 3873 4675 quando
3901 4613 4253 4673 humanitatis
4302 4622 4514 4678 infirma
4546 4625 4827 4683 describit.

3729 4701 3863 4769 Quia
3898 4704 4064 4775 igitur
4100 4710 4189 4766 hic
4211 4712 4402 4770 beatus
4437 4714 4674 4775 Joannes
4704 4722 4774 4774 de
4797 4722 4905 4778 Deo
4935 4726 5263 4786 mirabiliter

3655 4804 3814 4863 atque
3842 4797 4342 4870 incomparabiliter
4388 4809 4603 4865 caeteris
4642 4813 4959 4868 mortalibus
4989 4814 5255 4888 loquitur.

3646 4884 3769 4954 jure
3798 4886 4001 4944 factum
4034 4904 4119 4947 est
4145 4906 4203 4949 ιιι
4226 4912 4333 4952 non
4371 4900 4548 4969 solum
4578 4919 4607 4955 a
4648 4903 4877 4973 Gracis,
4902 4911 4997 4963 sed
5026 4884 5197 4968 etiam
5224 4930 5257 4971 a

3650 4975 3857 5034 Latinis
3874 4983 4111 5055 undique
4136 4985 4442 5063 Theologus
4465 4995 4786 5065 appelletur.
4804 4997 5115 5059 Theotocos
5139 5006 5253 5062 ﬂa-

3649 5268 3772 5308 esse
3813 5266 3871 5309 et
3917 5256 4084 5315 Deum
4124 5280 4244 5319 esse
4284 5283 4389 5323 non
4420 5271 4592 5329 solum
4623 5256 5064 5341 inenarrabiliter
5092 5292 5243 5359 vidit,

3649 5346 3743 5400 sed
3795 5359 3849 5401 et
3900 5351 4166 5419 profunda
4215 5360 4552 5419 sublimitate
4590 5368 4900 5443 descripsit.
4946 5375 5103 5436 Unde

3649 5436 3924 5496 immerito
3947 5455 4125 5513 potest
4154 5449 4336 5507 dicere
4380 5470 4503 5511 cum
4548 5436 4818 5534 Propheta
4848 5485 4862 5521 :
4897 5486 4917 5519 ι
4962 5470 5237 5534 Ernctavit

3643 5543 3742 5583 cor
3769 5546 3946 5587 meum
3978 5538 4202 5595 verbum
4228 5542 4427 5600 bonum
4458 5545 4633 5617 (Paul.
4678 5560 4846 5621 IL").
4882 5576 4905 5611 ι
4940 5559 5111 5622 Recte
5140 5567 5236 5640 igi-

3642 5628 3731 5674 tur
3760 5624 3912 5695 virgo
3947 5627 4152 5701 Virgini
4199 5634 4267 5688 ad
4311 5638 4633 5710 obseqtium
4665 5648 4900 5707 traditur
4926 5664 4982 5709 et
5006 5674 5109 5726 pro
5134 5624 5234 5716 1;:-

3640 5715 3789 5769 mino
3818 5734 4013 5777 servus
4040 5724 4159 5781 vice
4204 5726 4298 5783 filii
4344 5734 4692 5819 subrogatur,
4725 5751 4782 5796 ut
4814 5745 5101 5817 virginalis
5128 5768 5225 5822 po.

3638 5807 3837 5865 dicitiae
3863 5812 4119 5883 splendor
4146 5834 4207 5874 ca
4240 5828 4467 5895 utraque
4492 5807 4720 5899 persona
4753 5807 4972 5896 sibim'ct
5003 5807 5231 5901 invicem
