5450 6330
831 342 928 400 861

2335 315 2572 376 SEBMO
2599 314 2780 369 LXIII.

4033 266 4141 359 sse

831 465 1115 530 congruat,
1149 465 1205 511 et
1232 453 1454 510 ﬂoridus
1488 449 1664 505 intimi
1711 444 1968 503 candoris
1999 449 2253 512 aspectus
2280 434 2423 507 quod
2456 440 2497 493 Λ
2533 445 2599 482 na
2632 471 2646 492 ,
2706 429 2848 482 inter
2901 425 3235 530 procellosas
3283 425 3711 530 ambiguitatnm.
3761 421 4140 530 ﬂuctuantium

832 550 974 609 in.se
997 548 1176 602 virere
1203 545 1512 602 considerat
1538 543 1640 596 hoc
1668 552 1899 594 vernare
1927 548 1981 610 et
2021 536 2074 591 in
2105 534 2294 588 altero
2333 531 2429 584 dea

875 638 1152 694 rehcndat.

875 656 1152 694 rencnuat.

831 656 870 712 Ρ
909 729 1061 784 Libet
1094 727 1202 790 hic,
1254 725 1452 779 fratres
1483 719 1814 785 eliarissimi,
1864 717 2146 788 pulchram
2191 712 2431 767 varieta-

832 831 943 876 tem
1005 818 1200 872 divin-.e
1263 813 1638 886 dispositionis
1691 826 1876 867 coram
1927 808 2196 863 charitate
2249 813 2428 859 vestra

833 910 1190 981 perpendere,
1246 918 1296 962 et
1355 905 1602 978 egregios
1645 904 1780 959 duos
1830 900 2209 969 Redemptoris
2259 895 2461 951 nostri.

832 1000 1126 1069 discipulos
1157 1001 1391 1069 qualiter
1436 999 1579 1051 inter
1638 1010 1696 1049 se
1733 993 1970 1065 quadam
2020 989 2304 1059 dignitatis
2359 985 2433 1040 si-

832 1090 1137 1146 militudine
1198 1098 1502 1160 congruant
1561 1085 1928 1156 comparare?
2005 1082 2225 1137 Petrmn
2285 1078 2434 1131 vide-

833 1186 980 1249 licet,
1010 1194 1065 1238 et
1096 1183 1380 1239 Joannem.
1419 1180 1704 1237 Commisit
1752 1193 1988 1247 namque
2030 1175 2293 1229 Dominus
2333 1169 2435 1224 Pe-

832 1284 920 1328 tro
969 1276 1148 1330 claves
1197 1273 1450 1328 Ecclesia:
1498 1270 1716 1341 (Matth.
1755 1257 1914 1339 xvi);
1962 1266 2130 1323 voluit
2170 1272 2225 1319 et
2277 1264 2435 1316 beato

831 1365 1025 1421 Joanui
1089 1366 1392 1422 custodiam
1456 1363 1640 1417 Mariae
1711 1360 1965 1430 delegare
2041 1357 2226 1427 (Joan.
2292 1350 2430 1420 xvi).

835 1457 1081 1529 Utraque
1138 1459 1394 1511 nimirum
1467 1466 1682 1520 mater,
1757 1464 1932 1509 mater
1988 1451 2201 1514 Maria,
2261 1458 2436 1502 mater

835 1552 1100 1608 Ecclesia.
1148 1551 1254 1606 Sed
1295 1550 1464 1604 Maria
1515 1560 1690 1602 mater
1735 1548 1960 1612 Christi,
2018 1545 2260 1601 Ecclesia
2315 1557 2433 1597 ma-

835 1652 919 1697 ter
974 1642 1152 1712 popnli
1222 1643 1540 1695 Christiani.
1609 1642 1685 1695 De
1737 1640 1910 1694 Maria
1983 1638 2234 1692 Christus
2311 1649 2432 1689 car-

835 1749 958 1789 nem
987 1733 1154 1804 338
1182 1733 1443 1803 suscepit,
1495 1732 1798 1788 Ecclesiam
1847 1747 1980 1785 vero
2005 1733 2071 1786 de
2117 1727 2300 1782 lateris
2349 1725 2431 1779 sui

2533 530 2886 590 tempestates
2917 520 3157 589 piscator
3184 519 3284 572 iste
3311 518 3558 573 veritatis
3591 516 3891 571 auchoram
3924 515 4066 588 ﬁxit,
4087 524 4147 572 et

2534 613 2840 668 naviculam
2871 611 2994 667 ﬁdei
3026 629 3078 665 ιιι
3114 610 3389 665 tutissimo
3417 608 3697 680 tranquilli
3721 615 3912 679 portus
3934 607 4146 679 gremio

2533 707 2838 762 collocavit.

2606 800 2714 855 Sed
2747 801 3030 854 videamus
3080 809 3264 853 utrum
3309 794 3550 853 Joannes
3583 807 3638 852 ct
3667 796 3799 850 lmic
3848 793 4003 864 operi
4053 791 4154 848 ali-

2533 906 2697 961 quam
2724 899 2848 944 cum
2882 890 2942 943 B.
2977 888 3141 942 Petro
3168 888 3583 942 similitudinem
3630 896 3834 939 teneat.
3881 884 4154 938 Constan-

2539 983 2766 1036 tissima:
2801 982 2983 1049 itaque
3016 979 3427 1049 praedicationis
3456 978 3730 1049 arguitur,
3761 977 3954 1044 sicque
3982 989 4010 1026 a
4047 972 4153 1025 Do-

2537 1072 2768 1125 mitiano
2803 1081 2930 1125 tunc
2961 1070 3182 1126 Cmsare
3216 1071 3267 1124 in
3296 1069 3553 1124 exsilium
3588 1068 3920 1124 destinatur.
3975 1063 4156 1118 Proti-

2535 1179 2638 1220 nus
2664 1165 2907 1218 haaretici
2936 1163 3196 1224 Marcion,
3241 1163 3562 1225 Cerintbus,
3611 1160 3810 1224 Ebion,
3859 1155 4158 1225 creterique

2535 1255 2944 1325 quamplurimi,
2985 1270 3124 1323 quos
3179 1256 3294 1323 ipse
3338 1253 3735 1307 convenienter
3782 1247 4160 1303 Antichristos

2536 1349 2796 1420 appellat,
2831 1349 3019 1404 caulas
3067 1347 3430 1403 ecclesiastici
3484 1349 3667 1418 gregis
3715 1347 4051 1421 irrumpunt,
4103 1349 4161 1395 et

2536 1444 2703 1498 veluti
2749 1443 2860 1514 lupi
2912 1458 3108 1514 graves
3162 1456 3328 1509 super
3362 1440 3526 1495 ovilia
3563 1447 3802 1509 pastoris
3826 1433 4162 1491 adminiculo

2536 1534 2797 1590 destituta
2827 1542 3176 1605 grassantur,
3211 1531 3496 1586 Christum
3526 1527 3738 1585 scilicet
3766 1537 3894 1583 ante
3916 1526 4148 1581 Mariam

2537 1643 2644 1682 non
2680 1626 2849 1680 fuisse
2879 1626 3334 1694 dogmatizantes,
3369 1632 3426 1677 et
3470 1623 3543 1676 ita
3575 1621 3879 1691 simplicem
3911 1636 4147 1692 evange-

2539 1720 2654 1775 lica:
2688 1719 2810 1773 ﬁdei
2839 1719 3137 1789 puritatem
3191 1716 3436 1788 perﬁdiae
3467 1732 3579 1771 sua:
3603 1714 3772 1805 339
3799 1715 4153 1805 squaloribus

836 1797 1303 1895 carne'p'ro'dnxit.
1471 1825 1574 1878 ista
1604 1823 1806 1892 prodiit
1857 1823 2156 1878 secundum
2208 1832 2431 1874 carnem
2466 1797 2976 1881 Bcorrumpentes.
3009 1808 3377 1864 Confunditur
3433 1809 3690 1872 nmndns,
3741 1797 3999 1861 turbatur
4052 1804 4156 1860 Ee-

835 1923 1017 1981 natus,
1052 1914 1196 1968 Illam
1229 1915 1456 1984 protulit
1479 1930 1645 1970 carne
1669 1913 1780 1982 jam
1809 1923 2076 1969 mortuus.
2106 1912 2183 1966 Ex
2215 1912 2318 1966 ista
2341 1923 2436 1963 vo-

836 2003 935 2059 luit
962 2007 1129 2069 nasci,
1165 2022 1263 2076 pro
1287 2007 1377 2060 illa
1405 2007 1655 2077 dignatus
1681 2016 1766 2062 est
1807 2007 1966 2060 mori.
1999 2005 2076 2060 Ex
2122 2020 2230 2059 una
2266 2003 2437 2060 semel

837 2105 996 2150 natus
1025 2106 1110 2151 est
1140 2097 1192 2152 in
1224 2113 1455 2167 persona
1481 2112 1601 2163 sua,
1630 2114 1694 2152 ex
1725 2099 1893 2152 altera
1926 2106 2227 2153 nascdntur
2259 2093 2441 2167 quoti-

835 2185 926 2243 die
953 2190 1193 2244 membra
1223 2206 1341 2244 sua.
1370 2191 1560 2246 Traxit
1597 2206 1664 2246 ex
1712 2190 1882 2245 altera
1928 2189 2074 2260 quod
2121 2204 2222 2258 pro
2269 2187 2440 2242 altera

835 2291 1168 2347 moreretur,
1197 2292 1255 2336 ut
1279 2298 1387 2352 quo
1413 2293 1644 2354 utraque
1692 2282 2058 2338 communiter
2110 2280 2441 2336 salvaretur.

836 2371 1030 2443 Magna
1060 2375 1225 2446 igitur
1255 2384 1309 2431 et
1335 2375 1464 2430 felix
1501 2385 1677 2430 mater
1698 2385 1754 2431 et
1784 2376 1940 2429 beata
1970 2375 2124 2445 virgo
2151 2371 2344 2431 ‘Maria,
2376 2385 2440 2424 ex

837 2448 998 2532 cujus
1019 2465 1323 2520 visceribus
1350 2481 1480 2522 caro
1509 2465 1715 2520 Christi
1745 2466 2031 2534 desumpta
2085 2473 2189 2528 est,
2220 2479 2286 2518 ex
2336 2479 2445 2532 qua

840 2570 1032 2611 rursus
1063 2571 1158 2628 per
1185 2573 1382 2627 aquam
1415 2567 1471 2613 et
1511 2558 1831 2628 sanguinem
1881 2556 2136 2626 profluxit
2181 2556 2443 2610 Ecclesia.

841 2647 958 2705 lloe
985 2649 1169 2719 itaque
1206 2651 1366 2706 modo
1399 2661 1454 2704 et
1484 2664 1548 2704 ex
1582 2650 1752 2704 Maria
1781 2651 2051 2720 prodiisse
2081 2649 2296 2703 videtur
2349 2648 2444 2700 Ec-

839 2738 1030 2795 clesia.
1064 2739 1307 2810 Utraque
1337 2751 1518 2812 tamen
1548 2749 1723 2806 casta,
1759 2752 1990 2810 utraque
2041 2743 2262 2803 munda,
2293 2749 2448 2793 utra-

840 2848 948 2904 que
976 2843 1250 2904 pcrpetuze
1278 2833 1610 2904 virginitatis
1637 2834 1859 2904 cingulo
1887 2835 2230 2902 praemunita.

914 2923 1119 2978 llarutn
1150 2925 1334 2994 itaque
1363 2925 1596 2978 duarum
1627 2933 1886 2986 matrum,
1921 2923 2151 2977 duarum
2185 2931 2452 2991 perpetuo

841 3016 1140 3087 virginum,
1169 3017 1396 3072 alteram
1432 3017 1706 3074 Dominus.
1724 3017 1888 3072 Petro
1913 3019 2281 3081 committere,
2317 3017 2454 3071 alte-

843 3123 962 3163 ram
989 3107 1181 3163 Joanni
1209 3111 1377 3164 voluit
1404 3112 1811 3174 commendare,
1835 3123 1890 3165 ut
1924 3127 2195 3180 perpensa
2225 3113 2456 3181 diiigt'll-

2540 1905 2726 1971 clesia.
2762 1902 2983 1959 vacillat
3019 1903 3175 1965 ﬁdas,
3231 1911 3287 1956 et
3325 1901 3474 1957 velut
3508 1900 3922 1956 inborrescentc
3954 1908 4162 1970 ten-pe-

2543 2007 2685 2052 8tate
2701 1995 2944 2066 perﬁdia:
2963 1995 3183 2070 plurimi
3210 1995 3630 2064 naufragantur.
3645 1993 3786 2061 Quid
3809 1981 4008 2063 plura?
4031 1992 4148 2047 Tan

2543 2089 2667 2144 dem
2699 2098 2984 2161 perempto
3012 2088 3346 2153 Domitiano,
3379 2088 3516 2142 duce
3546 2087 3729 2141 divina
3768 2086 3964 2155 gratia,
4004 2085 4171 2142 rediit

2545 2181 2791 2235 Joannes
2839 2177 3142 2252 Ephesum,
3171 2179 3564 2248 turbatamque
3615 2177 3785 2250 gemit
3835 2177 4168 2232 Ecclesiam.

2548 2276 2656 2329 Sed
2688 2273 2954 2372 quidquid
2988 2273 3200 2328 invenit
3229 2273 3440 2328 erroris
3469 2271 3689 2327 turbine
3740 2280 3906 2342 atque
3963 2281 4174 2342 tempe-

2548 2377 2691 2423 state
2711 2360 3022 2428 'turbatnm,
3059 2363 3289 2418 solidius
3312 2372 3479 2433 atque
3510 2362 3793 2419 robustius
3817 2360 3883 2416 ad
3927 2361 4178 2432 pristina:

2553 2460 2675 2514 ﬁdei
2711 2466 2933 2514 revocat
2957 2452 3396 2512 fnmlamentu'm.
3433 2455 3569 2510 Nam
3600 2464 3847 2526 rogatus,
3876 2464 3936 2509 ut
3962 2455 4032 2511 ab
4062 2455 4177 2510 his-

2550 2552 2916 2624 toriographis
2950 2551 3208 2615 traditur,
3239 2566 3267 2604 a
3303 2549 3580 2605 charitate
3611 2549 3726 2604 fere
3757 2549 3923 2604 totius
3953 2548 4178 2602 univer-

2553 2647 2685 2702 salis
2714 2645 2995 2708 Ecclesiw,
3023 2644 3076 2698 in
3112 2643 3243 2698 illud
3277 2643 3496 2698 tandem
3528 2643 3710 2713 erupit
3751 2642 3952 2696 divinat
4003 2641 4179 2711 inspi-

2555 2738 2784 2793 rationis
2813 2736 3050 2807 elogium
3078 2753 3091 2788 :
3129 2753 3146 2785 ι
3186 2734 3242 2789 In
3271 2733 3564 2804 principio,
3597 2733 3871 2804 inquiens,
3897 2743 4020 2788 erat
4044 2733 4176 2787 Ver-

2554 2831 2708 2888 lmm.
2739 2838 2794 2882 et
2826 2826 3065 2882 Verbum
3097 2835 3217 2880 erat
3245 2826 3388 2896 apud
3414 2825 3610 2893 Deum,
3637 2833 3695 2880 et
3725 2825 3868 2879 Deus
3898 2837 4020 2878 erat
4046 2821 4183 2879 Ver-

2557 2916 2685 2970 bum
2718 2916 2904 2986 (Joan.
2933 2917 2998 2987 ι).
3038 2935 3057 2968 ι
3092 2914 3208 2970 Hoc
3244 2916 3433 2984 itaque
3478 2913 3764 2986 signaculo
3815 2914 4072 2970 veritatis
4125 2929 4182 2970 et

2560 3011 2940 3064 haereticorum
2972 3010 3442 3081 tergiversationis
3472 3019 3676 3064 metam
3707 3010 3825 3065 ﬁxit
3849 3019 3906 3066 et
3945 3011 4182 3067 catholi-

2560 3117 2747 3156 corum
2778 3101 2940 3157 ﬁdem
2978 3112 3245 3173 perpetua
3275 3117 3344 3158 ex
3378 3112 3509 3157 tunc
3550 3110 3603 3156 et
3633 3101 3894 3174 deinceps
3946 3103 4182 3158 certitn-

843 3207 930 3253 ter
960 3199 1239 3269 utriusque
1269 3201 1507 3270 pondere
1536 3201 1847 3265 ministerii,
1877 3202 2259 3256 excellentium
2292 3204 2453 3255 meri-
2483 3185 2527 3244 C
2560 3196 2687 3250 dine
2712 3195 3011 3277 roborabit.

841 3303 1023 3348 torum
1054 3295 1292 3364 dignitas
1327 3296 1377 3348 in
1407 3296 1774 3367 (luobuscmli
1809 3298 2156 3352 senatoribus
2199 3296 2450 3351 videatur

842 3387 1074 3454 xequari.
1097 3385 1248 3441 Dicit
1279 3388 1542 3443 Dominus
1591 3387 1792 3443 Petro:
1832 3409 1849 3440 ι
1908 3388 2027 3443 Tibi
2084 3389 2225 3444 dabo
2270 3388 2452 3443 claves

844 3477 1276 3560 regnicmlorum
1308 3479 1528 3549 (Matth.
1567 3494 1702 3550 xvi).
1738 3502 1756 3534 ι
1790 3480 2043 3552 Nunquid
2068 3491 2123 3537 et
2144 3482 2306 3560 _beata
2334 3480 2454 3536 Vir-

845 3585 936 3639 go,
958 3553 1167 3626 fratres
1197 3573 1326 3638 mei,
1359 3573 1558 3627 etclam
1590 3589 1697 3628 non
1733 3572 1854 3638 fuit,
1883 3574 1937 3628 in
1971 3553 2313 3642 cujus'utero
2343 3573 2454 3627 vir-

842 3661 1011 3730 ginali
1067 3678 1258 3718 novem
1313 3665 1596 3720 mensibus
1649 3675 1760 3720 tota
1813 3667 2121 3721 divinitatis
2171 3665 2455 3735 plenitudo

843 3755 1190 3824 permansit?
1223 3755 1297 3808 Ex
1328 3756 1497 3823 ipsius
1533 3757 1733 3826 quippe
1755 3759 1929 3812 castis
1979 3757 2309 3826 mundisqne
2343 3757 2454 3810 vis-

843 3844 1091 3908 ceribus,
1121 3843 1216 3900 Dei
1248 3843 1510 3911 Verbum,
1560 3861 1659 3916 per
1685 3848 1828 3916 quod
1880 3848 2024 3903 facta
2077 3857 2204 3903 sunt
2249 3848 2456 3911 omnia,

853 3937 1210 3995 immaculata
1242 3952 1304 3993 se
1330 3952 1500 3994 carne
1529 3941 1766 3994 vestivit.
1808 3941 1862 3995 In
1891 3951 2120 4012 angusto
2149 3942 2356 3997 scilicet
2384 3941 2463 3993 la-

847 4027 999 4082 tebat
1027 4028 1149 4083 alvo
1179 4029 1492 4096 conclusus,
1525 4031 1619 4086 sed
1657 4032 1826 4086 totius
1868 4033 2018 4088 orbis
2060 4033 2183 4104 jura
2235 4034 2462 4104 regebat

846 4117 1167 4174 immensus.
1201 4120 1259 4175 ln
1289 4121 1636 4188 brevissimo,
1685 4124 1933 4194 inquam,
1974 4125 2261 4194 virginalis
2316 4125 2459 4181 uteri

847 4207 1123 4264 domicilio
1153 4211 1505 4274 constitutus,
1537 4220 1592 4267 et
1616 4213 1738 4268 coeli
1770 4214 2116 4284 gubernabat
2143 4215 2458 4287 imperium,

845 4310 906 4357 ct
933 4311 1276 4358 terrenorum
1305 4305 1548 4359 omnium
1597 4320 1705 4360 non
1756 4307 2020 4362 amiserat
2065 4308 2456 4378 principatum.

848 4394 970 4450 Non
1019 4412 1151 4469 ergo
1189 4399 1575 4469 prtcsumptive
1629 4398 1830 4454 etelum
1882 4400 2084 4456 dicitur
2125 4399 2462 4455 venerabilis

848 4488 1009 4561 virgo
1045 4489 1216 4545 Maria~
1243 4509 1256 4546 :
1291 4501 1458 4562 atque
1485 4493 1605 4547 ideo
1651 4492 1876 4548 beatum.
1900 4492 2166 4550 Joannem
2197 4493 2463 4549 Dominus

2629 3290 2824 3344 Petrus
2857 3292 3022 3360 igitur
3049 3299 3201 3360 petra
3239 3307 3253 3344 :
3294 3307 3312 3341 ι
3354 3287 3434 3342 Tu
3477 3305 3564 3351 es.
3617 3290 3815 3361 inquit,
3863 3291 4082 3355 Petrus,
4130 3303 4191 3353 es

2557 3396 2725 3449 super
2785 3382 2928 3435 hanc
3016 3390 3226 3451 petram
3300 3379 3590 3437 aadiﬁeabo
3639 3367 3947 3438 Ecclesiam
4004 3399 4187 3440 meam

2559 3472 2782 3540 (ΜαιιΙι.
2814 3472 2952 3542 xvi).
2991 3491 3009 3524 ι
3047 3472 3207 3528 Petra
3237 3487 3460 3542 quoque
3486 3472 3668 3530 factus
3695 3485 3782 3530 est
3830 3483 3888 3529 et
3913 3473 4186 3543 Joannes,

2560 3581 2722 3634 supra
2750 3564 2908 3634 cujus
2940 3565 3064 3618 ﬁdei
3103 3564 3524 3618 fundamentum
3559 3564 3725 3620 totius
3750 3565 4010 3622 Ecclesia
4036 3577 4186 3623 stru-

2559 3666 2714 3711 ctura
2761 3658 3068 3726 consurgit,
3120 3672 3284 3726 quam
3317 3657 3590 3724 videlicet,
3633 3661 3750 3716 sive
3798 3661 4186 3719 haareticorum

2561 3747 2717 3802 furor
2749 3749 3035 3821 impingat,
3065 3751 3182 3804 sive
3211 3753 3576 3806 tentationum
3602 3753 3778 3807 irruat
3808 3753 4048 3824 impetus
4073 3771 4186 3810 non

2561 3843 2778 3896 evertit.
2820 3842 2946 3898 ll:ec
2974 3853 3126 3912 petra
3157 3844 3269 3898 veri
3327 3843 3499 3899 David
3533 3843 3724 3915 implet
3773 3845 4023 3911 fundant,
4076 3862 4186 3918 qua

2562 3935 2940 3990 Philisthaeum
2978 3935 3198 3990 Golith
3238 3936 3521 4004 signauter
3572 3937 3626 3992 in
3681 3935 3865 3992 fronte
3916 3940 4191 4008 percutiat

2564 4027 2613 4100 (Ι
2652 4027 2782 4098 Reg.
2818 4028 2977 4098 xvu),
3007 4028 3098 4082 ubi
3130 4029 3383 4084 videlicet
3409 4029 3594 4084 crucis
3629 4029 3889 4084 vexillum
3922 4030 4192 4102 profanus

2564 4128 2617 4172 et
2659 4119 2859 4188 impius
2888 4135 2995 4172 non
3025 4119 3282 4173 habebat.
3317 4117 3446 4175 Haec
3477 4119 3751 4191 siquidem
3786 4112 3941 4191 peira
3990 4138 4186 4178 omnes

2565 4209 2960 4264 ecclesiastica:
3003 4210 3270 4264 doctrina:
3321 4213 3674 4268 adversarios
3725 4213 4022 4276 destruxit,
4074 4215 4192 4270 lucc

2563 4299 2850 4356 Jndaicam
2874 4304 3161 4372 pertitliam
3187 4319 3310 4357 cum
3339 4305 3490 4359 omni
3515 4321 3745 4382 prorsus
3772 4306 4028 4363 hmretica
4064 4326 4191 4378 pra-

2565 4394 2734 4448 vitate
2765 4396 3083 4465 prostravit.
3117 4395 3227 4452 Nec
3258 4397 3457 4451 mirmn
3489 4398 3532 4452 si
3568 4398 3744 4453 instar
3764 4399 3914 4453 Petri
3941 4411 3996 4454 et
4018 4399 4190 4455 Joan-

2570 4501 2668 4541 nes
2700 4495 2853 4554 petra
2883 4487 3122 4552 dicatur,
3157 4504 3281 4540 cum
3313 4488 3430 4543 haec
3458 4488 3525 4543 ad
3550 4489 3898 4546 Ezechielem
3926 4489 4192 4548 Dom‘nus

848 4583 1254 4651 quodammodo
1275 4584 1397 4640 caeli
1427 4584 1834 4641 clavicularium
1859 4601 1980 4641 esse
2003 4587 2310 4653 constituit,
2335 4603 2460 4642 cum
2493 4554 2542 4614 θ
2569 4578 2717 4632 dicat
2748 4595 2760 4632 ε
2793 4597 2811 4629 ι
2857 4578 2997 4632 Ecce
3025 4578 3148 4633 ίίϐάι
3186 4579 3380 4634 faciem
3414 4592 3562 4635 luam
3597 4581 3958 4637 valentiorem
4015 4583 4190 4640 facie-

850 4673 1030 4728 beatm
1057 4673 1353 4729 Genitricis
1379 4691 1492 4730 sua:
1523 4692 1645 4730 eum
1679 4678 1924 4732 decrevit
1953 4693 2074 4733 esse
2106 4678 2412 4734 custodem.

925 4765 1160 4822 Proinde
1186 4777 1245 4821 nt
1273 4769 1431 4823 beato
1457 4769 1620 4825 Petro
1648 4769 1888 4824 Joannes
1915 4771 2293 4842 multipliciter
2313 4787 2465 4827 com-

849 4868 1099 4930 paretur,
1132 4876 1256 4915 cum
1288 4862 1584 4932 discipulos
1615 4879 1745 4918 suos
1779 4863 2116 4935 Redemptor
2142 4875 2330 4920 noster
2377 4866 2462 4920 in-

850 4953 1098 5019 quireret
1127 4970 1230 5022 qua
1262 4956 1405 5010 circa
1436 4972 1493 5011 se
1523 4957 1779 5027 opinione
1810 4958 2060 5014 homines
2107 4948 2464 5026 ducerentur,

822 5041 1042 5119 _illique
1065 5046 1314 5114 protinus
1344 5048 1754 5116 respondissent
1789 5067 1801 5102 :
1834 5049 1923 5103 alii
1956 5049 2224 5106 Joannem
2282 5049 2467 5122 Bapti-

851 5143 1029 5202 stam,
1062 5136 1152 5192 alii
1213 5147 1394 5192 autem
1447 5139 1657 5204 Eliam,
1713 5140 1959 5196 aliivero
2005 5140 2322 5208 Jeremiam,
2371 5152 2466 5198 aut

852 5244 1025 5284 unum
1055 5245 1120 5285 ex
1152 5232 1435 5303 prophetis
1463 5232 1680 5303 (Matth.
1717 5235 1849 5306 xvi).
1900 5236 2084 5290 Donec
2133 5236 2201 5290 ad
2238 5237 2462 5291 Petrum

852 5331 1081 5378 ventum
1117 5333 1223 5389 est,
1257 5327 1489 5381 nutabat
1517 5330 1751 5382 assertio
1797 5343 1898 5383 nec
1927 5329 2302 5399 ambiguitatis
2347 5331 2466 5384 vin-

853 5415 1037 5471 culum
1066 5417 1394 5472 solvebatur.
1424 5424 1492 5473 At
1519 5420 1610 5474 ubi
1640 5422 1771 5490 quid
1820 5422 2018 5476 habeat
2069 5422 2465 5492 discipulorum

854 5520 1054 5561 sensus
1079 5507 1348 5577 exigitur,
1404 5510 1666 5578 prmcedit
1716 5512 1768 5564 in
1821 5512 2069 5567 veritatis
2117 5512 2466 5568 confessione

853 5597 952 5668 qui
992 5598 1204 5667 primus
1237 5600 1438 5654 eratin
1469 5601 1766 5670 apostolica
1794 5602 2080 5671 dignitate,
2132 5602 2324 5657 Petrus
2382 5603 2462 5655 vi-

857 5690 1053 5746 delicet
1083 5709 1093 5743 :
1129 5711 1148 5742 ι
1189 5692 1266 5746 Tu
1297 5708 1378 5757 es,
1410 5694 1683 5762 inquiens,
1715 5695 1971 5751 Christus
2001 5696 2171 5751 Filius
2216 5697 2305 5752 Dei
2356 5697 2462 5750 vivi

861 5781 1080 5847 (Ibi/3..
1121 5802 1139 5834 ι
1173 5782 1318 5838 lntcr
1343 5785 1588 5840 nutantis
1616 5786 1792 5841 adhuc
1823 5785 1944 5841 ﬁdei
1975 5787 2194 5843 sinuosa
2234 5787 2465 5842 volumi-

2477 4674 2502 4704 ⁸
2569 4672 2671 4727 bus
2698 4686 2888 4725 eorum
2927 4683 2983 4726 et
3017 4671 3253 4727 frontem
3283 4681 3433 4728 tuam
3466 4673 3743 4728 duriorem
3779 4667 4060 4730 frontibus
4092 4693 4188 4731 eo-

2572 4782 2711 4829 rum,
2749 4775 2808 4819 ut
2835 4767 3183 4821 adamantem
3212 4775 3267 4820 et
3301 4777 3359 4821 ut
3386 4766 3596 4822 silicem
3631 4767 3756 4822 dedi
3811 4765 4008 4822 faciem
4043 4777 4191 4823 tuam

2571 4857 2792 4929 (Ezech.
2828 4860 2934 4929 ιιι).
2976 4878 2994 4911 ι

2645 4952 2812 5008 Plane
2843 4954 2989 5022 quod
3024 4963 3259 5022 uterque
3287 4952 3590 5023 discipulus
3616 4951 3847 5023 protulit
3889 4952 3957 5008 de
4007 4966 4188 5006 sacra-

2572 5055 2780 5102 mento-
2815 5046 3119 5101 Dominicze
3168 5046 3653 5118 ﬁdei,quanqnam
3700 5046 4189 5117 profundissintun'.

2571 5141 2645 5193 sit
2675 5149 2840 5210 atque
2867 5140 3094 5194 omnino
3123 5141 3392 5204 divinum,
3436 5151 3492 5196 et
3539 5150 3836 5210 utrumque
3882 5141 4000 5212 pari
4033 5133 4187 5195 modr.

2572 5235 2716 5289 vires
2741 5236 2996 5290 humanm
3029 5237 3228 5290 mentis
3255 5237 3508 5299 excedat,
3538 5251 3639 5290 nec
3683 5226 3949 5291 videatur
3995 5236 4048 5288 in
4099 5250 4188 5290 cx-

2571 5326 2839 5382 cellcntice
2869 5327 3140 5397 dignitate
3168 5329 3444 5383 diversum
3473 5332 3617 5397 quod
3645 5329 3839 5383 eodem
3868 5337 3953 5383 est
3984 5326 4189 5398 Spiritu

2575 5419 2817 5474 dictante
2835 5420 3127 5489 prolatum,
3155 5419 3285 5474 illud
3313 5430 3496 5475 tamen
3529 5421 3670 5475 beati
3699 5419 3929 5476 Joannis
3954 5420 4188 5492 singula-

2534 5552 2536 5554 τ
2579 5510 2759 5564 ritatis
2789 5510 2963 5564 locum
2996 5510 3097 5564 sibi
3134 5510 3416 5566 vindicare
3438 5511 3807 5583 conspicitur,
3841 5512 3967 5581 quia
4020 5527 4188 5582 neque

2577 5611 2702 5654 ante
2736 5601 2910 5666 illum,
2945 5617 3123 5672 neque
3154 5610 3275 5672 post
3297 5601 3447 5656 illum
3479 5604 3582 5659 hoc
3613 5603 3753 5658 idem
3787 5603 4074 5672 scripsisse
4103 5605 4186 5658 ali-

2577 5695 2701 5762 quis
2735 5695 3033 5748 invenitur.
3067 5693 3202 5748 Natn
3239 5693 3386 5748 illam
3423 5694 3482 5748 Β.
3515 5695 3661 5750 Petri
3695 5696 3926 5766 apostoli
3977 5699 4169 5752 Semen

2583 5790 2732 5852 tiam,
2768 5799 2821 5844 ct
2859 5787 3130 5842 Martbam
3163 5804 3411 5843 sororem
3451 5789 3642 5844 Lazari
3674 5792 3879 5847 eisdem
3915 5792 4028 5846 fere
4082 5808 4160 5848 vet
