2725 3195
12 609 20 622 δ

12 736 13 750 i

12 763 16 771 ³
67 769 77 774 .-

12 839 18 873 ης
24 843 45 874 ἦ.

12 875 13 885 i
22 881 33 886 η
84 884 87 885 ν

17 924 22 931 .

986 195 1040 225 863
1289 197 1318 224 S.
1333 196 1433 224 PLTRI
1453 195 1593 223 DAMiANI
1613 194 1687 222 ΟΡΡ.
1710 193 1798 221 PARS
1819 194 1884 222 SEL‘
1904 194 2021 224 TOMUS
2040 196 2071 224 ll.
2089 212 2123 217 —
2140 193 2335 225 SERNONES.
2563 193 2627 227 ..δ

977 257 1021 285 bis
1034 256 1146 291 legimus
1159 256 1314 292 protulisse.
1329 257 1377 283 Cui
1402 256 1529 282 nimirum
1556 263 1617 282 cum
1642 254 1769 281 Salvator
1786 254 1807 283 Α
1824 254 1915 284 stinat.
1930 262 2030 289 easque
2045 256 2078 282 ad
2102 255 2235 283 cautelam
2252 255 2314 284 tidci
2334 260 2362 284 et
2376 254 2627 285 studium

978 302 1079 330 diceret
1093 311 1098 328 :
1120 310 1129 327 α
1145 302 1240 329 Omnis
1251 303 1297 336 qui
1313 302 1376 328 vivit
1391 307 1418 328 et
1435 302 1519 329 credit
1536 303 1560 329 in
1579 310 1621 329 me
1637 310 1688 328 non
1713 310 1770 328 mo-

980 347 1066 374 rietur
1081 347 1107 373 in
1121 351 1253 374 :cternnm
1268 348 1357 380 (Joan.
1378 348 1434 382 si);
1456 358 1464 373 ι
1484 353 1564 382 utque
1577 348 1751 382 snlujungcrrt
1762 359 1769 374 ~.

981 403 990 418 σ
1007 393 1100 420 Credis
1115 394 1187 421 hoc?
1206 404 1213 418 ι
1230 395 1301 420 illico
1315 395 1407 421 eodem
1426 394 1539 429 Spiritu.
1556 403 1610 428 quo
1624 400 1650 421 et
1666 395 1770 425 Petrus,

978 438 1125 472 inspirante
1141 438 1302 472 respondit:
1323 447 1332 463 ι
1352 438 1408 473 ligo
1421 440 1535 470 credidi,
1553 440 1649 473 inquit,
1665 441 1727 473 quin
1745 446 1771 466 tu

976 490 1007 510 es
1021 483 1146 511 Christus
1161 483 1244 511 Filius
1256 483 1303 510 Dei
1319 485 1382 515 vivi,
1400 485 1445 519 qui
1458 485 1483 511 in
1498 485 1569 511 hunc
1582 486 1712 511 mundum
1726 494 1772 512 vc-

979 531 1043 557 nisti
1060 530 1167 565 (ΗΜΛ).
1186 540 1195 557 ι

1013 576 1081 608 Quid
1097 581 1189 604 autem
1210 578 1320 610 mirum.
1338 578 1359 604 si
1374 578 1506 605 Joannem
1523 579 1555 603 de
1570 579 1714 604 divinitate
1736 579 1771 604 Ιυ-

977 627 1119 657 quenlem,
1138 623 1217 650 beato
1232 623 1314 651 Petro
1333 624 1510 658 prrrferimus,
1526 633 1585 650 cum
1602 625 1663 650 illud
1688 625 1772 650 Eran-

977 667 1039 702 gelii
1054 668 1094 696 sui
1110 668 1247 703 singulare
1263 670 1422 703 principium
1441 670 1496 703 ipsa
1513 671 1593 696 etiam
1618 672 1697 696 \ct'ltu
1724 671 1774 696 Dn—

978 713 1088 745 minica,
1104 714 1125 740 si
1142 714 1193 740 dici
1209 714 1298 747 liceat,
1314 715 1444 741 excedere
1461 716 1618 740 videamus?
1634 715 1686 741 Nec
1705 715 1774 747 inju-

976 760 1016 787 ria
1041 759 1071 786 iit
1094 760 1267 795 lledemptori
1297 767 1398 793 nostro,
1425 763 1446 788 si
1475 762 1581 788 dicatur
1607 763 1663 796 ipse
1691 763 1772 788 gnidi—

976 805 1047 832 mins
1060 804 1161 840 aliquid
1176 808 1335 841 depromere
1362 814 1408 841 per
1431 808 1592 841 discipulum
1619 816 1699 842 quam
1727 817 1773 842 βυτ

975 851 1162 885 semetipsum,
1175 856 1202 878 et
1216 860 1263 886 per
1276 852 1347 879 illius
1364 853 1481 887 linguam
1496 854 1637 880 manifeste
1653 855 1773 887 ρτυῐειττιξ

975 896 1047 930 quod
1061 904 1110 931 per
1123 898 1297 932 semetipsum
1318 899 1418 932 liquido
1444 900 1529 925 noluit
1557 902 1671 934 aperire.
1695 902 1771 931 Nunt.

1824 301 1975 327 dilcﬂionis
1990 301 2094 328 invitat.

1861 348 1905 373 Sic
1939 348 2029 381 itaque
2060 347 2234 374 inenarrabili
2261 346 2406 374 charitatis
2431 345 2532 374 ardore
2560 350 2627 373 Iuc-

1825 401 1932 421 Censns,
1947 393 1998 419 huc
2012 392 2127 427 illucque
2141 400 2170 420 se
2182 398 2300 423 vertens.
2309 392 2430 427 undique
2440 390 2625 423 amnicus.

1826 439 1922 472 ultique
1939 438 2095 465 discurrens
2117 439 2207 465 omnia
2224 438 2257 464 ad
2281 438 2395 465 salutem
2416 436 2558 465 hominum
2578 443 2615 472 ge

1827 494 1888 511 num
1906 486 2033 514 concitat.
2048 485 2137 513 omnia
2152 490 2262 511 malum
2278 485 2445 511 incrementa
2461 482 2625 519 perlustrat.

1825 540 1919 557 omnes
1945 532 2068 557 humans:
2091 531 2255 557 conditionis
2275 530 2384 557 ordines
2406 529 2485 557 oculo
2508 528 2626 557 curiosa

1825 577 2014 603 sn‘livitndinis
2032 577 2188 610 investigat,
2215 580 2241 602 et
2265 581 2394 610 tanquam
2408 575 2496 611 Argus
2517 574 2627 602 univcr-

1825 622 1889 647 aulis
1917 622 2043 648 Ecclesia:
2070 621 2168 651 factus,
2192 621 2275 647 totius
2292 621 2401 647 humani
2419 619 2527 655 generis
2549 627 2625 647 sum-

1826 674 1907 695 uimn,
1931 666 2002 693 ulnis
2026 672 2146 701 paternae
2169 667 2332 699 dilectionis,
2354 666 2527 701 amplectitur
2541 670 2625 700 atque

1826 714 1857 737 a-l
1875 712 2064 745 lictlvmptoris
2080 712 2119 738 sui
2137 712 2305 738 consortium
2324 712 2431 739 trahere
2444 717 2625 745 unumqu-

1825 767 1876 791 qm-
1904 759 2040 791 sigillzttim
2068 758 2239 785 admonendo
2263 762 2390 784 conatur.
2417 757 2501 784 Amor
2524 756 2626 791 quippe

1827 805 1942 834 honuni,
1957 813 2009 838 quo
2033 813 2093 831 cum
2110 812 2164 838 pra:
2180 804 2286 831 cunctis
2300 802 2459 830 mortalibus
2482 801 2579 829 dilexit.
2596 805 2626 828 es

1827 852 1875 876 lum
1891 852 1913 875 ei
1928 852 2032 884 pondus
2044 852 2169 877 fratcrnm
2189 850 2343 877 dilectionis
2356 849 2490 880 exhibuit.
2504 853 2532 876 ut
2545 848 2625 875 nimi«

1827 905 1883 921 rum
1908 898 1966 929 plus
1988 903 2091 922 ntnnrt't
2112 897 2155 930 qui
2174 896 2232 931 plus
2248 896 2400 928 rimabatur,
2416 900 2444 922 et
2458 895 2503 930 qui
2518 895 2625 930 primus

975 945 1006 968 ut
1019 947 1046 969 et
1061 943 1104 969 hic
1121 944 1242 977 quaedam
1260 945 1346 971 adhuc
1364 945 1433 971 inter
1458 946 1565 972 eosdem
1589 946 1682 973 huius
1706 955 1769 979 apo.
1791 938 1809 965 il
1826 948 1883 967 t-rnt
1905 944 1928 967 in
1952 942 2140 976 “t'tlt‘lllpioris
2156 950 2249 968 amore
2273 942 2426 976 pr:ccipuus
2448 941 2475 967 in
2499 939 2625 967 fratem

975 986 1059 1013 stolos
1075 988 1243 1021 comparatio
1262 989 1394 1018 videnlur.
1421 990 1470 1016 hoc
1496 992 1574 1017 honto
1598 991 1692 1017 Joanni
1722 993 1771 1018 Do.

974 1032 1065 1060 minus
1091 1034 1227 1061 concessit
1264 1034 1290 1061 in
1318 1034 1419 1067 verbis,
1445 1036 1519 1070 quod
1545 1040 1573 1063 et
1595 1036 1678 1064 Petro
1706 1045 1773 1064 con-

976 1075 1037 1103 tulit
1057 1075 1140 1113 m
1161 1077 1188 1105 in
1213 1077 1364 1112 miraculis,
1379 1079 1505 1107 videlicet
1518 1084 1548 1107 ut
1565 1085 1594 1108 et
1609 1081 1660 1109 iste
1673 1081 1772 1109 altiora

974 1120 1112 1157 proferret
1133 1126 1161 1150 et
1178 1122 1231 1150 ille'
1246 1122 1395 1165 majoribus
1419 1124 1550 1153 virtutum
1573 1126 1704 1162 prodigiis
1727 1134 1774 1154 co-

976 1172 1111 1195 ruscaret.
1134 1166 1163 1196 in
1188 1168 1373 1204 apostolon
1394 1170 1468 1199 enim
1483 1170 1597 1199 Actibus
1621 1172 1775 1209 invepimus

975 1212 1039 1248 quia
1053 1212 1080 1240 in
1096 1213 1192 1248 plateis
1214 1213 1361 1249 ejiciebant
1376 1215 1510 1248 inﬁrmos,
1534 1221 1563 1245 et
1586 1218 1722 1252 ponebant
1747 1218 1773 1244 in

974 1258 1080 1287 lectulis
1090 1264 1117 1286 et
1128 1260 1277 1295 grabbatis,
1291 1265 1330 1294 ut.
1343 1262 1471 1297 veniente
1491 1261 1583 1295 Petro,
1605 1263 1700 1291 saltem
1713 1271 1774 1291 unl-

974 1304 1024 1332 bra
1048 1304 1122 1333 illius
1134 1305 1312 1334 obumbraret
1327 1314 1493 1343 quemquam
1519 1308 1628 1336 illorum
1652 1313 1680 1337 et
1704 1309 1772 1336 libeo

975 1356 1102 1379 raretttur
1116 1352 1151 1380 ab
1163 1352 1369 1382 inﬁrmitatibus
1381 1354 1439 1382 suis
1450 1354 1521 1390 (Act.
1535 1355 1582 1389 v);
1595 1355 1666 1391 quod
1682 1360 1772 1391 tamen

975 1395 1121 1424 Dominum
1141 1396 1241 1426 fecisse
1254 1406 1389 1438 nusquam
1410 1400 1526 1435 legimus
1537 1405 1567 1428 ut
1580 1390 1631 1437 per
1649 1390 1773 1429 unibram

973 1441 1101 1471 videlicet
1113 1443 1155 1471 sui
1170 1445 1294 1479 corporis
1318 1445 1470 1473 remedium
1484 1446 1612 1475 sanitatis
1632 1447 1712 1475 alicui
1734 1451 1774 1474 at-

974 1487 1077 1515 tulerit.
1091 1487 1152 1520 _Sed
1169 1491 1243 1524 quod
1262 1490 1389 1526 pradiait
1408 1490 1541 1522 exhibuit.
1562 1492 1635 1527 quod
1650 1492 1775 1528 promisit

974 1532 1104 1568 implevit.
1118 1534 1185 1562 Nam
1199 1535 1226 1562 in
1250 1536 1372 1571 eiusdem
1385 1535 1501 1565 Joannis
1513 1537 1662 1573 Evangelia
1681 1538 1749 1567 dicit
1765 1547 1772 1566 :

976 1589 986 1604 ι
1004 1579 1100 1612 Amen.
1118 1584 1197 1608 amen
1210 1582 1272 1610 dico
1283 1581 1372 1614 vobis,
1385 1582 1432 1618 qui
1451 1583 1539 1612 credit
1563 1584 1589 1611 in
1610 1591 1664 1616 me.
1679 1592 1773 1620 opera,

973 1670 1039 1703 ciet,
1053 1671 1117 1706 quia
1132 1678 1183 1708 ego
1197 1672 1230 1700 ad
1251 1673 1362 1701 Patrem
1381 1681 1473 1702 meum
1486 1675 1556 1703 vado
1570 1675 1663 1710 (Joan.
1679 1677 1746 1711 an).
1763 1686 1773 1704 ι

974 1710 1120 1745 Enimvero
1133 1717 1192 1753 ipse
1205 1719 1372 1754 operabatur
1386 1719 1413 1746 in
1432 1719 1526 1753 Petro,
1547 1721 1605 1756 ipse
1618 1710 1778 1751 locutusest

975 1762 1003 1791 in
1018 1762 1133 1791 Joanne.
1150 1773 1160 1790 ι
1179 1764 1238 1792 Non
1252 1764 1338 1799 enim,
1350 1764 1449 1801 inquit,
1464 1757 1514 1795 vos
1524 1767 1604 1800 estis,
1626 1768 1673 1803 qui
1687 1768 1777 1804 loqui-

975 1808 1054 1842 mini,
1070 1808 1118 1836 sed
1141 1808 1259 1844 Spiritus
1273 1809 1363 1838 Patris
1378 1811 1472 1844 vestri,
1485 1812 1532 1847 qui
1546 1811 1669 1848 loquitur
1683 1813 1711 1841 in
1727 1821 1777 1842 vo-

975 1854 1018 1883 bis
1032 1854 1144 1890 (Matth.
1160 1855 1199 1891 ι).
1218 1865 1229 1882 a
1514 1860 1516 1864 '

1012 1899 1110 1927 Merito
1123 1907 1220 1936 nempe
1232 1901 1329 1930 beatus
1341 1901 1462 1931 Joannes
1474 1907 1503 1932 et
1517 1903 1705 1939 praedantes
1718 1912 1778 1934 om-

975 1951 1027 1972 nes
1043 1951 1077 1973 ac
1097 1945 1304 1980 subseqttentes’
1317 1946 1470 1975 divinorum
1493 1949 1642 1984 scriptores
1664 1950 1778 1979 volumi-

975 1989 1051 2022 num,
1067 1989 1152 2025 gloria
1173 1991 1319 2026 singularis
1332 1992 1464 2027 praecedit
1480 1993 1594 2029 eloquii,
1614 2002 1697 2030 quem
1722 2003 1777 2024 non

975 2035 1081 2063 luxuria
1107 2035 1214 2071 polluit.
1238 2044 1291 2065 non
1314 2037 1399 2066 libido
1417 2039 1552 2074 corrupit;
1574 2040 1623 2068 sed
1637 2041 1779 2076 virginalis

975 2083 1117 2119 integritas
1132 2089 1269 2120 perpetua
1284 2085 1497 2121 iucorruptionis
1521 2086 1601 2114 titulo
1625 2087 1776 2116 decoravit.

974 2128 1027 2163 Qui
1052 2129 1181 2157 nimirum
1198 2131 1325 2166 nuptialis
1347 2131 1452 2168 copula
1471 2132 1621 2161 thalamum
1636 2134 1776 2167 deserens.

973 2181 1083 2202 omnem
1108 2174 1244 2203 illecebrae
1267 2176 1389 2204 carnalis
1413 2178 1539 2205 ardorem
1571 2178 1598 2205 in
1623 2178 1777 2206 caelestium

974 2219 1134 2248 deliciarum
1158 2221 1296 2249 transtulit
1314 2222 1493 2258 voluptatem,
1515 2224 1724 2259 arctissimeque
1747 2233 1778 2253 se

974 2265 1003 2293 in
1027 2266 1068 2293 sui
1093 2265 1283 2302 Redemptoris
1306 2275 1338 2296 ac
1359 2268 1499 2296 dilectoris
1513 2276 1607 2297 amore
1625 2269 1776 2305 conjunxit,

1827 990 1901 1015 liert'l
1923 990 2064 1015 t‘lmrilntt'.

1861 1033 1997 1067 Quantum
2017 1038 2108 1060 autem
2130 1032 2202 1068 apud
2216 1032 2362 1059 Dominum
2387 1030 2550 1066 impetrandi
2578 1030 2624 1057 lo-

1826 1087 1900 1111 cum,
1914 1086 1996 1113 quam
2019 1078 2163 1114 pracipute
2185 1076 2381 1104 familiaritatis
2407 1075 2526 1104 Joannes
2552 1075 2626 1102 obti-

1827 1124 1917 1153 nuerit
1932 1124 2114 1160 privilegium.
2129 1123 2193 1151 hinc
2205 1122 2377 1150 manifestius
2386 1121 2515 1157 colligere
2529 1128 2626 1156 possu-

1827 1178 1904 1201 mus;
1918 1169 1990 1204 quod
2006 1169 2076 1196 idem
2093 1169 2190 1196 beatus
2215 1167 2382 1202 evangelista
2406 1171 2533 1197 testatur.
2558 1166 2626 1201 quia

1827 1216 1854 1243 in
1875 1216 1933 1250 ipso
1948 1214 2038 1242 vitalis
2060 1220 2146 1241 cane
2164 1212 2291 1240 convivio
2306 1212 2386 1249 αι
2408 1211 2487 1240 Jeaus
2500 1211 2627 1239 turbatus

1825 1267 1869 1291 est
1882 1262 1989 1297 spiritu.
2015 1265 2042 1289 et
2067 1264 2234 1296 protestatus
2257 1263 2312 1291 est,
2334 1264 2364 1286 et
2381 1258 2450 1286 dixit
2464 1267 2472 1286 :
2488 1267 2498 1283 ι
2524 1258 2625 1290 Amen.

1826 1315 1904 1335 amen
1918 1307 1978 1335 dico
1993 1306 2080 1338 vobis,
2095 1306 2158 1340 quia
2176 1312 2246 1333 unus
2259 1312 2293 1333 ea
2316 1304 2394 1332 vobis
2419 1304 2509 1332 tradet
2532 1305 2587 1331 me.
2613 1313 2623 1329 ι

1827 1354 1930 1381 Deinde
1945 1354 2085 1388 sequitur:
2096 1352 2358 1387 tAspiciebantergq
2366 1351 2400 1379 ad
2412 1351 2528 1379 invicem
2540 1350 2626 1378 disci-

1827 1399 1881 1435 puli
1904 1399 2071 1430 btesitantes.
2085 1398 2119 1425 de
2142 1404 2196 1432 quo
2211 1397 2326 1425 diceret.
2344 1405 2355 1424 ι
2374 1395 2490 1431 Iusque
2511 1394 2626 1430 sul-iun-

1827 1445 1867 1480 git
1883 1453 1890 1470 :
1910 1453 1919 1469 ι
1936 1444 2002 1471 Erat
2015 1451 2081 1479 ergo
2101 1443 2263 1471 recumbens
2278 1449 2350 1470 unus
2363 1450 2396 1470 es
2409 1441 2550 1476 discipulis
2563 1441 2627 1476 ejus

1828 1491 1856 1518 in
1884 1491 1945 1519 sinu
1967 1489 2044 1521 Iesu.
2066 1496 2148 1525 quem
2177 1488 2306 1524 diligebat
2329 1487 2419 1516 .lcsus.
2441 1487 2533 1515 lanuit
2558 1494 2628 1522 ergo

1828 1537 1892 1564 huic
1907 1536 2002 1563 Simon
2014 1535 2121 1567 Petrus.
2141 1539 2169 1562 et
2182 1534 2250 1562 dicit
2262 1533 2288 1561 ei
2302 1542 2309 1561 :
2325 1532 2392 1567 Quia
2406 1537 2449 1561 est
2468 1533 2502 1561 de
2514 1541 2569 1569 quo
2585 1533 2627 1561 di-

1827 1584 1888 1612 cit?
1907 1593 1916 1610 I
1939 1583 2030 1618 Atque
2043 1587 2072 1610 ut
2088 1582 2210 1610 historia
2232 1580 2303 1617 stylo
2318 1588 2372 1609 non
2397 1584 2502 1613 tenear.
2525 1579 2626 1608 ιωυηί

953 1648 955 1650 .
974 1632 1035 1660 qua:
1045 1633 1096 1661 ego
1114 1625 1193 1659 facio,
1209 1632 1237 1655 et
1251 1627 1309 1663 ipse
1325 1615 1419 1662 faciei,
1442 1633 1471 1657 et
1490 1629 1593 1664 majora
1617 1615 1714 1659 borum
1731 1615 1774 1659 fa;
1788 1615 1812 1648 ο
1828 1636 1891 1657 taox
1906 1615 2084 1663 interroganti
2101 1627 2232 1655 Dominus
2251 1615 2409 1662 respondit:
2427 1634 2437 1652 ι
2456 1625 2501 1653 ille
2514 1630 2566 1657 est,
2578 1625 2627 1653 eui

1825 1682 1877 1711 ego
1889 1674 2033 1702 intinctum
2049 1680 2147 1709 [auem
2163 1679 2311 1708 porrexerit
2326 1670 2420 1707 (Joaa.
2435 1671 2507 1706 stu).
2526 1681 2536 1698 ι

1862 1721 1884 1750 0
1907 1721 2059 1749 mirabilem
2084 1725 2166 1756 atque
2191 1719 2433 1756 incomparabilem
2459 1719 2568 1750 virum.
2599 1723 2629 1746 et

1826 1768 1900 1795 omtti
1918 1767 2080 1795 Christiana:
2094 1766 2246 1794 devotionis
2259 1764 2396 1802 praeconio
2408 1764 2627 1800 pmicrendum!

1827 1814 1898 1842 Ecce
1921 1814 2034 1841 verbum
2050 1811 2187 1848 profertur
2201 1811 2228 1839 in
2251 1811 2389 1844 medium.
2402 1814 2430 1838 et
2449 1814 2521 1838 totus
2535 1814 2627 1842 tacet,

1827 1867 1861 1887 ac
1885 1858 1936 1886 sub
1955 1858 2056 1886 silentii
2078 1863 2195 1885 certum
2209 1855 2369 1891 reprimitur
2390 1860 2502 1883 senatus
2515 1859 2629 1890 aposto-

1826 1905 1935 1938 lorum;
1952 1909 2027 1932 tanta
2049 1903 2183 1939 siquidem
2210 1902 2333 1938 magistri
2356 1901 2526 1936 prasidentis
2552 1901 2629 1928 vide-

1828 1952 1909 1979 batur
1933 1949 2098 1982 anctoritas.
2122 1952 2151 1976 ut
2171 1948 2222 1976 sub
2244 1947 2368 1976 districta
2392 1955 2422 1976 se
2441 1952 2629 1984 compesceret

1828 1998 1907 2026 beata
1923 1996 2118 2032 discipulon
2133 1994 2228 2023 concio
2238 1994 2390 2030 disciplina.
2406 1993 2552 2025 limitant.
2568 2001 2629 2020 am-

1830 2043 1942 2078 bigunt,
1963 2046 2045 2077 atque
2065 2041 2138 2068 inter
2162 2047 2192 2068 se
2217 2039 2332 2068 invicem
2357 2040 2497 2068 oculorum
2515 2039 2629 2067 nutibus

1828 2088 2029 2124 quodammodo
2051 2089 2251 2122 interrogantes
2267 2085 2421 2121 aspiciunt;
2437 2090 2627 2122 verumtamen

1828 2134 1920 2169 lingua
1943 2133 2068 2169 proferre
2087 2131 2160 2167 quod
2185 2131 2323 2167 gestiunt.
2339 2131 2380 2158 vel
2400 2130 2544 2158 Dominum
2560 2138 2628 2159 cost-

1828 2180 1934 2208 suleuts
1961 2178 2100 2214 inquirere
2121 2184 2175 2205 non
2198 2180 2373 2213 presumunt.
2401 2174 2483 2203 Tacet
2507 2176 2627 2209 Petrus.

1830 2230 1901 2253 tacet
1914 2224 1977 2253 ccli
1992 2223 2195 2252 clavicularius.
2211 2222 2296 2251 Tacet
2311 2222 2429 2258 denique
2450 2222 2553 2258 lingua,
2567 2230 2629 2258 qua

1829 2270 1914 2298 clavis
1937 2269 2008 2297 iacta
2027 2269 2176 2301 calorum.
2190 2267 2289 2297 celum
2303 2267 2383 2296 simul
2404 2272 2431 2295 et
2441 2272 2547 2296 terram
2563 2268 2629 2304 ligat

973 2316 1085 2347 propter
1098 2320 1180 2348 quem
1207 2313 1311 2342 scilicet
1331 2315 1482 2350 coniugalis
1499 2315 1551 2343 tori
1574 2314 1677 2344 hedera
1699 2315 1776 2343 abdi-
1790 2306 1816 2325 ν
1829 2320 1857 2343 et
1881 2314 1970 2343 solvit.
1995 2314 2078 2342 Tacet
2093 2314 2132 2347 is,
2154 2313 2282 2348 inquam,
2296 2313 2339 2340 cui
2354 2317 2438 2348 porta:
2461 2306 2559 2340 inferri
2574 2320 2628 2340 non

973 2357 1054 2385 cavit.
1072 2357 1149 2386 Unde
1171 2358 1301 2388 divinitus
1328 2360 1366 2388 illi
1394 2367 1555 2390 concessum
1580 2366 1623 2390 est
1647 2367 1678 2389 ut
1700 2367 1774 2389 tanta

973 2410 1022 2430 cor
1034 2402 1091 2437 eius
1105 2403 1187 2431 etiam
1200 2405 1272 2433 circa
1285 2405 1386 2434 fratres
1395 2407 1539 2435 cbaritatis
1551 2407 1639 2443 gratia
1653 2408 1774 2443 replere-

974 2452 1028 2479 tur,
1044 2452 1073 2475 ut
1086 2455 1290 2478 sacrosanctum
1313 2452 1433 2487 pectoris
1457 2453 1517 2487 ejus
1542 2453 1673 2488 templum
1698 2454 1774 2482 velut

973 2493 1098 2521 caminus
1122 2495 1233 2530 quidam
1260 2496 1344 2524 divini
1368 2498 1507 2526 videretur
1535 2499 1663 2527 incendii.
1698 2499 1775 2534 Quod

973 2539 1096 2573 profecto
1123 2540 1151 2567 in
1178 2541 1344 2577 quibuslibet
1377 2542 1528 2579 Scripturis
1561 2544 1620 2579 eius
1650 2550 1776 2580 patenter

973 2585 1139 2620 agnoscitur,
1161 2586 1188 2614 in
1204 2587 1304 2622 quibus
1319 2589 1413 2624 utique
1432 2597 1482 2625 per
1495 2597 1604 2617 omnem
1619 2589 1677 2618 fere
1697 2591 1775 2626 pagi-

972 2637 1047 2663 nam,
1067 2630 1146 2666 quasi
1167 2638 1216 2666 per
1228 2633 1360 2667 quasdam
1375 2634 1470 2668 rimas,
1495 2635 1639 2663 charitatis
1657 2642 1774 2670 vapores

973 2675 1131 2710 edundere,
1155 2677 1301 2706 charitatis
1334 2679 1440 2708 videtur
1473 2680 1618 2709 ardoribus
1645 2686 1772 2710 aestuare.

973 2720 1053 2749 Modo
1065 2721 1140 2749 enim
1162 2728 1253 2758 patres
1281 2725 1443 2754 nominatim
1470 2727 1505 2754 ad
1530 2727 1694 2755 charitatem
1709 2736 1774 2764 pro-

973 2771 1063 2800 vocat,
1078 2767 1159 2795 modo
1174 2777 1226 2797 non
1242 2769 1322 2804 illius,
1339 2771 1388 2799 sed
1401 2770 1510 2805 ﬁliolus,
1523 2773 1600 2808 quasi
1619 2777 1713 2802 tenere
1731 2774 1774 2802 di-

975 2811 1062 2847 ligens
1081 2813 1212 2849 appellat.
1227 2814 1307 2844 ludo
1320 2817 1439 2852 propriis
1452 2822 1564 2846 clauim
1580 2819 1718 2847 vocabulis
1730 2819 1773 2847 in-

977 2856 1083 2887 fantes.
1111 2859 1192 2887 modo
1224 2859 1353 2895 iuvenes.
1374 2862 1455 2891 modo
1478 2863 1618 2900 sigillatim
1647 2865 1775 2894 admouet

979 2900 1171 2938 adolescentes.
1199 2905 1277 2935 Modo
1300 2908 1382 2936 etiam
1407 2909 1566 2939 mulieribus
1580 2910 1709 2946 epistolas
1728 2911 1775 2940 dc-

1828 2361 1995 2396 praavalent.
2009 2360 2056 2395 qui
2070 2359 2169 2395 ligandi
2194 2359 2300 2386 animas
2319 2363 2402 2394 atque
2421 2358 2540 2386 solvendi
2556 2359 2629 2387 obti-

1828 2412 1875 2434 net
1896 2406 2078 2441 principatum
2097 2404 2208 2439 (Huub.
2232 2404 2299 2439 avt).
2326 2404 2392 2432 Silet
2413 2404 2556 2437 Andreas,
2582 2404 2629 2440 qui

1827 2453 1879 2487 ipsi
1899 2453 1977 2480 fratri
2001 2452 2034 2479 ad
2056 2451 2158 2480 fontem
2182 2451 2245 2479 vita
2269 2450 2386 2486 prmvius
2404 2451 2455 2478 fuit
2478 2450 2571 2486 (Im.
2595 2452 2626 2485 ι).

1828 2499 1888 2527 Non
1913 2499 2034 2534 loquitur
2049 2498 2184 2527 Thomas.
2211 2498 2259 2532 qui
2283 2498 2356 2524 viam
2377 2504 2407 2525 se
2431 2498 2537 2525 nescire
2564 2506 2631 2534 pro-

1827 2545 1931 2577 fessus.
1952 2544 2079 2572 eumdem
2102 2550 2163 2570 esse
2186 2543 2280 2575 viam.
2302 2543 2445 2572 veritatem
2466 2548 2495 2571 et
2524 2544 2627 2575 vitam.

1826 2590 1885 2625 ipso
1910 2589 2044 2617 referente
2054 2609 2062 2621 ,
2075 2588 2202 2623 cognovit
2223 2587 2314 2624 (λοισι.
2328 2585 2396 2624 ιη).
2412 2587 2470 2617 Non
2485 2590 2631 2624 prasumit

1823 2643 1856 2663 os
1881 2633 2173 2670 aperireibilippus,
2199 2634 2245 2669 qui
2274 2634 2339 2662 dum
2367 2633 2478 2662 Patrem
2501 2634 2554 2662 sibi
2583 2643 2629 2670 po-

1824 2682 1914 2716 poscit
1933 2680 2059 2714 ostendi,
2084 2680 2219 2716 profunda
2243 2679 2373 2717 mysteria
2399 2679 2546 2708 individua
2568 2679 2630 2707 Tri-

1824 2727 1917 2755 nitatis
1943 2727 2047 2755 audivit
2060 2726 2176 2763 -(lsid.).
2204 2726 2307 2755 Omnes
2321 2731 2424 2759 tacent,
2436 2733 2534 2754 omnes
2550 2726 2630 2754 dubi-

1827 2773 2068 2806 tant.etlatenter
2091 2772 2245 2808 inquirunt.
2264 2780 2319 2801 non
2343 2772 2452 2808 quidem
2477 2772 2630 2808 prolatione

1827 2820 1992 2853 verborum,
2012 2818 2059 2848 sed
2077 2823 2182 2846 tantum
2199 2818 2311 2847 nutibus
2324 2817 2476 2846 oculorum.

1865 2865 1918 2893 Sed
1938 2873 2001 2893 cum
2022 2872 2066 2893 res
2083 2864 2129 2893 diu
2152 2863 2203 2892 sub
2216 2864 2268 2893 hac
2282 2863 2459 2900 ambiguitate
2478 2860 2634 2899 penderci»

1829 2918 1879 2939 nec
1894 2911 1995 2942 nodum
2011 2910 2157 2940 dubietst
2170 2910 2306 2947 quispiam
2332 2909 2500 2944 absolveret,
2518 2910 2631 2938 tanie-
