5450 6396
921 367 1031 425 εδδ

920 481 1148 544 Joannis
1175 477 1535 551 patrocinium
1571 471 1877 556 quaeritur,
1908 476 1964 524 et
1994 465 2075 522 sic

921 577 1172 636 notitiam
1217 573 1554 645 pervenitur.
1587 568 1678 623 Ille
1709 566 1967 623 nimirum
1987 603 2001 629 ,
2032 558 2531 629 condiscipulorum

907 673 976 726 oin
1012 684 1077 724 se
1121 681 1354 740 persona
1403 671 1690 730 suscepta,
1735 656 2021 714 consultor
2067 651 2314 715 accedit,
2344 649 2435 720 qui
2467 649 2534 703 de

915 739 1169 831 ampliori
1193 753 1603 818 familiaritatis,
1627 760 1793 820 atque
1822 744 2132 803 dilectionis
2170 739 2531 814 praerogativa

915 851 1161 908 confidit.

994 943 1146 1003 Unde
1183 937 1642 996 consmerandum
1685 934 1799 996 cst',
1850 932 2054 986 fratres
2107 928 2249 995 mei,
2310 935 2531 998 quantae

914 1031 1222 1091 devotionis
1249 1029 1505 1084 instantia
1546 1026 1691 1082 beati
1734 1021 1959 1078 Joannis
1989 1019 2237 1092 ﬂagitare
2265 1017 2531 1080 debemus

913 1125 1212 1189 auxilium,
1255 1136 1419 1192 quem
1461 1119 1681 1174 sibimet
1707 1116 2190 1177 tinterventorem,
2240 1120 2297 1166 et
2341 1110 2441 1180 ipsi
2472 1124 2530 1163 a-

913 1217 1111 1289 postoli
1141 1214 1497 1285 quasierunt.
1532 1209 1810 1276 Quantum
1859 1206 2002 1278 apud
2036 1200 2527 1273 justumtjudicem

911 1327 1013 1384 pro
1059 1308 1440 1381 peccatoribus
1479 1302 1713 1374 poterit,
1763 1300 1856 1371 qui
1895 1307 1951 1354 et
1978 1314 2078 1370 pro
2125 1296 2261 1368 ipsis
2287 1294 2528 1351 ctelestis

911 1401 1082 1460 curiae
1112 1399 1459 1457 senatoribus
1503 1391 1844 1450 intervenit?
1872 1390 1940 1445 Et
1969 1388 2060 1460 qui
2106 1388 2407 1444 advocatus
2442 1386 2526 1442 fa-

910 1504 1037 1552 ctos
1082 1504 1166 1551 est
1201 1491 1429 1549 summis
1454 1529 1470 1550 .
1517 1502 1679 1558 quam
1725 1484 2007 1541 humiliter
2039 1481 2413 1553 implorandus
2442 1491 2528 1536 est

912 1606 945 1645 a
991 1588 1275 1645 minimis?
1328 1583 1478 1639 lianc
1528 1581 1789 1636 nimirum
1841 1578 2080 1634 hominis
2127 1575 2521 1640 eminentiam,

911 1680 1057 1735 hanc
1086 1677 1404 1733 meritorum
1430 1671 1746 1730 sublimium
1776 1666 2156 1732 celsitudinem
2187 1666 2413 1738 angelus
2435 1666 2525 1721 ille

908 1771 1198 1843 cognovit,
1247 1769 1342 1839 qui
1373 1782 1432 1823 se
1485 1767 1553 1819 ah
1603 1765 1697 1819 illo
1726 1763 1940 1819 adorari
1974 1761 2271 1832 prohibuit.
2307 1779 2324 1810 ι
2364 1759 2520 1825 Vide,

910 1865 1127 1936 inquit,
1179 1876 1251 1917 ne
1287 1859 1524 1925 feceris;
1558 1871 1857 1912 conservus
1889 1857 2051 1910 ‘enim
2106 1863 2232 1908 tuus
2273 1869 2392 1909 sum
2419 1895 2434 1919 ,
2470 1861 2526 1907 et

910 1956 1140 2011 fratrum
1169 1962 1386 2008 tuorum
1415 1949 1730 2004 habentium
1762 1946 2133 2013 testimonium
2168 1944 2318 2011 Jesu,
2353 1945 2523 1999 Deum

909 2045 1077 2102 adora
1128 2045 1317 2117 (Apoc.
1351 2042 1566 2111 xxviii).
1625 2059 1644 2092 ι
1690 2038 1913 2110 Refugit
1954 2037 2277 2108 obsequium
2321 2038 2391 2092 ab
2436 2037 2527 2094 illo

908 2137 1220 2208 suscipere,
1267 2150 1430 2207 quem
1463 2140 1694 2188 noverat
1727 2133 1868 2200 apud
1912 2145 2260 2198 communem
2285 2129 2524 2199 judicem

911 2229 1091 2284 locum
1138 2229 1326 2299 gratiae
1375 2224 1716 2280 familiariter
1765 2222 2031 2279 obtinere.
2093 2220 2275 2276 Noluit
2330 2223 2529 2277 adora-

907 2333 1119 2386 torem,
1164 2335 1324 2391 quem
1372 2319 1706 2374 decernebat
1750 2314 2034 2386 aequalem.
2086 2313 2336 2369 Fratrem
2373 2330 2526 2370 reco-

907 2416 1134 2501 gnpvit,
1182 2413 1390 2470 socium
1416 2411 1720 2480 judicavit,
1754 2408 2107 2476 subjectionis
2154 2407 2521 2462 obedientiam

907 2500 1015 2564 non
1060 2506 1288 2574 accepit.
1321 2504 1582 2572 Quamvis
1611 2501 1756 2557 enim
1785 2501 1840 2554 in
1866 2500 2123 2554 omnibus
2148 2500 2354 2554 sanctis
2379 2514 2525 2553 sem-

907 2612 1006 2670 per
1033 2597 1104 2652 sit
1130 2595 1387 2667 angelica:
1415 2593 1693 2653 munditia:
1719 2590 2130 2648 contubernalis
2151 2633 2166 2656 ,
2206 2599 2260 2646 et
2289 2599 2522 2662 cognata

906 2688 1224 2760 virginitas;
1259 2686 1449 2741 beatus
1475 2695 1653 2741 tamen
1692 2683 1933 2740 Joannes
1965 2691 2117 2738 tanto
2146 2682 2384 2752 reliquos
2413 2682 2526 2736 vir-

908 2781 1063 2848 gines
1103 2787 1358 2849 superat,
1413 2788 1621 2848 quanto
1670 2777 1972 2848 virginitati
2006 2775 2179 2831 beata!
2210 2774 2405 2830 Maria:
2428 2789 2525 2843 per

907 2873 1215 2929 sedulitatis
1265 2889 1329 2928 ac
1381 2880 1658 2943 perpetua:
1709 2868 1873 2942 352
1926 2869 2188 2925 custodia:
2265 2869 2521 2923 atteritum

907 2966 1328 3036 apprOpinquat.
1358 2964 1404 3018 Α
1436 2978 1541 3032 qua
1574 2962 1687 3016 sola
1719 2961 1969 3017 videlicet
2001 2959 2362 3030 prteceditur,
2393 2959 2521 3029 quia

906 3053 1211 3110 fecunditas
1257 3054 1574 3126 virginalis,
1621 3068 1743 3121 quae
1773 3062 1858 3107 est
1909 3052 1962 3106 in
2000 3050 2199 3116 Maria,
2246 3048 2410 3104 nullis
2439 3061 2522 3104 est

905 3151 1128 3203 omnino
1181 3149 1390 3202 meritis
1434 3146 1838 3216 comparanda,
1889 3153 1941 3199 et
1993 3157 2100 3199 non
2161 3142 2336 3198 solum
2390 3141 2517 3209 quia

2397 338 2639 400 εειιιιο
2678 333 2870 392 LXIV.

2119 463 2186 520 ad
2239 462 2319 517 rei
2348 458 2528 516 dubia:
2555 459 2606 520 Α
2633 462 2813 507 matre
2842 446 3006 504 Verbi
3027 452 3414 510 conversatur,
3433 451 3593 500 tanto
3619 453 3676 499 et
3699 442 3799 515 ipsi
3835 441 4069 499 vicinior
4095 441 4272 502 Verbo

4163 327 4270 384 86o

2640 545 2936 602 invenitur.

2712 639 2780 692 Et
2826 635 3088 707 quoniam
3139 647 3250 687 non
3297 633 3367 687 ab
3415 645 3563 696 ano,
3615 633 3712 686 sed
3764 632 3836 685 ab
3871 631 3988 701 ipsa
4022 628 4270 686 Veritate

2638 731 2826 786 Mariae
2855 729 3037 784 dictus
3081 735 3168 782 est
3209 724 3390 780 filius:
3425 743 3442 774 ι
3481 722 3698 787 Mulier,
3731 721 3880 778 enim
3908 721 4113 792 inquit,
4143 736 4275 777 ecce

2636 825 2782 879 filius
2824 831 2981 888 tuus;
3038 841 3056 874 ι
3105 829 3269 889 atque
3316 817 3552 887 idipsum
3593 815 3910 872 rciterando
3949 817 4271 884 confirmat,

2635 915 2702 970 ad
2721 911 3047 984 discipulum
3071 909 3298 964 dicens:
3324 925 3342 959 ι
3374 907 3518 963 Ecce
3547 916 3726 961 mater
3749 914 3841 960 tua
3873 904 4058 977 (Joan.
4083 905 4224 978 nx),
4248 908 4267 959 ι

2630 1001 2798 1061 "nemo
2839 1003 2963 1073 jure
3013 1001 3234 1058 videtur
3279 1000 3457 1071 major
3512 998 3726 1056 meritis
3772 1013 3870 1066 eo,
3903 998 3996 1070 qui
4047 997 4274 1070 Speciali

2632 1099 2869 1170 quadam
2902 1096 3076 1168 gloria
3103 1093 3278 1150 frater
3302 1101 3387 1149 est
3415 1091 3740 1148 Salvatoris.

2705 1188 2882 1258 llujus
2923 1185 3092 1258 igitur
3122 1195 3231 1239 tam
3272 1182 3559 1249 sublimis,
3619 1191 3728 1235 tam
3785 1197 3892 1250 pll,
3941 1189 4052 1235 tam
4093 1180 4270 1247 casti,

2632 1294 2858 1351 tamque
2891 1274 3390 1349 praecellentissimi
3444 1274 3557 1330 Deo
3614 1271 3828 1338 dilecti,
3881 1270 4082 1327 fratres
4137 1273 4274 1327 cha-

2631 1372 2879 1440 rissimi,
2931 1369 3248 1426 laboremus
3294 1377 3574 1440 praecepta
3623 1382 3897 1432 servare;
3961 1383 4060 1438 per
4111 1365 4275 1438 hujus

2630 1465 2894 1538 vestigia,
2933 1464 2988 1520 in
3019 1471 3287 1536 quantum
3318 1475 3646 1534 possumus,
3677 1461 3816 1517 duce
3846 1459 4030 1517 divina
4093 1461 4274 1532 gratia

2631 1559 2954 1616 studeamus
3004 1556 3285 1612 incedere.
3338 1554 3496 1624 Quod
3550 1554 3596 1610 si
3650 1569 3845 1610 omnes
3895 1569 4018 1608 cum
4062 1552 4277 1610 Joanne

2628 1649 3005 1724 virginitatem
3057 1639 3265 1703 habere
3305 1647 3420 1719 jam
3469 1647 3535 1710 in,
3572 1660 3743 1702 carne
3802 1661 3910 1702 non
3956 1661 4272 1722 possumus,

2629 1740 2758 1810 quia
2799 1747 2928 1812 post
2978 1737 3326 1811 naufragium
3377 1737 3618 1794 secunda
3663 1737 4105 1815 restaytabula,
4156 1746 4275 1794 stu-

2557 1831 2862 1900 B‘deamus
2889 1828 3088 1885 florere
3113 1828 3446 1895 virtutibus,
3487 1837 3544 1883 et
3581 1827 3663 1883 sic
3695 1828 4028 1898 Vtt‘ginitalis
4059 1829 4279 1884 amissaa

2633 1923 2982 1995 dispendium
3011 1923 3219 1994 optime
3248 1921 3752 1993 compensabimus.
3782 1920 3900 1976 Non
3927 1921 4089 1991 igitur
4119 1921 4279 1978 nobis

2631 2019 2880 2077 avaritia:
2919 2017 3086 2074 ardor
3127 2017 3456 2079 incandeat;
3492 2031 3601 2072 non
3636 2014 3938 2071 iracundiae
3991 2030 4091 2070 nos
4121 2014 4278 2070 furor

2632 2110 2899 2182 impellat.
2933 2110 3049 2165 Non
3081 2109 3135 2164 in
3168 2108 3328 2164 nobis
3357 2107 3577 2162 ﬂamma
3619 2103 4131 2173 libidinis'acstuet;
4169 2121 4277 2162 non

2633 2202 2809 2271 turpis
2853 2201 3117 2271 cogitatio
3149 2199 3438 2270 pulchram
3468 2199 3667 2255 animae
3711 2207 3916 2255 nostrae
3945 2215 4132 2256 coram
4161 2201 4276 2256 Deo

2629 2297 2869 2366 speciem
2913 2295 3104 2351 findet.
3135 2294 3255 2352 Non
3278 2281 3389 2351 nos
3422 2304 3659 2350 terrena:
3681 2292 3960 2350 facultatis
3992 2293 4278 2350 abundan-

2630 2389 2701 2443 tia
2730 2389 2784 2443 iu
2829 2387 3146 2459 superbiam
3187 2389 3400 2460 erigat;
3429 2402 3538 2442 non
3576 2385 3848 2442 tenacitas
3881 2387 4280 2443 misericordia:

2627 2485 2840 2539 viscera
2867 2463 3203 2553 pauperibus
3225 2481 3466 2537 claudat.
3498 2481 3695 2552 Vigeat
3723 2481 3776 2534 in
3805 2480 3967 2538 nobis
4006 2492 4274 2552 perpetua

2628 2577 2876 2641 castitas,
2902 2575 3210 2641 humilitas,
3242 2573 3509 2646 patientia
3532 2614 3547 2638 ,
3577 2573 3874 2638 sobrietas,
3898 2573 4116 2643 justitia
4143 2588 4269 2628 cum

2627 2671 2830 2740 pietate
2850 2711 2865 2732 ,
2895 2668 3165 2724 severitas
3197 2682 3322 2722 cum
3356 2665 3802 2721 mansuetudine.

2702 2763 2850 2816 luter
2883 2763 3025 2826 hare,
3057 2757 3262 2815 fratres
3287 2754 3638 2825 charissimi,
3665 2767 4105 2830 cattcrarumque
4134 2760 4276 2814 dona

2629 2855 2890 2910 virtutum
2914 2893 2929 2919 ,
2981 2853 3258 2916 charitas,
3290 2865 3414 2922 qua:
3443 2859 3624 2905 mater
3656 2859 3741 2906 est
3784 2849 4066 2916 omnium,
4100 2849 4155 2904 in
4189 2864 4278 2905 sa.

2627 2947 2810 3003 crario
2853 2945 3095 3017 pectoris
3134 2945 3308 3000 nostri
3363 2959 3581 3014 semper
3625 2952 3811 2999 teneat
3855 2943 4278 3014 principatum;
4351 3001 4368 3012 _

2625 3039 2777 3110 quia,
2805 3039 2948 3094 sicut
2972 3035 3219 3092 Joannes
3243 3035 3398 3100 dicit,
3428 3055 3446 3086 ‹
3481 3036 3624 3090 Deus
3648 3033 3893 3089 cbaritas
3922 3042 4005 3088 est
4032 3034 4084 3101 (1
4105 3033 4274 3089 Joau.

2629 3130 2791 3199 1V);J
2825 3136 2884 3182 ιιι
2933 3128 3061 3198 quia
3109 3142 3208 3197 per
3252 3125 3582 3182 charitatem
3637 3124 3733 3179 Dei
3786 3123 3959 3179 Filius
3990 3124 4279 3180 descendit

905 3237 1133 3295 fecunda
1184 3248 1298 3306 est,
1345 3240 1439 3295 sed
1491 3207 1618 3308 quia
1649 3207 1870 3293 Deifica.
1919 3235 2199 3304 Virginem
2251 3207 2521 3304 enimpa-
2550 3207 2594 3269 C
2629 3222 2681 3275 Ῐιι
2735 3219 3049 3292 Virginem.

2121 3249 2199 3290 em
2251 3207 2521 3304 ειιίωίρει-
2550 3207 2594 3269 C
2629 3222 2681 3275 in
2735 3219 3049 3292 Virginem,
3089 3234 3190 3287 per
3225 3233 3348 3272 eam
3387 3231 3489 3273 nos
3537 3217 3749 3272 exaltet
3793 3217 3862 3271 ad
3889 3216 4054 3290 343
4085 3225 4273 3287 pater-

905 3345 1062 3398 rere,
1095 3349 1295 3389 novum
1328 3347 1392 3386 ac
1419 3331 1698 3402 singulare
1736 3339 1853 3394 est;
1898 3327 2073 3382 Deum
2121 3341 2255 3381 vero
2303 3340 2519 3396 parere,

905 3423 980 3480 ita
1028 3441 1243 3480 onmem
1293 3425 1586 3479 novitatem
1635 3421 2028 3494 singularitatis
2068 3427 2396 3489 exsuperat,
2451 3419 2524 3472 ita

905 3518 1085 3573 omnia
1133 3534 1252 3588 qua:
1304 3518 1549 3571 miranda
1598 3527 1725 3570 sunt
1762 3515 2075 3578 antecedit,
2115 3523 2281 3583 atque
2310 3514 2526 3569 incom-

906 3610 1227 3682 parabiliter
1254 3608 1665 3678 supereminet,
1696 3617 1752 3662 ιιι
1790 3622 1890 3662 nec.
1919 3613 2101 3660 mente
2141 3604 2391 3674 concipi,
2429 3619 2528 3659 nec

906 3703 1087 3776 lingua
1133 3703 1311 3758 valeat
1340 3704 1688 3774 aliquatenus
1721 3702 2004 3773 explicari.
2041 3700 2149 3756 Sed
2190 3702 2334 3756 sicut
2361 3716 2528 3756 vene-

908 3799 1092 3852 randa:
1135 3798 1329 3852 matris
1376 3797 1591 3851 Domini
1626 3796 1913 3865 virginitas
1934 3835 1948 3859 ,
1981 3793 2130 3848 beati
2157 3793 2387 3848 Joannis
2418 3797 2530 3850 vir-

907 3892 1191 3961 ginitatem
1241 3891 1491 3955 excedit,
1546 3890 1626 3943 sic
1670 3889 1784 3956 ipse
1829 3904 1929 3958 pro
1973 3889 2210 3958 glorioso
2255 3889 2373 3959 ejus
2399 3904 2531 3944 cou-

908 3983 1160 4037 tubernio
1189 3990 1418 4038 caeteros
1450 3997 1480 4035 a
1521 3981 1708 4036 mundi
1759 3980 2062 4051 primordio
2110 3979 2350 4050 virgines
2379 3989 2532 4035 ante-

823 4053 828 4061 ’
907 4073 1074 4127 cellit.

981 4163 1094 4220 Huc
1128 4165 1376 4230 accedit,
1418 4163 1562 4235 quod
1619 4165 1708 4220 ille
1752 4164 2034 4221 recuhitus
2077 4165 2131 4221 in
2161 4177 2386 4237 peetore
2413 4165 2533 4222 Salo

908 4259 1148 4324 vatoris,
1198 4257 1290 4313 ille
1337 4259 1555 4313 divinus
1601 4261 1801 4323 ardor,
1856 4253 2023 4331 quem
2077 4275 2144 4314 ex
2176 4276 2380 4316 arcana
2415 4261 2533 4332 ejus

908 4353 1263 4424 inspiratione
1294 4354 1577 4424 concepit,
1616 4354 1689 4407 ita
1723 4355 1777 4410 in
1802 4356 1920 4425 ejus
1952 4355 2256 4411 visceribus
2284 4355 2531 4411 omnium

905 4446 1188 4504 libidinum
1242 4447 1484 4503 fomenta
1531 4448 1750 4503 decoxit
1802 4457 1862 4502 ut
1931 4463 2131 4518 corpus
2183 4445 2302 4516 ejus
2336 4488 2351 4512 ,
2410 4457 2530 4502 tan-

2628 3329 2714 3368 nte
2762 3313 2950 3383 gloriae
2992 3311 3338 3376 claritatem,
3391 3309 3486 3380 qui
3535 3309 3675 3362 vivit
3727 3318 3784 3362 et
3832 3320 4026 3380 regnat
4060 3310 4113 3364 in
4148 3307 4275 3364 Tri-

2628 3406 2805 3465 nitate
2871 3402 3148 3476 perfecta,
3209 3418 3350 3458 unus
3414 3412 3469 3457 et
3517 3416 3684 3458 veras
3731 3400 3907 3468 Deus,
3942 3418 4061 3473 per
4089 3403 4276 3459 omnia

2630 3499 2830 3555 sarcula
2864 3498 3217 3554 saeculorum.
3252 3497 3450 3552 Amen.

3217 3610 3456 3666 SEIiMO
3499 3609 3688 3665 LXIV.

2733 3721 2800 3759 DE
2841 3718 3051 3759 διιπτο
3089 3716 3290 3757 ΙΟΑΝΙΕ
3334 3716 3612 3756 Αιιοετοιο
3652 3718 3723 3757 ΕΤ
3762 3718 4160 3759 ενλκοειιδτλ.

3190 3775 3361 3843 (XXVI.
3406 3774 3662 3842 DECEIB.)

2704 3890 3049 3955 Gaudemus,
3096 3888 3300 3944 fratres
3346 3888 3707 3958 charissimi;
3752 3892 4040 3963 copiosum
4074 3905 4274 3954 vestra:

2633 3984 3002 4040 fraternitatis
3048 3984 3242 4039 adesse
3280 3992 3616 4039 conventum
3641 4026 3656 4051 ,
3698 3985 3829 4055 quia
3866 3987 3994 4042 dum
4047 4005 4150 4044 nos
4201 3989 4274 4048 ad

2635 4076 2964 4133 hodiernam
3011 4076 3405 4142 festivitatem,
3462 4075 3524 4130 B.
3573 4075 3805 4134 Joannis
3857 4080 4030 4151 gloria
4063 4098 4270 4154 provo-

2633 4179 2753 4237 cat,
2803 4168 2974 4225 etiam
3028 4167 3272 4240 Spiritus
3318 4178 3581 4236 sanctus,
3633 4178 3695 4226 ut
3750 4178 3861 4226 tam
3907 4187 4269 4246 reverenter,

2636 4272 2746 4318 tam
2793 4262 3056 4333 pacificc,
3082 4271 3200 4316 tam
3247 4263 3442 4316 devote
3472 4264 3854 4331 conveniatis,
3893 4267 4274 4328 indubitanter

2635 4357 2887 4428 inSpirat.
2933 4355 3166 4427 Dignum
3215 4355 3418 4426 quippe
3462 4364 3578 4422 est,
3613 4365 3672 4411 ut
3706 4358 3801 4428 qui
3846 4375 3875 4413 a
3909 4360 4129 4417 Christo
4159 4381 4274 4434 prae

2596 4455 2597 4458 “
2637 4449 2850 4506 cunctis
2881 4446 3208 4504 mdrtalibus
3239 4445 3555 4515 specialiter
3581 4455 3668 4503 est
3699 4447 3965 4512 dilectus.
3999 4467 4027 4505 a
4061 4452 4270 4510 Christi

901 4555 1069 4610 quam
1102 4550 1294 4598 revera
1317 4537 1554 4608 Spiritus
1583 4538 1757 4592 sancti
1791 4539 2083 4608 templum,
2115 4552 2144 4592 a
2169 4537 2384 4593 cunctis
2411 4553 2535 4598 ver-
2567 4575 2614 4636 υ
2642 4557 2862 4614 quoque
2889 4539 3244 4596 dilectoribus
3274 4539 3614 4609 permaxime
3646 4540 3934 4610 diligatur,
3963 4547 4272 4614 praesertim

904 4641 1062 4687 naret
1090 4630 1376 4686 mstuantis
1409 4629 1640 4684 luxuriae
1667 4628 2014 4699 squaloribus
2036 4629 2392 4693 defaecatum;
2431 4645 2533 4686 nec

903 4723 1076 4780 ullum
1107 4725 1160 4778 in
1188 4739 1254 4779 eo
1278 4723 1455 4779 locum
1498 4722 1811 4778 vindicabat
1838 4722 2053 4777 ﬂamma
2083 4722 2348 4788 libidinis,
2375 4723 2532 4793 cuius

907 4814 1167 4886 templum
1201 4816 1375 4886 gratia
1416 4813 1588 4869 sancti
1624 4813 1860 4883 Spiritus
1905 4815 2112 4884 jugiter
2139 4814 2528 4870 obumbrebat.

904 4907 1172 4974 Quocirca
1216 4908 1439 4978 dignum
1485 4907 1591 4961 fuit
1637 4916 1696 4961 ut
1738 4907 1932 4962 beatus
1977 4904 2217 4961 Joannes
2248 4905 2528 4976 apostolus

903 4999 1239 5067 archangelo
1289 4999 1525 5054 Gabrieli
1585 4999 1652 5054 ad
1701 4999 2005 5054 custodiam
2061 4999 2254 5055 matris
2311 4998 2525 5054 Domini

905 5093 1091 5147 Socios
1136 5091 1462 5156 haberetur,
1509 5100 1779 5160 quatenus
1829 5091 1920 5147 ille
1971 5091 2389 5148 ctelestis'olim
2429 5107 2526 5162 pa-

907 5187 1248 5255 ranymphus
1293 5183 1557 5238 intactam
1612 5184 1894 5256 Virginem
1950 5183 2300 5238 invisibiliter
2345 5190 2531 5238 custo-

905 5277 1082 5348 diret,
1124 5286 1180 5332 et
1230 5278 1333 5333 iste
1385 5277 1693 5333 forinsecus
1741 5277 2024 5350 fragilitati
2076 5277 2327 5334 femineae
2388 5277 2520 5334 obe-

906 5365 1123 5422 dientite
1177 5384 1289 5424 suae
1333 5370 1695 5426 ministerium
1747 5371 2053 5426 exhiberet.
2102 5369 2170 5424 Et
2219 5385 2519 5453 congruum

907 5469 1028 5514 erat
1070 5471 1271 5532 atquae
1313 5463 1473 5518 talem
1514 5465 1732 5535 genuit,
1766 5465 1857 5534 qui
1891 5464 2014 5520 coeli
2062 5463 2226 5519 simul
2275 5473 2330 5520 et
2361 5472 2522 5519 terra!

907 5553 1172 5610 Dominus
1197 5567 1360 5624 esset,
1387 5558 1674 5627 utriusque
1703 5558 1893 5629 patria:
1919 5559 2066 5614 cives
2090 5556 2142 5611 in
2167 5572 2266 5613 suo
2292 5572 2519 5614 consor-

910 5653 985 5708 tio
1029 5653 1293 5723 haberet;
1331 5665 1391 5712 ut
1439 5659 1492 5711 in
1545 5673 1641 5712 ore
1685 5659 1946 5726 duorum,
1980 5660 2062 5714 vel
2101 5661 2262 5716 trium
2296 5663 2517 5718 testium

857 5804 868 5809 λ
905 5756 1082 5802 staret
1133 5762 1293 5803 omne
1329 5751 1554 5806 verbum
1601 5751 1819 5823 (Matth.
1876 5771 2047 5820 xvm;
2092 5755 2155 5810 11
2196 5755 2321 5811 Cor.
2372 5760 2514 5827 xm).

905 5840 1250 5912 Quapropter
1297 5843 1488 5901 beatus
1522 5845 1758 5906 Joannes
1793 5860 1998 5920 quanto
2033 5849 2352 5908 familiarior
2395 5867 2519 5908 cum

2642 4652 2767 4692 cum
2810 4643 2866 4689 et
2902 4633 3022 4703 ipse
3073 4631 3220 4687 circa
3277 4646 3376 4685 nos
3416 4637 3584 4684 tanta:
3631 4631 3924 4689 cltaritatis
3954 4635 4272 4702 exstiterit,

2635 4736 2697 4783 ut
2746 4725 3013 4781 divinitus
3043 4723 3148 4783 sibi
3202 4721 3424 4776 traditis
3453 4721 3739 4792 sapientia:
3781 4732 3838 4778 et
3885 4726 4132 4782 scientiae
4159 4728 4272 4784 cla-

2633 4821 2831 4886 vibus,
2858 4832 3052 4874 omnes
3075 4824 3569 4888 .sacramentorum
3616 4815 3926 4871 caelestium
3982 4819 4272 4878 thesauros

2633 4911 3009 4983 expenderet,
3072 4918 3129 4963 et
3178 4916 3400 4963 artemo:
3443 4908 3571 4962 vitte
3626 4907 3883 4974 divitias,
3935 4925 4073 4980 quas
4121 4912 4272 4970 solus

2636 5012 2962 5076 acceperat,
3005 5001 3292 5058 nobiscum
3345 4999 3729 5070 participando
3759 5000 3987 5073 largiter
4023 5018 4088 5058 ac
4136 5003 4272 5061 fide-

2637 5100 2762 5156 liter
2805 5105 3083 5169 erogaret.
3127 5093 3269 5161 Quid
3302 5093 3448 5149 enim
3479 5092 3679 5147 divinae
3727 5094 4010 5163 sapientiae
4040 5096 4268 5165 qumr‘is,

2638 5193 2785 5265 quod
2811 5191 2955 5262 apud
2984 5188 3251 5244 Joannem
3287 5185 3534 5257 reperire
3571 5200 3680 5240 non
3708 5185 3924 5256 possis’
3961 5186 4265 5256 Qumcnim

2632 5287 2889 5344 haeretica
2940 5283 3217 5354 pravitas,
3266 5297 3389 5351 qua:
3432 5281 3637 5336 Ariana
3684 5280 3948 5350 perﬁdia,
4000 5299 4122 5354 qua:
4173 5282 4266 5337 Ju-

2631 5381 2872 5437 dteorum
2909 5391 3131 5433 vesana
3162 5375 3471 5440 calumnia,
3521 5389 3645 5446 qua:
3693 5373 3980 5445 gentilium
4019 5375 4264 5445 philoso-

2629 5473 2864 5544 phorum
2924 5469 3164 5524 versutia
3204 5509 3218 5534 ,
3289 5482 3413 5539 quae
3480 5467 3718 5537 denique
3781 5467 4264 5524 schismaticorum

2629 5564 3000 5622 abominanda
3043 5564 3326 5626 scissura,
3381 5560 3560 5616 beatis
3586 5558 3814 5615 Joannis
3865 5575 3974 5614 non
4030 5568 4113 5614 est
4144 5558 4265 5615 elo.

2629 5662 2759 5732 quio
2808 5667 3088 5731 superata,
3146 5656 3378 5728 ejusque
3409 5657 3658 5712 doctrina
3713 5657 4000 5712 evidenter
4030 5656 4266 5712 attrita?

2632 5755 2691 5814 Si
2744 5753 2967 5825 quando
3016 5751 3165 5806 enim
3219 5751 3288 5806 ab
3339 5750 3579 5805 inimicis
3626 5749 3879 5804 veritatis
3929 5748 4266 5820 objiciuntur

2633 5849 2793 5907 nobis
2841 5847 3119 5905 volumina
3165 5846 3569 5918 quaestionum,
3624 5844 3769 5904 illico
3819 5843 4058 5902 Joannes
4105 5858 4262 5901 acoe-
