5450 6382
849 381 966 447 ⁷869

2350 365 2591 425 sentio
2621 346 2808 424 LXIV.

4086 365 4205 423 870

864 498 1176 574 adoptionis
1216 509 1435 551 arcanae
1481 490 1808 563 inysterium
1865 498 1922 542 et
1974 486 2120 542 [ilius
2149 483 2391 556 Virginis
2424 465 2555 548 etiA
2585 498 2711 550 eum
2756 482 2824 538 ad
2873 480 3062 553 gloria
3108 493 3248 535 mea:
3292 458 3656 534 consortium-
3693 473 4049 532 transferam.
4100 478 4210 533 Vc-

863 595 1035 650 i'rater
1078 600 1163 647 est
1208 586 1532 646 Salvatoris.
1591 583 1732 638 Hinc
1768 591 1854 637 est
1889 581 2036 652 quod
2083 587 2323 634 mentem
2360 575 2481 645 cjus

873 689 1223 758 omnipotens
1269 683 1414 738 Deus
1469 681 1535 735 ad
1588 688 1800 733 tantum
1850 675 2106 747 puritatis
2135 690 2201 728 ac
2231 673 2477 744 mystica:

871 777 1218 838 revelationis
1247 774 1462 830 culmen
1501 771 1701 845 evexit
1733 781 1792 824 ut
1820 769 1872 825 ei
1922 783 2028 823 non
2085 767 2247 822 modo
2275 773 2480 820 statuat

867 871 1123 944 Ecclesia:
1153 865 1442 938 praesentis
1467 864 1803 926 ostenderet,
1837 862 1933 918 sed
1970 861 2137 916 etiam
2165 860 2298 930 quid
2327 859 2481 914 dein-

871 978 1002 1034 ceps
1029 961 1278 1016 futurum
1324 965 1473 1012 esset
1501 969 1676 1026 usque
1725 955 2137 1025 inperpetuum
2186 951 2505 1007 revelaret.‘

868 1058 1024 1117 Unde
1054 1064 1110 1111 et
1143 1053 1292 1109 illam
1323 1051 1563 1108 nobilem
1608 1063 1768 1105 suam
1819 1048 2044 1119 scripsit
2073 1045 2479 1118 Apmalypsim,

872 1166 998 1223 quae
1048 1147 1309 1204 nimirum
1372 1143 1540 1199 tantis
1595 1141 1952 1214 cognoscitur
2000 1138 2313 1195 redundare
2368 1152 2485 1208 my-

857 1239 1045 1299 'steriis
1070 1247 1130 1294 ut
1149 1245 1229 1293 tot
1250 1236 1502 1291 videatur
1523 1232 1731 1288 habere
1757 1238 2100 1288 sacramenta
2131 1239 2263 1299 quot
2287 1228 2482 1298 verba,

868 1336 979 1390 imo
1037 1333 1091 1388 in
1142 1331 1327 1386 verbis
1374 1325 1607 1399 singulis
1655 1322 1992 1402 multiplices
2045 1317 2476 1377 lateantintel-

862 1425 1062 1498 lectus.
1255 1469 1268 1480 .
1524 1422 1528 1428 ’
1736 1423 1740 1426 ’
2316 1404 2325 1414 ’

939 1515 1070 1584 Quae
1100 1515 1346 1584 profecto
1393 1524 1519 1566 cum
1556 1515 1766 1578 septem
1820 1505 1967 1563 Asia:
1995 1504 2259 1562 Ecclesiis
2307 1503 2482 1559 mitti-

867 1618 977 1673 tur,
1003 1606 1152 1662 omni
1199 1603 1491 1659 universali
1542 1601 1820 1666 Ecclesim,
1856 1614 1981 1670 qua:
2021 1584 2124 1654 sub
2173 1595 2482 1668 septiformi

862 1697 1109 1768 Spiritus
1135 1696 1312 1751 sancti
1345 1694 1554 1767 regitur
1587 1692 1929 1764 magisterio:
1970 1691 2301 1747 destinatur.
2326 1687 2482 1744 Unde

865 1801 1209 1858 consequens
1239 1795 1323 1842 est
1367 1795 1427 1840 ut
1460 1799 1655 1839 omnes
1705 1783 1969 1840 Ecclesia:
2015 1797 2111 1852 per
2139 1783 2331 1836 orbem
2375 1788 2485 1850 ter—

2587 574 2756 634 niam,
2798 583 2861 626 ut
2891 571 3172 628 laboribus
3197 568 3320 639 ejus
3348 568 3529 640 dignae
3571 567 4040 648 remunerationis
4069 562 4212 639 prat-

2587 669 2757 723 mium
2784 667 3032 723 reddam.
3065 665 3151 721 Ad
3198 664 3362 736 hujus
3393 661 3634 733 denique
3663 652 4053 732 promissionis
4081 658 4216 718 elle-

2584 773 2732 820 ctum
2760 762 2971 819 clarum
2996 761 3149 816 dedit
3187 759 3476 822 iudicium,
3523 771 3650 812 cum
3701 756 3754 810 in
3797 754 3917 824 ejus
3937 756 4093 811 obitu
4122 769 4217 809 ra-

2585 850 2830 908 diantem
2871 852 3001 908 fecit
3026 847 3342 906 enitescere
3369 847 3573 914 lucem,
3621 860 3720 916 per
3751 861 3918 916 quam
3959 844 4216 901 videlicet

2590 947 2800 1018 liquido
2849 947 3030 1018 patuit
3077 944 3255 1015 ipsum
3313 941 3533 998 cmlitus
3577 939 3870 996 advenisse
3933 937 4072 995 lucis
4117 952 4216 993 au-

2586 1052 2817 1098 ctorem.
2849 1039 3020 1096 Atl'uit
3041 1041 3230 1110 itaque
3263 1036 3530 1093 Dominus
3554 1033 3940 1107 promissionis
3966 1047 4081 1088 sua:
4104 1047 4213 1087 non

2588 1135 2902 1198 immemor,
2931 1133 3024 1203 qui
3049 1140 3104 1187 et
3127 1130 3369 1186 animam
3403 1127 3524 1200 ejus
3572 1127 3626 1182 in
3656 1125 3746 1182 illa
3791 1139 4046 1196 superna:
4085 1123 4214 1178 Hie-

2587 1225 2826 1282 rusalem
2867 1226 3054 1296 quiete
3101 1223 3409 1294 susciperet
3447 1228 3504 1275 et
3535 1217 3974 1275 sacratissimum
4007 1230 4210 1286 corpus

2589 1319 2643 1373 in
2683 1333 2769 1384 ea,
2801 1333 2926 1387 qua:
2955 1318 3070 1388 ipse
3091 1316 3268 1381 novit,
3295 1313 3497 1370 secreti
3521 1323 3776 1366 recessus
3806 1323 4010 1364 arcana
4037 1315 4217 1361 transs

2580 1409 2780 1466 ferret.
2807 1407 2944 1464 Nam
2968 1419 3025 1462 et
3047 1409 3116 1464 de
3144 1406 3206 1461 Β.
3241 1406 3432 1461 Enoch
3461 1403 3662 1475 legitur
3685 1402 3812 1472 quia
3847 1397 4219 1454 ambulaverit

2587 1517 2714 1556 cum
2747 1501 2879 1566 Deo,
2903 1507 2961 1555 et
2994 1513 3103 1554 non
3135 1497 3537 1561 inveniebatur,
3577 1495 3704 1566 quia
3742 1492 4024 1549 transtulit
4051 1489 4207 1546 illurn

2588 1594 2734 1651 Deus
2758 1592 2914 1664 (Gen.
2937 1592 3017 1664 v).

2657 1685 2794 1741 Jans
2811 1699 2944 1741 vero
2976 1683 3106 1739 illud
3138 1683 3264 1753 quis
3292 1681 3457 1755 digne
3485 1680 3720 1734 miretur
3769 1678 3916 1749 quod
3943 1675 3998 1732 in
4023 1673 4209 1746 sepul-

2587 1793 2686 1834 cro
2711 1777 2831 1848 ejus
2861 1791 3060 1832 manna
3094 1776 3369 1846 reperitur
3415 1780 3472 1827 et
3527 1772 3579 1825 in
3614 1780 3798 1838 terrae,
3829 1783 4000 1840 specu
4054 1767 4212 1838 panis

862 1894 1048 1936 rarum
1081 1877 1515 1946 circumquaque
1539 1874 1748 1930 diﬂusm
1793 1892 1898 1929 nou
1940 1875 2190 1929 dubitent
2229 1873 2290 1926 Β.
2319 1871 2481 1928 Joan-
2517 1865 2560 1925 Β
2589 1867 2715 1924 οωιί
2764 1883 2872 1922 non
2901 1865 3095 1930 semel,
3142 1864 3238 1920 sed
3265 1863 3511 1935 quotidie
3551 1861 3840 1916 nascitur?
3888 1861 3963 1914 De
4009 1871 4212 1912 manna

857 1985 990 2025 nem
1020 1983 1364 2024 communem
1401 1984 1460 2023 se
1499 1968 1706 2023 habere
1756 1967 2062 2022 (lectorem.
2091 1965 2303 2032 Quibus
2333 1965 2484 2020 vide.

865 2062 988 2117 licet
1015 2069 1273 2130 tanquam
1305 2048 1560 2130 egregius
1587 2059 1811 2129 quidam
1862 2056 2062 2128 rogalis
2089 2055 2304 2126 iniperti
2344 2070 2484 2110 nun-

865 2154 994 2215 tius,
1021 2151 1091 2205 ab
1110 2151 1238 2225 Jesu
1284 2150 1524 2214 Christo,
1561 2151 1654 2220 qui
1705 2158 1791 2203 est
1829 2148 1988 2202 testis
2013 2147 2230 2224 ﬁdelis,
2281 2146 2485 2217 primo-

867 2243 1084 2314 genitns
1137 2244 1385 2295 vivorum
1437 2251 1496 2296 et
1543 2247 1885 2295 mortuorum
1917 2281 1931 2304 ,
1981 2248 2036 2292 et
2086 2238 2343 2308 princeps
2397 2253 2485 2292 rc-

863 2347 992 2404 gum
1046 2341 1207 2386 terra:
1257 2330 1478 2387 caelitus
1533 2329 1878 2392 destinatus,
1928 2329 2159 2399 gratiam
2214 2326 2375 2382 simul
2429 2335 2486 2381 et

861 2441 1051 2497 pacem
1103 2427 1172 2480 ab
1203 2441 1269 2480 eo
1313 2426 1411 2497 qui
1447 2435 1551 2488 est,
1595 2433 1648 2479 et
1679 2425 1771 2492 qui
1819 2432 1957 2487 erat,
1989 2431 2047 2477 et
2087 2421 2179 2490 qui
2217 2428 2484 2474 venturus

864 2527 971 2581 est,
1002 2517 1182 2572 attulit
1211 2506 1283 2572 et~
1310 2500 1482 2574 multa
1519 2517 1718 2572 secreti
1747 2514 2280 2585 cmlestisniysteria
2331 2521 2485 2583 pate-

860 2608 1011 2663 fecit.
2239 2589 2242 2592 ’

933 2698 1054 2753 Jam
1082 2714 1210 2753 vero
1242 2698 1331 2752 illa
1399 2697 1574 2754 beata:
1606 2695 1948 2768 migrationis
1979 2697 2100 2766 ejus
2131 2697 2346 2751 novitas
2379 2697 2483 2749 mi-

855 2787 1059 2844 rabilis
1079 2803 1241 2857 quem
1278 2805 1384 2843 non
1413 2789 1672 2852 moveat?
1709 2787 1844 2855 Quis
1875 2786 2206 2845 felicissima
2227 2803 2484 2843 consum-

863 2881 1124 2934 mationis
1153 2880 1380 2951 gloriam
1432 2897 1542 2936 non
1588 2879 1941 2950 Obstupescat
1969 2879 1993 2933 ?
2021 2877 2158 2945 Quia
2186 2879 2334 2933 enim
2383 2879 2485 2933 mi-

862 2971 1118 3027 rabiliter
1140 2972 1302 3036 vixit,
1336 2969 1664 3026 mirabiliter
1701 2970 1842 3025 obiit
1872 2987 1886 3028 ;
1917 2979 1973 3024 et
2023 2970 2152 3040 quia
2185 2985 2294 3023 non
2326 2984 2480 3023 com-

865 3078 1087 3118 munem
1120 3078 1244 3117 cum
1291 3063 1608 3118 hominibus
1636 3061 1802 3116 vitam
1851 3060 2026 3118 duxit.
2063 3077 2170 3115 non
2203 3062 2482 3118 communi

855 3153 1147 3207 hominum
1175 3162 1350 3208 morte
1395 3154 1672 3207 transivit.
1726 3151 1886 3218 Nam,
1924 3162 1986 3207 ut
2037 3153 2280 3207 historia:
2306 3155 2483 3207 conti-

2587 1963 2809 2032 quippe,
2855 1960 3008 2016 salvo
3037 1959 3217 2014 altiori
3250 1956 3544 2029 mysterio,
3588 1957 3854 2026 scriptum
3899 1963 3984 2010 est
4015 1969 4028 2006 :
4059 1971 4076 2002 ι
4109 1952 4210 2006 Pa-

2588 2068 2711 2108 nem
2743 2053 2810 2107 de
2840 2056 2980 2106 caelo
3029 2051 3226 2107 dedisti
3271 2050 3374 2114 eis,
3412 2049 3663 2112 Domine,
3721 2047 4018 2101 habentem
4048 2060 4214 2100 omne

2584 2144 3050 2212 delectamentum
3081 2141 3236 2213 (Sap.
3276 2140 3409 2214 1V1).
3437 2160 3456 2193 ι
3511 2139 3749 2194 Veniant
3800 2138 3969 2208 igitur
4015 2149 4212 2191 omnes

2571 2237 2841 2292 nationes
2891 2235 3159 2307 gentium,
3200 2243 3258 2289 et
3303 2234 3706 2302 obstupescant
3733 2229 4064 2285 miraculum
4094 2244 4216 2282 om-

2589 2330 2750 2385 nibus
2782 2330 2987 2400 ubique
3037 2326 3260 2386 saeculis
3302 2326 3635 2382 inauditum.
3662 2323 3929 2385 Veniant,
3963 2321 4212 2392 inquam.

2586 2433 2641 2480 et
2662 2422 3001 2477 admirantes
3021 2420 3293 2491 aspiciant
3313 2419 3440 2489 quia
3465 2418 3520 2472 in
3550 2415 3822 2488 sepulcro,
3851 2414 3998 2484 quod
4021 2411 4215 2484 procul

2587 2516 2754 2571 dubio
2781 2515 2978 2570 domus
3023 2523 3111 2569 est
3152 2512 3446 2578 vermium,
3479 2510 3640 2581 panis
3693 2509 3944 2564 nascitur
3982 2505 4212 2577 angelo-

2586 2623 2734 2671 rum,
2765 2607 2903 2662 adeo
2930 2614 2990 2660 ut
3035 2603 3478 2674 cumPrOpheta
3513 2601 3568 2657 in
3620 2600 3801 2672 magni
3833 2599 4086 2655 muneris
4110 2597 4213 2653 ad-

2587 2699 2882 2753 miratione
2913 2697 3233 2768 pronuntiet
3265 2695 3409 2765 quod
3447 2693 3752 2749 Israelitico
3779 2691 3980 2763 popqu
4011 2703 4214 2744 manna

2589 2791 2737 2846 Deus
2783 2780 3063 2845 concessit
3110 2789 3164 2843 in
3213 2788 3422 2852 cibum,
3483 2787 3717 2842 dicens:
3754 2804 3775 2836 s
3827 2783 4032 2838 Panem
4088 2779 4216 2837 caeli

2587 2886 2739 2940 dedit
2789 2884 2870 2939 eis
2923 2901 2939 2950 ;
3001 2898 3200 2954 panem
3251 2881 3575 2952 angelorum
3638 2879 4000 2956 manducavit
4049 2877 4217 2932 homo

2581 2974 2765 3047 (Ρειι.
2796 2978 3004 3044 Lxsvn)
3037 2990 3096 3040 ς»
3126 2975 3270 3043 quod
3307 2972 3414 3027 illis
3461 2981 3594 3026 tunc
3627 2971 3953 3024 mittebatur
3977 2984 4010 3023 e
4050 2968 4213 3033 creto,

2589 3085 2736 3124 nunc
2764 3070 3038 3122 scaturire
3069 3066 3415 3136 conspicitur
3449 3079 3481 3119 e
3507 3063 3783 3134 sepulcro.
3817 3061 3874 3117 Si
3903 3062 4051 3115 enim
4097 3076 4212 3114 ma-

2588 3177 2754 3232 guum
2783 3161 2837 3214 in
2873 3170 3021 3214 terra
3051 3159 3376 3214 miraculum
3406 3168 3606 3219 manna
3645 3171 3753 3210 non
3800 3163 3970 3220 esset,
4004 3169 4215 3224 nequa-

862 3254 1016 3328 nent,
1066 3248 1393 3315 quadratam
1447 3247 1499 3300 in
1560 3245 1811 3300 Ecclesia
1867 3244 1986 3298 ﬁeri
2037 3243 2250 3298 foveam
2296 3245 2477 3314 jussit,
2511 3245 2556 3306 C
2589 3268 2751 3322 quam
2784 3251 2953 3324 Moysi
2992 3251 3260 3307 Dominus
3293 3249 3506 3305 servari
3539 3264 3638 3317 ρει-
3667 3248 3867 3303 secula
3907 3247 4040 3302 ίιιυα
4071 3258 4215 3318 ρτωδ

860 3353 1100 3408 moxque
1141 3339 1194 3392 in
1225 3354 1349 3392 eam
1385 3339 1725 3393 descendens
1777 3337 2021 3391 extensis
2049 3337 2303 3390 manibus
2359 3344 2483 3404 pOsl

855 3431 1075 3502 prolixa
1107 3430 1241 3487 fusa:
1268 3431 1536 3486 orationis
1577 3432 1745 3484 verba
1779 3431 2057 3501 migravit.
2113 3429 2237 3484 hia);
2297 3442 2480 3484 autem

861 3535 1019 3580 tanta
1069 3540 1234 3596 super
1276 3541 1400 3579 eum
1436 3525 1529 3578 lux
1574 3524 1794 3579 cmlitus
1840 3525 2152 3580 estemissa
2196 3533 2255 3578 ut.
2301 3524 2482 3578 nullus

859 3631 989 3671 eam
1029 3615 1202 3671 ferret
1259 3615 1511 3672 allectus.
1543 3614 1899 3671 Postmodum
1949 3631 2081 3670 vero
2128 3616 2350 3670 iuventa
2393 3624 2481 3670 est

860 3708 1024 3763 fovea
1077 3708 1210 3762 nihil
1245 3708 1388 3762 aliud
1417 3709 1470 3779 in
1499 3723 1558 3763 se
1585 3708 1899 3773 continens,
1935 3709 2038 3763 nisi
2077 3726 2299 3772 manna,
2334 3711 2481 3781 quod

864 3800 1146 3865 videlicet,
1190 3800 1332 3854 sicut
1373 3800 1597 3866 dicitur,
1644 3815 1818 3868 usque
1858 3800 2020 3854 hodie
2051 3801 2320 3854 scaturire
2371 3816 2478 3854 non

857 3892 1080 3947 desinit.

928 3983 1101 4057 ’346
1143 3982 1234 4038 Sic
1273 3998 1556 4047 nnmrum,
1593 3983 1672 4037 sic
1701 3983 1959 4037 dncctnm
2002 3985 2213 4040 auctori
2246 3986 2368 4040 vitm
2392 3983 2477 4040 dii

863 4080 1132 4152 scipolum
1180 4079 1414 4134 transire
1457 4079 1524 4133 de
1574 4078 1773 4134 saeculo
1821 4079 2045 4149 dignum
2081 4079 2202 4146 fuit,
2253 4091 2312 4135 ut
2365 4090 2478 4135 tam

863 4175 1026 4228 ﬁeret
1050 4188 1080 4225 a
1113 4171 1300 4226 dolore
1326 4167 1522 4225 mortis
1552 4179 1848 4225 extraneos
1877 4186 2041 4241 quam
2069 4188 2098 4224 a
2124 4173 2478 4243 corruptione

857 4265 1047 4322 Carnis
1091 4263 1268 4318 fuerat
1305 4263 1534 4318 alienus.
1569 4263 1626 4316 In
1651 4264 1931 4332 sepultura
1964 4264 2015 4327 in
2047 4265 2230 4318 crucis
2257 4266 2477 4320 modum

855 4354 1048 4430 jacere
1068 4356 1259 4419 voluit,
1294 4355 1421 4425 quia
1460 4370 1678 4409 crucem
1703 4355 1912 4425 jugiter
1946 4356 2183 4411 vivendo
2214 4359 2473 4427 portavit,

856 4461 915 4505 et
941 4449 1085 4504 sicut
1109 4446 1306 4502 Petrus
1335 4445 1654 4517 Magistrum
1711 4455 1936 4500 secutus
1961 4458 2067 4511 est,
2095 4462 2124 4500 a
2162 4462 2479 4517 persecuto-

861 4540 1363 4604 ribuscrucitixus,
1405 4541 1478 4593 ita
1510 4539 1914 4608 quodammodo
1939 4549 1992 4594 et
2027 4539 2267 4596 Joannes
2304 4541 2357 4596 in
2381 4559 2476 4598 ec-

853 4635 1167 4692 clesiastica
1199 4648 1334 4704 pace
1362 4631 1631 4701 sepultus.
2173 4616 2186 4621 ”

927 4726 1041 4783 Sed
1068 4708 1329 4782 Dominus
1356 4725 1500 4779 inter
1545 4739 1640 4779 eos
1692 4723 1810 4780 fore
1845 4724 2220 4787 diversitatem
2267 4727 2473 4792 docuit,

851 4836 985 4876 cum
1015 4819 1145 4874 dixit
1173 4817 1339 4872 Petro
1373 4834 1385 4870 :
1418 4836 1436 4867 ι
1469 4815 1563 4871 Sic
1609 4831 1734 4870 eum
1757 4816 1887 4870 'volo
1917 4831 2142 4871 manere
2178 4818 2350 4873 donec
2383 4834 2466 4874 ve.

859 4914 1032 4966 niam.
1060 4910 1198 4976 Quid
1218 4911 1284 4962 ad
1329 4909 1425 4963 te?
1454 4907 1532 4963 Tu
1566 4923 1653 4962 me
1679 4923 1911 4976 sequere
1943 4907 2129 4978 (Joun.
2153 4913 2293 4979 xxi).
2323 4931 2339 4962 ι
2369 4911 2472 4978 Qui

857 5005 1008 5056 enim
1045 5001 1266 5054 Petrum
1299 5000 1470 5053 voluit
1498 5015 1684 5054 secum
1718 5000 1770 5053 in
1793 5001 1976 5056 crucis
1997 5001 2246 5073 patibulo
2280 5004 2472 5056 trium-

858 5095 1053 5167 phare,
1091 5093 1205 5162 ipse
1249 5092 1493 5146 decrevit
1523 5090 1794 5146 Joannem
1845 5093 1896 5150 iu
1933 5094 2305 5149 ecclesiastica
2338 5105 2474 5165 pace

859 5185 1166 5255 quiescere,
1191 5194 1462 5254 quatenus
1490 5194 1544 5238 et
1568 5185 1658 5239 ille
1682 5185 1948 5240 subeundi
1983 5189 2230 5258 martyrii
2259 5190 2474 5245 caeteris

858 5276 1132 5348 praeberet
1185 5275 1539 5345 exemplum,
1587 5287 1641 5329 et
1673 5276 1774 5330 iste
1820 5283 2003 5332 erecta
2059 5295 2223 5349 supra
2279 5281 2473 5335 funda-

859 5377 1106 5424 mentum
1139 5369 1262 5424 lidei
1307 5369 1567 5424 Ecclesiae
1606 5369 1815 5427 fabrica
1855 5376 2076 5441 quietus
2117 5375 2382 5445 migraret
2406 5378 2472 5430 ad

859 5462 1061 5516 calum
1089 5479 1104 5527 ;
1134 5462 1225 5516 ille
1276 5465 1548 5518 secuturis
1592 5465 1930 5534 martyribus
1974 5479 2116 5522 esset
2153 5468 2474 5523 Constantia:

857 5553 1057 5616 forma,
1108 5554 1214 5606 iste
1258 5553 1472 5608 noviter
1521 5554 1574 5608 in
1615 5554 1719 5609 (ide
1759 5556 2023 5625 plantatis
2076 5569 2224 5615 esset
2260 5575 2474 5614 morum

857 5657 1026 5717 atque
1052 5645 1318 5699 virtutum
1351 5646 1714 5714 spiritualium
1745 5648 2050 5719 disciplina.

937 5758 954 5789 ς
987 5737 1243 5800 Sic,eum
1278 5737 1398 5793 volo
1445 5753 1670 5793 manere
1699 5739 1872 5795 donec
1904 5742 2142 5796 veniam.
2167 5763 2184 5796 ι
2221 5742 2471 5809 Veniam,

859 5834 1057 5906 inquit,
1085 5847 1140 5889 ut
1175 5850 1298 5888 eum
1330 5837 1552 5896 vinculo
1590 5839 1773 5908 carnis
1811 5841 2111 5897 absolvam.
2139 5841 2390 5908 Veniam,
2417 5845 2494 5899 ut'

2585 3344 2820 3414 cepisset
2852 3359 2867 3397 :
2899 3361 2917 3394 ι
2958 3341 3151 3412 Imple,
3194 3342 3391 3411 inquit,
3441 3341 3649 3396 Gomor
3685 3356 3754 3395 ex
3794 3355 3879 3403 eo,
3923 3349 3984 3394 et
4019 3351 4212 3396 custo-

2583 3437 2767 3490 diatur
2807 3435 2863 3488 in
2913 3434 3130 3489 futuras
3187 3442 3338 3487 retro
3386 3432 3794 3504 generationes,
3848 3440 3910 3485 ut
3956 3432 4218 3487 noverint

2585 3545 2783 3600 panem
2831 3542 2942 3598 quo
2969 3527 3079 3582 alui
3111 3542 3208 3581 eos
3235 3528 3288 3580 in
3321 3524 3646 3587 solitudine,
3672 3523 3893 3593 quando
3924 3523 4089 3578 eduxi
4117 3537 4214 3578 eos

2583 3624 2650 3678 de
2690 3631 2836 3676 terra
2878 3617 3103 3690 [Egypti
3152 3616 3352 3689 (Exod.
3383 3615 3521 3687 xw).
3561 3635 3578 3667 ι
3615 3615 3756 3670 Ecce
3793 3615 3922 3684 quid
3965 3625 4216 3672 meretur

2583 3712 2848 3783 pudicitia
2899 3710 3208 3777 virginalis.
3261 3708 3402 3763 Ecce
3451 3715 3672 3776 quantae
3705 3707 4099 3776 magnitudinis
4130 3713 4215 3762 cst

2583 3804 2860 3859 inviolatae
2889 3804 3074 3857 carnis
3103 3801 3415 3872 integritas.
3449 3799 3664 3863 Videte,
3689 3797 3893 3853 fratres
3923 3799 4051 3862 mei,
4080 3813 4214 3854 con-

2582 3897 2844 3959 siderate,
2903 3896 3265 3966 perpendite,
3311 3895 3444 3963 quid
3498 3893 3822 3948 deliciarum
3860 3892 4215 3964 incorruptio

2583 3989 2766 4044 carnis
2781 3987 2980 4041 habeat
3001 3988 3052 4040 in
3085 3985 3249 4049 caelo,
3277 3985 3320 4038 si
3350 3985 3532 4038 cihum
3560 3984 3709 4046 ctBli,
3734 3984 4009 4053 germinat
4044 3984 4094 4036 in
4125 3997 4217 4038 sei-

2580 4079 2790 4151 pulcro.
2821 4077 3198 4146 Quantisillic
3225 4077 3528 4134 libum-ibus
3552 4077 3883 4129 sublimatur
3915 4071 4073 4130 beata
4101 4075 4211 4130 \ir-

2581 4173 2801 4243 ginitas,
2849 4171 2938 4226 ubi
2972 4171 3230 4224 nimirum
3261 4169 3374 4224 sola
3407 4179 3490 4222 est
3521 4167 3720 4237 gloria,
3757 4168 3802 4222 si
3845 4178 3899 4221 et
3945 4165 4110 4239 347
4148 4167 4206 4243 iu

2552 4265 2701 4333 ,loco
2751 4263 2943 4319 {eloris
2997 4272 3164 4333 atque
3215 4261 3522 4332 putredinis
3580 4270 3691 4314 tam
3749 4261 4076 4316 mirabiliter
4126 4269 4226 4316 est.

2581 4359 2837 4428 gloriosa.

2657 4449 2813 4506 Unde
2847 4459 2902 4505 et
2933 4448 2976 4503 si
3027 4465 3132 4502 non
3162 4447 3465 4501 audeamus
3496 4445 4026 4516 p.emter’delinire,
4055 4445 4208 4514 pium

2585 4553 2767 4597 tamen
2813 4551 2897 4597 est
2941 4539 3200 4594 arbitrari
3235 4549 3293 4592 ut
3332 4539 3473 4592 sicut
3501 4539 3568 4591 de
3617 4539 3775 4592 beata
3808 4537 3902 4591 Dei
3928 4535 4210 4592 Genitrice

2506 4609 2557 4669 D
2585 4635 2854 4698 creditur,
2885 4635 2962 4696 ita
2985 4632 3150 4686 etiam
3177 4631 3238 4684 Β.
3269 4628 3510 4684 Joannes
3537 4617 4048 4699 jan‘tresurrexisse
4075 4643 4205 4698 pro-

2581 4727 2838 4781 babiliter
2870 4732 3177 4787 asseratur,
3215 4732 3487 4792 quatenus
3530 4722 3676 4775 sicut
3717 4721 3771 4775 in
3805 4721 4052 4789 virginea
4083 4718 4206 4774 fue-

2583 4831 2708 4876 runt
2762 4819 3084 4890 integritate
3136 4817 3458 4888 participes,
3504 4817 3576 4869 ita
3645 4815 4002 4868 nihilominus
4049 4821 4105 4868 et
4148 4813 4202 4872 in

2581 4914 2887 4983 anticipata
2922 4912 3336 4966 resurrectione
3371 4910 3567 4963 merito
3600 4909 3887 4961 videantur
3912 4905 4153 4975 aequales
4187 4921 4202 4970 ;

2578 5020 2680 5061 nec
2702 5007 2772 5060 sit
2797 5004 3289 5078 itrresurrectione
3311 5001 3604 5056 diversitas
3634 5000 3834 5069 quibus
3853 5007 4002 5052 tanta
4029 4998 4210 5050 fuerat

2585 5097 2923 5152 unanimitas
2947 5095 3386 5152 conversationis
3433 5093 3487 5147 in
3519 5095 3652 5146 vita.
3686 5091 3743 5148 Si
3796 5091 3943 5146 enim
3997 5088 4206 5142 beatis-

2585 5190 2708 5245 simi
2740 5190 2986 5261 virgincs
3016 5189 3129 5251 isti,
3171 5185 3414 5242 Joannes
3447 5185 3705 5240 videlicet
3727 5194 3781 5238 et
3810 5183 4004 5246 Maria,
4033 5180 4213 5235 nulla-

2588 5293 2746 5337 tenus
2793 5281 3189 5343 surrexissent,
3247 5295 3348 5334 cur
3386 5281 3441 5333 in
3495 5293 3685 5333 eorum
3721 5274 3944 5330 tumulis
3988 5273 4208 5343 sepulta

2583 5380 2859 5433 cadavera
2908 5391 3018 5431 non
3058 5375 3333 5444 jacerent,
3377 5388 3501 5428 cum
3547 5371 3759 5426 scilicet
3809 5368 3914 5424 ΒΒ.
3958 5368 4104 5423 Petri
4151 5375 4217 5422 et'

2583 5467 2738 5522 Pauli
2773 5477 3209 5537 caeterorutnque
3248 5465 3624 5536 apostolorum
3657 5472 3714 5518 et
3743 5473 4046 5533 martyrum
4078 5475 4204 5515 coro

2581 5577 2714 5632 pora
2757 5561 2874 5616 suis
2915 5543 3154 5632 quaeque
3192 5567 3498 5613 noscantur
3549 5554 3844 5610 mausoleis
3877 5550 4206 5607 tumulata?

2583 5655 2718 5710 Nam
2748 5656 2892 5725 quod
2923 5671 3053 5711 vere
3091 5655 3151 5708 Β.
3185 5650 3427 5725 Joannes
3467 5651 3670 5707 obicrit
3711 5665 3777 5704 ac
3819 5646 4008 5720 procul
4039 5646 4206 5700 dubio

2584 5749 2780 5803 mortis
2821 5747 2946 5818 jura
3007 5746 3354 5818 persolveris,
3391 5743 3541 5798 nui'lo
3593 5743 3757 5797 modo
3809 5739 4002 5794 n‘clius
4036 5752 4204 5807 quam

2582 5858 2679 5916 per
2731 5840 2848 5910 ejus
2901 5842 3068 5898 verba
3125 5840 3268 5896 valet
3320 5839 3562 5913 probari.
3615 5835 3754 5892 Cum
3798 5835 3945 5891 enim
3998 5832 4206 5889 exisset
