5450 6406
136 996 173 1291 ἒ

136 1470 177 1623 ’Ϊέ

2037 378 2136 436 871
2648 372 2706 428 S.
2732 367 2937 426 PETRI
2977 365 3262 424 υΑιιιΑκι
3299 364 3451 422 OPP.
3493 363 3675 421 PARS
3715 365 3844 422 SEU
3899 367 4137 427 TOHUS
4175 370 4189 424 Ι

3161 365 3262 420 λκι
3299 364 3451 422 01³1⁵.
3493 363 3675 421 PARS
3715 365 3844 422 SEU
3899 367 4137 427 TOHUS
4175 369 4235 425 11.
4280 400 4347 412 -
4387 367 4757 426 εεῐιλιοκεε
5208 362 5313 425 ω

2036 514 2219 558 sermo
2245 499 2387 553 inter
2412 492 2633 553 fratres.
2659 490 2804 560 quod
2851 485 3145 556 discipulus
3177 483 3267 538 ille
3307 499 3414 538 non
3448 484 3618 537 mori-
3652 489 3695 546 Α
3728 485 3869 539 nube
3897 485 4180 554 aperiente
4236 487 4442 549 omnia,
4491 484 4727 541 Joannes
4772 497 4903 538 vero
4934 480 5183 537 melioris
5232 490 5310 537 ta-

2038 602 2145 652 tur.
2171 605 2269 647 cur
2291 589 2406 657 ipse
2428 598 2557 641 vera
2582 582 2895 638 dicentibus
2914 579 3211 640 obviasset,
3240 576 3427 631 dicens
3452 592 3466 629 :
3508 594 3527 626 ι
3556 574 3624 629 Et

2038 699 2142 742 non
2162 680 2301 735 dixit
2331 678 2526 734 Jesus:
2560 676 2677 731 Non
2698 674 2930 729 moritur
2954 671 3139 745 (Joan.
3166 670 3303 737 xxi).
3335 688 3353 721 ι
3395 666 3622 723 Frustra

2034 776 2289 831 nimirum
2336 773 2425 827 hic
2467 785 2675 825 moram
2728 778 2912 823 texere
2942 780 3006 821 ac
3055 765 3218 817 verba
3262 759 3622 830 multiplicare

2034 867 2329 930 videretur,
2371 865 2417 919 si
2447 864 2574 917 dum
2620 861 2696 916 illi
2736 874 2863 913 vera
2898 858 3175 913 dicerent:
3232 875 3250 908 ι
3277 854 3393 910 Non
3448 853 3617 908 mori-

2035 966 2164 1023 tur;
2196 975 2216 1009 ι
2246 956 2346 1010 iste
2375 953 2619 1023 protinus
2642 949 2967 1023 obstitisset,
3008 948 3235 1004 dicens:
3291 964 3310 999 ι
3340 944 3455 1000 Non
3484 944 3621 999 dixit

2033 1048 2224 1105 Jesus:
2264 1045 2380 1102 Non
2420 1043 2671 1107 moritur,
2695 1061 2715 1095 ι
2744 1056 2809 1097 ac
2840 1055 2938 1111 per
2968 1041 3071 1095 hoc
3109 1037 3325 1093 veritati
3355 1036 3620 1107 quodam-

2034 1140 2198 1195 modo
2240 1136 2658 1202 contradiceret,
2711 1134 2816 1189 etsi
2863 1132 3028 1188 verba
3078 1130 3442 1186 relerentibus
3490 1145 3622 1185 con-

2035 1230 2248 1284 trairet.
2306 1226 2434 1292 Sed,
2476 1225 2601 1281 dum
2658 1239 2719 1279 se
2770 1240 2876 1278 non
2924 1222 3244 1278 moriturum
3282 1221 3617 1276 Salvatorem

2030 1321 2235 1378 dixisse
2289 1318 2545 1390 negavit,
2580 1318 2908 1373 moriturum
2943 1331 3004 1373 se
3046 1314 3420 1371 indubitanter
3467 1328 3619 1370 asse-

2103 1415 2115 1428 ο

2034 1427 2161 1471 "III.

2098 1507 2269 1563 Porro
2294 1516 2473 1562 autem
2506 1506 2621 1561 sive
2672 1502 3087 1567 resurrexisset,
3128 1499 3244 1555 sive
3288 1512 3395 1553 non
3435 1511 3617 1553 resur-

2029 1600 2299 1665 rexisset,
2344 1596 2488 1668 quod
2549 1596 2605 1650 in
2662 1594 2912 1666 sepulcro
2959 1602 3210 1650 sanctum
3264 1605 3460 1661 corpus
3500 1590 3618 1659 ejus

2028 1690 2257 1746 ulterius
2306 1705 2416 1744 non
2466 1688 2719 1759 apparuit
2770 1687 2965 1742 divina
3018 1686 3136 1741 sine
3184 1685 3350 1739 dubio
3396 1683 3617 1738 virtutis

1953 1840 1961 1849 ,
2024 1777 2272 1849 operatio
2298 1774 2423 1830 luit.
2454 1774 2730 1845 Scriptum
2752 1774 2912 1829 estin
2943 1771 3362 1826 Deuteronomio
3391 1789 3411 1823 ι
3433 1789 3451 1821 ι
3482 1769 3615 1824 lior-

3724 576 4000 631 bernaculi
4029 586 4213 631 custos
4246 576 4446 641 factus,
4476 576 4534 631 Β.
4569 575 4753 630 Hatria:
4798 574 5051 630 minister
5076 572 5309 639 exstitit,

3722 684 3884 738 quam
3910 682 4016 721 non
4048 668 4296 723 videlicet
4323 682 4583 738 corporea
4633 664 4793 734 hujus
4819 665 4964 719 aeris
5011 664 5185 718 nubes
5210 662 5307 717 ob-

3725 760 3878 822 texit,
3906 758 4000 813 sed
4033 758 4270 826 Spiritus
4304 768 4527 814 sanctus
4576 755 4920 811 invisibiliter
4940 754 5307 809 obumbravit.

3724 849 3787 905 Et
3810 848 3977 920 gloria
4018 848 4252 911 Domini,
4295 849 4399 903 hoc
4429 858 4513 901 est
4539 842 4711 901 Filius
4736 844 4856 909 Dei,
4884 844 4974 914 qui
5002 844 5107 899 hoc
5135 842 5312 897 taber-

3722 940 4000 1004 naculum,
4050 954 4157 994 non
4194 954 4313 1018 mox
4346 938 4707 1015 discessurus,
4752 936 4847 991 sed
4876 948 5060 989 veram
5086 947 5309 988 carnem

3720 1044 4072 1105 suscepturus
4105 1032 4368 1104 implevit,
4396 1048 4503 1086 non
4531 1030 4731 1086 mansit
4753 1028 4855 1085 sub
4881 1041 5054 1082 aerea:
5081 1025 5311 1096 caligine

3722 1130 3904 1193 nubis,
3940 1128 4033 1183 sed
4064 1129 4244 1199 potius
4275 1126 4328 1180 in
4354 1123 4557 1179 lumine
4584 1124 4736 1189 solis,
4780 1122 4922 1177 sicut
4945 1134 5043 1191 per
5064 1118 5309 1188 Prophe-

3722 1229 3829 1274 tatn
3880 1219 4080 1274 dicitur
4115 1236 4127 1271 :
4185 1237 4203 1269 ι
4236 1214 4290 1271 In
4318 1215 4433 1271 sole
4481 1214 4661 1285 posuit
4696 1211 5108 1268 tabernaculum
5151 1224 5308 1263 suum

3721 1309 3893 1381 (Ptol.
3938 1314 4117 1379 xvttt).
4161 1329 4180 1362 ι
4233 1308 4336 1364 Per
4379 1308 4530 1362 illum
4580 1321 4779 1362 manna
4829 1306 5013 1359 datum
5050 1313 5131 1357 est
5183 1312 5311 1355 tunc

3719 1404 4016 1459 Israelitico
4042 1401 4276 1473 populo;
4308 1415 4436 1456 ecce
4458 1409 4664 1471 quanto
4686 1396 4974 1468 gloriosius
5008 1394 5177 1449 habet
5208 1394 5309 1479 iste

3720 1508 3916 1549 manna
3954 1491 4202 1548 etiamin
4249 1489 4518 1562 sepulcro.
4573 1488 4639 1543 Et
4671 1488 4799 1558 quid
4840 1484 5039 1557 plura?
5090 1482 5187 1538 Ille
5232 1482 5309 1534 ta-

3719 1584 3858 1637 ciem
3896 1596 4052 1637 suam
4086 1580 4377 1645 obnubuit,
4407 1592 4476 1633 ne
4504 1577 4755 1632 videatur
4782 1592 4812 1631 a
4862 1574 5059 1645 popqu
5104 1572 5306 1641 (ﬁxed.

3719 1678 3907 1745 xxxiv)
3938 1692 3952 1737 ;
3990 1676 4090 1730 iste
4129 1673 4292 1729 etiam
4339 1672 4643 1727 divinitatis
4670 1670 4877 1725 revelat
4902 1667 5221 1729 essentiam,
5254 1677 5311 1717 nt

3720 1764 3868 1820 Deus
3914 1764 4269 1819 abomnibus
4318 1770 4647 1832 agnoscatur
4703 1760 4886 1831 (Joan.
4915 1760 4976 1827 t).
5021 1758 5204 1826 Atque
5254 1768 5312 1809 ut

2027 1845 2156 1924 tuus
2181 1877 2267 1924 est
2293 1867 2507 1939 Moyses
2548 1864 2784 1921 famulus
2810 1865 3023 1920 Domini
3072 1864 3127 1918 in
3172 1872 3316 1917 terra
3352 1861 3507 1917 Moab
3526 1861 3614 1931 ju-
3646 1845 3688 1904 Β
3717 1855 3859 1911 idem
3905 1864 4175 1925 repetam,
4215 1854 4305 1909 ille
4348 1853 4687 1923 splendorem
4729 1852 4811 1907 sui
4844 1850 5025 1904 vultus
5072 1849 5307 1909 obtexit,

2024 1960 2187 2015 hente
2209 1958 2538 2023 Domino,et
2564 1956 2814 2027 sepelivit
2838 1970 2962 2010 eum
2992 1955 3046 2009 in
3078 1953 3214 2009 valle
3264 1963 3424 2009 terra
3455 1953 3613 2009 Moab
3716 1962 3782 2001 ne
3818 1947 3887 2002 ab
3935 1946 4225 2016 illa-plebe
4252 1944 4666 2015 conspiceretur
4707 1959 4722 2007 ;
4755 1942 4856 1997 iste
4905 1940 4997 1995 Dei
5041 1939 5307 1999 Verbum.

2022 2060 2213 2109 contra
2265 2050 2501 2121 Phogor,
2533 2058 2597 2104 et
2639 2063 2749 2103 non
2792 2046 3050 2117 cognovit
3084 2046 3251 2101 homo
3297 2046 3611 2116 sepulcrum
3719 2037 3863 2109 quod
3906 2046 3991 2091 est
4043 2036 4221 2107 imago
4268 2032 4469 2100 Patris,
4517 2031 4773 2104 splendor
4817 2031 4999 2103 gloria:
5032 2040 5089 2085 et
5132 2030 5307 2101 ﬁgura

2025 2142 2144 2213 ejus
2174 2155 2347 2212 usque
2375 2139 2428 2195 in
2460 2148 2779 2209 praesentem
2807 2137 2951 2192 diem
2993 2135 3176 2206 (Deut.
3218 2138 3431 2205 xxxiv).
3455 2154 3473 2187 ι
3501 2135 3612 2191 Re-
3714 2131 4045 2193 substantia:
4079 2126 4195 2197 ejus
4235 2126 4424 2197 (Hebr.
4454 2126 4519 2199 t),
4563 2126 4848 2199 perspicue
4876 2124 5163 2189 revelavit,
5192 2134 5251 2177 ut
5280 2139 5309 2176 a

2029 2241 2285 2289 novatum
2338 2237 2423 2286 est
2468 2230 2651 2300 itaque
2694 2228 2822 2283 illud
2850 2229 2917 2285 de
2968 2243 3197 2299 corpore
3242 2228 3412 2299 Moysi
3464 2241 3613 2282 nunc
3714 2221 3870 2274 nobis
3897 2227 4304 2289 agnosceretur.

2022 2316 2197 2379 etiam
2247 2322 2301 2375 in
2330 2318 2542 2376 Joanne
2596 2319 2967 2382 miraculum;
3011 2329 3068 2373 et
3100 2318 3192 2388 qui
3249 2316 3610 2388 legislatoretn
3786 2311 4071 2365 Postremo
4129 2308 4224 2363 Dei
4266 2306 4485 2371 Filium,
4524 2322 4687 2377 quem
4734 2306 4837 2362 iste
4891 2319 5000 2376 prs
5055 2303 5311 2358 manibus

2030 2420 2159 2467 tunc
2207 2411 2458 2481 dignatus
2506 2418 2589 2465 est
2636 2408 2799 2463 nullis
2849 2409 3148 2464 scientibus
3196 2407 3445 2478 sepelire,
3494 2406 3609 2476 ipse
3714 2403 3923 2465 habuit,
3955 2415 4078 2456 cum
4132 2413 4241 2468 quo
4271 2398 4575 2453 diutissime
4619 2405 4973 2452 conversatus
4996 2405 5107 2460 est,
5135 2410 5169 2449 a
5201 2409 5309 2465 quo

2025 2503 2189 2559 etiam
2215 2516 2411 2573 corpus
2443 2499 2790 2571 evangelista:
2831 2500 2912 2555 sui
2946 2510 3162 2555 secreto
3206 2500 3439 2570 quodam
3488 2512 3608 2569 my-

2024 2594 2193 2649 sterio
2250 2592 2421 2649 voluit
2467 2591 2756 2663 sepultura:
2795 2592 3117 2647 subducere.
3172 2589 3413 2662 Uterque
3460 2590 3608 2645 scili-

2023 2694 2115 2745 eet
2163 2688 2259 2745 in!
2316 2688 2538 2756 mundi,
2586 2696 2814 2756 uterque
2865 2689 3245 2742 mandatorum
3300 2685 3605 2741 cmlestium

2018 2775 2261 2843 bajulus,
2295 2783 2523 2842 uterque
2560 2774 2727 2829 divini
2770 2771 2984 2829 consilii
3022 2773 3314 2828 revelator.
3359 2767 3471 2827 Nec
3507 2769 3582 2825 in:

2018 2867 2217 2922 merito
2266 2867 2321 2920 in
2362 2864 2623 2936 dignitate
2670 2864 2785 2919 suis
2839 2862 3018 2918 delata
3077 2861 3435 2919 cadaverzlms
3482 2875 3617 2916 eon-

2015 2967 2217 3030 gruunt
2248 2958 2341 3027 qui
2382 2966 2438 3012 et
2476 2958 2528 3011 in
2569 2956 2891 3011 sublimibus
2940 2956 3062 3010 vita:
3100 2970 3213 3010 sine
3255 2954 3500 3020 meritis,
3534 2952 3619 3009 di-

2014 3049 2185 3103 versis
2223 3047 2352 3103 licet
2384 3048 2744 3116 temporibus.
2779 3046 3124 3101 concorditer
3152 3045 3487 3102 claruerunt.

2088 3137 2287 3195 Verum
2338 3138 2383 3193 si
2436 3153 2526 3192 res
2564 3137 2804 3207 diligenti
2841 3136 3283 3191 consideratione
3328 3134 3615 3205 perpendi-

2010 3241 2119 3298 tur,
2161 3242 2219 3286 ut
2253 3248 2378 3288 cum
2416 3230 2558 3285 beati
2598 3229 2765 3301 Moysi
2806 3245 2942 3301 pace
2982 3229 3201 3297 loquar,
3244 3227 3484 3283 Joannes
3520 3241 3616 3297 po-

2010 3325 2118 3380 tior
2146 3326 2440 3380 invenitur.
2488 3323 2579 3378 Ille
2618 3324 2887 3391 siquidem
2928 3308 3425 3377 minister'exstitit
3458 3319 3613 3389 legis,

2012 3417 2105 3472 hic
2138 3416 2462 3486 praedicator
2508 3414 2717 3470 exstitit
2750 3414 2962 3483 gratia.
3010 3412 3101 3466 Ille
3143 3420 3408 3481 prmcepta
3446 3411 3612 3464 tradi-

2012 3510 2098 3564 dit
2147 3508 2345 3579 quibus
2404 3516 2626 3577 peccata
2695 3504 3059 3575 punirentur.
3122 3504 3224 3558 iste
3279 3502 3615 3571 poenitentia:

2015 3597 2345 3668 baptismum
2374 3595 2629 3661 contulit,
2662 3610 2771 3664 quo
2804 3596 2989 3649 omnia
3022 3594 3252 3648 crimina
3279 3593 3611 3645 delerentur.

2013 3689 2107 3746 Ille
2128 3688 2481 3744 annuntiator
2513 3695 2599 3741 est
2641 3685 2878 3751 umbrae,
2930 3684 3018 3737 hic
3058 3685 3307 3737 minister
3348 3692 3433 3737 est
3474 3683 3615 3735 veri-

2013 3779 2166 3835 tatis.
2217 3780 2311 3835 Ille
2361 3779 2501 3834 dixit
2550 3776 2781 3845 Domino
2820 3794 2833 3827 :
2882 3796 2899 3826 ι
2943 3774 3001 3830 Si
3049 3773 3224 3828 ittvetti
3275 3774 3503 3842 gratiam
3554 3773 3611 3829 in

2014 3879 2310 3943 conspectu
2344 3878 2460 3935 tuo,
2491 3868 2717 3923 ostende
2746 3866 2879 3921 mihi
2910 3866 3102 3921 faciem
3145 3875 3416 3932 tuam,,ut
3440 3864 3610 3919 sciam

2014 3972 2106 4029 te;
2140 3982 2159 4015 ι
2193 3962 2286 4019 Sed
2341 3962 2593 4033 protinus
2630 3960 2839 4014 audivit
2881 3975 2893 4011 :
2932 3976 2951 4009 ι
2995 3956 3112 4013 Non
3166 3957 3375 4027 poteris
3426 3954 3613 4011 videre

2012 4049 2205 4109 faciem
2242 4059 2417 4102 meam
2447 4061 2463 4113 ;
2490 4058 2597 4101 non
2620 4044 2764 4101 enim
2808 4045 3012 4100 videbit
3036 4059 3123 4099 me
3149 4046 3333 4110 homo,
3371 4053 3426 4098 et
3451 4045 3599 4099 vivet

2012 4138 2214 4210 (Exod.
2238 4137 2435 4208 xxxttt)
2467 4153 2483 4203 ;
2515 4156 2535 4190 ι
2577 4136 2678 4192 iste
2715 4151 2843 4192 vero
2880 4137 3047 4191 Deum
3100 4136 3447 4191 incarnatum
3487 4151 3594 4190 non

2007 4228 2187 4285 solum
2222 4229 2356 4284 vidit
2380 4237 2437 4283 et
2476 4227 2699 4289 audivit,
2741 4227 2835 4283 sed
2881 4227 3046 4283 etiam
3075 4228 3328 4283 manibus
3380 4236 3596 4282 contre-

2006 4319 2194 4384 ctavit,
2239 4320 2378 4374 sicut
2421 4319 2537 4388 ipse
2582 4326 2833 4384 testatur,
2858 4316 3083 4373 dicens:
3121 4336 3140 4369 ι
3174 4316 3328 4384 Quod
3356 4316 3476 4383 fuit,
3511 4318 3592 4372 in-

2006 4412 2145 4480 quit,
2172 4410 2240 4464 ab
2264 4410 2438 4475 initio,
2465 4408 2609 4480 quod
2632 4407 2887 4471 vidimus,
2915 4408 3058 4477 quod
3089 4407 3416 4473 audivimus,
3443 4407 3590 4477 quod

2005 4502 2180 4557 oculis
2206 4502 2408 4555 nostris
2450 4501 2845 4571 perspeximus,
2885 4510 2939 4554 et
2975 4515 3168 4555 manus
3221 4509 3420 4555 nostra:
3455 4517 3589 4555 con-

2006 4599 2379 4669 trectaverunt
2409 4590 2577 4663 348
2606 4592 2672 4646 de
2696 4592 2863 4647 verbo
2892 4591 3037 4656 vitae,
3066 4601 3122 4646 et
3150 4592 3387 4647 vidimus
3427 4602 3481 4647 et
3509 4602 3589 4646 te-

2002 4695 2233 4750 stamur,
2283 4695 2337 4738 et
2362 4686 2753 4741 annuntiamus
2800 4686 2955 4741 vobis
2987 4688 3148 4741 vitam
3179 4697 3441 4742 :eternam
3471 4702 3591 4754 qua:

2001 4788 2121 4834 erat
2155 4777 2293 4845 apud
2313 4776 2551 4843 Patrem,
2582 4788 2636 4833 et
2666 4780 2917 4849 apparuit
2959 4780 3116 4834 nobis
3141 4780 3411 4850 (10mm).
3452 4798 3470 4831 ι
3526 4779 3592 4833 Et

2002 4884 2111 4925 non
2138 4869 2309 4924 solum
2338 4869 2507 4923 Deum
2540 4870 2813 4925 hominem
2841 4870 3044 4925 factum
3085 4870 3260 4926 oculis
3280 4869 3589 4924 carnalibus

2002 4959 2160 5024 vidit,
2188 4960 2280 5015 sed
2306 4968 2361 5015 et
2391 4960 2566 5028 ipsum
2592 4958 2845 5025 Verbum,
2870 4962 3015 5029 quod
3040 4970 3159 5015 erat
3183 4962 3321 5030 apud
3343 4960 3585 5024 Patrem,

2002 5065 2103 5123 per
2130 5050 2274 5121 quod
2308 5042 2449 5105 facta
2479 5061 2607 5105 sunt
2638 5052 2817 5104 omnia
2857 5050 3038 5111 (Joan.
3066 5058 3126 5116 tl,
3163 5052 3427 5106 illustrata
3450 5052 3588 5106 divi~

2002 5143 2149 5199 nitus
2180 5152 2361 5197 mente
2384 5142 2683 5211 conspexit.

2070 5226 2252 5303 Atque
2296 5243 2355 5288 ut
2396 5233 2577 5288 adhuc
2626 5232 2965 5303 comparatio
2995 5232 3345 5302 producatur,
3376 5230 3584 5303 Moyses

2002 5324 2350 5382 tabernaculo
2388 5332 2621 5395 praeerat
2664 5323 2807 5393 quod
2836 5324 3009 5383 nubes
3052 5323 3356 5393 Operiebat,
3406 5324 3477 5377 ita
3525 5334 3584 5378 ut

3712 2495 3870 2550 unice
3898 2502 3953 2549 et
3984 2491 4295 2562 specialiter
4321 2490 4575 2554 dilectus,
4609 2488 4697 2544 ille
4723 2488 4940 2560 quidem
4988 2486 5199 2541 obnixe
5247 2498 5309 2539 ac

3711 2584 4146 2640 desiderabiliter
4193 2583 4371 2654 petiit,
4422 2581 4655 2637 dicens:
4692 2600 4711 2632 ι
4750 2580 5009 2640 Obsecro.
5056 2578 5305 2637 Domine.

3712 2679 3868 2732 mitte
3896 2692 4061 2748 quem
4106 2678 4374 2731 missurus
4425 2689 4486 2730 es
4541 2673 4738 2743 (Exod.
4775 2672 4848 2744 tv)
4880 2688 4939 2737 ςι
4996 2670 5090 2725 sed
5129 2670 5304 2739 impe-

3712 2781 3859 2830 trare
3895 2786 3999 2826 non
4047 2768 4234 2823 valuit.
4286 2766 4666 2823 Verumtamen
4719 2767 4847 2819 dum
4900 2764 5114 2835 magnis
5148 2778 5304 2818 sum-

3711 2865 3924 2936 misque
3952 2863 4093 2933 apud
4136 2862 4304 2918 Deum
4350 2862 4561 2918 meritis
4608 2861 4769 2917 ambo
4795 2860 5143 2925 ciaruissent,
5194 2875 5304 2915 uno

3712 2971 3944 3029 uterque
3972 2960 4164 3030 spiritu
4190 2957 4381 3028 plenus
4420 2956 4545 3023 fuit,
4576 2972 4684 3011 uno
4712 2965 4941 3027 uterque
4971 2953 5304 3024 Redempto-

3713 3053 3787 3105 n's
3827 3052 4095 3105 desiderio
4117 3048 4460 3106 concorditer
4484 3049 4765 3103 cstuabat.
4796 3045 4903 3102 Nec
4942 3061 5041 3101 nos
5067 3044 5302 3102 alterum

3708 3142 3865 3195 alteri
3925 3140 4183 3211 praferre
4238 3142 4639 3211 praesumimus,
4687 3141 4733 3196 si
4779 3140 5151 3196 diversitatem
5205 3154 5303 3210 pro

3705 3236 3786 3291 sui
3830 3232 4095 3304 cujusque
4140 3234 4403 3304 dignitate
4458 3247 4765 3304 pensamus.
4820 3233 5060 3288 Duorum
5100 3231 5304 3302 quippe

3704 3328 3972 3380 viatorum
4004 3324 4147 3380 nulla
4198 3324 4481 3380 oculorum
4538 3325 4827 3380 vivacitate
4873 3323 5169 3393 disparium
5205 3322 5298 3392 qui

3706 3432 3829 3472 or'.o
3861 3418 3975 3471 sole
4000 3417 4243 3488 graditur
4271 3416 4473 3471 clarius
4500 3415 4756 3486 qualibet
4801 3415 5048 3487 opposita
5077 3415 5301 3484 conspi-

3703 3509 3775 3561 cit
3807 3524 3966 3577 quam
3999 3509 4045 3563 is
4071 3508 4162 3577 qui
4201 3507 4555 3562 antelucanus
4602 3507 4866 3577 exsurgit.
4904 3504 4971 3559 Et
4999 3505 5168 3559 ditior
5189 3516 5297 3567 est.

3704 3595 3791 3663 qui
3827 3596 4193 3650 autumnalem
4219 3595 4491 3651 fructuum
4519 3598 4887 3651 maturitatem
4912 3594 5079 3666 capit,
5112 3610 5179 3649 co
5202 3598 5296 3665 qui

3708 3702 3886 3740 verna:
3915 3686 4226 3757 propaginis
4248 3685 4467 3741 arbusta
4501 3686 4783 3757 plantavit.

3769 3776 4171 3831 Convenienter
4217 3777 4384 3847 igitur
4428 3776 4629 3833 factum
4678 3789 4765 3832 est
4813 3786 4872 3831 ut
4913 3778 5053 3833 sicut
5096 3776 5291 3849 loysi,

3701 3868 3775 3922 ita
3804 3878 3860 3923 et
3885 3865 4116 3923 Joannis
4135 3866 4349 3939 glebam
4385 3869 4732 3939 omnipotens
4760 3867 4903 3923 Deus
4930 3867 5296 3923 absconderet

3698 3966 3753 4011 et
3770 3957 3824 4011 in
3849 3948 4060 4012 duobus
4086 3957 4422 4012 mirabilibus
4446 3960 4590 4012 veris
4618 3973 4782 4012 unum
4829 3955 5155 4013 miraculum
5194 3972 5289 4013 ex-

3698 4047 3925 4102 biberet.

3770 4136 3838 4192 Et
3873 4138 4169 4193 notandum
4218 4152 4382 4207 quam
4424 4134 4734 4203 aﬂ‘ectuose,
4779 4153 4941 4208 quam
4987 4153 5095 4210 pte,
5123 4154 5288 4210 quam

3698 4238 3946 4300 patente,
4000 4243 4163 4299 quam
4211 4226 4517 4282 amabiliter
4559 4227 4852 4282 Salvator:
4889 4247 4907 4279 ι
4940 4227 5050 4292 Sic,
5086 4230 5285 4300 inquit,

3692 4337 3815 4374 eum
3860 4318 3982 4375 volo
4014 4333 4234 4373 manere
4281 4320 4451 4374 donec
4493 4319 4704 4396 veniam
4742 4318 4922 4389 (lactt.
4959 4321 5097 4387 xxt).
5124 4340 5143 4371 ι
5184 4322 5288 4375 Ve-

3693 4414 3859 4475 niam,
3919 4412 4112 4482 inquit,
4167 4427 4271 4465 nun
4335 4412 4566 4465 mittam.
4608 4409 4722 4465 Non
4771 4411 4982 4466 mittam
5031 4412 5283 4468 videlicet

3694 4518 3984 4571 supernam
4021 4503 4257 4572 aliquam
4312 4496 4587 4565 virtutem.
4621 4518 4728 4557 non
4776 4504 5076 4576 angelicam
5124 4517 5281 4575 pote-

3693 4604 3911 4658 statem,
3950 4610 4068 4662 quze
4105 4591 4269 4662 hujus
4304 4594 4590 4648 ministerii
4625 4595 4757 4650 milii
4794 4594 5049 4666 fungatur
5078 4598 5279 4661 ollicio.

3693 4703 3811 4757 qua:
3835 4687 4155 4741 obedientim
4186 4685 4345 4753 hujus
4378 4696 4708 4756 exsequatur
4731 4686 5002 4742 effectum.
5036 4688 5156 4757 ipse
5186 4709 5281 4760 per

3693 4779 4070 4846 memetipsum
4106 4777 4343 4839 veniant,
4372 4777 4483 4845 ipse
4504 4779 4871 4848 egredientem
4899 4780 5016 4848 ejus
5035 4783 5277 4837 animam

3692 4872 3744 4927 itt
3774 4872 3957 4942 gloria:
3982 4887 4113 4925 mea:
4136 4870 4384 4925 claritate
4416 4871 4732 4939 suscipiam,
4756 4886 4919 4942 quam
4943 4884 4997 4927 et
5033 4876 5085 4927 in
5112 4892 5276 4930 carne

3690 4976 3996 5019 manentem
4027 4963 4286 5019 divinitus
4316 4963 4673 5017 illustrabam.
4717 4964 4943 5032 Quanta!
4986 4968 5155 5037 igitur
5186 4987 5273 5023 re-

3688 5057 3944 5110 verentia-
3977 5055 4258 5108 habendus
4290 5064 4374 5108 est
4404 5054 4947 5110 bominihus'beatus
4976 5057 5083 5113 iste
5112 5060 5273 5114 Joan-

3690 5164 3805 5209 nes,
3835 5146 4001 5218 359
4029 5160 4188 5214 quem
4221 5146 4333 5213 ipse
4361 5154 4549 5199 auctor
4570 5147 4692 5201 vitae
4722 5148 5007 5203 honoravit
5030 5151 5086 5203 in
5107 5166 5271 5206 carne

3688 5240 3957 5292 viventem
3992 5278 4007 5302 ,
4069 5238 4357 5292 honoravit
4411 5250 4467 5293 et
4522 5241 4588 5293 de
4643 5241 4841 5295 sarculo
4878 5244 5265 5297 recedentem.

3691 5348 3707 5382 t
3744 5329 3919 5385 Nimis
3958 5330 4104 5385 enim
4158 5331 4407 5386 honorati
4446 5341 4572 5387 sunt
4612 5333 4771 5387 amici
4805 5335 4882 5387 tui
4916 5333 5057 5389 Deus
5092 5334 5263 5401 (Pani.

1999 5415 2292 5486 διεσιιιδηάο
2320 5431 2419 5472 ηθο
2461 5418 2578 5487 ipse
2604 5414 2815 5487 ³101⁵⁸⁵
2845 5422 3027 5484 13055et
3077 5416 3303 5480 ίηιτέιτθι
3346 5414 3486 5469 εἶειιι
3526 5415 3577 5469 in
3681 5421 3967 5489 cxxxt'tn).
3992 5440 4011 5472 ι
4046 5420 4343 5475 Honoravit
4388 5423 4653 5494 siquidem
4702 5440 4823 5478 eunt
4855 5426 4906 5479 in
4955 5427 5089 5489 vita,
5150 5443 5263 5481 runt

1998 5507 2187 5564 Exodo
2228 5508 2418 5579 legitur
2444 5526 2457 5561 :
2505 5526 2524 5560 ι
2558 5506 2691 5575 Quia
2722 5508 2940 5576 operuit
2971 5506 3138 5560 nubes
3167 5505 3575 5559 tabernaculum

1998 5599 2314 5661 teatiutonii.
2344 5608 2399 5653 et
2441 5598 2610 5666 gloria
2646 5597 2855 5652 Domini
2908 5596 3148 5665 implevit
3195 5597 3322 5651 illttd
3378 5596 3575 5665 (Exod.

1997 5694 2111 5763 xc),
2147 5712 2166 5747 ο
2194 5703 2294 5746 nec
2322 5698 2535 5762 poterat
2587 5688 2793 5762 Moyses
2840 5689 3047 5761 ingredi
3086 5698 3282 5743 tectum
3335 5690 3572 5756 lwdcris,

2038 5808 2043 5809 ’
2071 5803 2221 5875 (ll'l)
2257 5800 2392 5859 Nota
2431 5800 2641 5859 telieem
2670 5804 2878 5861 meritis
2903 5804 3159 5859 animam.

3688 5510 3751 5565 de
3778 5524 4133 5566 sacrosancto
4159 5521 4377 5581 pectore
4406 5529 4504 5570 suo
4526 5514 4626 5569 sibi
4676 5516 5083 5570 reclinatorium
5118 5518 5259 5572 fecit.

3688 5604 3985 5660 Honoravit
4026 5621 4215 5660 rursus
4252 5606 4304 5659 in
4345 5616 4538 5671 morte,
4588 5622 4710 5660 cum
4760 5606 4825 5659 ad
4865 5607 5257 5678 suscipiendam

3684 5702 3895 5760 felicem
3930 5704 4139 5759 meritis
4160 5704 4399 5757 animam
4428 5702 4679 5775 dignatus
4705 5712 4789 5757 est
4810 5706 5067 5762 advenire
5096 5708 5141 5775 (Ι
5160 5709 5255 5775 l7}.
