5450 6348
854 335 954 396 875

2220 334 2459 395 SERMO
2485 336 2673 399 LXIV.

4075 345 4186 402 επ

853 448 956 508 Nec
1003 448 1201 506 mirum
1230 464 1277 506 st
1333 448 1569 506 diversis
1619 429 2105 510 honoribus
2134 449 2456 516 cumulavit,
2487 460 2535 520 Α
2567 452 2856 524 procinctu
2882 455 3190 526 spiritualis
3211 455 3422 514 militiae
3447 459 3634 529 positi,
3673 457 4051 530 apostolorum
4087 474 4184 514 ve-

842 559 1003 622 {quem
1035 544 1164 601 etin
1195 543 1536 601 consortium
1571 543 1797 626 sibimet
1835 543 2107 617 adoptiva:
2149 543 2460 601 fraternita-

844 638 920 695 tis
939 638 1151 695 ascivit.
1697 633 1709 650 ⁴
2183 715 2186 722 ι

917 730 1101 786 Dictus
1127 739 1210 786 est
1236 730 1405 786 etiam
1453 729 1627 786 frater
1672 724 1891 786 D'omini
1931 727 1994 784 Β.
2035 727 2312 796 iacebas;
2363 728 2460 785 sed

851 821 936 879 ille
960 819 1131 878 frater
1175 837 1244 878 ex
1285 830 1522 889 natura,
1555 822 1661 878 iste
1688 819 1862 878 frater
1889 836 1958 878 ex
1986 821 2205 894 gratia;
2253 821 2343 877 ille
2389 835 2483 876 ex.

850 917 1198 990 cognatione,
1251 917 1355 973 iste
1389 932 1456 974 ex
1509 916 1788 988 praecipua
1837 916 2172 984 dilectione;
2221 915 2313 972 ille
2363 931 2462 986 per

850 1009 1042 1068 lineam
1071 1019 1332 1066 materna:
1359 1009 1886 1082 consanguinitatis,
1917 1011 2021 1085 iste
2049 1023 2149 1082 per
2177 1007 2457 1064 vinculum

847 1111 1085 1178 paternae
1113 1101 1450 1159 charitatis:
1487 1119 1506 1153 ι
1547 1099 1605 1156 Si
1652 1090 1808 1170 quis,
1853 1102 2064 1172 inquit,
2113 1102 2294 1174 diligit
2337 1088 2457 1168 me,

849 1211 1154 1253 sermonem
1199 1210 1384 1252 meum
1432 1195 1708 1260 servabit,
1751 1204 1806 1252 et
1856 1195 2021 1251 Pater
2067 1210 2223 1252 meus
2269 1196 2460 1268 diliget

847 1306 1000 1358 eum,
1033 1301 1091 1347 et
1127 1292 1195 1347 ad
1228 1306 1356 1349 eum
1381 1289 1668 1348 veniemus
1695 1299 1754 1346 et
1780 1291 2124 1347 mansionem
2157 1291 2298 1362 apud
2328 1305 2457 1346 eum

847 1383 1107 1440 faciemus
1156 1384 1343 1455 (Joan.
1393 1383 1531 1450 xtv).
1579 1409 1607 1438 ν
1655 1385 1726 1440 Et
1768 1384 1900 1456 quid
1950 1385 2187 1456 amplius
2232 1382 2460 1439 dicam?

849 1475 1038 1533 Frater
1071 1477 1290 1534 Domini
1313 1475 1417 1533 fuit
1446 1477 1537 1533 ille
1559 1476 1822 1544 carnalis,
1855 1478 1959 1533 iste
1988 1476 2312 1548 spiritualis.
2349 1473 2459 1531 Sed

847 1580 1107 1644 quantum
1139 1572 1394 1645 cognatio
1423 1571 1725 1643 spiritualis
1765 1568 2043 1636 carnalem
2093 1568 2460 1626 necessitudi-

846 1679 967 1722 nem
1013 1665 1276 1737 prob'atur
1324 1664 1634 1731 excedere,
1689 1664 1742 1718 in
1791 1663 1965 1735 ipsius
2009 1661 2223 1717 Domini
2275 1659 2460 1716 verbis

845 1771 1131 1830 possumus
1172 1755 1294 1813 luce
1331 1754 1539 1813 clarius
1567 1737 1838 1828 invenire.
1868 1754 1964 1809 Ait
1992 1753 2178 1808 enim:
2220 1751 2460 1824 Spiritus

846 1854 931 1907 est
959 1848 1050 1920 qui
1075 1846 1343 1915 viviﬁcat,
1370 1863 1499 1904 nam
1520 1862 1654 1905 caro
1681 1863 1792 1903 non
1824 1846 2050 1917 prodest
2075 1845 2399 1916 quidquam.

910 1940 1174 2000 Jacobum
1215 1941 1422 2014 itaque,
1469 1951 1531 1997 ut
1574 1941 1747 1997 frater
1787 1947 1936 1996 esset
1979 1938 2217 2002 Domini,
2263 1944 2462 1993 natura

844 2032 1080 2091 carnalis
1111 2033 1381 2100 instituit;
1415 2031 1661 2089 Joannes
1682 2047 1814 2088 vero
1843 2039 1997 2087 tanto
2025 2029 2266 2087 nobilius
2289 2029 2463 2088 frater

841 2132 950 2192 est,
976 2132 1183 2195 quanto
1207 2133 1264 2180 et
1293 2125 1467 2196 ipsius
1496 2131 1710 2180 naturae
1733 2121 2021 2190 Dominus,
2048 2136 2175 2178 eum
2200 2122 2255 2178 in
2287 2120 2464 2186 amni-

845 2223 1012 2273 tatem
1048 2215 1154 2271 sibi
1190 2213 1495 2290 spiritualis
1523 2213 1878 2287 adoptionem
1919 2210 2240 2282 assumpsit.
2276 2207 2464 2278 Quan-

843 2323 1007 2382 quam
1036 2317 1090 2364 et
1121 2309 1237 2380 ipse
1264 2307 1504 2365 Jacobus
1549 2308 1760 2365 idcirco
1785 2306 1983 2364 beatus
2011 2306 2107 2372 sit,
2143 2304 2275 2376 quia
2321 2302 2465 2374 ejus-

843 2400 1298 2473 dem,spiritualis
1325 2417 1450 2458 cum
1479 2400 1714 2457 Domino
1736 2397 2089 2474 participium
2115 2405 2286 2454 tenet.
2314 2394 2466 2451 Alio-

845 2495 1000 2567 quin,
1033 2495 1142 2564 nisi
1168 2495 1404 2552 Domino
1426 2511 1527 2568 per
1554 2495 1807 2568 spiritum
1829 2492 2172 2564 jungeretur,
2196 2506 2297 2562 per
2331 2488 2466 2545 illud

844 2597 1078 2646 terrena:
1106 2588 1607 2660 consanguinitatis
1635 2586 1915 2643 vinculum
1943 2599 1975 2639 a
2015 2583 2250 2640 Domino
2291 2581 2468 2637 nulla-

843 2690 1003 2739 tenus
1045 2683 1378 2740 salvaretur.
1430 2683 1541 2741 Sed
1592 2692 1746 2739 tanto
1788 2679 2148 2738 excellentius
2182 2676 2462 2744 Joannes,

840 2785 1049 2847 quanto
1091 2784 1148 2832 et
1189 2784 1320 2832 ante
1348 2790 1571 2832 crucem
1609 2774 1942 2831 constitutus
1974 2773 2226 2830 audivit:
2268 2792 2285 2825 ς
2324 2774 2466 2828 hcce

840 2865 1019 2924 Mater
1042 2874 1133 2922 tua
1157 2865 1344 2939 (Joan.
1371 2865 1511 2939 xIx).
1540 2886 1559 2920 ›
1590 2865 1787 2922 Merito
1808 2880 1941 2937 ergo
1961 2880 2072 2936 quo
2096 2879 2222 2922 eum
2248 2864 2466 2920 caeteris

837 2961 965 3036 plus
1008 2961 1238 3026 dilexit,
1284 2960 1576 3020 sublimius
1607 2975 1731 3017 eum
1777 2960 1996 3016 czeteris
2044 2958 2357 3014 honoravit.
2397 2956 2466 3012 Et

840 3070 966 3122 nos,
1014 3054 1214 3111 fratres
1265 3053 1615 3120 charissimi,
1666 3069 1765 3125 pro
1814 3052 2036 3109 modulo
2068 3060 2258 3107 nostro
2289 3050 2468 3122 dignis

840 3161 970 3204 eum
1023 3145 1346 3202 studeamus
1394 3142 1593 3201 efferre
1646 3142 1959 3215 praeconiis,
2014 3142 2195 3214 dignis
2246 3155 2466 3213 semper

839 3253 1172 3295 veneremur
1195 3237 1499 3308 obsequiis.

915 3329 1228 3386 Notandum
1265 3338 1486 3395 tamen,
1515 3328 1646 3399 quia
1675 3341 1958 3399 nunquam
1991 3335 2103 3381 tam
2135 3325 2318 3399 digne,
2351 3334 2464 3383 tam

838 3435 1180 3487 reverenter,
1216 3427 1412 3483 beatos
1467 3423 1745 3495 apostolos
1798 3422 2067 3490 colimus,
2123 3436 2290 3493 quam
2338 3436 2465 3478 cum

839 3509 1145 3589 apostolica
1180 3525 1454 3590 praecepta
1496 3530 1803 3580 servamus,
1837 3530 1962 3570 cum
1991 3529 2089 3571 eos
2128 3514 2182 3569 in
2230 3513 2318 3570 via
2365 3512 2466 3570 Dei

837 3610 1216 3687 praecedentes
1242 3623 1462 3680 semper
1483 3607 1843 3674 attendimus,
1866 3621 1992 3663 cum
2015 3619 2210 3663 eorum
2236 3605 2465 3678 vestigia

837 3705 1147 3776 sequimur,
1177 3717 1302 3759 cum
1326 3715 1520 3758 eorum
1547 3708 1838 3772 angustam
1887 3705 1945 3754 et
1969 3708 2185 3754 arctam
2211 3698 2463 3754 semitam

837 3801 965 3860 sine
993 3797 1296 3856 oﬂ‘ensione
1324 3807 1597 3855 tenemus.
1630 3797 1926 3853 Enimvero
1956 3796 2009 3851 in
2037 3795 2313 3868 baptismo
2334 3812 2467 3868 apo-

837 3894 1114 3952 stolorum
1145 3893 1404 3950 ducatum
1451 3889 1626 3948 secuti
1659 3905 1880 3958 sumus,
1927 3889 2056 3960 quia
2100 3903 2200 3962 per
2243 3889 2464 3946 eosdem

839 3986 1012 4044 ﬁdem
1068 3993 1274 4042 sanctae
1321 3981 1611 4040 Trinitatis
1666 3983 1811 4039 inter
1861 3982 1979 4053 ipsa
2029 3981 2467 4054 regenerationis

840 4087 1054 4136 nostra
1105 4077 1417 4133 rudimenta
1467 4070 1780 4132 didicimus.
1835 4073 1951 4130 Sub
2001 4072 2160 4144 cujus
2210 4073 2468 4130 videlicet

840 4169 1038 4243 figurze
1065 4169 1358 4242 mysterio,
1407 4168 1727 4226 sacerdotes
1750 4166 2070 4224 Israeliticae
2117 4166 2292 4238 plebis
2334 4166 2465 4222 olim

842 4261 1188 4318 transeundo
1218 4259 1522 4323 Iordanem
1553 4260 1970 4332 praecedebant,
2016 4268 2072 4314 et
2116 4256 2349 4330 populus
2379 4273 2468 4314 se-

840 4353 1139 4424 quebatur.
1173 4350 1280 4408 Sed
1309 4366 1418 4406 non
1453 4350 1702 4407 suliicere
1726 4351 1834 4407 illis
1863 4351 2041 4407 visum
2065 4358 2172 4415 est,
2205 4350 2252 4405 si
2279 4364 2466 4405 sacer-

841 4447 1036 4504 dOtum
1067 4445 1448 4503 tantummodo
1471 4445 1702 4517 vestigia
1727 4445 1780 4500 in
1807 4445 2045 4500 transitu
2076 4442 2463 4514 sequerentur,

839 4541 956 4598 nisi
989 4549 1044 4596 et
1070 4539 1357 4596 duodecim
1387 4536 1598 4610 lapides
1624 4539 1691 4594 de
1719 4534 1977 4593 Jordanis
2002 4536 2159 4591 alveo
2189 4535 2459 4601 tollerent,

841 4646 1017 4707 atque
1045 4634 1099 4690 in
1139 4632 1381 4704 Galgalis
1409 4646 1510 4704 pro
1545 4630 1865 4688 testimonio
1893 4640 2181 4702 ponerent.
2219 4647 2238 4680 ‹
2273 4629 2464 4702 Elige,

841 4728 1032 4800 inquit
1059 4727 1326 4784 Dominus
1371 4725 1440 4782 ad
1479 4724 1670 4791 Josue,
1703 4723 1992 4781 duodecim
2020 4724 2193 4790 viros,
2225 4723 2470 4794 singulos

839 4835 948 4896 per
999 4820 1244 4893 singulas
1299 4819 1513 4886 tribus,
1560 4829 1616 4874 et
1661 4818 1897 4890 praecipe
1925 4817 2007 4873 eis
2055 4825 2115 4872 ut
2162 4815 2356 4872 tollant
2403 4817 2471 4873 de

841 4915 1036 4973 medio
1067 4913 1204 4970 alvei
1236 4912 1518 4979 Jordanis,
1547 4911 1639 4968 ubi
1678 4911 1917 4966 iixcrunt
1944 4908 2259 4967 sacerdotes
2280 4909 2468 4980 pedes,

842 5007 1143 5066 duodecim
1183 5005 1393 5078 lapides
1440 5004 1791 5070 durissimos,
1823 5018 1963 5074 quos
2001 5003 2220 5074 ponetis
2256 5003 2311 5058 in
2349 5002 2470 5059 loco

841 5111 1188 5165 castrorum,
1205 5100 1296 5156 ubi
1313 5099 1546 5155 ﬁxeritis
1567 5099 1672 5154 hac
1695 5107 1856 5153 nocte
1875 5096 2106 5152 tentoria
2123 5094 2312 5168 (Iosue
2333 5095 2431 5168 tv).
2446 5112 2466 5148 ι

926 5194 1004 5254 Ut
1031 5203 1214 5251 autem
1245 5208 1354 5250 non
1379 5192 1588 5258 omnia,
1621 5191 1747 5247 licet
1783 5191 1944 5262 plena
1974 5191 2471 5264 mysteriisﬁverba

842 5289 1171 5353 discutiam,
1199 5285 1330 5358 quid
1354 5299 1455 5356 per
1493 5285 1599 5341 hoc
1628 5282 1833 5340 factum
1863 5282 2023 5358 nobis
2050 5284 2330 5348 innuitur,
2365 5283 2472 5340 nisi

840 5393 913 5440 ut
961 5355 1251 5454 postquam
1305 5378 1524 5451 mystici
1573 5376 1831 5434 Jordanis
1873 5355 2079 5433 liuenta
2135 5377 2467 5446 transimus,

840 5485 1146 5551 postquam
1192 5473 1260 5530 de
1301 5471 1507 5528 lavacri
1555 5471 1817 5527 salutaris
1859 5470 2011 5528 fonte
2054 5474 2468 5543 consurgimus,

843 5568 1186 5627 durissimos
1213 5565 1499 5622 duodecim
1529 5565 1760 5638 lapides,
1790 5565 1842 5621 id
1863 5573 1972 5630 est,
2001 5565 2320 5622 firmissima
2342 5582 2474 5639 apo-

841 5664 1128 5723 stolorum
1167 5661 1418 5733 exempla
1463 5662 1532 5717 ad
1581 5660 1938 5718 imitationem
1967 5660 2135 5734 350
2163 5663 2320 5718 nobis
2348 5678 2475 5734 pro-

839 5769 1068 5831 ponere
1094 5752 1455 5810 studeamus?
1497 5753 1733 5824 Lapides
1761 5754 1965 5825 quippe
1984 5795 1998 5821 ,
2025 5755 2118 5811 ubi
2157 5755 2473 5813 sacerdotes

834 5850 1030 5933 pedes
1061 5848 1334 5914 ﬁxerant,
1387 5848 1444 5903 in
1486 5848 1607 5905 loco
1637 5860 1945 5907 castrorum
1992 5852 2279 5924 ponimus;
2322 5853 2368 5910 si
2417 5855 2472 5914 in

1265 5942 1547 6006 Parnm.
1599 5954 1872 6018 cxuv,

2561 545 2724 617 stigia
2767 556 3090 604 constanter
3131 557 3188 604 et
3228 548 3462 606 ﬁrmiter
3515 545 3824 608 teneamus.
3866 551 4000 607 Nam
4025 550 4185 621 juxta

2563 634 2878 694 Salomonis
2906 639 3276 694 sententiam:
3322 660 3342 692 ‹
3391 641 3493 708 Qui
3543 641 3722 698 mollis
3779 651 3836 698 et
3881 643 4190 698 dissolutus

2561 742 2646 786 est
2695 733 2748 787 in
2795 746 2962 805 opere
3011 749 3133 798 suo,
3167 733 3340 788 frater
3367 743 3453 789 est
3497 751 3595 790 sua
3644 752 3812 804 opera
3865 735 4190 811 dissipantis

2563 822 2750 896 (Prov.
2783 826 2979 892 xvm);
3011 845 3030 878 ι
3069 825 3331 880 nimirum
3365 827 3456 896 qui
3482 827 3534 880 in
3561 828 3810 883 moribus
3834 829 3949 883 suis
3998 829 4192 884 molles

2564 931 2629 970 ac
2650 914 2797 972 liuidi
2821 927 2970 980 sunt,
2995 933 3146 974 more
3169 933 3326 989 aquae
3347 920 3660 989 prmcipiter
3684 921 3751 976 ad
3777 923 3884 976 ima
3913 921 4189 986 deﬂuunt;

2559 1009 2657 1079 qui
2707 1024 2837 1071 vero
2882 1019 3202 1085 constaptes
3254 1027 3319 1067 ac
3372 1010 3554 1076 ﬁrmi,
3607 1015 3659 1067 in
3711 1030 3897 1069 arcem
3945 996 4196 1086 quotidie

2560 1099 2783 1178 virtutis
2810 1111 3162 1157 excrescunt.
3195 1101 3351 1169 Quod
3385 1103 3646 1159 nimirum
3677 1115 3732 1159 et
3775 1104 3906 1161 illud
3944 1105 4193 1175 ejusdem

2562 1190 2807 1248 historiae
2862 1192 3178 1264 significare
3233 1194 3634 1266 perpenditur:
3689 1212 3839 1263 nam,
3873 1207 4196 1252 transeunte

2561 1284 2756 1338 eodem
2806 1284 3044 1354 populo,
3098 1288 3622 1359 aquarsuperiores
3673 1290 3742 1343 ad
3783 1290 3962 1345 instar
3994 1291 4198 1346 montis

2564 1374 2967 1440 intumescunt,
3000 1375 3293 1435 inferiores
3320 1394 3456 1434 vero
3491 1380 3546 1434 in
3591 1396 3744 1437 mare
3777 1391 4055 1438 mortuum
4103 1385 4197 1441 dc-

2563 1468 2830 1525 labuntur
2864 1471 3002 1540 (Jos.
3038 1470 3155 1544 tu);
3191 1473 3319 1543 quia
3359 1472 3610 1544 profecto
3644 1489 3710 1529 ex
3762 1475 3844 1530 eis
3881 1477 3972 1546 qui
4012 1477 4198 1546 bapti-

2565 1572 2795 1629 zantur,
2845 1563 2938 1618 alii
2986 1564 3042 1618 in
3101 1573 3329 1637 accepta
3382 1566 3624 1622 ccelestis
3671 1568 3865 1638 gratiae
3911 1567 4201 1622 dulccdirc

2565 1667 2957 1726 perseverant,
3006 1657 3098 1712 alii
3129 1658 3185 1714 in
3221 1666 3578 1730 peccatorum
3624 1659 4053 1739 amaritudinem
4106 1660 4202 1715 de-

2563 1749 2759 1816 fluere,
2811 1751 3043 1821 reprobe
3078 1752 3350 1818 vivendo,
3403 1766 3514 1808 non
3548 1761 3790 1818 cessant,
3841 1760 3893 1806 et
3943 1752 4094 1807 velut
4145 1751 4199 1807 in

2489 1829 2538 1892 B
2569 1840 2741 1897 maris
2783 1842 2988 1898 mortui
3034 1841 3370 1915 salsuginem
3401 1853 3704 1909 corruunt,
3748 1844 3878 1902 dum
3933 1845 4201 1916 sapiendo

2572 1942 2814 1999 terrena,
2844 1949 2946 2006 per
2965 1950 3151 2007 pravae
3171 1935 3300 1992 vita:
3321 1935 3553 1991 declivia
3580 1938 3649 1991 ad
3673 1945 3908 1993 mortem
3946 1935 4199 1992 tendunt.

2641 2025 2753 2084 Nos
2781 2037 2965 2084 autem
3000 2012 3108 2084 non
3149 2028 3252 2092 sic,
3300 2027 3673 2093 dilectissimi,
3707 2043 3818 2084 non
3855 2028 3956 2093 sic,
3988 2027 4084 2083 sed
4132 2028 4204 2082 ad

2569 2138 2758 2178 veram
2784 2123 3110 2192 sapientiam
3137 2121 3384 2188 animum
3418 2120 3847 2187 transferentes,
3872 2120 3951 2176 sic
3981 2135 4080 2191 per
4106 2118 4206 2175 Dei

2567 2217 3012 2274 misericordiam
3038 2217 3092 2273 in
3122 2217 3392 2273 virtutum
3419 2217 3744 2272 studeamus
3771 2215 3885 2271 alto
3907 2213 4201 2286 proﬁcere,

2566 2319 2630 2365 ut
2659 2310 2714 2364 in
2742 2309 3002 2365 vitiorum
3034 2307 3239 2381 pudeat
3270 2306 3591 2380 voraginem
3623 2306 3928 2363 declinare.
3960 2304 4054 2362 Sic
4080 2320 4206 2377 per-

2568 2416 2885 2458 severemus
2912 2415 3133 2472 semper
3157 2400 3227 2456 ad
3251 2413 3490 2471 superna
3521 2413 3825 2471 properare
3844 2439 3860 2466 ,
3887 2414 3997 2471 quo
4021 2399 4202 2455 tendi-

2568 2512 2725 2564 mus,
2758 2503 2820 2551 ut
2849 2494 3020 2551 divini
3051 2495 3260 2551 amoris
3295 2493 3645 2551 dulcedinem
3675 2494 3733 2549 in
3765 2493 3975 2550 nostris
3994 2493 4207 2565 jugiter

2569 2587 2846 2644 mentibus
2875 2600 3272 2642 conservemus
3297 2604 3310 2640 :
3346 2585 3498 2641 illius
3525 2585 3714 2657 itaque
3741 2584 4029 2656 sapientiae
4051 2584 4210 2643 labo-

2569 2696 2757 2739 remus
2786 2683 3088 2754 participes
3119 2679 3264 2747 fieri,
3305 2695 3417 2753 qua
3452 2681 3649 2736 beatus
3694 2677 3938 2736 Joannes
3963 2695 4063 2752 per
4085 2695 4205 2736 am-

2567 2774 2760 2845 plioris
2817 2773 3011 2847 gratia:
3069 2771 3354 2834 cumulum
3409 2771 3630 2828 meruit
3694 2769 4206 2842 incomparabiliter

2569 2867 2865 2935 illustrari;
2893 2864 2980 2939 euj
2992 2882 3053 2922 us
3077 2867 3338 2922 nimirum
3369 2865 3660 2938 splendore
3681 2875 3970 2936 concepto,
3996 2865 4201 2922 calum

2569 2959 2721 3016 velut
2741 2958 2926 3031 aquila
2957 2965 3246 3030 penetrat,
3277 2958 3353 3013 ita
3385 2969 3446 3013 ut
3471 2966 3657 3015 creata
3683 2968 3882 3014 cuncta
3915 2968 4200 3032 transgre-

2569 3052 2750 3118 diens,
2798 3052 2867 3108 ad
2919 3052 3100 3122 ipsum
3152 3065 3341 3106 rerum
3386 3051 3636 3114 omnium
3688 3049 3953 3108 verticem
3999 3053 4206 3111 mentis

2570 3144 3039 3218 contemplatione
3066 3145 3365 3216 pertingat.

2376 3221 2402 3261 ’θ
2491 3209 2543 3279 C
2643 3209 2852 3305 Nostis,
2881 3238 3083 3295 fratres
3129 3239 3269 3305 mei,
3315 3239 3447 3309 quia
3480 3239 3533 3293 in
3567 3237 3754 3294 mundi
3788 3240 4065 3295 nascentis
4090 3241 4204 3295 ori-

2571 3335 2721 3409 gine,
2754 3332 2922 3390 tertio
2946 3333 3035 3388 die
3059 3332 3459 3405 germinaverit
3482 3341 3649 3399 terra,
3675 3343 3878 3404 quarto
3898 3333 4024 3390 coeli
4056 3335 4205 3392 facta

2572 3435 2704 3484 sunt
2726 3425 3045 3492 luminaria,
3073 3425 3268 3495 quinto
3296 3423 3541 3480 volatilia
3571 3434 3702 3482 sunt
3731 3436 3917 3482 creata
3948 3425 4106 3495 (Gen.
4140 3428 4202 3502 ι).

2573 3520 2754 3588 Quare
2783 3527 2967 3574 autem
3017 3517 3072 3572 in
3115 3517 3373 3573 creandis
3420 3519 3588 3575 rebus
3619 3519 3710 3575 hic
3750 3519 3889 3574 ordo
3919 3523 4202 3588 cucurrit,

2573 3611 2677 3668 nisi
2707 3619 2766 3666 ut
2796 3625 2898 3665 nos
2945 3609 3283 3664 instruemur
3325 3609 3455 3679 quia
3504 3610 3660 3680 prius
3712 3625 3939 3667 necesse
3996 3622 4082 3669 est
4143 3622 4205 3669 ut

2573 3718 2730 3758 mens
2779 3711 2970 3759 nostra
3011 3702 3313 3757 virentium
3361 3703 3626 3758 virtutum
3675 3718 3842 3776 opera
3888 3706 4221 3776 germinet,-

2572 3805 2844 3867 quatenus
2870 3795 2951 3850 sic
2975 3805 3259 3851 mereatur
3289 3789 3535 3852 cteléslis
3565 3797 3802 3867 gratiam
3845 3798 4102 3867 luminis,
4136 3816 4204 3858 ac

2572 3893 2852 3960 postremo
2882 3886 3102 3943 evolare
3127 3886 3312 3942 valeat
3340 3887 3412 3942 ad
3439 3887 3925 3960 contemplandam
3955 3893 4199 3962 speciem

2572 3981 2865 4038 veritatis?
2899 3980 3289 4038 Germinemus
3321 3981 3540 4051 itaque,
3571 3981 3805 4047 fratres,
3841 3993 3899 4038 ut
3927 3984 4202 4041 illumine-

2572 4089 2716 4140 mur,
2764 4082 3037 4143 quatenus
3065 4072 3379 4140 illuminati,
3413 4073 3678 4130 virtutum
3709 4076 3908 4146 pennis
3936 4075 4001 4131 ad
4030 4077 4201 4134 coele—

2572 4166 2675 4222 stia
2702 4165 3073 4222 sublevemur.
3103 4164 3222 4221 Non
3256 4181 3358 4222 nos
3394 4166 3583 4222 mundi
3615 4165 3781 4238 hujus
3808 4167 4042 4227 dulcedo
4063 4169 4202 4226 falsa

2572 4260 2904 4326 demulceat,
2936 4275 3044 4316 non
3077 4260 3319 4317 carnalis
3347 4260 3622 4316 illecebrae
3643 4263 3898 4333 voluptas
3922 4265 4204 4323 luxuriosa

2572 4353 2833 4408 resolvat.
2878 4352 3160 4424 Nusquam
3192 4363 3346 4410 certe
3392 4365 3726 4426 prteccptum
3758 4357 3812 4411 in
3846 4358 4062 4416 Veteris
4093 4360 4201 4417 Te-

2570 4448 2834 4503 stamenti
2879 4447 3228 4503 caeremoniis
3281 4448 3590 4515 invenitur,
3641 4458 3700 4504 ut
3749 4451 3857 4506 mei
3907 4453 4203 4512 saeriiiciis

2575 4540 2895 4595 misceatur.
2933 4538 3040 4594 Per
3074 4539 3219 4609 quod
3265 4539 3613 4612 intelligitur;
3655 4542 3796 4612 quia
3820 4543 3928 4611 his,
3961 4547 4054 4617 qui
4089 4548 4205 4608 Deo

2573 4625 2702 4689 vita
2730 4647 2844 4688 suae
2873 4631 3206 4688 sacriﬁcium
3230 4631 3490 4699 offerunt,
3523 4634 3726 4690 nullam
3751 4634 3896 4711 Deus
3923 4641 4201 4697 carnalem

2575 4724 2692 4780 vult
2720 4725 2902 4782 inesse
2930 4725 3298 4792 dulcedinem,
3331 4726 3468 4782 nihil
3506 4727 3564 4783 in
3595 4730 3678 4784 eis
3709 4729 3923 4799 vivere,
3954 4735 4102 4804 quod
4132 4737 4205 4790 ai

2575 4819 2856 4877 carnalem
2888 4819 3167 4891 pertineat
3198 4819 3572 4892 voluptatem;
3620 4821 3806 4878 oleum
3858 4834 4044 4881 autem
4093 4827 4207 4883 fre-

2574 4922 2808 4987 quenter
2858 4913 3170 4970 immittitur
3199 4955 3214 4981 ,
3269 4924 3330 4969 ut
3381 4915 3564 4971 omnis
3608 4925 3814 4972 nostra:
3864 4921 4207 4988 operationis

2574 5007 2778 5064 oblatio
2814 5007 3066 5063 hilariter
3092 5005 3397 5063 offeratur:
3436 5029 3454 5061 ‹
3493 5003 3737 5064 Hilarem
3768 5011 3917 5065 enim
3947 5012 4201 5069 datorem

2578 5100 2754 5172 diligit
2804 5100 2951 5157 Deus
3005 5099 3092 5172 (II
3140 5098 3266 5156 Cor.
3300 5100 3404 5172 ιι).
3441 5121 3460 5154 ι
3504 5100 3564 5156 In
3594 5103 3854 5160 omnibus
3905 5105 4071 5160 etiam
4125 5108 4206 5162 sal

2570 5193 2798 5265 jubetur
2832 5193 3149 5261 admisceri,
3182 5203 3244 5250 ut
3266 5209 3431 5250 omne
3457 5193 3586 5250 boni
3621 5195 3808 5267 operis
3839 5197 4200 5260 sacriﬁcium.

2576 5288 2832 5357 rationis,
2861 5287 3244 5355 discretionis,
3282 5303 3350 5344 ac
3384 5287 3626 5345 caelestis
3669 5289 3957 5361 sapientiae
3989 5292 4105 5349 sale
4134 5294 4208 5349 sit

2577 5383 2882 5440 conditum.

2650 5474 2766 5532 Hoc
2790 5485 2975 5534 autem
3002 5477 3203 5533 divina:
3230 5476 3517 5549 sapientiae
3546 5489 3684 5544 sate,
3726 5479 3826 5534 ita“
3845 5481 4027 5537 omnis
4055 5482 4206 5538 beati

2577 5567 2808 5624 Joannis
2833 5568 3088 5624 doctrina
3115 5568 3338 5626 videtur
3369 5583 3639 5640 respersa,
3673 5579 3733 5625 ut
3760 5571 3963 5626 merito
3989 5570 4209 5628 dicatur

2579 5679 2641 5718 os
2671 5662 2790 5728 Dei,
2817 5663 3000 5736 lingua
3033 5663 3273 5737 Spiritus
3316 5663 3532 5732 sancti,
3575 5663 3784 5729 cedrus
3805 5665 4078 5737 paradisi,
4112 5666 4207 5723 lux

2578 5759 2860 5826 Ecclesizc,
2909 5759 3079 5815 decus
3120 5759 3305 5826 orbis,
3335 5773 3517 5830 praeco
3563 5760 3712 5830 cteli,
3757 5743 3942 5820 iumen
3977 5762 4204 5829 mundi.

2580 5854 2732 5912 sidus
2763 5855 3044 5912 hominum
3065 5895 3079 5922 ,
3125 5855 3403 5927 specimen
3434 5855 3757 5928 angelorum
3779 5899 3794 5925 ,
3841 5857 3982 5929 lapis
4021 5856 4204 5924 vivus.

3593 5947 3676 6011 28
