5450 6354
844 409 942 468 8’77

2251 385 2489 446 SERMO
2528 384 2672 443 LXV

4051 376 4159 436 878

843 523 1206 593 blaspnemus,
1238 523 1294 571 et
1322 517 1667 585 persecutor,
1701 522 1757 565 et
1785 504 2119 580 injuriosus;
2173 504 2266 559 sed
2316 502 2438 593 ideo
2466 502 2517 563 Α
2545 494 2881 593 aromatibus
2918 502 3155 593 constet.
3210 490 3353 547 Dicit
3387 490 3533 548 enim
3586 490 3729 593 inter
3768 496 3998 593 cae-tera,-
4026 508 4167 593 quia

844 610 1267 669 misericordiam
1316 612 1643 660 consecutus
1689 616 1833 663 sum.
1877 599 2005 669 quia
2042 598 2299 667 ignorans
2330 592 2434 648 feci

843 704 892 778 (I
925 702 1057 759 Tim.
1093 702 1154 772 ι).
1194 719 1210 751 ι
1248 698 1352 752 Per
1380 696 1641 750 malitiam
1691 693 1859 748 Judas
1885 690 2127 761 peccavit
2154 730 2169 755 ,
2210 694 2266 742 et
2311 688 2435 741 ideo

846 810 1178 868 nequaquam
1215 790 1493 845 veniread
1525 788 1913 858 indulgentiam
1948 783 2167 839 meruit.

906 889 1011 945 Pro
1062 886 1167 941 illis
1217 898 1350 951 ergo
1394 880 1702 936 infidelibus
1741 880 1894 949 signa
1934 878 2059 931 data
2102 883 2248 938 sunt,
2299 887 2437 942 quos

839 979 1012 1036 divina
1042 974 1381 1047 providentia
1406 971 1834 1027 misericorditer
1862 968 2079 1023 salvare
2099 968 2435 1023 decreverat.
2457 953 2461 956 ’
2486 1046 2489 1047 ν

837 1068 1059 1139 Propter
1089 1066 1364 1135 illos‘vcro
1388 1065 1666 1119 subtracta
1695 1068 1843 1126 sunt,
1873 1073 2009 1129 quos
2040 1058 2110 1112 ab
2139 1057 2441 1113 electorum

837 1170 999 1223 sorte,
1026 1157 1371 1229 exigentibus
1408 1169 1599 1209 eorum
1651 1152 1921 1224 peccatis,
1969 1149 2133 1222 353
2178 1150 2442 1204 districta!

837 1252 1141 1307 severitatis
1160 1249 1370 1318 justitia
1398 1246 1710 1317 repellebat.
1739 1243 2069 1301 Christianis
2092 1251 2273 1297 autem
2307 1250 2444 1296 tem-

834 1345 1053 1415 poribus
1086 1358 1211 1397 cum
1241 1341 1354 1410 jam
1385 1355 1522 1411 pene
1562 1348 1708 1393 totus
1741 1338 1941 1407 ubique
1981 1345 2252 1391 terrarum
2292 1334 2444 1389 orbis

835 1436 886 1490 in
908 1436 1173 1492 catholica
1199 1436 1304 1489 fide
1324 1433 1728 1505 persisteret,et
1748 1444 1937 1501 pacem
1962 1438 2166 1483 sanctae
2186 1426 2444 1483 Ecclesize

837 1528 919 1582 vix
952 1528 1060 1583 ulla
1091 1534 1505 1597 persecutorum
1537 1526 1743 1580 saevitia
1787 1523 2153 1593 perturbaret.
2187 1534 2288 1577 cur
2316 1522 2445 1576 bea-

836 1622 1073 1677 tissimus
1103 1620 1383 1677 confessor
1414 1620 1616 1677 Christi
1652 1620 2019 1674 Barbatianus
2047 1627 2125 1673 tot
2152 1617 2446 1673 miraculi»

838 1728 953 1767 rum
994 1713 1291 1767 virtutibus
1322 1710 1542 1777 claruit,
1575 1710 1681 1765 nisi
1712 1711 1836 1780 quia
1877 1718 2004 1765 ante
2032 1709 2231 1763 divina:
2268 1708 2443 1775 maje-

835 1805 990 1861 statis
1014 1804 1201 1860 oculos
1227 1803 1609 1859 excellentium
1656 1803 1978 1857 meritorum
2018 1802 2313 1856 virtutibus
2341 1798 2449 1854 ful-

2542 589 2823 659 cujusdam
2845 586 3045 645 Iuliani
3080 587 3249 642 filium
3274 594 3464 656 guttur
3487 585 3753 656 gravabat
3779 583 4172 641 miserabiliter

2545 685 2833 748 tumidum,
2865 683 2957 753 qui
2989 697 3113 736 cum
3144 681 3305 735 beato
3332 681 3451 735 viro
3475 679 3691 733 delatus
3720 678 3935 747 fuisset,
3960 688 4168 735 etcum

2542 782 2699 845 pater
2726 789 2823 844 pro
2848 772 2959 826 ﬁlio
2996 770 3427 843 lacrymabiliter
3455 768 3760 840 postularet
3785 809 3799 834 ,
3833 768 4170 824 venerabilis

2542 866 2628 919 vir
2668 865 2961 936 quamdam
3007 863 3428 927 confectionem,
3485 863 3551 917 de
3598 877 3739 932 pane
3788 860 4063 931 videlicet,
4109 869 4170 920 et

2543 974 2693 1023 cera,
2732 971 2788 1013 et
2815 959 2938 1015 oleo
2970 957 3203 1025 faciens,
3245 972 3408 1027 super
3436 954 3555 1026 ejus
3591 956 3817 1012 vulnera
3858 956 4065 1027 posuit,
4095 966 4174 1025 et,

2544 1049 2690 1106 facto
2728 1050 2908 1105 crucis
2950 1048 3257 1121 signaculo,
3304 1050 3493 1103 statim
3546 1048 3601 1101 in
3642 1048 3813 1118 ipsius
3838 1062 3934 1103 ore
3968 1058 4174 1118 puncto

2542 1154 2762 1197 enmem
2801 1120 3021 1209 pestem
3054 1141 3120 1195 de
3145 1138 3265 1211 ejus
3284 1148 3503 1211 gutture
3534 1138 3861 1196 mirabiliter
3887 1139 4172 1213 effugavit.

2616 1234 2897 1298 Audistis,
2945 1232 3146 1289 fratres
3191 1233 3543 1302 charissimi,
3594 1248 3717 1303 quae
3764 1234 4173 1305 pigmentorum

2544 1324 2714 1398 355.
2754 1339 2955 1397 genera
2997 1325 3254 1396 egregius
3290 1333 3481 1381 noster
3522 1325 3769 1381 medicus
3818 1325 4031 1397 habuit,
4082 1328 4180 1397 qui

2547 1416 2779 1471 mortale
2824 1416 3020 1472 vulnus
3073 1426 3225 1471 tanta
3284 1416 3576 1472 velocitate
3624 1417 3890 1473 sanavit?
3945 1417 4178 1487 Panem,

2546 1522 2729 1563 ceram
2780 1519 2835 1562 et
2882 1508 3096 1572 oleum,
3146 1523 3269 1578 quae
3317 1509 3691 1563 sustentandae
3732 1510 3858 1564 vita:
3906 1509 4187 1566 habebant

2546 1616 2733 1667 usum,
2755 1603 2805 1656 in
2832 1602 3173 1657 medicinalis
3195 1616 3340 1657 curae
3359 1602 3627 1658 transtulit
3649 1602 4105 1670 instrumentum;
4130 1613 4189 1662 et;

2548 1694 2694 1749 unde
2738 1694 2909 1748 vitam
2949 1693 3131 1748 alebat
3166 1709 3342 1759 suam,
3380 1695 3505 1748 inde
3542 1704 3777 1749 mortem
3808 1695 4010 1765 repulit
4052 1696 4187 1750 alie-

2552 1803 2713 1853 nam;
2753 1788 3045 1858 speciebus
3082 1786 3337 1844 videlicet
3377 1798 3535 1843 utens
3568 1789 3908 1857 domesticis,
3944 1790 4187 1845 aestima-

834 1895 952 1951 sit?
998 1897 1132 1952 Erat
1176 1896 1344 1960 enim,
1395 1896 1536 1951 sicut
1578 1896 1646 1951 de
1686 1895 1895 1951 Joanne
1949 1896 2175 1962 dicitur,
2222 1894 2445 1950 lucerna
2478 1872 2523 1932 Β
2554 1880 2757 1935 “mem
2782 1879 2986 1950 Ρΐθιίίτ

2033 1896 2175 1962 ηυγ,
2222 1894 2445 1950 lucerna
2478 1872 2523 1932 Β
2554 1880 2757 1935 tionem
2782 1879 2942 1950 pretii
2969 1880 3508 1950 minuitperegrinis.
3552 1880 3862 1951 Aliquando
3884 1881 4185 1955 aegrotanti

834 1987 1031 2043 ardens
1059 1998 1114 2044 et
1145 1988 1330 2044 lucens
1352 1988 1536 2060 (Joan.
1563 1988 1637 2057 v),
1672 1989 1873 2044 ardens
1901 1988 2154 2045 videlicet
2173 2004 2269 2059 per
2292 2004 2448 2044 amo-

2536 1972 2675 2047 citri
2709 1973 2948 2041 peciam,
2982 1972 3275 2043 aliquando
3306 1973 3547 2027 carieam
3595 1973 3943 2045 porrigebat;
3993 1985 4048 2031 et
4089 1977 4194 2031 ltu-

835 2091 947 2132 rem
974 2079 1181 2144 cordis,
1214 2077 1401 2133 lucens
1436 2078 1727 2148 splendore
1754 2079 1969 2133 eximiae
1995 2080 2447 2135 conversationis.
2545 2064 2787 2135 Ῑυδῐηοάί
2816 2065 2987 2122 cum“

2036 2080 2447 2135 οηνεηκιίοηίε,
2545 2064 2787 2135 jusmodi
2816 2065 3118 2122 curationis
3144 2080 3346 2137 genere
3378 2065 3501 2121 illos
3529 2068 3598 2121 ad
3627 2067 3886 2138 perfectae
3915 2068 4188 2126 valetudi-

836 2168 940 2225 Sed
961 2180 1089 2227 tunc
1118 2170 1342 2226 lucerna
1371 2170 1472 2226 sub
1493 2170 1674 2225 modio
1699 2171 1968 2226 occultari
1996 2171 2264 2232 voluerat.
2299 2187 2446 2240 cum,

835 2263 977 2319 sicut
1023 2265 1077 2319 in
1130 2264 1491 2320 sanctissima:
1532 2264 1658 2319 vitae
1705 2264 1824 2333 ejus
1878 2274 2138 2319 narratur
2193 2266 2509 2332 historia,"

837 2353 1010 2410 latens
1041 2356 1096 2410 in
1134 2354 1324 2411 cellula
1370 2354 1709 2410 manifestari
1759 2356 2099 2426 principibus
2137 2355 2447 2412 devitabat.

835 2441 1066 2500 Nolebat
1098 2446 1285 2501 mundi
1320 2446 1537 2517 regibus
1572 2447 1937 2511 innotescere,
1989 2454 2043 2501 ιιι
2084 2447 2219 2519 Regi
2260 2463 2451 2518 regum

836 2538 1105 2608 potuisset
1141 2538 1466 2594 familiarius
1493 2537 1777 2595 adhaerere
1813 2558 1825 2593 :
1866 2543 2157 2596 recusabat
2186 2542 2253 2596 ab
2279 2540 2451 2596 homi-

837 2626 997 2683 nibus
1026 2628 1381 2698 temporalem
1405 2630 1685 2700 suscipere
1716 2630 1967 2701 gloriam,
1994 2640 2056 2685 ut
2086 2647 2208 2687 cum
2243 2633 2453 2705 angelis

838 2720 1127 2789 acquirere
1169 2728 1470 2775 mereretur
1519 2729 1804 2777 meream.
1845 2721 1930 2776 Ad
1968 2723 2071 2795 hoc
2102 2724 2303 2794 quippe
2331 2740 2456 2795 per-

841 2804 995 2877 tinet",
1026 2811 1174 2882 quod
1196 2812 1299 2875 bis,
1332 2812 1530 2882 quibus
1552 2814 1840 2869 sanitatem
1865 2816 2154 2871 restituere
2175 2818 2450 2886 cupiebat,

840 2917 982 2974 sape
1011 2904 1489 2975 superponendum
1522 2905 1673 2975 quid,
1705 2905 1855 2961 velut
1885 2907 2242 2977 emplastrum
2274 2923 2456 2978 :srepe

839 2989 1239 3069 comedendum
1288 2996 1523 3068 aliquid,
1572 2999 1730 3068 quasi
1780 2999 2105 3054 medicinale
2150 3001 2456 3059 antidotum

839 3090 1190 3158 conferebat;
1225 3104 1293 3146 eo
1327 3091 1609 3158 nimirum,
1636 3100 1698 3147 ut
1725 3092 1939 3162 opinor,
1973 3093 2175 3161 studio,
2218 3102 2278 3149 ut
2323 3094 2454 3150 dum

840 3182 1139 3238 herbarum
1169 3182 1367 3248 virtus,
1395 3182 1477 3243 vel
1501 3183 1912 3238 medicinalium
1933 3185 2239 3254 specierum
2267 3196 2457 3255 poten-

2555 2157 2643 2212 nis
2670 2156 2860 2221 robur,
2896 2157 3119 2227 eapulsa
3152 2158 3299 2212 omni
3342 2157 3623 2229 languoris
3652 2158 3925 2227 molestia,
3956 2176 4186 2217 revoca-

2553 2250 2671 2314 bat,
2695 2264 2783 2315 ea,
2814 2250 2917 2305 nisi
2961 2248 3142 2316 fallor,
3195 2252 3523 2319 intentione,
3557 2260 3616 2306 ut
3657 2253 3784 2323 quia
3823 2262 4057 2325 uterque
4102 2255 4196 2312 hic

2554 2339 2769 2399 fructus
2816 2342 2871 2397 in
2917 2342 3180 2397 Romanis
3237 2342 3437 2398 ﬁnibus
3488 2344 3632 2415 apud
3687 2345 3951 2416 quosdam
4012 2348 4195 2404 rarior

2557 2435 2827 2501 cernitur,
2858 2435 3185 2491 medicinale
3215 2435 3421 2506 aliquid
3459 2435 3629 2495 fuisse
3659 2440 3950 2508 credatur;
3978 2450 4037 2496 et
4062 2441 4193 2498 dum

2558 2509 2816 2596 repara’ta
2870 2527 3021 2582 salus
3061 2528 3347 2583 medicinae
3394 2528 3679 2597 tribuitur,
3728 2531 3783 2585 in
3827 2533 4197 2592 aestimatione

2556 2619 2843 2675 hominum
2878 2618 3189 2675 sanctitatis
3218 2620 3337 2691 ejus
3366 2621 3554 2691 opinio
3594 2624 3897 2680 minuatur.

2628 2713 2770 2780 Quid
2816 2728 2948 2784 ergo
2982 2729 3080 2768 nos
3112 2714 3299 2770 miseri
3348 2714 3574 2784 dicturi,
3617 2718 3748 2788 quid
3778 2717 3985 2775 facturi
4021 2721 4075 2776 in
4107 2721 4197 2779 di-

2558 2806 2753 2863 stricto
2778 2808 3032 2863 examine
3058 2810 3323 2865 tremendi
3353 2808 3555 2878 judicis
3577 2826 3790 2878 sumus,
3814 2814 3907 2884 qui
3935 2821 3991 2868 et
4020 2814 4199 2869 virtu-

2561 2907 2645 2955 tes
2673 2915 2777 2954 non
2813 2900 3101 2969 habemus,
3133 2908 3187 2956 et
3218 2908 3403 2957 tamen
3426 2904 3494 2958 de
3521 2905 3845 2960 meritorum
3870 2905 4199 2963 excellentia

2560 3003 2689 3050 ante
2716 2995 2989 3051 humanos
3032 2996 3219 3053 oculos
3265 3000 3660 3071 superbimus?
3705 3004 3797 3073 qui
3842 3004 4197 3060 sanctitatem

2562 3084 2766 3140 habere
2815 3094 2945 3140 ante
2994 3087 3196 3142 interni
3240 3089 3434 3143 arbitri
3483 3090 3673 3163 oculos
3720 3091 3869 3149 nullo
3922 3093 4199 3151 desiderio

2562 3177 2882 3247 quaerimus,
2904 3188 2961 3233 et
2983 3166 3299 3235 sanctitatis
3329 3194 3529 3236 nomen
3552 3183 3694 3253 apud
3728 3184 3963 3239 humana
3989 3186 4201 3257 judicia

843 3273 917 3328 tia
944 3274 1210 3339 creditur,
1249 3287 1595 3344 nequaquam
1640 3250 2095 3329 sanctitatis—sua:
2123 3250 2332 3331 viribus
2367 3289 2456 3334 ro-
2483 3250 2531 3314 Ο
2563 3270 2722 3325 "oms
2764 3270 3031 3326 ίθηθοίίθτ
3059 3282 3325 3343 usurpare
3351 3250 3699 3346 αξυάειηὶιεῖ
3756 3250 4006 3345 Ωυειηῑοέ
4046 3281 4201 3338 enim

840 3366 1031 3421 stituta
1080 3366 1285 3420 sanitas
1323 3364 1660 3430 ascribatur;
1713 3374 1767 3419 et
1811 3366 1938 3421 dum
1978 3366 2046 3420 ab
2085 3380 2151 3420 eo
2188 3367 2457 3422 medicina

846 3461 1176 3532 suscipitur,
1215 3460 1388 3533 magis
1426 3461 1672 3517 medicus
1718 3476 1885 3533 quam
1931 3472 2155 3519 sanctus
2201 3478 2323 3520 esse
2378 3464 2460 3519 vi-

841 3554 1059 3609 deatur.

916 3646 1027 3703 Sed
1066 3647 1173 3713 die,
1202 3647 1356 3713 mihi,
1385 3661 1419 3702 ο
1446 3647 1589 3702 bone
1622 3646 1850 3711 medice,
1886 3649 2031 3704 unde
2058 3648 2462 3706 coniectionem

841 3750 957 3798 tam
988 3740 1247 3808 efﬁcacis,
1294 3752 1403 3797 tam
1445 3742 1637 3798 subitae
1676 3743 1897 3798 virtutis
1928 3744 2133 3799 nostris
2160 3743 2357 3798 finibus
2382 3754 2464 3798 at-

846 3838 1043 3904 tulisti,
1080 3848 1137 3892 ιιι
1168 3852 1273 3892 non
1305 3838 1507 3901 triduo,
1542 3852 1649 3892 non
1681 3838 1864 3905 biduo,
1900 3853 2005 3893 non
2038 3838 2119 3892 vel
2146 3839 2311 3893 unius
2348 3854 2464 3893 mo-

844 3930 1015 3985 menti
1042 3929 1217 4000 spatio
1247 3934 1617 3998 exspectatur,
1646 3928 1739 3982 sed
1768 3943 1890 3983 mox
1922 3937 1979 3981 ut
2005 3928 2251 3983 adhibita
2276 3927 2459 3995 fuerit,

846 4024 1038 4078 statim
1076 4021 1256 4078 omnis
1290 4021 1541 4090 languor,
1584 4035 1746 4075 omne
1786 4021 1983 4076 vulnus
2012 4021 2263 4092 pristina:
2302 4021 2464 4077 saluti

845 4112 1218 4171 restituatur?
1252 4112 1538 4182 Epithema
1584 4112 1853 4182 siquidem
1898 4112 2082 4168 curari
2116 4129 2223 4167 non
2262 4122 2463 4183 potest,

847 4206 957 4261 nisi
988 4203 1176 4261 tandiu
1197 4203 1396 4259 tumori
1427 4203 1673 4275 adjaceat
1696 4203 2119 4275 superpositum,
2163 4204 2339 4259 donec
2382 4204 2467 4259 vel

846 4299 1099 4370 vigorem
1131 4311 1287 4351 suum
1317 4310 1415 4367 per
1446 4294 1692 4351 occultos
1722 4304 1935 4350 meatus
1964 4296 2017 4349 in
2048 4296 2295 4365 corporis
2325 4297 2465 4351 inte-

847 4388 1003 4445 riora
1036 4378 1403 4451 transfundat,
1446 4386 1529 4442 vel
1566 4386 1851 4441 humorem
1900 4386 2217 4457 pestiferum
2248 4390 2467 4446 virtutis

847 4496 969 4539 suae
996 4481 1239 4551 potentia
1264 4482 1329 4535 ad
1361 4480 1633 4536 exteriora
1668 4479 1923 4548 trajiciat.
1964 4482 2282 4534 Antidotum
2313 4495 2465 4546 vero,

840 4574 1007 4645 'quod
1056 4589 1153 4630 ore
1196 4572 1499 4643 perﬁcitur,
1533 4585 1759 4627 necesse
1800 4581 1884 4627 est
1918 4582 1977 4626 ut
2010 4581 2235 4627 eatenus
2284 4587 2467 4627 moras

853 4667 1052 4735 faciat,
1082 4683 1363 4740 quousque
1392 4683 1490 4740 per
1534 4682 1701 4723 venas
1741 4678 1797 4723 et
1839 4683 2001 4739 peros
2042 4669 2257 4731 occulta
2295 4671 2470 4725 visce-

851 4778 979 4821 rum
1012 4761 1253 4817 funditus
1278 4769 1547 4833 penetret,
1593 4769 1649 4815 et
1690 4761 1773 4816 vel
1822 4777 2077 4833 corrupta
2124 4763 2339 4829 solidet,
2387 4764 2473 4821 vel

852 4855 1157 4914 tumefacta
1191 4857 1369 4912 noxiis
1397 4857 1716 4913 humoribus
1745 4868 1956 4928 purget.
2000 4856 2115 4913 Tua
2145 4873 2273 4914 vero
2306 4860 2475 4914 mira-

851 4948 988 5007 bilis
1020 4950 1288 5006 medicina
1317 4965 1423 5005 nou
1446 4964 1629 5005 moras
1652 4950 1897 5015 innectit,
1925 4964 2030 5005 non
2051 4963 2172 5025 quae
2194 4965 2221 5004 a
2244 4950 2474 5006 medicis

852 5043 1191 5107 custoditur,
1238 5042 1396 5097 dictae
1438 5041 1822 5097 discretionem
1870 5041 2088 5112 quaerit,
2124 5042 2217 5096 sed
2251 5057 2375 5097 mox
2414 5050 2473 5095 ut

854 5141 1244 5190 summotenus
1274 5132 1537 5204 tangitur,
1582 5132 1729 5187 salus
1774 5134 2121 5204 integerrima
2167 5142 2472 5203 reparatur.

857 5227 1037 5286 Solve
1058 5243 1211 5297 ergo,
1239 5227 1427 5291 Pater,
1458 5228 1627 5293 solve,
1664 5229 1895 5283 obsecro
1932 5227 2240 5298 ligatur-am.
2278 5237 2331 5283 et
2366 5238 2474 5283 tam

858 5318 1315 5391 incomparabilis
1345 5319 1629 5376 medicinas
1667 5319 1826 5375 nobis
1858 5322 2011 5376 trade
2035 5321 2304 5376 notitiam.

934 5410 1237 5467 Videamus
1265 5422 1321 5467 et
1356 5427 1454 5467 nos
1484 5413 1893 5469 inmstimabiles
1922 5414 2321 5486 pigmentorum
2362 5424 2480 5472 tuo-

860 5514 992 5560 rum
1036 5504 1268 5574 species.
1316 5503 1607 5561 oderetnus
1651 5502 2081 5573 iucundissimas
2116 5504 2478 5576 fragrantium

859 5603 1179 5651 aromatum
1227 5595 1539 5651 suavitates.
1577 5595 1699 5659 Eia,
1748 5595 1971 5661 fratres,
2017 5598 2222 5665 audite,
2268 5598 2481 5655 libellus

861 5687 1258 5747 sacratissime
1296 5687 1413 5757 ejus
1456 5688 1579 5743 vita:
1621 5703 1805 5744 coram
1836 5690 2049 5746 cunctis
2082 5691 2294 5762 aperiat
2344 5708 2480 5764 quas

862 5788 1181 5837 aromatim
1209 5780 1418 5849 species
1441 5780 1559 5847 ejus
1590 5781 1642 5835 in
1677 5797 1737 5837 se
1772 5783 2040 5838 medicina
2081 5784 2363 5841 contineat
2390 5786 2479 5842 hi-

864 5870 1066 5938 storia,
1108 5867 1355 5924 videlicet
1393 5870 1770 5928 saluberrima.
1827 5872 1920 5931 llla
1964 5872 2235 5933 confectio
2283 5878 2481 5948 quibus

2497 4623 2546 4681 D

2562 3364 2724 3419 hodie
2753 3365 3058 3429 cernimus,
3087 3365 3179 3434 qui
3210 3366 3258 3421 si
3290 3366 3358 3422 de
3394 3368 3687 3424 virtutibus
3720 3369 4062 3429 admirabilis
4092 3375 4202 3431 hu-

2556 3455 2648 3525 jus
2696 3458 2824 3547 viri,
2879 3456 2964 3511 vel
3022 3458 3271 3514 ultimam
3310 3462 3638 3530 particulam
3684 3465 3957 3537 attingere
3986 3470 4204 3541 potuis-

2565 3556 2709 3613 sent,
2738 3549 2805 3602 ad
2830 3548 3031 3604 cretum
3064 3565 3123 3605 se
3156 3552 3212 3605 in
3250 3549 3520 3622 superbiae
3564 3554 3828 3613 cornibus
3866 3556 4205 3633 exaltarent,

2565 3644 2655 3714 qui
2684 3658 2830 3713 saepe
2855 3641 2996 3698 forte
3022 3642 3226 3715 aliquid
3252 3644 3321 3699 de
3344 3646 3641 3703 virtutibus
3681 3648 3911 3718 faciunt,
3962 3654 4059 3710 sed
4102 3670 4206 3726 per

2566 3736 2671 3789 hoc
2714 3750 2820 3789 non
2866 3733 3090 3802 cadum,
3130 3736 3225 3791 sed
3260 3745 3465 3792 terram
3500 3748 3712 3809 petunt.
3753 3741 4091 3803 Affectantes
4122 3748 4207 3805 ni-

2568 3831 2768 3884 mirum
2797 3829 2987 3887 laudes
3014 3830 3321 3899 hominum,
3355 3834 3413 3889 in
3444 3836 3757 3907 semetipsis
3785 3839 4057 3911 dissipant
4080 3842 4201 3899 fru-

2570 3931 2716 3976 ctum
2765 3920 3051 3988 laborum;
3087 3938 3323 3994 cumque
3352 3941 3412 3981 se
3444 3931 3740 3985 ostendere
3788 3931 3984 3989 alienis
4026 3937 4205 3994 oculis

2570 4022 2851 4083 appetunt,
2886 4024 3016 4070 ante
3050 4014 3248 4071 divina:
3278 4015 3584 4085 majestatis
3632 4020 3889 4078 intuitum
3935 4027 4205 4087 damnant

2570 4122 2731 4162 omne
2758 4108 2900 4180 quod
2926 4115 3113 4180 agunt.
3158 4106 3314 4181 Saepe
3339 4112 3505 4167 etiam
3532 4127 3703 4170 sacrae
3726 4114 3860 4185 legis
3887 4119 4199 4180 eruditione

2571 4211 2626 4257 et
2676 4202 2815 4257 alios
2864 4203 3164 4270 instruunt,
3204 4222 3366 4262 omne
3405 4210 3549 4280 quod
3590 4212 3832 4268 sentiunt
3867 4216 4203 4277 testimoniis

2573 4297 2883 4363 accingunt,
2916 4311 3019 4354 nec
3045 4308 3222 4353 tamen
3254 4314 3353 4369 per
3376 4300 3480 4357 hoc
3505 4303 3674 4358 vitam
3710 4307 4074 4376 audientium,
4096 4312 4201 4369 sed

2571 4387 2822 4456 proprios
2848 4388 3066 4448 favores
3086 4402 3371 4459 quzerunt;
3410 4394 3535 4462 quia
3567 4411 3670 4451 nec
3700 4396 3947 4466 proferre
3970 4403 4072 4456 alia
4106 4421 4204 4459 cu-

2573 4480 2746 4549 piunt,
2778 4480 2883 4533 nisi
2924 4497 3043 4549 qua:
3074 4483 3385 4538 auditorum
3424 4486 3589 4542 corda
3622 4490 3689 4543 ad
3721 4494 4048 4560 repetendas
4073 4496 4195 4553 lau-

2575 4571 2670 4627 des
2717 4573 3029 4635 excutiunt.
3091 4591 3198 4628 non
3263 4586 3445 4633 autem
3504 4581 3571 4635 ad
3619 4581 3894 4656 lacrymas
3946 4590 4199 4647 tendunt.

2575 4664 2729 4724 Mens
2757 4666 2957 4737 quippe
2979 4669 3344 4725 exterioribus
3379 4684 3664 4744 occupata,
3691 4677 3814 4749 igne
3839 4681 4007 4737 divini
4040 4700 4199 4743 amo-

2576 4756 2653 4811 ris
2690 4774 2795 4811 nou
2827 4760 2984 4821 calet,
3019 4770 3073 4814 et
3111 4762 3316 4817 idcirco
3347 4766 3413 4819 ad
3446 4782 3810 4837 supernorum
3860 4773 4201 4835 desiderium

2576 4846 2915 4903 inﬂammare
2948 4852 3226 4908 auditores
3267 4869 3398 4911 suos
3436 4872 3717 4929 nequeunt
3750 4863 3912 4918 verba
3945 4882 4067 4935 qua‘
4096 4867 4201 4925 fri-

2577 4941 2703 5008 gido
2732 4943 2896 4996 corde
2939 4942 3309 5012 proferuntur.
3355 4946 3544 5019 Neque
3572 4953 3721 5006 enim
3755 4969 3843 5010 res
3868 4971 3992 5027 quae
4039 4966 4094 5014 et
4144 4960 4201 5017 in

2578 5036 2870 5103 semetipsa
2902 5052 3007 5089 uon
3041 5038 3257 5100 arserit,
3300 5040 3445 5097 aliud
3471 5046 3741 5101 accendit.
3784 5044 3939 5104 Unde
3983 5051 4044 5108 fit
4084 5052 4203 5125 ple-

2582 5141 2813 5196 rumque
2854 5136 2912 5181 ut
2967 5128 3381 5200 bypocritarum
3434 5134 3603 5203 dicta,
3653 5148 3711 5193 et
3759 5144 4043 5200 audientes
4093 5163 4205 5205 non

2582 5222 2859 5288 erudiant,
2888 5233 2943 5277 et
2981 5226 3202 5281 eosdem
3234 5227 3383 5298 ipsos
3411 5230 3505 5300 qui
3538 5232 3824 5299 proferunt
3858 5236 4034 5294 elatos
4088 5240 4203 5295 lau-

2581 5313 2742 5369 dibus
2776 5315 3078 5371 deteriores
3105 5318 3358 5376 reddant.
3401 5323 3715 5379 Attestante
3765 5330 3964 5384 etenim
4007 5330 4198 5399 Paulo,

2586 5425 2606 5460 ‹
2639 5406 2882 5463 Scientia
2924 5408 3092 5470 inflat.
3144 5413 3389 5470 cbaritas
3436 5416 3665 5474 aediﬁca!
3715 5419 3769 5491 (1
3815 5419 3948 5483 Car.
4002 5425 4143 5498 rut).
4174 5446 4195 5480 ι

2583 5500 2719 5558 Cum
2750 5518 2881 5573 ergo
2907 5504 3149 5561 cltaritas
3182 5507 3464 5564 auditores
3505 5512 3828 5570 aedificando
3860 5533 3970 5573 non
4015 5520 4203 5590 erigit,

2584 5600 2810 5655 scientia
2839 5600 3177 5671 proferentes
3206 5602 3445 5663 inflando
3467 5609 3752 5678 pervertit.

2654 5692 2982 5766 Plerumque
3009 5697 3172 5752 etiam
3208 5698 3529 5771 hypocritae,
3571 5703 3771 5761 fratres
3802 5706 3930 5773 mei,
3966 5710 4103 5762 mira
4144 5722 4208 5768 se

2585 5786 2917 5844 abstinentia
2945 5788 3212 5865 atlligunt,
3246 5810 3411 5851 omne
3436 5796 3603 5853 robur
3632 5800 3879 5870 corporis
3930 5808 4198 5868 atterunt,

2584 5891 2639 5937 et
2674 5883 2828 5953 quasi
2859 5885 3041 5940 carnis
3069 5887 3237 5942 vitam
3275 5886 3519 5947 funditus
3546 5892 3599 5947 in
3626 5908 3795 5949 carne
3829 5894 4076 5950 viventes,
4110 5911 4207 5956 ex-
