5450 6420
559 0 4631 97 Μη-

2040 452 2146 509 879
2610 449 2667 502 S.
2702 445 2903 504 PETRI
2943 444 3223 503 DAMIANI
3255 443 3405 502 OPP.
3445 443 3626 501 PARS
3667 444 3800 504 SEU
3842 442 4075 502 τουυδ
4115 442 4178 498 ll.
4210 473 4280 484 —
4311 438 4698 499 SERIONES.
5207 441 5298 498 880

2035 566 2334 634 stinguunt,
2353 562 2537 629 sicque
2556 575 2652 629 per
2673 559 3054 616 abstinentiam
3079 560 3234 614 morti
3257 559 3626 630 appropriant,
3657 564 3706 624 Α
3734 575 3831 631 per
3868 573 3958 615 eas
3989 557 4150 612 totius
4176 555 4357 610 mundi
4400 555 4655 610 decernat
4681 551 4966 626 caliginem
5011 552 5299 618 illustrare;

2035 664 2096 707 ut
2124 667 2257 716 pene
2281 650 2521 720 quotidie
2546 651 2838 705 morientes
2864 651 3064 713 vivant,
3091 650 3183 704 sed
3210 650 3275 703 ad
3305 650 3406 704 hoc
3430 649 3621 705 huma-

2032 761 2134 801 nos
2159 745 2346 800 oculos
2371 754 2640 814 quarunt,
2671 742 3046 798 admirationis
3072 741 3299 810 gloriam
3327 750 3584 811 expetunt
3610 761 3620 793 :

2033 835 2272 892 Veritate
2312 845 2621 898 attestante,
2661 848 2780 902 qua:
2826 833 2902 886 ait
2935 847 2948 884 :
2999 850 3015 882 ι
3049 832 3428 887 Exterminant
3478 833 3622 886 enim

2033 929 2205 986 facies
2269 944 2410 991 suas,
2472 936 2529 980 ut
2596 933 2890 995 appareant
2960 925 3271 980 hominibus
3318 923 3626 994 jejunantes

2033 1019 2247 1092 (Matth.
2283 1018 2375 1087 vr).
2413 1036 2430 1068 ο
2482 1015 2615 1070 Nam
2647 1031 2740 1069 ora
2777 1016 3099 1086 pallescunt,
3126 1030 3322 1084 corpus
3347 1015 3624 1069 debilitate

2033 1113 2294 1181 quatitur,
2329 1118 2516 1181 pectus
2545 1108 3066 1178 interrumpentibus
3088 1107 3337 1176 suspiriis
3362 1116 3619 1176 urgetur;

2032 1203 2124 1256 sed
2150 1202 2291 1256 inter
2315 1202 2428 1256 haec
2451 1201 2520 1254 ah
2541 1215 2636 1254 ore
2655 1201 3020 1268 proximorum
3047 1212 3225 1252 sermo
3251 1199 3624 1252 admirationis

2031 1294 2314 1361 quatritur,
2352 1293 2588 1360 nihilque
2623 1306 2720 1361 pro
2748 1299 2894 1345 tanto
2923 1290 3108 1345 labore
3134 1289 3300 1356 aliud,
3334 1291 3434 1345 nisi
3474 1291 3622 1346 testi-

2029 1386 2196 1440 Inatio
2228 1386 2486 1447 humana,
2517 1383 2802 1450 cogitatur.

2100 1473 2262 1545 355
2290 1473 2629 1542 Perpendite,
2668 1471 3002 1526 dilectissimi
3046 1472 3242 1526 fratres
3287 1474 3412 1537 mei,
3460 1488 3622 1542 quam

2030 1565 2355 1620 miserabilis
2400 1565 2664 1618 vecordia:
2698 1574 2778 1618 est
2809 1563 3079 1618 laboriose
3127 1579 3286 1634 agere
3306 1605 3319 1628 ,
3347 1574 3402 1619 et
3432 1567 3500 1619 ab
3528 1581 3622 1620 ore

2025 1657 2304 1710 hominum
2336 1655 2521 1710 laudes
2552 1655 2791 1718 inhiare;
2838 1655 2963 1708 forti
2993 1671 3157 1724 opere
3201 1658 3482 1726 praeceptis
3511 1671 3623 1710 ete-

2025 1746 2249 1800 lestibus
2273 1746 2556 1806 inservire,
2582 1745 2674 1798 sed
2700 1756 2926 1798 terrena:
2951 1746 3316 1798 retributionis
3341 1749 3620 1814 praemium

2023 1852 2290 1906 qutercre.
2339 1837 2491 1890 Sicut
2520 1837 2664 1889 enim
2716 1836 2902 1890 beatus
2932 1835 3344 1905 aitGregorius,
3389 1839 3478 1905 qui
3527 1853 3623 1908 pro

3730 663 3786 706 ut
3821 651 3945 705 dum
3976 649 4228 720 fulgentia
4255 656 4403 703 astra
4435 647 4647 701 radiare
4678 663 4774 718 per
4805 645 4927 702 celi
4961 645 5174 700 climata
5197 661 5302 701 cer-

3728 743 3925 805 nimus,
3955 740 4220 796 inollenso
4261 741 4394 811 pede
4427 740 4608 811 operis
4637 741 4739 794 iter
4773 750 4973 795 nostra
4999 741 5177 795 noctis
5201 756 5302 793 am-

3729 833 3991 885 bulemus.
4043 830 4195 886 Sicut
4239 833 4382 887 enim
4429 830 4727 886 matutinus
4765 829 4957 885 lucifer
4984 829 5151 886 solem
5180 846 5306 900 prte-

3727 924 3924 978 cedens
3970 924 4038 979 ab
4076 923 4336 980 Orientali
4388 925 4538 993 prius
4588 923 4742 994 plaga
4787 925 5085 994 consurgit,
5120 924 5304 978 deinde

3727 1013 4006 1067 meridiani
4046 1013 4278 1068 climatis
4326 1013 4606 1083 superiora
4657 1013 5096 1068 conscenditzad
5134 1021 5306 1067 extre-

3723 1118 3872 1158 mum
3916 1119 4130 1174 quoque
4156 1119 4358 1174 pronus
4386 1104 4439 1157 in
4472 1103 4756 1158 occiduum
4799 1117 4956 1158 axem
5001 1102 5204 1174 vergit;
5236 1104 5306 1157 sic

3725 1194 4000 1258 nimirum,
4033 1195 4112 1249 sic
4138 1194 4482 1249 beatissimus
4506 1193 4786 1250 confessor
4810 1194 5004 1249 Christi
5029 1193 5305 1249 Barbam-

3725 1299 3848 1348 nus,
3887 1286 3952 1339 de
3981 1284 4331 1340 Antiochenis
4379 1283 4600 1350 ﬁnibus,
4646 1286 4784 1339 unde
4812 1286 5074 1340 oriundus
5115 1285 5306 1346 fuerat.

3722 1377 3877 1440 exiit,
3916 1386 3970 1430 et
4017 1375 4244 1430 Romam
4281 1376 4669 1444 pertransiens,
4712 1377 4877 1430 multa
4913 1392 5035 1432 eam
5081 1377 5308 1431 miracu-

3725 1468 3900 1524 lorum
3951 1469 4068 1522 luce
4119 1467 4354 1538 perfudit
4404 1486 4416 1521 :
4467 1477 4745 1537 postremo
4784 1467 5095 1524 Ravennam
5148 1486 5311 1539 usque

3724 1563 4068 1632 perveniens,
4108 1558 4405 1622 Christum,
4438 1561 4528 1629 qui
4569 1570 4653 1614 est
4688 1559 4768 1615 sol
4796 1560 5042 1629 justitize,
5072 1561 5312 1631 plurimis

3727 1652 4008 1706 hominum
4057 1649 4328 1704 mentibus
4373 1650 4671 1705 introduxit
4708 1671 4719 1703 :
4765 1650 5065 1706 Antiochia
5109 1651 5312 1707 scilicet

3725 1743 4009 1812 splendore
4036 1741 4119 1794 sui
4143 1751 4296 1796 ortus
4334 1742 4577 1806 emicuit,
4613 1740 4796 1796 Roma
4832 1742 5092 1812 plurimos
5137 1744 5313 1814 signo-

3727 1850 3843 1888 rum
3873 1834 4140 1904 igniculos
4181 1833 4398 1903 sparsit,
4439 1834 4626 1888 urbem
4659 1849 4786 1887 vero
4816 1833 5130 1889 Ravennam
5175 1836 5316 1890 velut

2025 1930 2225 1981 virtute
2251 1944 2410 1997 quam
2438 1927 2567 1993 agit,
2599 1927 2890 1979 humanum
2919 1924 3159 1980 favorem
3181 1929 3474 1989 desiderat,
3507 1944 3618 1980 rem
3652 1917 3697 1975 Β
3724 1942 3920 1982 occasu
3948 1925 4113 1996 356
4148 1924 4504 1980 sacratissimi
4541 1925 4624 1980 sui
4670 1926 4848 1980 obitus
4889 1926 5203 1982 illustravit.
5241 1928 5312 1983 Ita

2023 2018 2203 2086 magni
2248 2017 2420 2070 meriti
2453 2017 2541 2068 vili
2579 2016 2752 2083 pretio
2793 2015 3034 2069 venalem
3069 2026 3266 2085 portat.
3315 2016 3464 2070 Unde
3498 2017 3618 2070 ρωιί

2023 2124 2250 2178 regnum
2282 2107 2476 2161 mereri
2514 2107 2706 2176 potuit,
2743 2107 2866 2162 inde
2889 2123 3164 2160 nunnnum
3196 2109 3497 2161 transitnrii
3534 2107 3616 2161 fa-

1933 2257 1940 2276 ι
2022 2201 2170 2252 veris
2191 2200 2401 2267 quaerit.
2443 2197 2592 2250 lnlus
2614 2213 2761 2268 ergo,
2793 2201 2990 2253 fratres
3017 2199 3143 2263 mei,
3175 2199 3320 2254 intus
3351 2199 3616 2254 servanda

2024 2301 2152 2345 sunt
2183 2294 2342 2352 bona,
2372 2306 2490 2358 qua:
2517 2292 2746 2360 agimus,
2781 2291 2823 2344 si
2856 2292 2922 2344 ab
2959 2292 3172 2346 interno
3213 2291 3398 2359 judice
3442 2293 3617 2346 vicem

2027 2384 2267 2452 recipere
2308 2383 2474 2436 nostri
2511 2384 2689 2450 operis
2733 2393 3129 2452 exspectamus.
3175 2384 3311 2440 Hinc
3362 2395 3444 2439 est
3470 2386 3614 2438 enim

2026 2476 2170 2543 quod
2204 2476 2255 2528 in
2299 2475 2585 2545 Evangelio
2633 2474 2845 2528 Veritas
2877 2475 3005 2527 dicit
3035 2493 3047 2527 :
3089 2494 3107 2525 ι
3139 2474 3356 2529 Nesciat
3395 2477 3614 2530 sinistra

2026 2576 2114 2621 tua
2139 2567 2267 2637 quid
2297 2567 2455 2621 faciat
2479 2569 2698 2621 dextera
2731 2576 2842 2628 tua.
2877 2576 2934 2620 ut
2968 2567 3038 2620 sit
3068 2567 3410 2642 eleemosyna
3432 2576 3529 2622 tua
3559 2568 3615 2621 in

2024 2660 2360 2724 abscondito,
2393 2669 2445 2714 et
2477 2659 2636 2712 Pater
2662 2670 2806 2723 tuus,
2850 2659 2940 2728 qui
2989 2659 3134 2714 videt
3178 2675 3230 2712 tn
3273 2658 3613 2723 abscondito,

2027 2754 2217 2808 reddet
2261 2753 2353 2804 tibi
2403 2751 2616 2818 (Matth.
2663 2751 2758 2814 vi).
2794 2770 2810 2800 ι
2856 2749 2990 2804 Hinc
3017 2760 3123 2814 est,
3152 2752 3294 2819 quod
3320 2751 3384 2804 de
3410 2750 3612 2805 eiecto-

2026 2862 2142 2901 rum
2175 2845 2412 2900 Ecclesia
2447 2861 2542 2914 per
2578 2842 2916 2898 Psahnistam
2967 2843 3200 2898 dicitur:
3233 2862 3251 2893 ι
3279 2842 3468 2899 Omnis
3504 2842 3615 2912 glo-

2021 2940 2103 2994 ria
2148 2937 2265 3007 cjus
2315 2938 2437 2990 lilia:
2490 2939 2628 3006 regis
2675 2938 2742 2992 ab
2797 2938 2937 2990 intus
2991 2935 3160 3004 (Psal.
3219 2937 3383 3007 xuv).
3419 2957 3435 2986 ι
3480 2935 3614 2991 Filia

2020 3033 2218 3103 quippe
2251 3045 2433 3100 regum
2478 3036 2561 3083 est
2602 3039 2787 3082 sancta
2835 3027 3095 3090 Ecclesia,
3137 3041 3253 3096 qute
3282 3027 3335 3080 in
3367 3028 3508 3083 bono
3530 3036 3614 3081 est

2019 3139 2184 3193 opere
2212 3121 2570 3192 spiritualium
2607 3121 2907 3190 principum
2931 3120 3313 3188 puriﬁcatione
3335 3130 3610 3189 generata,

2019 3231 2141 3285 quae
2190 3215 2316 3268 dum
2368 3227 2428 3267 se
2487 3212 2540 3265 in
2591 3212 2877 3265 virtutibus
2928 3221 3125 3265 sanctae
3186 3213 3613 3271 conversationis

2016 3279 2256 3370 exercet,
2295 3307 2420 3375 quia
2461 3319 2556 3374 per
2585 3306 2687 3359 hoc
2717 3303 2814 3358 soli
2856 3302 2966 3357 Deo
3011 3303 3222 3372 placere
3262 3304 3462 3370 studet,
3507 3321 3614 3360 non
3643 3279 3689 3344 (ἶ

2021 3401 2156 3456 foris
2202 3399 2461 3470 gloriam,
2514 3397 2612 3452 sed
2655 3397 2800 3450 intus
2845 3395 3024 3450 habet.
3078 3394 3215 3448 llinc
3255 3393 3455 3449 Paulus
3496 3397 3609 3450 ait:

2025 3521 2046 3551 ι
2076 3498 2258 3553 Gloria
2314 3505 2497 3551 nestra
2542 3496 2657 3548 haec
2703 3503 2807 3557 est,
2859 3493 3224 3547 testimonium
3272 3490 3617 3545 conscientia:

2019 3601 2220 3646 nostrze
2248 3587 2331 3660 (ll
2371 3587 2492 3641 Cor.
2520 3586 2581 3654 ι).
2620 3605 2638 3637 ι
2684 3585 2922 3641 Gloriam
2951 3599 3104 3638 suam
3134 3582 3426 3652 Apostolus
3459 3582 3613 3637 testi-

2023 3682 2264 3736 monium
2318 3678 2661 3733 conscientia:
2711 3684 3014 3738 memorat,
3068 3677 3192 3743 quia
3243 3674 3457 3728 favores
3503 3673 3615 3728 oris

2022 3773 2186 3830 alieni
2237 3789 2342 3828 non
2377 3781 2635 3842 appeti-ns
2679 3770 2800 3824 vitae
2844 3783 2954 3824 su:e
2995 3767 3189 3836 gaudia
3219 3774 3378 3820 extra
3408 3773 3612 3820 semet-

2022 3867 2198 3937 ipsum
2229 3878 2427 3934 ponere
2458 3862 2764 3930 ignorabat.

2090 3955 2420 4012 Oceultanda
2477 3963 2602 4008 sunt
2645 3942 2805 4022 ergo,
2857 3948 3052 4003 fratres
3093 3946 3435 4010 eharissimi,
3477 3945 3615 4000 bona

2022 4066 2143 4120 qum
2177 4050 2407 4117 agimus,
2441 4062 2510 4101 ne
2539 4047 2652 4100 haec
2689 4044 2740 4098 in
2775 4041 2931 4112 hujus
2977 4042 3099 4095 vita:
3150 4040 3345 4094 itinere
3397 4037 3616 4093 incaute

2022 4149 2326 4209 par-tantes,
2362 4134 2800 4191 htrocinantium
2831 4132 3119 4202 spirituum
3151 4132 3462 4185 incursione
3492 4143 3614 4198 per-

2023 4230 2236 4282 damus.
2281 4227 2415 4281 licce
2441 4242 2508 4279 en
2538 4242 2588 4278 tn
2614 4224 2703 4279 hic
2735 4223 3083 4279 beatissimus
3117 4221 3200 4274 vir
3232 4220 3610 4286 Barbatianus,

2022 4322 2176 4388 cujus
2226 4318 2385 4374 hodie
2425 4319 2580 4383 nobis
2629 4316 2856 4372 festivus
2903 4315 3098 4369 natalis
3135 4312 3328 4376 illuxit.
3368 4328 3475 4367 non
3515 4312 3612 4366 hu-

2023 4427 2199 4466 mante
2233 4411 2407 4464 laudis
2454 4409 2678 4478 gloriam
2720 4407 2897 4476 petiit,
2943 4421 3049 4460 non
3086 4403 3301 4460 favores
3330 4405 3614 4459 hominum

2021 4504 2326 4567 allectavit;
2360 4518 2466 4556 non
2496 4503 2728 4556 ostensis
2771 4509 2850 4556 tot
2891 4497 3170 4554 miraculis
3212 4512 3470 4568 apparere
3502 4497 3615 4567 ipse

2023 4593 2288 4649 mirabilis
2317 4593 2503 4658 voluit,
2542 4606 2648 4646 non
2682 4593 2749 4646 de
2782 4591 2994 4646 collatis
3021 4600 3098 4646 tot
3128 4591 3182 4644 in
3212 4590 3495 4662 languidos
3519 4591 3612 4647 be-

2022 4686 2233 4740 neficiis
2256 4685 2503 4738 humana:
2532 4683 2902 4738 retributionis
2932 4682 3212 4752 praemium
3244 4683 3611 4752 exspectavit;

2025 4775 2153 4843 quin
2200 4777 2364 4828 etiam
2417 4773 2753 4827 medicinalis
2797 4771 3040 4826 exercitii
3079 4773 3447 4841 pmtendebat
3498 4788 3615 4842 spe-

2024 4865 2182 4930 ciem,
2225 4877 2282 4917 ut
2325 4865 2684 4917 clarissimum
2737 4865 2956 4918 virtutis
3009 4879 3118 4920 suae
3158 4865 3420 4934 potuisset
3459 4867 3615 4922 obfu-

2023 4971 2178 5011 scare
2219 4958 2470 5012 nitorem.
2531 4957 2599 5010 Et
2640 4957 2784 5011 velut
2823 4973 3074 5027 maguum
3108 4959 3230 5013 (celi
3273 4969 3476 5015 astrum
3516 4979 3614 5016 nu-

2021 5047 2145 5104 bem
2177 5049 2464 5103 virtutibus
2488 5051 2602 5104 suis
2623 5051 2847 5105 curabat
2875 5065 3167 5120 Opponere,
3198 5059 3257 5104 ut
3285 5052 3408 5106 dum
3437 5056 3613 5112 minus

2023 5144 2088 5194 ad
2114 5140 2384 5195 exteriora
2417 5142 2592 5196 radios
2616 5157 2726 5196 sua:
2757 5142 2890 5197 lucis
2917 5143 3271 5212 expanderet,
3318 5147 3469 5214 quasi
3512 5163 3611 5200 un-

2022 5231 2182 5302 dique
2231 5233 2285 5285 in
2326 5243 2614 5301 semetipso
2660 5233 2931 5300 collectus,
2991 5235 3045 5288 in
3088 5245 3381 5305 conspectu
3427 5239 3613 5292 πιετηί

2021 5323 2150 5378 solis
2187 5321 2395 5390 plenius
2431 5322 2691 5378 eluceret.

2094 5414 2254 5469 Libet
2295 5422 2493 5478 autem,
2546 5414 2903 5480 dilectissimi,
2937 5416 3221 5486 pulchrum
3247 5419 3445 5474 divina
3497 5419 3612 5476 dis-

2022 5505 2353 5577 pensationis
2393 5505 2637 5561 ordinem
2676 5507 2917 5562 studiose
2975 5511 3327 5579 perpendere,
3362 5513 3614 5568 videlicet

2017 5597 2258 5667 qualiter
2292 5598 2633 5666 omnipotens
2671 5598 2811 5654 Deus
2841 5600 2906 5654 ad
2945 5600 3352 5658 illuminandam
3396 5616 3608 5662 noctem

2024 5690 2147 5744 vita:
2171 5690 2453 5760 praesentis
2482 5690 2666 5745 stellas
2696 5705 2825 5746 suas
2846 5694 2900 5747 in
2934 5693 3054 5750 caeli
3079 5695 3268 5752 faciem
3298 5698 3534 5766 mittere,
3559 5710 3612 5756 et

2102 5868 2249 5938 (ll9)
2293 5869 2409 5923 Ser.
2448 5869 2500 5936 2,
2532 5871 2596 5926 de
2631 5871 2684 5926 S.
2720 5871 3035 5943 Apollinari.

3645 4640 3694 4701 D

3723 2020 3972 2073 videlicet
3995 2019 4204 2072 meritis
4233 2018 4560 2072 sanctissimi
4613 2017 4772 2085 hujus
4820 2018 4956 2084 viri,
5005 2020 5154 2073 velut
5197 2022 5312 2074 novi

3724 2112 4012 2182 splendore
4042 2109 4275 2174 luciferi,
4309 2111 4361 2164 in
4400 2110 4571 2164 tribus
4604 2111 4718 2163 suis
4762 2111 5045 2180 praecipuis
5088 2113 5315 2182 regioni-

3723 2207 3822 2260 bus
3856 2215 3997 2258 totus
4030 2205 4216 2258 rutilat
4249 2203 4499 2267 mundus,
4537 2203 4664 2257 dum
4704 2203 4758 2256 in
4805 2203 4910 2257 alia
4947 2204 5132 2258 undi
5166 2206 5314 2273 plaga

3721 2294 3838 2364 ejus
3880 2294 4122 2348 cernitur
4176 2301 4350 2356 ortus,
4407 2291 4459 2345 in
4509 2292 4612 2345 alia
4662 2293 5058 2361 quodammodo
5111 2294 5318 2350 videtur

3722 2403 4001 2450 ascensus,
4029 2389 4080 2441 in
4114 2387 4271 2443 tertia
4303 2387 4613 2443 celebratur
4639 2403 4887 2444 occasus.

3792 2481 3879 2543 Et,
3914 2481 4052 2534 sicut
4085 2479 4149 2533 de
4172 2480 4525 2548 compatriou
4546 2479 4663 2548 ejus
4685 2480 4994 2535 beatissimo
5019 2481 5314 2550 Apollinari

3721 2573 3773 2628 in
3794 2573 3898 2625 alio
3917 2587 4165 2626 sermone
4189 2573 4234 2640 (l
4251 2571 4336 2639 l9)
4358 2571 4471 2640 jam
4497 2572 4755 2636 diximus,
4774 2588 4935 2642 quam
4966 2575 5230 2629 rectesibi
5247 2576 5320 2628 ln-

3719 2662 3876 2717 ciferi
3909 2677 4102 2717 nomen
4133 2664 4400 2732 congruit,
4425 2663 5318 2735 qtiiRomamingressus,primum

3720 2753 3937 2806 virtutis
3963 2768 4072 2806 sua:
4104 2753 4422 2808 miraculum
4445 2758 4510 2808 de
4538 2753 4741 2809 lumine
4765 2755 4911 2812 fecit.
4943 2755 5150 2828 Regina
5177 2760 5318 2812 enim

3723 2843 3874 2899 Galla
3910 2841 4172 2910 Placidia,
4195 2857 4251 2900 ut
4279 2846 4525 2911 audistis,
4555 2848 4873 2918 suppliciter
4896 2849 5015 2919 ejus
5040 2849 5320 2918 ﬂagitabat

3723 2939 3983 2992 auxilium
4007 2953 4108 3007 pro
4132 2938 4367 3007 quadam
4397 2953 4494 2992 sua
4522 2939 4867 3011 pedissequa,
4899 2956 5020 3012 qua
5059 2942 5318 2997 intolera-

3719 3029 3918 3084 bilibus
3979 3031 4324 3086 cruciabatur
4367 3034 4643 3089 doloribus
4683 3050 5003 3098 nemorum;
5053 3038 5147 3106 qui
5197 3052 5320 3091 mox

3720 3122 3882 3192 pallio
3908 3138 4008 3177 suo
4034 3123 4153 3192 ejus
4187 3123 4374 3178 oculos
4408 3125 4552 3195 tangi
4596 3128 4870 3195 praecepit,
4920 3137 4972 3180 et
5025 3127 5105 3182 sic
5147 3126 5220 3181 ab
5259 3144 5317 3182 ea

3720 3216 3968 3286 protinus
4019 3230 4236 3270 omnem
4307 3215 4576 3286 pestifera
4625 3218 4957 3288 egritudinis
5005 3219 5317 3276 molestiam

3721 3307 3999 3379 eﬂugavit.

3794 3398 4136 3471 Quapropter
4162 3416 4283 3457 cum
4308 3400 4625 3470 dignitatem
4651 3411 4817 3464 tuam.
4841 3400 5158 3458 felicissima
5192 3406 5322 3460 urbs

3723 3488 4006 3552 Ravenna,
4038 3491 4221 3545 subtili
4253 3491 4602 3547 meditatione
4647 3494 4948 3558 considero,
4995 3493 5321 3564 largissimis

3725 3592 3779 3637 te
3817 3583 4205 3638 misericordia:
4247 3583 4444 3638 divine
4476 3583 4752 3640 beneflciis
4785 3585 5011 3639 ditatam
5046 3601 5169 3641 esse
5201 3602 5322 3658 per-

3720 3677 3914 3746 pendo.
3973 3675 4140 3730 Video
4189 3676 4330 3729 enim
4390 3676 4516 3745 quia
4570 3690 4636 3730 ex
4694 3677 4810 3748 ipso
4865 3677 5116 3748 originali
5171 3678 5323 3734 fonte

3718 3764 4043 3820 Christiana:
4091 3764 4386 3836 religionis,
4445 3775 4720 3836 perpetua:
4774 3769 5018 3823 meruisti
5062 3770 5319 3839 poculum

3719 3857 3945 3912 haurire
3971 3856 4178 3911 salutis.
4225 3858 4280 3912 In
4317 3859 4601 3917 Antiochia
4635 3875 4885 3930 namque,
4919 3861 5060 3916 sicut
5089 3862 5142 3916 in
5165 3863 5319 3918 Acti-

3720 3948 3821 4003 bus
3848 3949 4214 4015 apostolorum
4243 3949 4460 4020 legitur,
4483 3950 4716 4020 primum
4737 3949 5033 4007 Christiani
5057 3952 5318 4023 discipuli

3720 4049 3845 4095 sunt
3883 4041 4054 4094 vocati
4086 4041 4224 4110 (Act.
4256 4043 4353 4110 xl).

3791 4132 3870 4184 lix
3907 4133 4023 4200 ipso
4054 4131 4219 4202 igitur
4247 4142 4451 4187 sanctae
4492 4131 4748 4188 Ecclesia
4794 4133 5152 4190 tundanaento
5189 4152 5322 4208 qua-

3719 4227 3903 4281 dratos
3938 4227 4144 4297 lapides
4171 4228 4478 4297 suscepisti,
4513 4241 4680 4297 super
4709 4243 4843 4298 quos
4883 4228 5027 4284 velut
5067 4230 5320 4285 ﬁrmissio

3718 4332 3836 4372 mas
3879 4319 4034 4372 bases
4078 4327 4278 4384 erecta,
4325 4317 4585 4373 immobili
4627 4332 4687 4372 es
4737 4317 4860 4373 fidei
4899 4329 4954 4373 et
5013 4321 5322 4375 sanctitatis

3717 4409 3991 4464 soliditate
4044 4409 4289 4464 fundata.
4356 4409 4484 4465 lnde
4527 4409 4674 4465 enim
4733 4409 4899 4466 habes
4946 4411 5320 4481 Apollinarem

3720 4501 4074 4570 apostolicum
4135 4510 4428 4571 martyrem
4459 4542 4474 4566 ,
4529 4501 4654 4556 inde
4705 4501 4866 4556 etiam
4927 4500 5319 4558 Barbatianum

3720 4593 3993 4663 egregium
4018 4591 4404 4658 confessorem,
4422 4592 4513 4662 qui
4539 4591 4686 4647 velut
4705 4592 4824 4647 dua:
4845 4592 5321 4650 excellentissima

3721 4685 3866 4740 cedri
3894 4686 4153 4754 paradisi,
4190 4687 4267 4742 sic
4308 4694 4359 4742 te
4394 4687 4559 4740 ramis
4595 4699 4705 4740 sua
4744 4685 5096 4757 protectioais
5127 4687 5322 4743 alium-

3721 4777 3905 4842 brant,
3935 4789 3993 4834 ut
4016 4778 4060 4832 si
4088 4779 4190 4833 sub
4223 4778 4302 4833 eis
4342 4777 4618 4833 humiliter
4651 4790 4873 4833 manere
4901 4777 5164 4843 volueris,
5205 4795 5322 4833 oui-

3722 4889 3845 4928 nem
3875 4888 3902 4926 a
3938 4883 3986 4928 te
4009 4873 4278 4927 turbinem
4302 4873 4626 4928 adversaria:
4653 4874 4989 4942 tempestatis
5013 4875 5315 4943 expellant.

3723 4968 3788 5022 Et
3816 4977 3874 5021 ut
3903 4968 3982 5022 eis
4036 4968 4224 5022 deesse
4267 4965 4343 5020 nil
4387 4964 4563 5020 valeat
4593 4966 4735 5036 quod
4778 4965 4844 5020 ad
4885 4966 5166 5022 cumulum
5215 4981 5320 5023 tua

3722 5060 3995 5117 felicitatis
4040 5060 4298 5122 attineat.
4341 5073 4465 5114 mox
4505 5069 4565 5114 ut
4605 5059 4672 5114 de
4716 5059 5068 5114 Antiochenis
5113 5060 5318 5115 ﬁnibus

3717 5162 3934 5217 exeunt,
3970 5152 4176 5216 Romae,
4204 5167 4322 5220 quae
4346 5151 4548 5222 absque
4574 5150 4737 5206 dubio
4759 5161 4924 5222 caput
4967 5162 5051 5206 est
5079 5162 5140 5206 et
5167 5154 5318 5222 prin-

3716 5247 3907 5316 cipalis
3942 5246 4099 5300 sedes
4133 5247 4296 5300 totius
4327 5257 4526 5301 sanctte
4553 5243 4832 5310 Ecclesia,
4859 5260 5274 5302 commorantur
5301 5263 5314 5306 ς

3718 5338 3972 5391 nimirum
4004 5346 4061 5391 ut
4094 5339 4145 5393 in
4194 5336 4376 5393 schola
4420 5335 4564 5394 Petri
4605 5337 4855 5408 primitus
4887 5337 5121 5402 discant.
5169 5339 5316 5409 quod

3718 5440 3768 5483 te
3798 5430 4139 5498 postmodum
4175 5430 4242 5485 de
4275 5430 4519 5487 doctrina
4563 5430 4809 5485 veritatis
4837 5431 5122 5492 erudiant;
5163 5441 5222 5486 et
5253 5431 5315 5484 de

3721 5520 4008 5590 purissimo
4041 5520 4186 5577 fonte
4210 5523 4546 5577 abundanter
4573 5522 4778 5588 bibant,
4808 5523 4951 5593 quod
4989 5524 5047 5577 in
5080 5533 5135 5578 te
5169 5523 5315 5578 salu-

3723 5615 3854 5669 taris
3878 5614 4137 5671 doctrinre
4160 5616 4473 5686 magisterio
4518 5615 4663 5671 velut
4705 5615 5003 5672 eructando
5030 5616 5312 5671 transfuno

3719 5708 3868 5764 dant.
3912 5699 4192 5783 Tanquam
4222 5709 4365 5768 enim
4396 5711 4588 5766 iterum
4615 5708 4837 5774 Paulus,
4863 5708 5059 5765 iterum
5093 5708 5310 5766 Aeolia.
