5450 6358
866 347 967 416 881

2255 345 2494 408 SERMO
2519 347 2708 408 LXVI.

4089 344 4198 405 882

859 480 1002 541 quos
1039 463 1127 522 ille
1166 463 1222 522 in
1256 462 1365 521 fide
1387 458 1676 536 plantavit,
1704 463 1810 520 iste
1845 460 2158 531 largissimo
2183 461 2476 518 miraculo-
2505 467 2557 527 Α
2583 469 2802 533 partum
2839 457 3097 519 colimus,
3155 457 3522 524 dilectissimi,
3573 473 3702 515 ecce
3757 473 3931 516 novus
3969 458 4204 531 virginis

866 578 989 620 rum
1019 569 1074 619 et
1101 557 1508 632 pmdicationis
1559 557 1735 615 imbre
1760 556 1978 630 rigavit.
2020 555 2127 612 Sed
2151 556 2278 626 quia
2301 569 2479 626 neque

864 654 960 726 qui
996 651 1227 724 plantat,
1263 663 1333 705 ex
1361 663 1422 706 se
1450 657 1535 705 est
1560 647 1788 720 aliquid,
1820 662 2000 719 neque
2027 647 2120 718 qui
2164 646 2326 718 rigat,
2379 661 2481 701 nos

865 745 1032 801 etiam
1076 740 1371 813 apostolica
1409 749 1704 813 sequentes
1749 740 1918 797 verba
1965 739 2253 797 dicamus:
2285 756 2305 791 ι
2335 738 2480 795 Deus

868 844 1050 907 autem
1085 835 1485 891 incrementum
1524 834 1694 892 dedit.
1726 855 1745 888 ι

940 929 1048 986 llos
1083 927 1250 1000 igitur
1279 938 1388 1005 tam
1429 923 1723 1000 praeclaros
1763 928 2004 986 cmlestis
2043 929 2215 986 curia:
2261 936 2511 1001 senato-_

867 1038 978 1089 res,
1002 1020 1200 1078 fratres
1219 1010 1551 1087 charissimi,
1573 1020 1820 1095 perfecto
1840 1023 2025 1079 cordis
2045 1036 2232 1078 amore
2253 1021 2480 1094 diligite,

866 1115 1061 1171 borum
1088 1114 1292 1169 imitari
1315 1114 1564 1185 exempla
1586 1123 1705 1193 tota
1737 1114 1904 1171 animi
1929 1115 2221 1172 devotione
2243 1123 2436 1171 curate
2464 1133 2478 1170 :

868 1207 1072 1264 namtsi
1103 1207 1270 1263 vultis
1295 1222 1416 1263 esse
1446 1207 1590 1276 quod
1623 1217 1772 1276 sunt,
1807 1222 2036 1264 necesse
2075 1217 2159 1264 est
2189 1207 2357 1264 etiam
2387 1221 2484 1263 vos

867 1299 1046 1356 facere
1069 1300 1213 1371 quod
1240 1299 1510 1356 fecerunt.
1535 1299 1642 1356 Per
1681 1309 1971 1377 angustam
1993 1314 2125 1371 ergo
2149 1309 2205 1354 et
2229 1315 2480 1370 asperam

866 1393 1070 1450 laboris
1095 1395 1259 1460 viam,
1291 1393 1657 1458 dilectissimi,
1689 1393 1744 1448 in
1773 1393 1879 1449 hoc
1905 1393 2108 1450 saeculo
2129 1409 2254 1449 cum
2279 1391 2486 1449 sanctis

865 1486 1120 1554 incedite,
1154 1496 1213 1542 ut
1241 1487 1586 1558 postmodum
1619 1484 1850 1543 valeatis
1877 1487 1944 1541 ad
1975 1502 2165 1542 eorum
2193 1485 2372 1558 gaudii
2408 1484 2488 1540 la-

865 1577 1154 1635 titudiuem
1194 1578 1501 1649 pervenire.
1554 1576 1658 1645 Qui
1706 1577 1852 1632 enim
1893 1577 2027 1633 dicit
2066 1591 2126 1631 se
2165 1576 2218 1631 in
2265 1574 2487 1631 Christo

867 1687 1112 1737 manere,
1139 1671 1301 1727 debet
1331 1671 1474 1727 sicut
1497 1669 1586 1726 ille
1617 1669 1938 1736 ambulavit,
1971 1678 2028 1725 et
2057 1669 2172 1740 ipse
2204 1666 2487 1723 ambulare

866 1769 924 1843 (1
961 1768 1122 1824 Joan.
1155 1768 1240 1841 ιι).
1279 1767 1478 1824 Procul
1511 1766 1680 1823 dubio
1711 1773 1896 1822 autem
1934 1781 1964 1820 a
1994 1763 2241 1836 vestigiis
2278 1760 2486 1819 Christi

2584 553 2896 623 triumphus
2931 552 3196 618 occurrit,
3257 553 3351 623 qui
3401 552 3704 609 solemnem
3753 552 3912 608 nobis
3950 552 4200 608 laetitiam

2584 647 2858 720 germinat
2888 655 3052 717 atquc
3100 655 3160 701 ut
3209 647 3410 702 iterum
3437 647 3778 717 gaudeamus
3803 645 4019 710 invitat,
4051 647 4200 718 Apo-

2585 741 2726 796 stolo
2752 755 2855 796 nos
2895 741 3192 809 excitante,
3230 740 3324 810 qui
3354 740 3432 795 ait
3471 759 3482 794 :
3533 759 3552 793 ι
3588 739 3837 797 Gaudete
3866 739 3920 794 in
3964 740 4203 796 Domino

2584 845 2836 902 semper;
2882 830 3084 888 iterum
3110 831 3234 887 dico
3269 851 3280 886 :
3311 830 3559 888 Gaudete
3581 829 3809 902 (Philip.
3841 832 3942 902 tv).
3979 853 3997 882 ι
4027 831 4211 903 Virgi-

2587 937 2692 978 neo
2715 923 2897 994 partui
2944 924 3180 980 victoria
3231 924 3518 995 virginalis
3579 925 3847 980 inseritur
3909 934 3966 979 et
4007 925 4213 982 erectis

2586 1016 2767 1073 adhuc
2811 1016 3050 1073 fidelium
3078 1019 3282 1074 animis
3331 1020 3573 1074 rediviva
3615 1020 3812 1092 gaudia
3853 1029 4212 1091 reparantur.

2586 1107 2772 1181 Nuper
2800 1109 2870 1166 de
2901 1109 3127 1183 Virgine
3157 1112 3420 1168 Dominus
3463 1113 3750 1168 humiliter
3793 1114 4017 1186 prodiit,
4051 1114 4218 1172 hodie

2588 1219 2688 1276 per
2739 1205 3008 1277 virginem
3065 1205 3392 1264 mirabiliter
3445 1207 3828 1278 triumphavit.
3875 1208 4032 1263 Tunc
4086 1206 4217 1266 coeli

2589 1295 2856 1353 Conditor
2872 1297 2940 1352 ad
2965 1313 3088 1364 nos,
3104 1297 3364 1355 inviolata
3383 1300 3526 1355 uteri
3556 1299 3841 1370 virginalis
3868 1300 4214 1370 integritate,

2590 1389 2907 1457 descendit;
2941 1392 3101 1448 hodie
3145 1394 3473 1450 inconcussa
3524 1395 3755 1467 virginis
3805 1395 3912 1452 flde
3970 1397 4219 1454 victoria

2592 1481 2784 1538 titulos
2806 1483 2874 1537 ad
2906 1484 3106 1540 caelum
3137 1501 3262 1541 cum
3291 1486 3464 1557 gloria
3523 1488 3845 1557 reportavit.
3902 1489 4094 1544 dicens
4139 1488 4218 1546 illi

2592 1589 2756 1646 quam
2784 1574 2936 1631 soliis
2966 1575 3287 1634 cmlestihus
3314 1577 3587 1633 inferebat
3621 1597 3632 1632 :
3665 1597 3683 1630 ι
3717 1577 3918 1648 Surge,
3948 1596 4212 1652 propera.

2594 1668 2771 1726 amica
2812 1685 2958 1730 mea.
3017 1670 3272 1727 columba
3331 1687 3474 1736 mea,
3521 1671 3760 1730 formosa
3807 1690 3950 1740 mea,
4007 1685 4062 1730 et
4096 1676 4224 1732 veni

2595 1759 2776 1833 (Cant.
2804 1764 2887 1832 ιι).
2927 1782 2945 1815 ι
2985 1763 3141 1819 Tunc
3185 1765 3277 1819 Dei
3325 1763 3577 1820 Genitrix
3617 1765 3896 1821 ChriStum
3947 1768 4227 1824 custodie-

866 1862 1160 1928 exorbitat,
1209 1862 1304 1934 qui
1351 1869 1643 1934 angustam
1703 1859 1936 1933 fugiens.
1983 1857 2291 1914 latitudinis
2339 1857 2484 1912 viam
2516 1851 2565 1912 Β
2593 1852 2692 1909 bat
2721 1854 2774 1909 in
2797 1855 3067 1927 praesepio
3100 1856 3438 1927 vagientem,
3473 1859 3639 1913 hodie
3663 1859 3724 1914 Β.
3753 1858 4022 1914 Columba
4065 1875 4223 1932 repe-

865 1956 1062 2013 Calcat.
1098 1957 1206 2012 lste
1238 1971 1474 2026 namque
1499 1955 1858 2013 beatissimus
1893 1954 1998 2021 vir,
2027 1951 2188 2023 cujus
2218 1952 2484 2007 hodierna

865 2050 1128 2106 solemnia
1160 2049 1511 2120 frequentare
1536 2047 1857 2119 gaudemus,
1893 2062 2001 2101 non
2031 2055 2281 2101 terrenos
2311 2046 2488 2100 hono-

865 2160 956 2200 res
996 2143 1185 2211 voluit,
1223 2159 1332 2199 non
1368 2142 1590 2198 fallaces
1642 2141 1864 2198 divitias
1895 2139 2060 2212 357
2112 2139 2484 2212 congregavit,

865 2253 973 2293 non
1002 2237 1185 2292 mundi
1211 2236 1437 2309 gloriam
1472 2235 1652 2306 petiit,
1687 2249 1795 2290 non
1819 2233 2152 2288 transitoria:
2181 2231 2486 2302 possessio-

864 2328 951 2384 nis
975 2329 1176 2398 praadia
1201 2328 1477 2394 dilatavit,
1508 2327 1846 2398 propinquos
1871 2326 2098 2397 sprevit,
2127 2325 2360 2396 patriam
2394 2323 2489 2380 de-

865 2419 1103 2491 reliquit,
1137 2421 1490 2491 semetipsum
1521 2433 1741 2475 ouoaue
1775 2434 1873 2476 oro
1902 2432 2092 2474 amore
2122 2417 2332 2474 Christi
2361 2416 2486 2474 fun-

865 2511 1010 2568 ditus
1034 2511 1345 2581 abnegavit.

936 2604 1104 2661 Nemo
1133 2621 1266 2674 ergo
1308 2606 1453 2663 dicat
1485 2605 1629 2678 quod
1663 2605 1737 2661 illi
1785 2603 2129 2662 solummodo
2165 2603 2486 2661 caelestibus

867 2696 1016 2768 digni
1049 2697 1292 2767 prtemiis
1335 2697 1645 2752 habeantur
1686 2697 1779 2768 qui
1837 2705 2254 2768 persecutorum
2289 2695 2486 2766 gladiis

865 2805 964 2862 pro
989 2787 1188 2845 Christi
1208 2787 1430 2844 nomine
1459 2788 1755 2844 feriuntur.
1779 2788 2060 2844 Conclusit
2092 2788 2235 2842 Deus
2265 2802 2484 2843 omnem

865 2892 1066 2938 nostra}
1107 2881 1575 2953 tergiversationis
1605 2882 1841 2946 aditum,
1891 2879 2168 2936 obstruxit
2199 2895 2364 2934 omne
2392 2894 2486 2933 ex-

867 2975 1164 3032 cusationis
1184 2975 1438 3029 humana:
1475 2971 1814 3042 confugium.
1846 2970 1989 3027 Ecce
2009 2970 2129 3041 jam
2163 2987 2270 3027 non
2304 2973 2490 3027 valea-

866 3084 989 3124 mus
1021 3084 1144 3124 cum
1169 3069 1330 3122 beato
1358 3066 1672 3138 Apollinare
1719 3081 1822 3137 pro
1863 3065 1975 3121 Deo
2006 3074 2241 3121 mortem
2270 3064 2482 3131 subire,

865 3176 1158 3234 possumus
1191 3160 1389 3217 saltem
1431 3177 1556 3216 cum
1604 3161 1768 3216 beato
1799 3159 2131 3216 Barbatiano
2161 3160 2332 3215 vitam
2372 3159 2487 3215 Deo

2595 1945 2670 2000 rit
2697 1961 2824 2001 eum
2863 1947 2918 2003 in
2957 1958 3203 2017 paterna:
3255 1949 3564 2020 majc-Statis
3609 1951 3747 2006 solio
3807 1962 4221 2008 coruscantem.

2599 2038 2753 2096 Tunc
2774 2042 2843 2097 ad
2868 2042 3110 2114 Virginis
3148 2053 3366 2114 partum
3389 2047 3742 2101 exsultavere
3771 2057 4047 2118 pastores,
4077 2063 4222 2105 nunc

2593 2136 2660 2191 ad
2689 2149 3048 2208 conspectum
3089 2139 3259 2211 358
3290 2140 3524 2212 virginis
3556 2139 3772 2198 confusi
3814 2151 3942 2197 sunt
3984 2142 4227 2216 impera.

2594 2238 2763 2284 tores.
2793 2229 2948 2286 Unus
2993 2240 3081 2288 est
3128 2232 3300 2296 enim,
3351 2233 3495 2287 sicut
3525 2235 3686 2289 beata
3742 2232 3918 2289 Mater
3952 2233 4072 2301 ejus
4099 2236 4219 2302 ait,

2591 2325 2684 2394 qui
2707 2333 2761 2380 et
2793 2344 2810 2377 ‹
2849 2324 3104 2396 deposuit
3132 2336 3388 2397 potentes
3418 2327 3486 2383 de
3533 2327 3689 2393 sede,
3720 2338 3777 2384 et
3803 2328 4072 2384 exaltavit
4119 2327 4221 2384 bu-

2591 2420 2752 2476 niiles
2782 2418 2936 2492 (an.
2978 2421 3063 2492 ιι).
3099 2441 3117 2474 ›
3164 2421 3328 2488 Nam,
3355 2423 3501 2478 sicut
3531 2423 3589 2478 in
3621 2424 3898 2495 descripta
3929 2421 4107 2480 beatae
4129 2420 4227 2479 (ἰο-

2592 2513 2791 2569 ιιιιηιη
2823 2515 3100 2585 reperitur
3147 2516 3408 2583 historia,
3450 2517 3756 2589 imperator
3776 2517 4135 2583 Aurelianus,
4168 2526 4232 2573 ut

2592 2622 2714 2662 eam
2743 2615 2929 2678 posset
2959 2624 2988 2662 a
3018 2607 3264 2664 caelestis
3296 2607 3495 2680 Sponsi
3529 2610 3636 2666 fide
3680 2610 4021 2676 convellere,
4057 2624 4224 2664 cona-

2594 2707 2680 2753 tus
2729 2706 2815 2753 est
2860 2715 2982 2754 eam
3044 2699 3157 2755 filio
3187 2715 3287 2755 suo
3316 2700 3655 2756 matrimonii
3687 2701 3910 2755 vinculo
3935 2700 4222 2771 copulare.

2594 2786 2703 2843 Sed
2741 2789 2897 2860 virgo
2921 2789 3167 2860 prudens
3191 2790 3372 2847 aliena
3403 2807 3634 2862 prorsus
3674 2809 3703 2847 a
3735 2792 3991 2848 fatuitate
4033 2807 4230 2848 vecor-

2592 2877 2696 2932 dice
2718 2888 3044 2936 constanter
3067 2883 3244 2937 tenuit
3271 2882 3518 2954 regulam
3553 2884 3886 2954 disciplinae,
3935 2886 4002 2940 ad
4034 2885 4230 2940 Salva-

2597 2971 2731 3026 toris
2760 2972 2935 3028 nostri
2968 2974 3223 3044 protinus
3254 2977 3496 3031 recurrit
3525 2977 3861 3049 exemplum,
3914 2978 4060 3048 quod
4110 2989 4230 3034 tan-

2595 3082 2759 3136 quam
2789 3067 3267 3138 impenetrabilem
3294 3070 3546 3142 clypeum
3585 3071 3796 3127 fervida
3838 3071 4095 3127 bellatrix
4143 3089 4228 3146 ars

2597 3159 2785 3231 ripuil,
2821 3169 2878 3216 et
2912 3172 3182 3218 venenata
3243 3164 3296 3217 in
3351 3179 3412 3219 se
3454 3164 3662 3234 spicula
3694 3164 4022 3238 dirigentem
4055 3164 4233 3222 divini

865 3255 1172 3326 placentem
1223 3255 1449 3310 ducere.
1518 3253 1774 3326 Magnum
1815 3253 2017 3325 quippe
2062 3261 2146 3309 est
2199 3252 2340 3308 mori
2371 3265 2489 3324 apro
2517 3235 2565 3300 (ἶ
2597 3251 2761 3308 Verbi
2789 3251 3095 3309 Siromaste
3133 3254 3392 3324 perfodit.
3431 3254 3570 3321 Hoc,
3606 3235 4101 3328 inquinantiquus
4128 3258 4231 3314 ho-

865 3345 1104 3410 Christo,
1149 3346 1244 3402 sed
1327 3362 1436 3401 non
1506 3355 1592 3402 est
1673 3344 1904 3401 inferius
1983 3345 2169 3402 vivere
2242 3345 2485 3402 Christo.

870 3436 1174 3510 Utrumque
1233 3439 1380 3496 enim
1438 3438 1494 3494 in
1559 3447 1769 3495 statera
1833 3436 2036 3494 Paulus
2101 3454 2257 3510 aequa
2332 3438 2489 3496 lance

866 3529 1159 3600 pendebat,
1214 3545 1339 3584 cum
1390 3529 1600 3586 diceret
1649 3549 1662 3585 :
1720 3548 1738 3581 ι
1794 3528 1966 3586 Nemo
2027 3530 2174 3586 enim
2233 3539 2489 3596 nostrum

868 3619 972 3675 sibi
1001 3620 1155 3686 vivit,
1181 3631 1236 3676 et
1268 3635 1431 3677 nemo
1459 3621 1564 3678 sibi
1593 3622 1861 3688 moritur;
1890 3623 2006 3679 sive
2042 3623 2191 3679 enim
2213 3622 2484 3690 vivimus,

868 3711 1102 3768 Domino
1129 3713 1398 3781 vivimus;
1432 3715 1547 3772 sive
1595 3715 1885 3779 morimur,
1935 3713 2172 3772 Domino
2197 3716 2488 3772 morimur.

871 3799 1002 3859 Sive
1047 3819 1179 3875 ergo
1230 3807 1490 3873 vivimus,
1541 3808 1658 3862 sive
1707 3807 2000 3874 morimur,
2052 3807 2272 3864 Domini
2304 3823 2496 3864 sumus

867 3892 1048 3967 (Rom.
1081 3894 1219 3968 xlv).
1257 3915 1276 3950 ι
1320 3895 1583 3968 Quisquis
1625 3897 1792 3970 igitur
1839 3908 1990 3953 amat
2037 3899 2366 3972 martyrium
2398 3915 2496 3956 ex-

871 3985 1059 4043 hibeat
1087 4002 1147 4044 se
1176 3987 1442 4061 martyrio
1465 3989 1712 4061 dignum,
1735 3997 1791 4046 et
1819 3989 2074 4061 martyrii
2116 4001 2502 4062 consequetur

874 4078 1068 4150 procul
1091 4080 1258 4136 dubio
1281 4081 1591 4152 praemium.
1643 4079 1762 4138 Non
1798 4089 1982 4154 potest
2017 4082 2341 4154 sanguinem
2374 4083 2497 4141 fun-

872 4170 1043 4242 dere;
1085 4183 1269 4247 potest
1315 4175 1676 4257 semetipsum
1702 4177 2046 4248 paanitentize
2071 4176 2178 4234 telo
2204 4188 2498 4250 percutere

871 4275 929 4324 et
960 4268 1014 4324 in
1043 4269 1226 4325 cordis
1263 4270 1597 4328 contritione
1621 4281 1892 4328 mactare.
1923 4271 2276 4344 Praeparetur
2297 4274 2363 4328 ad
2398 4273 2484 4330 fe-

873 4361 1126 4418 riendum
1152 4360 1398 4436 jugulus,
1444 4379 1553 4420 non
1583 4363 1763 4422 deerit
1811 4375 2229 4432 remunerator,
2270 4366 2495 4423 etiamsi

875 4454 1112 4515 defuerit
1141 4460 1375 4530 gladius.
1407 4461 1570 4518 Deest
1596 4462 1848 4520 carnifex
1885 4463 1980 4536 qui
2009 4463 2284 4521 cervicem
2339 4472 2496 4520 exte-

873 4550 991 4608 rius
1015 4553 1207 4622 feriat;
1233 4553 1563 4626 adestjudex
1587 4557 1682 4628 qui
1705 4557 1862 4614 bona:
1891 4557 2190 4615 voluntatis
2209 4558 2497 4629 praemium

876 4644 1092 4701 reddat.

949 4739 1276 4800 Studeamus
1330 4743 1518 4815 igitur,
1563 4744 1905 4802 dilectissimi
1934 4787 1948 4808 .
2004 4760 2128 4802 cum
2174 4746 2496 4803 beatissimo

874 4835 1194 4922 confessore
1238 4837 1444 4894 Christi
1509 4839 1841 4896 Barbatiano
1882 4840 2069 4896 saeculi
2119 4839 2496 4896 blandimenta

878 4925 1188 4998 despicere,
1217 4945 1404 4986 rerum
1437 4931 1820 5004 temporalium
1847 4931 2185 4988 afﬂuentiam
2221 4933 2492 5000 devitarc,

874 5020 1063 5076 carnis
1095 5021 1370 5078 incentiva
1425 5025 1748 5095 reprimere,
1791 5040 2012 5081 crucem
2066 5035 2191 5097 post
2215 5025 2495 5082 Christum

877 5111 1047 5192 etiam
1077 5114 1132 5169 in
1162 5129 1297 5185 pace
1324 5116 1702 5173 ecclesiastica
1732 5117 1980 5187 bajulare
2005 5159 2020 5184 ,
2077 5127 2352 5189 quatenus
2399 5118 2495 5189 qui

878 5222 1026 5265 nunc
1049 5206 1168 5280 ejus
1192 5210 1511 5266 imitabilem
1536 5213 1820 5282 sequimur
1850 5212 2017 5267 vitam
2041 5227 2168 5267 cum
2199 5212 2316 5282 ipso
2345 5223 2499 5282 post-

879 5300 1105 5356 modum
1124 5301 1548 5358 desiderabilem
1578 5304 1949 5374 perducemur
1977 5303 2042 5357 ad
2074 5303 2334 5376 gloriam,
2357 5318 2500 5374 prae-

879 5400 1063 5449 stante
1083 5394 1313 5450 Domino
1340 5405 1531 5451 nostro
1550 5393 1683 5452 Jesu
1709 5396 1951 5463 Christo,
1983 5397 2076 5466 qui
2106 5411 2233 5451 cum
2258 5395 2422 5450 Patre
2447 5404 2504 5451 et

883 5490 1096 5563 Spiritu
1147 5502 1340 5550 sancto
1384 5495 1522 5551 vivit
1554 5503 1610 5552 et
1639 5494 1912 5567 gloriatur
1934 5509 2033 5566 per
2059 5493 2275 5550 infinita
2299 5493 2502 5550 smeula

881 5585 1233 5645 saeculorum.
1263 5588 1459 5648 Arnen.

1472 5682 1709 5740 SERMO
1744 5682 1932 5740 LXVI.

882 5785 953 5830 »Β
994 5784 1201 5826 sucu
1240 5789 1488 5832 COLUIBA
1517 5793 1736 5834 vinctas
1775 5791 1847 5833 ετ
1887 5791 2144 5833 manus
2173 5774 2305 5848 (xxx
2331 5775 2504 5847 nam).

955 5868 1102 5925 Dum
1129 5880 1427 5943 recentem,
1485 5874 1597 5934 imo
1645 5883 1975 5950 praesentem
2025 5873 2230 5942 adhuc,
2265 5873 2508 5952 Virginis

2524 4629 2578 4690 D

2596 3344 2699 3402 stis
2754 3359 2888 3400 usus
2949 3356 3033 3401 est
3089 3357 3438 3418 argumento,
3487 3363 3608 3403 cum
3657 3349 3892 3405 Domino
3933 3365 4057 3407 meo
4097 3347 4233 3407 Jesu

2595 3437 2820 3494 Christo
2851 3439 3094 3496 ostendit
3112 3441 3299 3496 omnia
3329 3455 3500 3513 regna
3528 3441 3744 3509 mundi,
3777 3444 3967 3500 dicens
4003 3461 4019 3499 :
4051 3464 4070 3495 ‹
4101 3442 4231 3500 Haec

2599 3530 2785 3586 omnia
2819 3531 2918 3587 tibi
2947 3529 3111 3599 dabo,
3139 3531 3184 3588 si
3214 3533 3512 3602 procideus
3534 3534 3857 3592 adoraveris
3882 3551 3970 3591 me
4003 3535 4231 3608 (Matth.

2599 3624 2708 3697 ιιι).
2747 3645 2769 3677 ι

2669 3717 2813 3786 Quid
2844 3727 2930 3774 est
2972 3720 3095 3784 hoc,
3135 3723 3340 3778 fratres
3392 3738 3525 3790 mei,
3577 3740 3707 3794 quia
3765 3726 4073 3795 imperator
4128 3725 4229 3781 iste

2601 3821 2710 3868 tam
2747 3822 2969 3882 potens,
3005 3821 3118 3868 tam
3153 3815 3408 3871 sublimis
3465 3828 3689 3888 tamque
3741 3818 4010 3874 terribilis
4062 3817 4237 3890 fragi-

2579 3907 2706 3974 lem
2738 3906 2975 3978 puellam
3033 3909 3150 3963 suis
3192 3908 3408 3982 legibus
3438 3910 3587 3966 nulla
3625 3911 3804 3982 potuit
3831 3911 4049 3967 ratione
4083 3912 4238 3969 subi-

2600 4013 2749 4072 gere,
2779 4009 2833 4054 ct
2859 4000 3022 4055 modo
3052 4001 3428 4071 promittendo
3458 4016 3711 4074 regnum,
3745 4002 3910 4058 modo
3953 4003 4238 4058 intentam

2602 4094 2672 4146 do
2705 4092 3062 4162 supplicium,
3093 4091 3412 4148 nullatenus
3441 4109 3470 4147 a
3504 4110 3603 4149 suo
3627 4095 3804 4150 valuit
3843 4097 4128 4165 proposito
4155 4095 4238 4152 di-

2600 4185 2858 4240 movere?
2919 4184 3212 4256 Sceptrum
3285 4189 3538 4260 porrigit,
3619 4189 3984 4261 dedignatur;
4051 4192 4237 4246 vibrat

2601 4278 2862 4350 gladium,
2897 4295 3004 4334 non
3040 4287 3296 4335 terretur.
3341 4279 3435 4335 Sic
3482 4280 3685 4336 artifex
3732 4293 3788 4337 ct
3829 4292 4058 4338 cruenta
4108 4300 4234 4340 cru-

2603 4369 2796 4425 delitas
2844 4380 3076 4427 cunctos
3138 4371 3363 4427 malitiae
3427 4388 3540 4428 sua:
3598 4389 3800 4430 nervos
3854 4386 4110 4441 exercet;
4153 4376 4237 4433 sic

2601 4463 2823 4520 blandis
2881 4463 3020 4519 dura
3070 4465 3390 4534 permiscet.
3427 4465 3689 4521 Acutiora
3721 4467 3924 4539 quippe
3948 4478 4077 4523 sunt
4113 4471 4239 4526 auri

2607 4557 2713 4612 tela
2748 4574 2917 4627 quam
2950 4558 3107 4624 ferri,
3130 4567 3188 4613 et
3214 4558 3452 4614 validius
3491 4569 3732 4616 mentem
3767 4560 3973 4633 frangit
4007 4563 4240 4620 honoris

2606 4650 2840 4707 ambitio
2891 4666 3059 4722 quam
3132 4659 3492 4706 tormentum.
3573 4652 3830 4709 Omnium
3899 4656 4088 4726 itaque
4145 4672 4244 4728 ge-

2607 4760 2742 4801 nera
2803 4754 2988 4800 movet
3060 4760 3342 4800 armorum
3413 4755 3473 4801 ut
3539 4749 3729 4804 turris
3791 4748 4001 4805 Christi
4088 4767 4235 4823 qua-

2609 4839 2710 4895 tiat
2735 4837 3192 4905 fundamentum;
3235 4841 3316 4894 sic
3346 4839 3603 4897 columna
3638 4841 3732 4898 Dei
3766 4853 4092 4912 perseverat
4132 4845 4241 4900 im-

2608 4930 2826 4986 rrobilis
2873 4938 2929 4986 et
2997 4940 3270 4987 armatum
3333 4948 3523 5004 regem
3581 4935 3816 4990 inermis
3871 4935 4053 5006 puella
4113 4953 4242 4996 ροη-

2609 5026 2825 5081 temnit.

2681 5116 3025 5189 Dedignatur
3077 5134 3204 5176 esse
3254 5135 3427 5176 nurus
3479 5121 3852 5194 imperatoris,
3892 5140 3999 5179 non
4040 5123 4246 5199 refugit

2609 5215 2825 5270 cruenti
2867 5215 3056 5270 subire
3102 5214 3483 5272 cruciamenta
3535 5221 3780 5276 tortoris.
3832 5219 3973 5287 Quid
4019 5230 4127 5288 est,
4157 5223 4249 5277 in-

2610 5323 2800 5378 quam,
2850 5309 2997 5379 quod
3047 5307 3263 5380 fragilis
3315 5324 3479 5366 sexus
3521 5310 3818 5369 infirmitas
3855 5329 3885 5368 a
3922 5323 4073 5370 tanta
4111 5315 4245 5371 telo.

2610 5417 2731 5456 rum
2756 5399 3024 5472 grandine
3072 5417 3180 5457 non
3225 5403 3582 5458 concutitur?
3610 5404 3769 5462 Modo
3795 5406 4081 5464 blanditiis
4103 5407 4242 5466 deli-

2608 5495 2729 5573 nita
2759 5510 2869 5549 non
2901 5492 3160 5559 ﬂectitur,
3195 5495 3358 5550 modo
3386 5495 3758 5552 intonantium
3806 5498 4081 5554 minarum
4138 5499 4245 5554 im-

2607 5588 2778 5660 petita
2828 5588 3159 5645 stridoribus
3211 5605 3318 5644 non
3369 5599 3641 5646 movetur.
3681 5591 3820 5659 Quid
3845 5603 3929 5647 est
3961 5592 4089 5659 hoc,
4135 5591 4245 5651 nisi

2609 5683 2736 5754 quia
2771 5682 2862 5738 ille
2894 5693 3096 5739 nostra:
3125 5685 3311 5741 carnis
3349 5681 3570 5741 infirma
3605 5695 3927 5757 susceperat
3952 5687 4044 5758 qui
4080 5689 4242 5744 debi-

2608 5775 2752 5833 libus
2802 5785 2859 5832 et
2908 5777 3144 5834 infirmis
3203 5779 3374 5834 robur
3421 5794 3536 5834 sua:
3595 5777 3945 5836 fortitudinis
4008 5779 4248 5835 admini-

2609 5872 2802 5936 διαιιῖ
2854 5872 2938 5930 Ad
2984 5873 3090 5932 hoc
3144 5872 3292 5932 enim
3348 5872 3445 5933 Dei
3512 5873 3691 5932 virtus
3737 5873 4022 5931 exinanita
4067 5883 4153 5932 est
4186 5881 4249 5931 ut
