5450 6330
975 328 1083 387 885

2345 315 2581 374 SERMO
2619 311 2828 372 LXVII.

4192 292 4304 354 886

908 442 911 445 ’
977 442 1207 515 mystice
1237 438 1482 511 ﬁgurari.
1513 436 1666 493 Unde
1688 446 1770 490 est
1799 436 1963 505 quod,
1997 432 2284 505 Scriptura
2319 440 2579 497 testante,
2612 434 2659 495 Α
2687 431 2753 487 ad
2785 429 2947 485 ﬁdem
2978 423 3267 497 recolligit.
3316 422 3385 478 Et
3425 420 3717 478 colubrum
3753 416 3925 472 cauda
3977 422 4148 478 tenet.
4173 428 4304 488 quia

976 536 1118 593 dixit
1148 534 1294 592 Deus
1338 532 1509 604 Moysi
1543 549 1555 584 :
1606 549 1623 582 ι
1662 530 1815 585 Mitte
1850 544 2070 583 manum
2108 529 2162 582 in
2190 526 2371 582 sinum
2405 534 2581 580 tuum.

976 630 1082 698 Qui
1108 644 1230 685 cum
1259 627 1498 682 misisset
1531 625 1584 679 in
1616 620 2084 694 sinum,|protulit
2107 620 2378 692 leprosam
2414 620 2588 673 instar

976 719 1141 776 nlvls.
1209 718 1473 781 Retrahe,
1523 715 1619 782 ait,
1672 730 1892 770 manum
1926 709 1992 769 in
2047 713 2225 769 sinum
2268 723 2439 767 tuum.
2480 712 2585 767 Re.

976 814 1177 878 traxit,
1208 821 1263 869 et
1298 810 1526 883 protulit
1550 811 1780 875 iterum,
1816 817 1871 863 et
1901 816 2022 864 erat
2050 808 2248 864 similis
2274 809 2425 865 carni
2460 806 2587 861 reli-

976 924 1101 980 quas
1129 904 1326 979 (Exod.
1360 903 1458 977 tv).
1502 925 1520 957 ι
1555 903 1697 971 Quid
1737 904 1839 959 hoc
1884 903 2006 957 loco
2035 917 2133 972 per
2161 918 2382 957 manum
2415 900 2597 973 Moysi-

978 999 1298 1070 designatur
1330 996 1433 1052 nisi
1465 994 1636 1051 Filius
1666 996 1805 1051 Dei?
1836 994 1995 1052 Unde
2015 996 2219 1051 dicitur
2249 996 2301 1049 in
2328 994 2543 1050 Psalmo
2568 1012 2581 1049 :

985 1108 1006 1144 ι
1037 1090 1157 1145 Fiat
1187 1104 1384 1145 manus
1416 1098 1505 1143 tua
1554 1097 1612 1143 ut
1659 1086 1830 1144 salvet
1872 1104 1959 1142 me
1988 1086 2162 1159 (Psal.
2196 1086 2412 1159 cxvm).
2448 1106 2466 1139 ι
2512 1085 2590 1142 Ac

974 1186 1026 1242 si
1050 1184 1257 1240 diceret
1288 1200 1302 1238 :
1337 1182 1460 1240 Fiat
1487 1182 1598 1249 ille,
1619 1198 1718 1254 per
1740 1198 1902 1254 quem
1934 1182 2080 1238 facta
2110 1193 2241 1237 sunt
2270 1172 2476 1245 omnia,
2505 1191 2587 1246 ut,

977 1274 1109 1331 dum
1137 1273 1226 1332 ille
1246 1284 1491 1343 creatur,
1546 1290 1577 1329 a
1629 1284 1817 1331 reatus
1861 1274 1943 1329 sui
1994 1273 2251 1346 contagio
2301 1273 2587 1329 liberetur.

978 1365 1111 1424 Haec
1150 1382 1345 1423 manus
1400 1367 1453 1421 in
1506 1367 1628 1423 sinu
1657 1365 1837 1422 Patris
1868 1374 1987 1433 est,
2031 1367 2174 1421 sicut
2206 1364 2447 1421 Joannes
2488 1365 2593 1420 Ba-

976 1458 1147 1532 ptista
1164 1458 1301 1515 dicit
1328 1474 1343 1513 :
1378 1478 1396 1512 t
1426 1458 1618 1526 Filius,
1647 1460 1737 1530 qui
1768 1470 1851 1515 est
1879 1460 1933 1515 in
1956 1460 2079 1516 sinu
2101 1458 2303 1525 Patris,
2320 1460 2439 1530 ipse
2461 1475 2593 1515 nar-

979 1550 1125 1606 ravit
1153 1550 1338 1617 (Ioan.
1365 1550 1453 1623 ιι).
1494 1570 1512 1605 ι
1543 1550 1649 1607 Sed
1685 1567 1880 1607 manus
1911 1554 2028 1608 haec
2052 1568 2176 1608 cum
2208 1553 2276 1608 de
2304 1553 2427 1608 sinu
2461 1569 2591 1624 pro-

979 1642 1093 1698 lato
1121 1652 1227 1708 est,
1254 1644 1359 1698 hoc
1393 1652 1499 1707 est,
1536 1659 1661 1699 cum
1692 1659 1791 1714 per
1820 1645 2140 1717 mysterium
2185 1644 2590 1702 incarnationis

981 1736 1259 1807 apparuit,
1318 1746 1663 1805 peccatorem
1719 1751 1882 1802 eum,
1934 1746 1991 1792 et
2050 1746 2313 1808 tanquam
2366 1737 2594 1793 sceleris

2690 539 2837 589 eum,
2857 537 3018 594 quem
3038 518 3327 575 mortalem
3351 524 3480 571 ante
3503 515 3853 584 despexerat,
3878 507 4306 578 Redemptorem

2692 628 2851 672 suum
2888 613 2942 667 in
2989 609 3180 665 ultima
3217 606 3332 678 jam
3356 604 3531 678 parte
3560 603 3822 660 Ecclesiae
3850 598 4164 657 conﬁtetur.
4198 595 4308 653 Sed

2692 726 2818 766 mox
2843 722 3068 780 serpens
3098 707 3153 761 in
3182 704 3396 775 virgam
3422 700 3585 766 redit,
3613 698 3740 780 quia
3768 696 3952 752 statim
3972 690 4311 747 utJudaicus

2691 778 3014 875 populus‘in
3055 796 3488 866 Redemptorcm
3521 778 3769 854 nostrum
3810 784 4130 849 crediderit,
4164 781 4309 837 idem

2691 874 3027 963 Redemptor
3061 890 3130 947 ad
3157 888 3428 959 judicium
3462 886 3514 940 in
3546 890 3825 956 potestate
3858 894 3971 940 sua:
4001 874 4311 932 divinitatis

2693 982 3001 1056 apparebit,
3032 990 3095 1037 ut
3135 981 3185 1036 ei
3216 976 3332 1049 jam
3363 984 3591 1047 serpens
3620 974 3775 1046 virga
3813 972 3908 1040 sit,
3941 969 4067 1041 quia
4129 967 4177 1022 is
4215 966 4312 1037 qui

2694 1079 2748 1134 in
2774 1086 2921 1133 terra
2952 1078 3117 1131 homo
3143 1073 3436 1142 deSpectus
3467 1076 3574 1135 est,
3602 1067 3670 1123 de
3692 1064 3835 1121 cmlo
3862 1060 4116 1125 veniens,
4145 1071 4314 1129 super

2694 1168 2916 1242 angelos
2948 1165 3223 1222 videbitur
3253 1164 3417 1219 Deus.

2767 1261 2924 1317 Sicut
2966 1275 3099 1331 ergo
3141 1256 3440 1321 Dominus,
3488 1262 3545 1309 et
3592 1252 3712 1308 sine
3758 1249 3910 1319 lepra
3948 1246 4224 1318 leprosus,
4254 1247 4315 1297 et

2695 1355 2814 1411 sine
2838 1366 3057 1408 veneno
3088 1364 3317 1419 serpens
3352 1362 3451 1419 per
3481 1343 3806 1418 mysterium
3831 1341 4069 1406 dicitur;
4100 1337 4175 1393 ita
4225 1334 4309 1389 ni-

2696 1444 3031 1508 hilominus,“
3056 1450 3111 1498 et
3159 1442 3278 1497 sine
3330 1438 3587 1495 fatuitate
3619 1434 3820 1492 stultus
3843 1476 3859 1500 ,
3888 1440 3946 1489 et
3976 1432 4095 1488 sine
4128 1428 4303 1485 imbe‘

2690 1534 2929 1596 cillit’ate
2979 1536 3307 1609 perhibetur
3327 1533 3610 1622 inﬁrmus.
3644 1530 3747 1597 Qui
3799 1527 4066 1583 nimirum
4122 1524 4203 1581 sic
4248 1536 4312 1577 se

2697 1641 2901 1689 nostra;
2950 1627 3258 1684 inﬁrmitati
3292 1620 3575 1698 cumpouit
3616 1633 3784 1692 atque
3819 1624 4201 1689 contemperat
4251 1620 4315 1670 ut

2698 1733 2753 1779 et
2773 1740 2895 1780 cum
2925 1721 3319 1778 dimicantibus
3339 1726 3537 1786 certet,
3563 1725 3757 1774 etcum
3778 1711 4117 1786 patientibus
4144 1703 4312 1765 simul

980 1825 1134 1897 lepra
1182 1825 1485 1897 perfusum.
1538 1827 1585 1883 is
1640 1827 1782 1882 unde
1808 1837 2156 1899 processerat
2184 1828 2416 1899 populus
2446 1827 2594 1883 testi-
2624 1816 2672 1877 B
2701 1818 2969 1891 supplicia
3004 1816 3223 1873 toleret.

986 1920 1186 1976 mavit.
1221 1919 1372 1976 Unde
1396 1920 1527 1975 dicit
1557 1920 1766 1976 Isaias:
1812 1940 1831 1973 ί
1869 1921 1934 1977 Et
1974 1938 2075 1979 nos
2100 1924 2413 1993 putavimus
2463 1936 2592 1978 eum

984 2010 1137 2081 quasi
1164 2008 1460 2080 leprosum,
1505 2019 1559 2065 et
1591 2026 1913 2081 percussum
1944 2028 1973 2067 a
2016 2012 2127 2068 Deo
2156 2023 2210 2069 et
2236 2013 2586 2069 humiliatum

990 2105 1144 2183 (hei.
1172 2105 1312 2180 un).
1354 2128 1372 2160 ι
1407 2107 1515 2164 Sed
1576 2124 1774 2164 manus
1793 2109 1916 2164 haec
1935 2124 2059 2164 cum
2096 2109 2150 2164 in
2188 2109 2368 2164 sinum
2409 2108 2594 2173 rediit,

983 2200 1193 2272 lepram
1244 2216 1471 2271 prorsus
1522 2200 1739 2267 amisit;
1810 2202 1937 2271 quia
1999 2200 2334 2271 Redemptor
2394 2211 2589 2257 noster

982 2300 1271 2362 postquam
1298 2292 1367 2345 ad
1414 2288 1632 2345 Patrem
1656 2290 1871 2347 calcato
1914 2291 2108 2347 mortis
2147 2292 2378 2361 imperio
2406 2292 2593 2359 rediit,

978 2380 1091 2463 jam
1146 2382 1200 2437 iu
1246 2382 1359 2438 ﬁne
1414 2382 1597 2438 saeculi
1648 2398 1755 2439 non
1802 2394 2062 2454 peccator
2109 2386 2294 2451 homo,
2344 2390 2441 2442 sed
2467 2402 2597 2443 vere

983 2473 1129 2529 Deus
1193 2482 1249 2529 et
1295 2475 1461 2531 homo
1512 2472 1716 2530 Judazis
1779 2476 2035 2531 omnibus
2087 2477 2390 2547 apparebit.
2451 2478 2599 2535 Scri~
2646 2542 2649 2543 ν

982 2576 1139 2638 ptum
1177 2568 1383 2639 quippe
1430 2578 1555 2624 est:
1590 2587 1608 2620 ι
1648 2567 1785 2635 Quia
1826 2568 1870 2623 si
1929 2568 2096 2623 fuerit
2136 2586 2425 2626 numerum
2459 2571 2601 2627 ﬁlio-

984 2673 1105 2713 rum
1134 2658 1302 2714 lsrael
1334 2659 1476 2715 sicut
1502 2656 1669 2715 arena
1712 2658 1906 2728 maris,
1942 2658 2187 2731 reliquiae
2218 2660 2388 2717 salva:
2412 2671 2593 2718 erunt.

986 2747 1168 2823 (Rom.
1194 2750 1295 2821 ιι).
1335 2770 1355 2805 ι

1056 2842 1161 2899 Per
1181 2852 1493 2916 serpentem
1522 2861 1739 2918 quoque
1767 2854 2032 2915 nguratus
2054 2855 2159 2913 est,
2190 2861 2315 2902 cum
2350 2848 2418 2904 ad
2444 2864 2598 2903 eum-

990 2938 1112 2995 dem
1142 2936 1363 3011 Moysen
1392 2939 1655 2997 Dominus
1682 2940 1759 2996 ait
1788 2960 1802 2996 :
1839 2960 1858 2996 ι
1890 2940 2029 3009 Quid
2053 2949 2137 2998 est
2162 2941 2307 3013 quod
2351 2951 2505 2999 tenes
2540 2942 2597 2998 in

987 3047 1150 3087 manu
1183 3032 1315 3089 tua?
1365 3034 1669 3105 Respondit
1700 3052 1713 3089 :
1749 3033 1992 3106 Virgam.
2039 3035 2135 3090 Ait
2168 3052 2183 3090 :
2232 3033 2447 3105 Projice
2473 3049 2598 3091 eam

987 3123 1041 3178 in
1090 3132 1310 3180 terram.
1340 3124 1617 3198 (Proiecit,
1671 3134 1741 3181 et“
1776 3141 1937 3181 versa
1966 3135 2050 3182 est
2101 3127 2154 3180 in
2178 3126 2487 3192 colubrum,
2520 3127 2595 3181 ita

2771 1911 2919 1982 Quid
2940 1926 3073 1984 ergo
3104 1910 3306 1965 mirum
3345 1907 3390 1963 si
3441 1906 3603 1962 beata
3644 1898 3941 1970 minuma,
3987 1897 4116 1951 dum
4152 1893 4320 1949 tribu-

2698 2004 2917 2065 nalibus
2954 2002 3131 2057 rabidi
3162 1998 3536 2073 persecutoris
3566 1995 3878 2055 assisteret,
3908 2001 3966 2047 et
3998 1989 4158 2045 fortis
4195 1996 4321 2043 erat

2701 2098 2755 2153 in
2784 2095 3171 2168 suppliciis,_et
3221 2094 3442 2163 sapiens
3475 2090 3529 2145 in
3582 2085 3903 2158 responsis;
3937 2083 4005 2150 si,
4048 2082 4176 2137 dum
4224 2077 4318 2134 illa

2680 2188 3084 2260 torquebatur,
3118 2202 3219 2257 per
3249 2201 3370 2240 eam
3404 2183 3547 2262 alius
3599 2178 3971 2251 loquebatur?
4022 2175 4119 2234 Illa
4163 2173 4324 2229 nimi-

2702 2294 2821 2334 rum
2860 2279 3104 2350 liuguam
3149 2278 3427 2340 movebat,
3483 2274 3578 2331 sed
3622 2273 3765 2328 alius
3812 2270 3985 2325 verba
4020 2266 4321 2323 formabat.

2707 2393 2726 2427 ι
2756 2374 2874 2438 Non
2903 2374 3073 2440 enim,
3102 2373 3302 2443 inquit,
3325 2386 3426 2427 vos
3449 2369 3581 2426 estis
3604 2368 3698 2440 qui
3726 2363 4041 2438 loquimini,
4070 2363 4165 2420 sed
4198 2360 4325 2432 Spi-

2700 2470 2840 2526 ritus
2859 2470 3041 2525 Patris
3068 2468 3260 2533 vestri,
3285 2466 3379 2538 qui
3404 2461 3719 2536 loquituriu
3743 2458 3901 2515 vobis
3927 2455 4148 2528 (Matth.
4178 2454 4259 2525 ιι).
4300 2471 4319 2506 ι

2699 2562 2848 2618 Illius
2888 2571 3009 2619 erat
3035 2576 3315 2633 exponere
3344 2572 3547 2630 corpus
3587 2554 3654 2610 ad
3685 2567 3931 2626 pmnam,
3970 2549 4128 2606 alteri
4169 2563 4326 2605 com-

2701 2656 2926 2728 pctebat
2950 2656 3170 2710 virtutis
3195 2668 3260 2709 ac
3286 2650 3570 2724 patientiae
3599 2648 3919 2704 ministrare
3931 2642 4325 2702 constantiam.

2700 2749 3011 2805 Assistebat
3061 2746 3284 2819 quidem
3330 2740 3703 2801 tribunalibus
3750 2737 3923 2811 regis,
3966 2734 4329 2807 torquebatur

2703 2843 2956 2901 manibus
2986 2839 3235 2911 subjecta
3263 2836 3565 2904 carniﬁcis,
3599 2833 3695 2891 sed
3722 2830 4014 2909 deridebat
4031 2836 4330 2898 utrumque

2702 2947 2755 2993 et
2787 2936 3072 3009 iudicante
3114 2931 3405 2989 sublimior
3445 2938 3501 2987 et
3545 2916 3810 2999 puniente
3839 2922 4138 2981 robustior.
4170 2917 4331 2978 Unde

2701 3046 2934 3103 sponsus
2960 3032 3012 3083 in
3043 3028 3309 3094 Canticis,
3334 3026 3483 3081 velut
3502 3024 3571 3080 ad
3601 3037 3726 3079 eam
3761 3031 4073 3076 sermonem
4111 3012 4327 3085 specia-

2706 3126 2832 3180 liter
2860 3124 3067 3192 dirigit,
3100 3138 3225 3176 cum
3251 3120 3329 3175 ait
3356 3137 3369 3174 :
3417 3136 3436 3170 ι
3466 3117 3641 3185 Quam
3672 3113 3905 3185 pulchra
3932 3126 3995 3167 es
4020 3118 4076 3165 et
4100 3108 4328 3174 dettom,

988 3223 1047 3268 ut
1077 3214 1286 3286 fugeret
1314 3216 1543 3289 Moyses.
1575 3218 1831 3288 Dixitque
1864 3219 2128 3274 Dominus
2158 3236 2171 3272 :
2198 3217 2444 3276 Extende
2485 3234 2600 3272 ma-
2623 3210 2676 3275 C
2708 3218 3033 3275 charissima
3058 3259 3073 3283 ,
3106 3216 3160 3269 in
3193 3212 3440 3271 deliciis!
3483 3210 3709 3273 Statura
3750 3216 3841 3263 tua
3889 3202 4191 3259 assimilata
4248 3203 4337 3257 est

987 3320 1116 3361 num
1144 3315 1315 3375 tuam,
1340 3316 1396 3365 et
1423 3310 1773 3381 apprehende
1797 3310 2028 3367 caudam
2059 3309 2195 3379 ejus.
2228 3311 2508 3376 Extendit,
2544 3321 2603 3366 et

989 3403 1184 3470 tenuit,
1235 3416 1502 3475 versaque
1552 3411 1637 3459 est
1691 3404 1746 3459 in
1800 3404 2011 3477 virgam
2036 3404 2235 3477 (Exod.
2276 3405 2373 3473 tv).
2406 3425 2422 3458 ι
2461 3404 2603 3472 Quid

987 3506 1087 3563 per
1108 3491 1351 3566 Moysen,
1385 3472 1489 3551 nisi
1515 3492 1777 3552 Iudaicus
1801 3472 2070 3567 populus?
2101 3497 2170 3553 Et
2204 3472 2339 3566 quid
2366 3510 2464 3567 per
2493 3498 2603 3551 vir—

987 3603 1134 3660 gam,
1186 3586 1292 3643 nisi
1353 3594 1598 3659 potestas
1632 3588 1793 3661 361
1834 3590 2197 3647 Divinitatis?
2244 3589 2312 3645 Et
2341 3590 2471 3661 quid
2506 3605 2605 3662 per

990 3690 1324 3758 serpentem,
1380 3682 1487 3737 nisi
1535 3684 1845 3740 mortalitas
1895 3684 2070 3739 nostri
2094 3683 2478 3755 Redemptoris
2503 3700 2602 3739 cx-

988 3772 1279 3843 primitur't
1338 3771 1475 3841 Quia
1533 3774 1679 3828 enim
1736 3789 1835 3844 per
1865 3784 2180 3849 serpentem
2230 3789 2402 3839 mors,
2456 3784 2604 3830 recte

990 3861 1295 3918 mortalitas
1324 3862 1376 3917 in
1404 3872 1679 3932 serpente,
1714 3864 1796 3920 vel
1833 3874 2005 3931 certe,
2038 3880 2161 3920 cum
2192 3865 2460 3935 scriptum
2492 3865 2599 3919 sit:

994 3973 1013 4008 σ
1051 3954 1240 4013 Estote
1282 3956 1577 4026 prudentes
1623 3958 1766 4013 sicut
1821 3968 2107 4030 serpentes
2176 3958 2399 4028 (Matth.
2454 3959 2544 4025 x);
2579 3976 2597 4009 ι

992 4046 1115 4119 quia
1167 4046 1282 4118 ipsa
1329 4063 1541 4103 summa
1570 4050 1883 4121 prudentia,
1910 4050 1963 4107 id
2004 4061 2121 4118 est,
2165 4053 2259 4108 Dei
2305 4052 2601 4121 sapientia,

990 4138 1263 4194 incarnari
1308 4140 1530 4213 dignata
1579 4153 1685 4211 est,
1716 4154 1863 4199 recte
1900 4147 2017 4215 ejus
2062 4146 2370 4200 mortalitas
2396 4145 2448 4199 in
2483 4160 2605 4201 ser—

988 4242 1153 4302 pente
1180 4232 1491 4310 ﬁguratur.
1551 4235 1705 4293 Unde
1734 4248 1789 4295 et
1819 4239 1871 4293 in
1906 4240 2200 4311 Evangelia
2249 4243 2315 4296 de
2349 4244 2607 4313 passione

991 4341 1088 4383 sua
1120 4327 1380 4398 laquitur,
1434 4330 1622 4386 dicens
1652 4350 1663 4385 :
1709 4350 1728 4385 ι
1766 4332 1922 4388 Sicut
1949 4333 2164 4408 Moyses
2185 4337 2454 4396 exaltuvit
2484 4352 2605 4392 ser-

988 4429 1205 4491 pentem
1239 4422 1293 4477 in
1325 4424 1567 4491 deserto,
1604 4425 1680 4483 ita
1703 4426 1937 4483 exaltari
1966 4438 2184 4501 oportet
2212 4428 2384 4488 ﬁlium
2426 4430 2610 4486 homi-

991 4511 1077 4568 nis
1101 4510 1283 4583 (Joan.
1312 4514 1418 4585 ιιι).
1459 4535 1477 4568 ι

2707 3310 2900 3381 palmae
2932 3300 3112 3381 (Cant'.
3142 3306 3263 3375 vn).
3300 3326 3318 3359 ι
3353 3303 3508 3359 Mens
3547 3302 3748 3372 quippe
3781 3308 3973 3355 sancta
4001 3295 4335 3354 charissima

2709 3404 2761 3459 in
2798 3402 3011 3457 deliciis
3036 3401 3261 3464 dicitur,
3300 3398 3429 3469 quia
3470 3397 3599 3451 dum
3632 3390 4115 3465 persecutionibus
4142 3388 4334 3445 attrita

2708 3495 2843 3551 foris
2868 3493 3149 3565 aﬁligitur,
3188 3492 3295 3562 piis
3322 3499 3566 3546 :estuans
3595 3485 3889 3543 desideriis
3930 3483 4226 3540 suavitatis
4252 3483 4339 3537 in-

2711 3588 2856 3644 timaa
2912 3585 3198 3641 dulcedine
3257 3592 3562 3639 recreatur.
3622 3578 3793 3652 Cujus
3857 3587 4069 3635 statura
4135 3576 4339 3648 palum

2712 3680 2913 3736 similis
2943 3679 3167 3751 dicitur,
3197 3678 3324 3747 quia
3357 3675 3500 3731 sicut
3533 3689 3643 3730 non
3686 3673 3949 3728 vitiorum
3994 3660 4339 3725 titillantium

2710 3772 2952 3833 ﬂatibus,
2990 3772 3065 3824 ita
3104 3784 3208 3825 nec
3255 3764 3705 3841 persecutionum
3751 3763 3917 3837 362
3961 3760 4343 3833 quarumlibet

2711 3864 3017 3922 terroribus
3048 3863 3365 3927 inclinatur.
3404 3861 3654 3931 Dumque
3705 3873 3828 3914 eam
3880 3855 4337 3929 persequentium

2710 3956 2895 4011 rabies
2924 3955 3073 4011 velut
3102 3955 3362 4024 impactis
3392 3954 3670 4009 minarum
3695 3949 3967 4006 arietibus
3990 3948 4216 4053 ’pulsat,
4243 3947 4340 4006 illa

2713 4046 3071 4104 fundamento
3116 4049 3332 4102 invictae
3371 4044 3497 4101 fidei
3532 4051 3860 4101 constanter
3890 4042 4107 4107 innixa,
4140 4054 4341 4097 revera

2713 4149 2865 4196 stans
2892 4149 2945 4195 et
2979 4139 3404 4209 supereminens
3436 4135 3826 4207 insuperabilis
3854 4142 4195 4205 perseverat.
4226 4130 4337 4187 Ne-

2713 4247 2985 4303 quaquam
3022 4230 3131 4285 illis
3156 4230 3373 4292 similis,
3400 4229 3559 4300 cujus
3586 4244 3685 4298 per
3710 4226 4037 4298 prophetam
4071 4228 4138 4280 de
4178 4224 4342 4279 mali-

2713 4322 2836 4395 gnis
2867 4320 3153 4393 spiritibus
3180 4321 3423 4376 dicitur:
3466 4339 3482 4371 ι
3522 4320 3663 4386 Quia
3702 4317 4137 4373 humiliaverunt
4189 4326 4242 4370 te
4280 4322 4339 4369 et

2714 4417 2974 4473 dixerunt
3027 4416 3225 4471 animae
3280 4424 3439 4469 tuae:
3492 4412 3810 4478 lncurvare,
3869 4420 3929 4466 ut
3983 4420 4339 4466 transeamus

2718 4511 2875 4581 (Isai.
2925 4510 3037 4577 u);
3080 4529 3097 4563 ι
3166 4509 3262 4567 sed
3322 4508 3453 4563 illud
3498 4506 3681 4577 potius
3734 4518 3964 4561 servans
4007 4503 4154 4573 quod
4210 4501 4339 4558 ﬁliis

1063 4602 1277 4676 Moyses
1301 4623 1433 4679 ergo
1455 4609 1667 4681 virgam
1695 4617 1891 4675 tenurt.
1923 4614 2048 4682 quia
2079 4613 2342 4673 Judaicus
2366 4586 2601 4685 populus
2629 4592 2681 4652 Ῐ)
2707 4603 2878 4660 Israel
2928 4586 3203 4659 ‘Dominus
3248 4601 3323 4655 ait
3351 4618 3363 4653 :
3396 4619 3415 4652 ι
3453 4599 3566 4675 Ego
3622 4613 3766 4663 sum,
3821 4596 4023 4667 inquit,
4060 4595 4328 4649 Dominus

992 4702 1120 4751 ante
1150 4693 1539 4769 Redemptoris
1567 4704 1861 4757 adventum
1891 4704 1944 4759 in
1969 4704 2149 4760 divina
2182 4713 2449 4774 potestate
2473 4722 2605 4762 con-

991 4786 1127 4848 ﬁsus
1150 4802 1237 4846 est
1274 4808 1289 4852 ξ
1323 4792 1421 4848 sed
1446 4794 1659 4866 virgam
1694 4796 1748 4851 in
1773 4806 1973 4854 terram
2003 4799 2255 4871 projecit,
2291 4801 2419 4870 quia
2452 4802 2593 4860 idem

988 4882 1223 4953 populus
1235 4886 1690 4955 perpatriarchas
1710 4904 1773 4944 ac
1796 4891 2091 4960 prophetas
2114 4891 2283 4946 Deum
2309 4891 2579 4948 iucarnan

989 4971 1120 5028 dum
1150 4988 1271 5030 esse
1290 4977 1583 5031 nuntiavit.
1610 4975 1769 5048 Virga
1796 4994 1925 5035 vero
1946 4980 2001 5034 in
2029 4980 2313 5036 colubrum
2346 4982 2606 5049 vertitur,

990 5064 1117 5135 quia
1155 5065 1490 5138 Redemptor
1510 5076 1698 5125 noster
1729 5070 1873 5125 Deus
1899 5070 1953 5125 iu
1986 5087 2047 5127 se
2072 5087 2425 5141 permanens,
2455 5087 2606 5128 mor-

991 5156 1116 5213 talis
1146 5156 1292 5213 inter
1313 5159 1566 5216 homines
1588 5160 1769 5217 factus
1800 5171 1905 5219 est.
1935 5163 2041 5219 Sed
2072 5164 2286 5237 Moyses
2309 5165 2598 5223 colubrum

993 5250 1343 5321 conspiciens
1368 5252 1657 5323 pertimuit
1686 5264 1741 5309 et
1774 5252 1935 5327 fugit,
1969 5257 2095 5327 quia
2127 5256 2393 5314 Judaicus
2425 5273 2603 5329 pepu-

992 5340 1080 5397 lus
1126 5343 1257 5397 dum
1313 5342 1738 5416 Redemptorem
1784 5348 2008 5403 humani
2059 5351 2277 5418 generis
2314 5352 2606 5406 mortalem

991 5434 1163 5498 vidit,
1215 5436 1343 5491 dum
1390 5438 1665 5505 crederet,
1702 5442 1860 5509 quasi
1918 5440 2307 5503 formidolosus
2356 5444 2604 5513 expavit.

991 5524 1094 5583 Cui
1123 5526 1347 5599 jubetur
1385 5536 1447 5582 ut
1486 5530 1772 5585 colubrum
1805 5532 1978 5587 cauda
2007 5541 2219 5599 teneat,
2254 5535 2383 5603 quia
2440 5534 2610 5605 perﬁ-

992 5614 1099 5672 dus
1121 5616 1210 5670 ille
1233 5618 1486 5688 populus,
1512 5620 1603 5689 qui
1634 5622 1794 5676 modo
1820 5625 2047 5679 credere
2070 5634 2311 5690 recusat,
2337 5627 2392 5681 in
2418 5636 2606 5683 extre-

994 5727 1088 5769 tua
1125 5723 1282 5781 parte
1316 5713 1582 5769 Dominici
1616 5718 1883 5787 corporis,
1915 5720 1965 5773 id
1998 5730 2105 5786 est,
2134 5722 2427 5791 posteriori
2465 5730 2605 5777 tem-

993 5819 1130 5882 pore
1157 5813 1361 5861 sancta:
1390 5804 1675 5879 Ecclesiae,
1714 5810 1967 5869 videlicet
2009 5813 2064 5870 in
2106 5812 2214 5871 ﬁne
2237 5813 2453 5886 mundi,
2480 5829 2608 5877 sese

2715 4700 2881 4762 Deus,
2912 4697 3003 4771 qui
3052 4696 3232 4767 eripui
3277 4710 3377 4749 vos
3424 4693 3492 4748 de
3518 4690 3799 4763 ergastulo
3830 4687 4238 4760 Egyptiorum,
4277 4692 4342 4742 ut

2715 4789 3048 4854 incederetis
3088 4788 3222 4843 recti
3250 4784 3450 4857 (Exod.
3482 4785 3582 4869 vt).
3620 4774 3638 4834 ἡ
4017 4856 4022 4863 ,
4103 4853 4112 4862 ν

2788 4882 2857 4939 Ει
2879 4880 3142 4951 quoniam
3172 4879 3354 4950 palma
3381 4874 3518 4931 solet
3548 4866 3769 4929 mnuum
3793 4886 3997 4943 ornare
4017 4866 4337 4936 ‘victricem,

2718 4984 2869 5038 recte
2922 4982 3115 5029 sancta
3171 4986 3226 5026 et
3284 4967 3674 5039 insuperabilis
3733 4964 3918 5020 anima
3967 4962 4163 5035 palmae
4213 4977 4340 5019 esse

2715 5067 2914 5133 similis
2944 5064 3285 5143 perhibetur,
3331 5062 3456 5133 quia
3486 5072 3830 5132 perromnem
3882 5057 3967 5113 sui
4016 5056 4341 5113 certaminis

2713 5176 2936 5221 cursum
2968 5168 3207 5233 peracta:
3234 5158 3480 5211 victoriae
3502 5154 3787 5226 praemium
3812 5152 4130 5207 meditatur.
4155 5144 4340 5222 Atque

2714 5254 2923 5310 idcirco
2965 5251 3313 5321 ﬁoccipendit
3361 5263 3525 5305 omne
3563 5247 3707 5317 quod
3753 5246 3808 5301 in
3855 5244 4064 5299 inﬁmis
4118 5242 4337 5311 tolerat,

2716 5350 3010 5421 quierecta
3037 5347 3181 5402 velut
3203 5346 3407 5417 palma,
3438 5345 3493 5399 id
3512 5341 3659 5415 quod
3684 5341 3738 5396 in
3766 5340 4090 5397 caelestibus
4113 5330 4337 5409 aspicit.

2717 5442 2954 5504 ﬁrmiter
3004 5450 3210 5511 sperat.
3254 5439 3371 5493 Huc
3399 5437 3635 5502 accedit,
3678 5436 3809 5506 quia
3838 5451 3965 5491 cum
4000 5433 4125 5491 coeli
4156 5432 4342 5489 Domi-

2719 5549 2850 5589 num
2882 5534 3133 5609 eamdem
3160 5532 3431 5603 passionis
3460 5532 3605 5585 viam
3628 5529 3977 5603 percurrisse
4004 5540 4340 5583 commemo-

2719 5638 2827 5693 rat,
2857 5628 2971 5697 jam
3001 5644 3083 5693 se,
3128 5643 3249 5699 qure
3300 5628 3478 5698 pulvis
3508 5636 3562 5681 et
3594 5626 3735 5681 cinis
3761 5635 3883 5693 est,
3918 5625 4003 5680 sui
4033 5621 4341 5678 Salvatoris

2720 5723 2925 5779 imitari
2961 5723 3193 5795 vestigia
3222 5722 3575 5778 vehementer
3597 5721 3854 5777 exsultat.
3892 5718 4049 5776 Unde
4069 5726 4136 5781 et
4158 5717 4336 5772 cidem

2719 5829 2935 5892 890an
2968 5830 3207 5889 sponsus
3248 5814 3326 5871 ait
3354 5832 3368 5870 :
3408 5833 3427 5868 ι
3458 5814 3641 5873 Comae
3672 5815 3867 5888 capitis
3904 5813 3985 5870 tui
4012 5821 4074 5870 ut
4097 5822 4343 5885 purpura
