5450 6332
970 454 1176 517 Sermo
1213 449 1337 519 111.
1372 453 1466 515 De
1484 451 1723 520 eadem.

969 557 1177 622 Seruio
1209 556 1319 624 IV.
1367 556 1455 620 De
1483 555 1712 622 eadem.

1518 703 1758 765 SERIO
1781 705 1995 767 LXVII.

1469 835 1525 876 nt
1546 835 1747 889 utrm
1771 837 2058 883 ηιαιπυιι.

1021 929 1186 991 -lnter
1209 941 1409 991 cuncta
1437 941 1755 1013 sanctorum
1787 944 1966 1010 gesta,
1997 935 2198 995 fratres
2219 927 2563 1005 charissimi,

969 1025 1098 1083 nihil
1113 1035 1199 1083 est
1223 1027 1369 1099 quod
1392 1025 1516 1099 plus
1535 1042 1702 1099 quam
1730 1043 2015 1086 sacrarum
2037 1030 2268 1087 victoria
2288 1029 2568 1103 virginum

966 1120 1052 1192 pia
1092 1119 1279 1186 corda,
1329 1119 1414 1177 vel
1464 1121 1534 1177 ad
1580 1137 1826 1183 amorem
1877 1122 2195 1181 Conditoris
2242 1124 2565 1190 accendere,

914 1222 916 1225 ·
970 1211 1049 1268 vel
1102 1213 1170 1287 ad
1221 1214 1440 1270 fortiter
1490 1199 1764 1286 agendum
1793 1214 1979 1272 valeat
2025 1215 2254 1273 uberius
2297 1216 2564 1273 excitare.

967 1303 1096 1375 Quis
1124 1307 1292 1373 enim,
1329 1306 1517 1362 audito
1549 1307 1771 1364 nomine
1799 1308 2052 1381 virginis,
2078 1323 2188 1366 nou
2224 1308 2477 1382 protinus
2510 1308 2569 1365 in

970 1398 1288 1455 memoriam
1342 1408 1565 1457 revocet
1616 1399 1874 1458 humanae
1916 1399 2112 1458 salutis
2140 1400 2454 1465 exordium,
2503 1414 2570 1457 ac

964 1489 1292 1562 singularem
1344 1489 1497 1545 illum
1541 1505 1649 1547 non
1697 1491 1907 1548 recolat
1951 1491 2293 1550 intemeratae
2322 1489 2570 1565 Virginis

965 1590 1202 1652 partum.
1253 1579 1371 1638 Huc
1421 1583 1637 1642 accedit
1677 1583 1805 1657 quia
1860 1600 1985 1642 cum
2013 1583 2223 1657 fragilis
2251 1599 2418 1641 sexus
2447 1599 2570 1642 cer-

963 1673 1180 1730 taminis
1225 1674 1312 1731 sui
1364 1673 1650 1731 victoriam
1696 1675 2003 1734 obtinuisse
2039 1677 2426 1746 cognoscitur,
2471 1691 2569 1733 au-

961 1765 1157 1824 dientis
1187 1766 1403 1823 animus
1428 1766 1498 1824 ad
1524 1767 1776 1826 certandi
1811 1767 2059 1825 laborem
2097 1767 2312 1826 avidius
2352 1765 2570 1826 inﬂam-

960 1868 1161 1915 matur.

977 1952 981 1955 ’
1043 1949 1158 2008 Hoc
1202 1952 1389 2025 itaque
1421 1952 1584 2009 modo
1611 1952 1892 2024 virgineus
1918 1953 2099 2010 adhuc
2126 1953 2398 2026 germinat
2433 1970 2566 2026 par-

960 2053 1076 2113 tus,
1112 2046 1322 2116 adhuc
1379 2045 1666 2116 virginalis
1734 2044 1827 2101 illa
1881 2045 2192 2103 fecunditas
2258 2045 2567 2102 cmlestium

959 2114 1200 2208 segetitm
1228 2137 1439 2194 fructus
1464 2114 1814 2206 accumulat,
1839 2153 1963 2195 cum
1997 2137 2244 2194 mulieris
2278 2136 2569 2196 infirmitas

960 2244 1067 2287 non
1097 2229 1258 2300 modo
1279 2245 1470 2287 sexum
1498 2239 1743 2302 superat,
1770 2232 1866 2287 sed
1892 2240 1947 2287 et
1986 2231 2178 2287 mundi
2208 2229 2372 2302 huius
2409 2231 2567 2303 prin-

956 2322 1132 2393 cipem
1156 2321 1509 2394 insuperabili
1536 2323 1738 2379 mentis
1765 2323 2220 2396 magnanimitate
2244 2325 2566 2396 triumphat.

957 2410 1040 2469 Ad
1089 2414 1196 2470 hoc
1243 2430 1480 2486 namque
1542 2415 1634 2471 Dei
1686 2414 1858 2472 Filius
1906 2417 2190 2473 vernantis
2231 2417 2406 2474 vulvae
2435 2417 2569 2476 ﬂore

957 2519 1255 2581 conceptus
1315 2520 1418 2576 est,
1474 2521 1536 2569 ut
1593 2512 1930 2570 fermentum
1988 2522 2149 2569 vetus
2205 2513 2259 2568 in
2311 2527 2568 2584 azymum

957 2611 1217 2672 verteret,
1251 2613 1310 2660 et
1335 2619 1430 2677 per
1457 2621 1681 2662 carnem
1701 2648 1716 2673 ,
1751 2621 1874 2678 qua:
1905 2606 2046 2662 victa
2078 2605 2259 2662 fuerat
2279 2647 2294 2670 ,
2322 2604 2568 2660 humano

957 2696 1149 2771 generi
1181 2697 1472 2754 victoriam
1505 2707 1811 2768 repararet.
1837 2696 2093 2753 Loricam
2134 2695 2340 2768 quippe
2367 2695 2470 2752 sibi
2501 2694 2571 2752 de

959 2797 1146 2844 nostra
1204 2786 1500 2860 fragilitate
1536 2787 1867 2857 composuit.
1923 2787 1978 2843 in
2031 2801 2139 2857 qua
2185 2786 2472 2842 exsultans
2509 2793 2570 2853 ut

955 2878 1129 2951 gigas,
1154 2885 1211 2934 et
1237 2887 1432 2948 potens
1463 2892 1527 2933 ac
1559 2875 1717 2933 fortis
1741 2878 1794 2933 in
1823 2877 2031 2949 praelio,
2057 2886 2356 2948 potestates
2378 2892 2572 2934 aereas

940 2969 1266 3026 debellavit.
1309 2969 1403 3026 Sic
1444 2970 1630 3042 itaque
1661 2971 1730 3027 de
1773 2970 2099 3027 infirmitate
2133 2971 2468 3038 constantia,
2499 2970 2570 3026 de

957 3063 1278 3134 captivitate
1299 3064 1552 3130 victoria,
1578 3065 1646 3120 de
1673 3065 1830 3120 ruina
1856 3071 1941 3120 est
1971 3064 2221 3121 ascensio
2251 3073 2567 3136 procurata.

957 3151 1097 3212 Hinc
1145 3156 1416 3227 siquidem
1454 3155 1659 3212 factum
1695 3165 1780 3213 est
1819 3163 1880 3211 ut
1912 3155 2176 3228 antiquus
2230 3155 2431 3220 hostis,
2475 3155 2572 3228 qui

2309 334 2554 402 SERMO
2591 335 2805 403 LXVII.

2590 467 2646 525 Α
2672 457 3008 520 attenditur.
3031 457 3171 517 Nam
3197 476 3326 519 cum
3373 461 3769 535 pramisisset:
3805 481 3826 518 ι
3864 463 3985 523 Non
4023 466 4090 524 ad
4130 470 4316 524 men-'

4182 342 4292 410 εω

2676 569 2865 612 suram
2897 555 2992 611 dat
3017 555 3165 611 Deus
3195 554 3500 629 Spiritum;
3543 579 3561 613 ι
3586 560 3839 631 protinus
3870 561 4052 619 intulit
4086 580 4102 619 :
4137 581 4158 616 ι
4192 563 4298 619 Pa-

2675 655 2762 701 ter
2813 647 2989 720 diligit
3036 647 3235 706 Filium
3263 691 3278 716 ,
3328 661 3386 707 et
3432 653 3619 710 omnia
3669 654 3824 710 dedit
3863 654 3919 711 in
3969 672 4131 712 manu
4179 657 4301 730 ejus

2675 734 2860 808 (Joan.
2889 737 2954 810 t).
2991 757 3011 791 ι
3041 738 3197 798 Unde
3217 749 3272 798 et
3298 741 3427 802 alibi
3456 743 3589 802 dicit
3621 762 3635 798 :
3673 764 3692 798 ι
3725 742 3837 802 Nos
3859 747 3929 802 de
3957 747 4298 819 plenitudine

2673 825 2796 897 ejus
2827 829 3162 901 accepimus.
3222 851 3242 885 ι
3290 833 3603 890 Concordat
3645 849 3777 909 ergo
3826 853 3952 894 cum
4001 837 4298 898 Psalmista

2673 919 2954 990 Joannes,
2985 925 3117 997 quia
3148 925 3280 983 huic
3319 927 3424 984 iste
3458 915 3777 986 mensuram
3808 928 3979 1000 tollit,
4011 932 4303 1004 quemille

2672 1025 2902 1071 unctum
2932 1032 3047 1088 prte
3074 1020 3429 1077 consortibus
3458 1023 3680 1080 asserit.
3707 1011 3721 1025 ’

2741 1107 2898 1176 Quod
2947 1119 3132 1167 autem
3182 1111 3484 1186 Apostolus
3525 1130 3845 1174 mensuram
3877 1119 4064 1191 ponit,
4095 1122 4203 1179 hoc
4225 1120 4306 1198 ea

2674 1200 2987 1272 quibusque
3016 1202 3272 1260 ﬂdelibus
3299 1206 3418 1262 vult
3464 1207 3714 1280 intelligi.
3762 1209 3929 1267 Juxta
3980 1228 4299 1270 mensuram

2673 1306 2912 1366 namque
2934 1294 3161 1366 spiritus
3187 1297 3330 1354 inest
3360 1298 3559 1371 cuique
3589 1317 3849 1359 mensura
3873 1303 4112 1373 virtutis,
4136 1317 4302 1378 atque

2673 1387 3024 1456 constantiae,
3048 1387 3114 1445 ut
3143 1389 3230 1446 vel
3262 1391 3412 1449 vitiis
3438 1397 3842 1470 attentantibus
3884 1398 3937 1454 in
3971 1414 4108 1470 pace
4155 1400 4300 1458 resi-

2673 1489 2820 1548 stat,
2854 1481 2941 1537 vel
2994 1482 3414 1566 in.certamine
3467 1489 3802 1547 constitutus
3848 1492 4303 1566 insuperabiliter

2673 1545 2950 1631 tormenta
2981 1545 3291 1645 petqzurrat.
3332 1577 3568 1638 Samson
3609 1583 3811 1655 quippe
3863 1545 4038 1642 donec
4086 1597 4299 1659 septem

2672 1667 2857 1725 crines
2882 1668 3095 1735 habuit,
3133 1670 3524 1744 insuperabilis
3556 1674 3660 1731 fuit
3689 1675 3895 1749 (Judi‘c.
3937 1665 4085 1752 xvi),
4111 1691 4168 1739 et
4203 1681 4301 1754 qui

2676 1758 3018 1830 septiformis
3045 1761 3212 1820 habet
3241 1765 3435 1836 gratia;
3467 1763 3758 1838 Spiritum,
3785 1770 4048 1827 invictum
4076 1787 4138 1829 se
4159 1788 4305 1845 prat-

2600 1854 2647 1916 B
2675 1852 2771 1909 bet
2798 1854 3090 1927 ingruente
3114 1857 3487 1928 quorumlibet
3506 1868 3838 1934 tempestate
3861 1864 4148 1921 bellorum.

2748 1944 2892 2004 Hinc
2917 1955 3022 2015 est,
3055 1949 3202 2019 quod
3231 1949 3351 2006 haec
3379 1943 3756 2009 sacratissima
3787 1955 3944 2028 virgo
3965 1999 3980 2023 ,
4006 1958 4163 2029 cujus
4186 1957 4304 2031 glo-

2678 2035 2886 2093 riosum
2922 2038 3217 2096 recolimus
3247 2039 3514 2120 hodierna
3550 2041 3905 2102 solemnitate
3935 2047 4302 2120 triumphum,

2677 2125 2896 2184 facilius
2927 2129 3104 2200 potuit
3131 2131 3294 2197 mori,
3322 2147 3488 2202 quam
3513 2132 3584 2188 ab
3613 2147 3701 2201 eo,
3726 2136 3874 2207 quod
3903 2138 4075 2194 semel
4104 2154 4301 2197 conce-

2677 2229 2850 2292 perat,
2875 2230 3072 2277 sancto
3101 2223 3342 2294 potuerit
3367 2225 3653 2296 proposito
3685 2230 3958 2286 revocari.
3987 2230 4121 2287 Erat
4148 2233 4300 2289 enim

2675 2315 2937 2387 templum
2970 2316 3091 2382 Dei,
3114 2317 3238 2372 aula
3277 2319 3424 2390 regis
3461 2323 3676 2388 aeterni,
3712 2324 4313 2397 sanctuarium-Spiri~

2677 2411 2765 2462 tus
2791 2407 3196 2486 sancti..Virile
3237 2409 3440 2481 quippe
3470 2401 3644 2468 robur
3673 2415 3918 2471 enitebat
3957 2415 4012 2471 in
4064 2415 4304 2476 femineo

2676 2506 2919 2568 pectore,
2948 2498 3095 2570 quod
3127 2515 3236 2555 non
3265 2494 3635 2573 blandiloquis
3658 2506 4302 2587 persuasionihus'ﬂecti,

2677 2607 2784 2647 non
2816 2592 3091 2648 minarum
3136 2596 3436 2666 asperitate
3465 2598 3683 2664 terreri,
3717 2615 3825 2655 non
3852 2601 4089 2672 denique
4111 2615 4305 2672 pinna-

2677 2702 2799 2742 rum
2844 2687 3219 2759 quarumlibet
3270 2690 3452 2760 potuit
3503 2692 3799 2762 generibus
3848 2684 4119 2766 supet'ari.
4169 2694 4306 2752 Erat

2676 2779 2821 2838 enim
2874 2780 3094 2846 nobilis,
3126 2791 3183 2839 et
3230 2782 3545 2840 inﬂexibilis
3585 2786 3805 2866 animus
3827 2829 3842 2853 ,
3883 2787 4007 2843 ideo
4036 2789 4178 2845 vinci
4208 2804 4306 2847 ne-

2679 2873 2852 2938 scius,
2879 2873 3009 2945 quia
3056 2883 3112 2930 et
3168 2873 3294 2931 fidei
3331 2874 3602 2948 ﬂagrabat
3653 2873 3854 2936 ardere
3895 2896 4214 2946 succensus,
4246 2890 4304 2938 et

2677 2963 2801 3019 ideo
2829 2975 3094 3035 tanquam
3127 2965 3181 3020 in
3221 2965 3425 3021 excelsi
3466 2970 3673 3024 montis
3705 2980 3828 3025 erat
3858 2971 4064 3027 vertice
4086 2973 4302 3035 consti-

2681 3065 2852 3115 tutus.
2885 3057 3136 3138 Subes‘se
3175 3059 3281 3113 sibi
3307 3056 3595 3128 judicabat
3641 3045 3890 3130 judicent
3933 3063 3986 3118 in
4040 3063 4304 3120 cathedra

2678 3150 3005 3222 pestilentiae
3034 3149 3444 3222 praesidentem,
3471 3152 3736 3209 horrebat
3757 3153 4039 3220 blandum,
4073 3156 4308 3212 subsan-

956 3247 1062 3304 sihi
1109 3248 1430 3320 provenisse
1465 3246 1756 3305 victoriam
1795 3264 1896 3320 per
1928 3249 2091 3304 unius
2119 3249 2338 3306 femine
2377 3265 2572 3306 vecor—
2598 3237 2645 3301 C
2678 3243 2845 3296 nabat
2891 3241 3117 3308 iratum,
3155 3242 3401 3313 tantique
3431 3245 3573 3314 apud
3604 3259 3728 3300 eam
3762 3254 3902 3312 erat,
3928 3247 3973 3301 si
4002 3247 4211 3314 minax,
4238 3262 4307 3308 ac

957 3338 1103 3396 diam
1152 3340 1547 3412 applaudebat;
1599 3357 1697 3412 per
1749 3341 1953 3397 multas
1999 3356 2059 3398 se
2119 3343 2571 3415 jamidevictum

956 3441 1122 3504 atque
1164 3431 1449 3489 confusum
1489 3433 1726 3491 feminas
1747 3435 2058 3492 erubescat.
2095 3436 2260 3493 Juxta
2288 3439 2573 3510 prophetae

954 3526 1160 3597 quippe
1207 3541 1446 3582 vocem:
1488 3543 1506 3578 ι
1539 3521 1892 3598 Computruit
1940 3528 2132 3601 jugum
2186 3544 2218 3584 a
2268 3529 2411 3587 facie
2461 3530 2572 3588 olei

958 3617 1118 3691 (Isai.
1165 3617 1244 3692 ι).
1297 3638 1318 3672 ι
1359 3618 1499 3689 Quia
1547 3635 1709 3687 mox,
1753 3631 1814 3676 ut
1859 3622 2037 3693 gratia
2087 3624 2269 3680 sancti
2329 3624 2574 3694 Spiritus

957 3709 1236 3766 mentibus
1283 3709 1543 3765 humanis
1574 3709 1812 3778 inﬂuxit,
1852 3712 2018 3769 homo
2051 3715 2304 3784 protinus
2350 3726 2407 3772 et
2438 3716 2574 3789 jugo

957 3804 1206 3874 pristina:
1257 3804 1544 3860 servitutis
1597 3804 1906 3862 absolvitur
1965 3817 2023 3862 et
2082 3824 2239 3865 nova
2293 3808 2574 3869 libertatis

960 3895 1120 3952 titulo
1181 3895 1493 3952 decoratur.
1553 3894 1710 3954 Unde
1773 3907 1862 3954 est
1929 3897 2060 3954 illud
2133 3899 2190 3955 in
2255 3898 2568 3957 Canticis:

963 4004 986 4039 ι
1017 3987 1210 4044 Oleum
1254 3986 1484 4045 eﬂ’usum
1512 4005 1712 4046 nomen
1741 4001 1895 4047 tuum
1936 3990 2119 4062 (Cant.
2157 3992 2220 4063 t).
2262 4011 2280 4045 ι
2315 3991 2571 4050 Chrisma

956 4078 1189 4150 Graece,
1235 4074 1429 4136 Latine
1480 4081 1685 4137 dicitur
1731 4083 1932 4136 unctio.
1987 4083 2033 4136 Α
2083 4082 2388 4138 chrismate
2439 4098 2573 4156 ergo

957 4170 1237 4237 Christus,
1297 4180 1353 4226 et
1416 4187 1447 4227 a
1497 4171 1720 4229 Christo
1781 4173 1986 4230 dicitur
2043 4173 2405 4237 Christianus.
2469 4175 2575 4234 Per

956 4265 1141 4321 oleum
1205 4274 1391 4321 autem
1439 4264 1604 4338 365
1665 4265 1906 4338 Spiritus
1953 4278 2179 4324 sanctus
2226 4268 2368 4325 solet
2417 4269 2576 4326 intel-

957 4343 1080 4428 ligi,
1112 4356 1254 4414 sicut
1289 4372 1388 4429 per
1410 4356 1756 4413 Psalmistam
1786 4356 2060 4414 Salvatori
2101 4367 2293 4415 nostro
2323 4346 2570 4416 dicitur:

967 4468 989 4502 ι
1027 4448 1198 4506 Unxit
1221 4458 1273 4506 te
1297 4449 1460 4517 Deus,
1491 4451 1633 4505 Deus
1661 4460 1808 4517 tuus,
1831 4452 1953 4507 oleo
1974 4451 2178 4508 laetitiae
2198 4469 2312 4524 pra:
2341 4469 2576 4511 consor-

961 4544 1111 4600 tibus
1137 4544 1245 4601 tuis
1277 4543 1452 4618 (Psal.
1485 4548 1656 4615 mv).
1689 4564 1708 4596 ι
1739 4544 1931 4602 Oleum
1955 4561 2086 4618 ergo
2112 4545 2345 4603 eﬂ‘usum
2366 4555 2454 4604 est
2476 4565 2575 4606 no-

961 4651 1088 4692 men
1124 4634 1347 4701 Christi,
1393 4637 1523 4708 quia
1560 4637 1614 4692 in
1645 4646 1724 4693 tot
1755 4637 1998 4709 Spiritus
2019 4639 2196 4694 sancti
2231 4640 2408 4712 gratia
2438 4649 2570 4710 pro-

957 4733 1214 4799 pagatur,
1253 4738 1388 4798 quot
1415 4737 1546 4783 sunt
1575 4728 1667 4799 qui
1696 4727 1902 4786 Christi
1943 4728 2269 4786 vocabulum
2300 4731 2575 4789 veraciter

957 4818 1293 4875 sortiuntur.
1362 4815 1376 4826 “

1039 4910 1149 4969 Sed
1184 4899 1403 4971 movere
1457 4921 1638 4986 potest
1690 4930 1790 4972 cur
1822 4913 2064 4974 Joannes
2106 4917 2352 4988 Baptista
2384 4917 2573 4990 perhi-

960 5003 1096 5082 beat
1142 5004 1271 5077 quia
1305 5024 1324 5059 ι
1360 5022 1468 5063 non
1514 5007 1584 5064 ad
1631 5023 1946 5065 mensuram
1995 5011 2087 5066 dat
2132 4995 2573 5082 Deus'spiritum

961 5093 1156 5170 (Ιοαη.
1193 5097 1350 5170 xm);
1387 5117 1407 5151 ι
1440 5113 1566 5154 cum
1597 5097 1807 5155 Paulus
1835 5100 2150 5157 econtrario
2177 5101 2362 5157 dicat:
2395 5120 2414 5153 ι
2445 5099 2579 5157 Uni-

961 5193 1168 5266 cuique
1207 5205 1460 5252 nostrum
1507 5195 1634 5252 data
1662 5205 1746 5251 est
1789 5196 1964 5265 gratia
2007 5197 2311 5254 secundum
2355 5211 2584 5253 mensu-

962 5301 1089 5360 ram
1115 5287 1429 5344 donationis
1459 5284 1667 5344 Christi
1688 5285 1908 5360 (Ephes.
1942 5287 2041 5363 tv).
2084 5311 2100 5342 ι
2136 5289 2422 5358 Quomodo
2450 5302 2582 5360 ergo

961 5390 1080 5435 non
1108 5379 1174 5435 ad
1221 5394 1560 5447 mensuram,
1605 5390 1661 5436 et
1703 5381 1980 5450 quomodo
2013 5383 2311 5438 secundum
2363 5397 2586 5438 mensu-

965 5473 1126 5530 ram‘l
1155 5470 1380 5546 (Colon.
1427 5475 1514 5548 ιι.)
1545 5473 1651 5531 Sed
1677 5476 1822 5547 quod
1851 5473 2094 5534 Joannes
2124 5479 2328 5532 asserit
2355 5493 2463 5533 non
2512 5475 2582 5532 ad

962 5578 1283 5622 mensuram
1335 5565 1587 5634 spiritum
1637 5553 1907 5632 dari,‘dc
1963 5567 2333 5638 Redemptore
2393 5575 2583 5623 nostro

964 5657 1158 5730 procul
1188 5657 1354 5712 dubio
1378 5657 1834 5732 debetintelligi;
1865 5660 1921 5715 in
1945 5677 2055 5732 quo
2086 5661 2342 5718 videlicet
2369 5661 2583 5718 habitat

965 5751 1151 5805 omnis
1181 5747 1461 5822 plenitudo
1497 5751 1803 5809 divinitatis
1849 5752 2234 5824 corporaliter.
2280 5753 2438 5823 Quod
2485 5771 2582 5826 pa-

969 5850 1153 5912 tenter
1200 5842 1538 5918 agnoscitur,
1578 5843 1627 5901 si
1681 5844 1800 5922 ipsa
1840 5854 2022 5908 textus
2064 5847 2366 5924 evangelici
2409 5847 2584 5909 series

2600 4595 2654 4657 ἰ)

2677 3333 2945 3390 terribilis
2974 3332 3276 3402 frenderet,
3303 3334 3349 3391 si
3382 3345 3533 3391 certe
3581 3335 3770 3408 plagas
3825 3353 3889 3394 ac
3941 3338 4166 3394 vulnera
4203 3356 4306 3398 ex-

2678 3426 2894 3498 quisitaa
2925 3427 3077 3482 necis
3104 3425 3412 3499 inﬂigeret,
3446 3430 3641 3503 quanti
3696 3429 3741 3485 si
3787 3445 4152 3503 gemmarum,
4190 3433 4309 3492 sive

2676 3494 3016 3577 vibrantium
3060 3494 3410 3577 metallorum
3436 3494 3655 3593 pondus
3697 3494 3944 3580 offerret.
3994 3494 4148 3581 Hinc:
4183 3536 4305 3596 est,

2675 3613 2820 3684 quod
2868 3627 3102 3683 sponsus
3152 3613 3231 3668 ait
3281 3613 3337 3670 in
3362 3613 3611 3671 Canticis
3645 3634 3668 3688 ς·
3698 3633 3717 3666 ι
3759 3614 3960 3689 Surge,
3997 3617 4214 3689 aquilo,
4247 3626 4309 3676 et

2676 3705 2824 3774 veni,
2849 3715 3056 3773 auster,
3080 3706 3252 3777 perﬂa
3285 3706 3508 3763 hortum
3541 3685 3750 3788 meum,
3782 3685 4033 3764 efﬂuant
4056 3721 4308 3770 aromata

2676 3799 2823 3857 illius
2850 3799 3030 3872 (Cant.
3065 3801 3163 3870 tv).
3205 3820 3224 3854 ι
3261 3800 3404 3870 Quid
3428 3815 3528 3871 per
3564 3802 3900 3872 aquilonem,
3926 3804 4018 3872 qui
4041 3805 4305 3862 nimirum

2642 3901 2874 3947 iventus
2925 3902 3010 3949 est
3054 3892 3331 3964 frigidus,
3383 3893 3488 3950 nisi
3542 3893 4310 3968 persecutionis‘asperitasl

2678 3985 2820 4052 Quid
2877 4001 2979 4056 per
3031 3961 3204 4042 austri
3263 3995 3508 4058 teporem
3587 3988 3694 4044 nisi
3726 3991 3873 4045 male
3902 3961 4308 4050 blii'nd-ientiutn

2677 4079 2933 4136 remissio
2964 4080 3320 4153 designatur?
3352 4082 3462 4138 Sed
3514 4083 3660 4139 inter
3701 4085 3991 4156 utriusque
4042 4101 4308 4156 persecu-

2677 4170 2842 4226 tionis
2872 4186 3094 4244 genera,
3129 4173 3272 4229 inter
3306 4181 3543 4244 utraque
3590 4175 3815 4245 maligni
3869 4177 4097 4246 spiritus
4142 4193 4311 4249 argu-

2678 4272 2865 4320 menta
2886 4306 2900 4331 ,
2935 4264 3296 4321 ecclesiastici
3330 4266 3476 4322 horti
3508 4265 3679 4324 ﬂuere
3720 4267 3984 4338 iubentur
4020 4279 4304 4336 aromata;

2679 4356 2809 4429 quia
2836 4357 2996 4414 fortis
3019 4358 3239 4414 animus
3260 4358 3405 4415 inter
3433 4360 3552 4416 haec
3576 4359 3884 4416 certamina
3909 4359 4304 4430 deprehensus,

2681 4449 2860 4521 aperit
2891 4449 3158 4521 quidquid
3189 4451 3417 4518 virium,
3451 4451 3720 4522 quidquid
3745 4451 3908 4516 fidei,
3936 4452 4202 4523 quidquid
4230 4451 4311 4508 in-

2681 4541 2839 4596 victae
2865 4540 3209 4598 fortitudinis
3239 4552 3470 4599 eatenus
3503 4552 3824 4608 occuttavtt,
3854 4551 3909 4598 et
3957 4543 4107 4598 velut
4139 4541 4311 4615 368

2683 4649 2933 4692 aromata
2960 4636 3110 4692 foras
3153 4637 3452 4709 proﬂuunt,
3490 4638 3558 4694 ad
3586 4638 3886 4694 humanam
3917 4637 4169 4693 notitiam
4199 4637 4308 4693 vir-

2684 4738 2830 4786 tutes
2873 4731 3186 4801 prodeunt,
3251 4748 3317 4788 ac
3371 4732 3475 4803 piae
3548 4731 3825 4803 opinionis
3878 4731 4078 4788 odores
4145 4729 4310 4803 longe

2680 4822 2902 4894 lateque
2939 4822 3270 4882 diﬂundunt.
3450 4895 3452 4897 ν

2757 4916 2884 4974 Haec
2922 4918 3105 4990 itaque
3141 4919 3478 4976 venerabilis
3501 4919 3675 4993 ,‘virgo
3722 4919 3909 4977 emisit
3948 4925 4216 4990 aromata;
4249 4916 4309 4976 in

2683 5025 2883 5082 eampo
2919 5011 3263 5082 certaminis,
3293 5028 3417 5084 quae
3443 5012 3600 5085 prius
3627 5013 3682 5068 in
3716 5012 3799 5069 sui
3828 5010 4011 5068 cordis
4043 5011 4310 5085 tegeban-

2686 5112 2778 5157 tur
2813 5075 3082 5169 arcanis,
3131 5075 3327 5159 attrita
3372 5075 3541 5175 prmio
3580 5103 4018 5176 persecutionis,
4069 5075 4311 5173 aspersit

2684 5197 2913 5253 odorem
2950 5191 3236 5254 aromatis‘.
3271 5195 3563 5268 Pugnabat
3592 5197 3741 5254 enim
3781 5197 3835 5252 in
3868 5211 3934 5253 ea
3961 5195 4133 5250 David
4159 5191 4310 5249 velut

2687 5289 2742 5345 in
2787 5305 2913 5346 arce
2943 5288 3076 5346 Sion
3106 5300 3298 5347 contra
3341 5289 3541 5348 faciem
3590 5289 3876 5356 Damasci;
3926 5287 4010 5344 vel
4043 5279 4311 5358 potiustit

2689 5384 2743 5440 in
2794 5399 2940 5440 sexu.
2975 5383 3154 5456 fragili
3211 5385 3329 5462 ipse
3378 5384 3682 5455 parvulus,
3738 5400 3803 5441 ac
3860 5383 4150 5453 despectus
4197 5392 4312 5434 uno

2687 5488 2878 5536 contra
2898 5495 3157 5552 magnum
3172 5478 3388 5536 Golith
3407 5479 3589 5550 lapide
3609 5479 3908 5535 dimicabat
3926 5476 3979 5550 (I
4001 5475 4124 5546 Reg.
4147 5471 4307 5545 xvii),

2688 5575 2755 5628 de
2785 5588 2895 5644 quo
2920 5575 3089 5629 etiam
3112 5574 3167 5628 in
3193 5572 3334 5629 libro
3363 5573 3574 5644 Regum
3609 5571 3760 5628 velut
3797 5572 3852 5626 in
3890 5585 4102 5641 magnae
4131 5567 4314 5626 laudis

2685 5667 2965 5736 praeconio
3009 5667 3212 5722 dicitur
3251 5683 3266 5721 :
3316 5685 3334 5719 ι
3376 5665 3546 5721 David
3580 5665 3790 5722 sedens
3821 5665 3877 5720 in
3919 5661 4182 5720 cathedra
4224 5675 4315 5718 ωε

2687 5756 3067 5827 pientissimus
3096 5759 3355 5831 princeps
3384 5759 3528 5815 inter
3575 5768 3687 5814 tres
3743 5757 3831 5831 (ΙΙ
3880 5758 4012 5833 Reg.
4059 5762 4248 5832 χχιιι).
4283 5778 4306 5817 ι

2685 5850 2810 5928 ipse
2837 5853 2996 5928 quasi
3025 5853 3359 5912 tenerrimus
3383 5852 3516 5928 ligni
3547 5853 3904 5920 vermiculus,
3920 5856 4010 5928 qui
4027 5859 4308 5929 octingen~
