5450 6338
966 331 1073 393 895

970 448 1197 521 simplex
1222 453 1307 501 est
1334 438 1571 503 animal,
1602 436 1706 503 nisi
1749 429 2003 502 imperita
2029 423 2356 497 simplicium
2384 417 2567 475 homi-

866 554 875 561 '
968 514 1096 601 num
1124 555 1220 597 ora
1255 531 1576 607 signantur?
1598 529 1828 585 Samson
1858 526 2063 595 itaque,
2092 536 2199 575 non
2228 533 2350 573 cum
2384 514 2572 582 armis,

969 652 1077 693 non
1102 648 1225 689 cum
1250 627 1482 689 diversis
1523 623 1752 688 telorum
1782 617 2101 693 generibus,
2131 613 2225 669 sed
2256 626 2382 667 eum
2416 624 2576 664 mau-

969 726 1149 786 dibula
1195 722 1334 781 asini
1391 718 1540 775 mille
1580 718 1732 772 viros
1782 712 2015 777 occidit;
2061 708 2189 782 quia
2243 705 2576 774 Redemptor

968 827 1178 885 noster,
1215 794 1378 887 quem
1427 810 1516 890 ille
1562 804 1844 879 signabat,
1896 818 2023 869 cum
2074 798 2345 872 imperitis
2394 803 2448 850 et
2481 808 2574 847 ru-

969 910 1129 967 dibus
1156 887 1462 982 perfectum
1503 900 1802 969 inﬁdelium
1849 911 2137 959 numerum
2169 909 2200 948 a
2235 892 2344 949 vita
2378 887 2578 944 veteris

968 1002 1172 1061 erroris
1195 996 1483 1067 exstinxit.

1002 1152 1005 1153 ν
1038 1092 1180 1164 Quid
1224 1100 1405 1163 autem
1454 1088 1654 1145 mirum
1686 1085 1729 1142 si
1788 1092 2011 1140 sanctos
2052 1077 2441 1152 praedicatores
2478 1087 2579 1146 per

967 1186 1108 1244 asini
1146 1185 1421 1243 maxillam
1469 1196 1689 1245 sacrum
1722 1179 1971 1248 designet
2022 1173 2336 1244 eloquium,
2368 1184 2494 1227 cum
2520 1175 2578 1223 et

967 1280 1145 1353 ipsum
1206 1274 1613 1351 praedicationis
1658 1273 1884 1331 verbum
1934 1285 2033 1340 per
2086 1267 2349 1322 hordeum
2397 1278 2577 1334 quan-

965 1372 1146 1444 doque
1174 1368 1478 1432 denuntiet,
1526 1366 1671 1435 quod
1711 1374 1795 1420 est
1826 1362 2015 1432 utique
2055 1358 2313 1431 pabulum
2357 1354 2579 1424 jumen-

967 1472 1170 1520 torum.
1195 1460 1349 1530 Quod
1378 1470 1527 1515 certe
1568 1473 1677 1513 non
1722 1455 1882 1511 modo
1914 1469 2011 1524 per
2040 1449 2387 1519 evangelicos
2412 1446 2576 1516 quin-

965 1536 1072 1627 que
1094 1569 1263 1625 panes
1299 1551 1639 1622 agnoscitur,
1685 1548 1779 1604 sed
1828 1562 1926 1617 per
1960 1546 2065 1599 hoc
2123 1543 2290 1598 etiam
2330 1540 2475 1610 quod
2522 1538 2575 1592 in

964 1650 1105 1707 libro
1130 1646 1383 1704 Iudicum
1413 1645 1701 1715 reperitur.
1740 1639 1875 1697 Nam
1906 1654 2029 1695 cum
2062 1637 2282 1694 Gedeon
2310 1632 2579 1693 ausculta-

964 1742 1129 1802 tionis
1156 1741 1335 1814 gratia
1364 1741 1431 1796 ad
1463 1744 1644 1798 castra
1676 1734 1915 1799 Madian,
1942 1731 2176 1786 Domino
2205 1726 2575 1800 praecipiente,

963 1836 1239 1906 dirigitur,
1284 1831 1583 1893 Madianita
1612 1828 1887 1901 quispiam
1928 1826 2067 1882 alter
2102 1824 2171 1880 ad
2222 1822 2454 1877 alterum
2498 1835 2528 1873 v

962 1928 1109 1984 disse
1134 1942 1196 1984 se
1216 1926 1490 1988 somnium
1517 1915 2187 1995 proﬁtetur[conﬁtetur].
2208 1935 2226 1968 ι
2252 1912 2574 1977 Videbatur,

963 2019 1166 2091 inquit,
1202 2018 1339 2075 mihi
1390 2015 1545 2087 quasi
1602 2011 2001 2071 subcinericius
2053 2011 2211 2081 panis
2259 2022 2325 2062 ex
2368 2005 2579 2061 hordeo

967 2108 1137 2175 volvi,
1163 2116 1218 2164 et
1245 2108 1301 2163 in
1338 2116 1517 2163 castra
1544 2104 1759 2163 Madian
1806 2102 2138 2173 descendere
2167 2100 2368 2171 (Judic.
2396 2100 2513 2167 vn).
2552 2115 2572 2149 ι

960 2199 1212 2269 Cumque
1258 2197 1601 2269 pervenisset
1628 2195 1696 2249 ad
1739 2191 2178 2255 tabernaculum,
2208 2190 2484 2261 percussit
2510 2185 2578 2241 il-

964 2289 1055 2345 lud
1077 2330 1092 2355 ,
1124 2299 1291 2360 atque
1340 2288 1642 2353 subvertit,
1675 2296 1731 2342 et
1760 2296 1923 2341 terra:
1960 2282 2209 2339 funditus
2249 2280 2575 2351 corequavit.

961 2380 1268 2452 Respondit
1288 2381 1508 2435 auditor
1540 2398 1553 2433 :
1594 2397 1611 2431 ι
1646 2378 1761 2433 Non
1784 2386 1869 2434 est
1897 2377 2003 2432 hoc
2027 2374 2205 2442 aliud,
2242 2374 2345 2431 nisi
2366 2373 2579 2446 gladius

962 2471 1237 2531 G’edeonis
1260 2471 1354 2527 ﬁlii
1386 2471 1515 2527 Joas
1541 2471 1798 2527 lsraelitae
1826 2487 1839 2524 :
1878 2468 2105 2523 tradidit
2134 2468 2281 2523 enim
2314 2466 2579 2521 Dominus

964 2564 1018 2619 in
1048 2580 1212 2620 manu
1259 2564 1378 2635 ejus
1422 2562 1662 2627 Madian,
1704 2555 1752 2616 el
1802 2561 1984 2617 omnia
2030 2568 2215 2616 castra
2249 2556 2387 2627 ejus.
2420 2578 2438 2609 ι
2472 2556 2580 2611 Per

961 2656 1205 2723 Gedeon,
1235 2657 1329 2728 qui
1370 2671 1477 2712 non
1504 2656 1792 2718 circuitus,
1828 2653 1926 2712 sed
1972 2652 2287 2709 circumiens
2332 2650 2389 2703 in
2430 2658 2579 2702 utero

964 2748 1185 2813 dicitur,
1232 2747 1322 2802 ille
1367 2748 1567 2802 merito
1619 2746 1960 2816 designatur,
1999 2743 2091 2813 qui
2143 2743 2271 2797 dum
2327 2738 2577 2812 virginali

963 2837 1315 2897 clauderetur
1353 2838 1409 2893 in
1464 2837 1588 2892 alvo
1627 2845 1797 2897 totam
1860 2835 2045 2889 mundi
2109 2833 2421 2887 machinam
2478 2845 2579 2886 suo

961 2932 1375 2997 circumdabat,
1432 2946 1499 2987 ac
1543 2931 1869 3002 disponebat
1912 2928 2166 3000 imperio.
2210 2927 2317 2982 Per
2360 2926 2576 2981 Madian

962 3034 1178 3092 autem,
1211 3023 1307 3094 qui
1338 3022 1402 3076 de
1427 3022 1638 3093 judicio
1690 3022 2115 3092 interpretatur,
2178 3018 2408 3091 populus
2454 3015 2579 3071 inﬁ-

963 3116 1102 3177 delis
1130 3115 1419 3186 accipitur,
1454 3115 1523 3170 de
1550 3129 1662 3185 quo
1695 3112 1960 3169 Dominus
1988 3111 2067 3166 ait
2093 3129 2105 3165 :
2138 3129 2159 3163 ι
2196 3109 2299 3177 Qui
2326 3125 2432 3165 non
2462 3122 2581 3164 cre-

962 3210 1065 3277 dit,
1091 3207 1206 3279 jam
1230 3206 1511 3277 judicatus
1532 3215 1619 3263 est
1646 3205 1831 3277 (Joan.
1864 3204 1969 3277 iit).
2010 3223 2028 3257 ι

1036 3302 1212 3361 Porro
1231 3312 1416 3359 autem
1440 3291 1614 3374 d’sque
1642 3302 1711 3359 ad
1741 3300 2047 3365 Salvatoris
2076 3301 2391 3361 adventum,
2422 3311 2579 3354 more

963 3397 1153 3455 hordei
1183 3396 1288 3453 sub
1317 3396 1489 3467 paleis
1515 3394 1863 3459 litterarum,
1913 3400 1971 3449 et
2017 3392 2153 3464 legis
2196 3398 2470 3463 praecepta
2520 3396 2578 3443 et

960 3488 1702 3561 prophetarum‘tegebantur
1728 3485 1983 3551 oracula;
2024 3484 2118 3539 sed
2160 3492 2448 3555 postquam
2483 3480 2577 3537 ille

959 3582 1184 3639 veniens
1199 3622 1214 3647 ,
1236 3596 1404 3652 panes
1424 3580 1761 3638 hordeaceos
1783 3577 1810 3632 l‘
1809 3578 1967 3651 regit,
1987 3577 2247 3647 deditque
2273 3573 2579 3646 discipulis,

958 3682 1019 3729 ut
1046 3673 1590 3755 turbisapponerent:
1619 3670 1772 3741 cujus
1785 3671 1949 3729 etiam
1969 3669 2153 3739 operis
2174 3667 2448 3738 expositio
2470 3674 2578 3733 est,

958 3766 1105 3838 quod
1144 3766 1479 3836 evangelista
1509 3766 1643 3820 dicit
1675 3779 1689 3819 :
1720 3783 1737 3823 ι
1773 3763 2044 3833 Quoniam
2071 3763 2285 3833 aperuit
2314 3761 2421 3815 illis
2449 3775 2578 3814 sen-

958 3874 1114 3923 sum,
1149 3866 1209 3913 ut
1250 3857 1619 3933 intelligerent
1646 3856 1964 3926 Scripturas
1990 3853 2146 3925 (Luc.
2181 3852 2365 3924 xxiv);
2398 3872 2416 3908 ι
2466 3852 2579 3921 jam

959 3968 1031 4009 ex
1083 3952 1292 4011 hordeo
1317 3993 1330 4017 ,
1380 3951 1525 4021 quod
1559 3951 1736 4007 brutis
1758 3949 2052 4005 videbatur
2089 3945 2422 4001 animalibus
2448 3959 2582 3999 con-

963 4059 1196 4119 gruere,
1220 4059 1418 4115 panem
1447 4042 1633 4110 facere
1659 4042 1914 4112 dignatus
1943 4049 2030 4096 est
2064 4038 2397 4094 animarum.
2426 4036 2582 4091 Sicut

961 4139 1113 4203 enim
1148 4138 1414 4193 hordeum
1466 4135 1629 4197 inter
1657 4133 1857 4190 molam
1910 4143 2203 4203 utramque
2250 4132 2579 4198 conteritur,

961 4240 1023 4304 ut
1076 4245 1107 4287 a
1155 4227 1669 4299 farinafarragine
1709 4226 2036 4291 cantabrum
2089 4232 2454 4290 secernatur;
2508 4224 2582 4278 ita

961 4321 1113 4377 velut
1140 4319 1284 4378 inter
1336 4320 1491 4384 duos,
1526 4318 1662 4394 legis
1699 4317 1909 4377 scilicet
1948 4325 2003 4371 et
2036 4314 2337 4387 Evangelii,
2372 4314 2581 4385 lapides

959 4422 1166 4473 sanctae
1219 4410 1476 4469 Ecclesiae
1529 4410 1779 4470 doctrina
1834 4408 2227 4473 commolitur,
2278 4418 2338 4461 nt
2387 4407 2582 4463 linem

959 4504 1283 4580 superﬁcies
1308 4520 1340 4561 a
1366 4495 1620 4561 medullis
1646 4503 1871 4573 Spiritus
1901 4501 2266 4558 discernatur.
2302 4501 2409 4556 Sed
2444 4501 2578 4556 utin

963 4598 1051 4654 his
1087 4597 1274 4659 verbis
1304 4612 1413 4651 non
1448 4595 1653 4660 diutius
1697 4595 2081 4659 immoremnr,
2112 4594 2229 4649 haec
2259 4592 2446 4647 hordei
2495 4591 2576 4646 fa-

962 4691 1121 4757 rina,
1150 4686 1296 4744 sacri
1339 4686 1689 4757 baptismatis
1717 4701 1857 4757 aqua
1893 4700 2194 4758 conspersa
2221 4683 2457 4740 conﬁata
2477 4725 2491 4751 ,
2525 4693 2582 4740 et

959 4780 1142 4856 sancti
1170 4779 1411 4854 Spiritus
1434 4780 1561 4848 igne
1584 4788 1861 4851 percocta,
1896 4777 1957 4833 ﬁt
1984 4778 2139 4848 panis
2158 4818 2173 4843 ,
2198 4779 2289 4847 qui
2330 4776 2584 4836 videlicet

960 4872 1182 4931 Madian
1206 4881 1389 4928 castra
1420 4872 1719 4941 subvertit,
1765 4871 1893 4945 quia
1922 4869 2091 4943 369
2114 4878 2344 4925 cunctas
2381 4869 2575 4935 inﬁde-

961 4970 1099 5043 lium
1130 4967 1413 5023 machinas
1438 4966 1692 5023 destruit.
1726 4964 1825 5035 llic
1865 4965 2043 5035 panis,
2073 4962 2237 5033 juxta
2282 4964 2397 5019 veri
2432 4962 2581 5029 illius

961 5060 1282 5141 interpretis
1304 5059 1701 5129 conjecturam,
1730 5059 2007 5115 Gedeonis
2030 5066 2113 5112 est
2149 5057 2390 5130 gladius;
2426 5056 2577 5131 quia,

961 5154 1111 5212 sicut
1138 5152 1433 5224 Apostolus
1463 5153 1581 5208 ait:
1618 5171 1637 5205 ι
1664 5150 1892 5208 Gladius
1927 5149 2189 5222 Spiritus,
2226 5158 2313 5206 est
2339 5146 2580 5205 Verbum

971 5247 1070 5305 Dei
1099 5242 1320 5319 (Ephes.
1355 5248 1457 5317 v1).
1512 5266 1532 5300 ι

1049 5339 1166 5399 Hoc
1197 5341 1369 5397 sancti
1402 5339 1644 5411 Spiritus
1682 5338 1863 5415 gladio
1908 5356 2009 5396 rex
2051 5339 2393 5396 exercituum
2421 5336 2586 5393 Chri-

964 5442 1093 5493 stus
1121 5448 1252 5489 suos
1278 5443 1458 5489 armat
1514 5433 1739 5498 milites,
1776 5434 1881 5489 hoc
1906 5432 2070 5488 etiam
2112 5447 2241 5488 suas
2292 5430 2583 5503 praecingit

966 5543 1039 5585 ac
1085 5525 1310 5583 roborat
1349 5524 1682 5582 bellatrices.
1730 5526 1809 5590 Ex
1844 5537 2077 5597 utroque
2120 5524 2390 5596 siquidem
2434 5518 2581 5579 'sexu

964 5619 1183 5676 militia:
1237 5635 1349 5677 suae
1401 5634 1605 5674 cuneos
1664 5620 1908 5684 instruit,
1964 5619 2222 5688 aciesque
2276 5614 2578 5686 componit,

962 5715 1097 5787 quia
1120 5714 1269 5770 viros
1291 5729 1356 5771 ac
1379 5713 1617 5770 feminas
1634 5714 1700 5768 ad
1720 5714 2064 5784 procinctum
2093 5714 2237 5767 beati
2256 5713 2579 5768 certaminis

959 5803 1347 5869 indilerenter
1390 5806 1652 5866 admittit.
1702 5806 1765 5868 Et
1821 5823 2135 5881 quanquam
2187 5806 2455 5863 mirabilis
2509 5806 2580 5862 sit

2379 300 2617 361 SERMO
2655 296 2889 356 LXVIII.

2682 655 2853 746 ternis
2897 655 3166 743 thalamos
3206 678 3434 749 reSpuit,
3488 672 3705 731 ebrium
3738 661 4006 723 luxuriosi
4015 655 4306 749 .principis

2682 792 2849 854 caput
2878 778 3103 851 proprio
3123 774 3297 845 ipsius
3326 769 3560 842 pugione
3579 760 3859 820 truncavit
3886 753 4123 854 (Judltlr.
4153 748 4301 821 xm).

2682 845 2854 949 Hujus
2876 845 3085 933 militia:
3112 884 3342 927 consors
3363 872 3483 921 erat
3514 861 3736 925 Esther,
3762 869 3886 928 quae
3908 851 4039 915 dum
4064 845 4305 949 .feroe-es

2680 938 2910 1037 Assneri
2945 970 3090 1042 regis
3124 966 3342 1022 animos
3371 954 3682 1017 artiﬁcibus
3729 946 3983 1008 delinivit
4028 938 4306 1042 alloquiis,

2680 1081 2733 1126 et
2758 1032 3165 1125 Mardoch‘ieum
3189 1060 3258 1118 ab
3291 1050 3630 1113 imminentis
3659 1042 3936 1105 sententia
3970 1036 4170 1095 mortis
4198 1032 4310 1090 eri-

2680 1165 2800 1235 puit
2825 1172 2879 1217 et
2905 1162 2957 1215 in
2987 1167 3152 1230 caput
3178 1153 3384 1216 Aman,
3414 1148 3507 1219 qui
3534 1145 3686 1201 necis
3711 1140 3875 1214 hujus
3902 1129 4306 1235 auctor—exstir

2684 1224 2733 1311 te
2743 1265 2820 1310 rat
2834 1296 2849 1319 ,
2869 1254 3045 1326 digna:
3056 1224 3440 1313 damnationis
3461 1243 3787 1312 argumenta
3814 1229 4037 1288 retorsit
4061 1224 4306 1301 (Esther.
4322 1235 4339 1247 ‘

2680 1350 2824 1417 vni).
2860 1321 3012 1400 Hanc
3039 1339 3317 1414 gaudebat
3358 1331 3604 1405 bajulare
3632 1325 3888 1384 militiam
3901 1321 4155 1417 ADebora,
4181 1329 4307 1388 quae

2682 1415 2809 1497 dum
2838 1435 3193 1493 lsraeliticam
3218 1429 3432 1502 plebem
3456 1419 3801 1497 propheticis
3823 1415 4312 1502 gubernaretrora-

2683 1531 2839 1595 cnlis,
2868 1530 2919 1584 in
2953 1526 3451 1599 prmliumquoque
3490 1516 3644 1573 velut
3672 1510 3924 1583 quaedam
3956 1505 4053 1561 Dei
4082 1501 4309 1599 Bellona

2683 1592 3048 1690 coxigretliens
3078 1592 3363 1687 copiosum
3395 1608 3558 1666 Jabin
3592 1604 3739 1678 regis
3792 1598 4101 1690 exercitum

2683 1681 2839 1767 ditet
2890 1681 3162 1783 populum
3200 1704 3298 1761 Dei
3328 1695 3793 1771 durissimaejugo
3823 1681 4315 1783 servitutisabsol-

2612 1796 2655 1854 Β
2684 1806 2761 1859 vit
2788 1776 2993 1875 (ludio.
3027 1800 3125 1871 iv).
3159 1796 3299 1854 Huic
3342 1790 3554 1849 militiae
3603 1784 3927 1875 deserviunt
3973 1776 4132 1875 Jahcl
4171 1789 4315 1833 uxor

2685 1872 2885 1961 Haber,
2941 1908 3067 1948 cum
3128 1888 3375 1945 Sisaram
3432 1882 3734 1955 fugientem
3782 1873 3930 1931 intra
3982 1872 4314 1961 tabernacu-

2682 1987 2794 2042 lum
2850 1984 3073 2064 quidem
3129 1978 3330 2036 blande
3387 1972 3655 2046 suseepit,
3709 1968 3806 2030 sed
3855 1964 4149 2029 cerebrum
4185 1960 4310 2064 ejus

2681 2080 2840 2136 clavo
2870 2054 3244 2134 itabernaculi
3291 2086 3392 2146 per
3446 2077 3665 2140 tempus
3693 2072 3993 2135 utrumque
4034 2054 4318 2115 transﬁxit

2684 2173 2898 2246 (lbid.).

2759 2237 2932 2338 Hujus
2982 2270 3137 2319 certe
3183 2255 3399 2315 militia
3456 2251 3739 2330 particeps
3794 2244 3901 2303 fuit
3959 2240 4195 2316 insignis
4222 2237 4314 2297 illa

2680 2342 2961 2423 bellatrix,
2994 2352 3208 2411 scilicet
3239 2351 3403 2407 beata
3444 2344 3738 2410 Felicitas,
3780 2356 3906 2414 quae
3936 2339 4069 2395 dum
4100 2342 4313 2408 septem

2681 2438 2785 2507 sibi
2813 2450 2954 2522 ﬁlios
2980 2447 3037 2502 in
3067 2459 3247 2519 agone
3275 2439 3571 2515 praemisit,
3600 2435 3756 2496 salvo
3786 2434 3893 2493 sibi
3919 2442 3976 2489 et
4004 2430 4091 2488 sui
4123 2436 4315 2487 certa-

2684 2544 2850 2599 minis
2873 2541 3123 2614 pratmio,
3140 2534 3487 2610 septemplici
3512 2532 3568 2589 in
3602 2529 3793 2589 sobole
3818 2526 4089 2601 martyrio
4114 2524 4315 2580 trium-

2684 2635 2892 2707 phavit.
2928 2632 3081 2689 Hanc
3103 2645 3326 2705 quoque
3368 2625 3629 2684 militiam
3684 2634 3915 2681 strenue
3968 2617 4237 2690 bajulavit
4261 2625 4319 2674 et

2686 2734 2801 2786 haec
2832 2730 2988 2802 virgo
3012 2726 3347 2789 clarissima,
3393 2719 3552 2792 cujus
3596 2718 3762 2787 hodie
3807 2715 3991 2771 votiva
4042 2711 4316 2800 festivitas

2684 2796 3095 2888 COlilllr.lel$
3150 2815 3409 2873 videlicet
3469 2812 3705 2891 duplicis
3757 2823 3954 2882 pugna:
4011 2796 4313 2867 victoriam

2684 2902 2883 2983 tenuit,
2913 2916 3043 2969 dum
3076 2921 3133 2969 et
3160 2909 3439 2967 tilillantia
3466 2908 3651 2964 carnis
3670 2903 3951 2990 incentiva
3976 2899 4309 2976 perdomuit,

2682 3021 2739 3069 et
2786 3013 2934 3067 illata
2967 3009 3069 3066 sibi
3102 3006 3366 3064 horriﬁca
3396 3017 3684 3078 ptenarum
3733 3006 4008 3057 tormenta
4053 2994 4313 3061 calcavit.

2684 3101 2730 3157 Ο
2752 3101 2977 3173 quantis
3008 3100 3113 3154 ista
3144 3094 3521 3152 cumulabilur
3551 3092 3794 3164 praemiis
3835 3089 3889 3143 in
3938 3085 4313 3145 retributione

2606 3172 2655 3234 C
2681 3172 2988 3265 justorum!
3026 3201 3256 3274 quanta,
3279 3187 3569 3260 judicante
3611 3184 3857 3249 Christo,
3890 3178 4169 3264 dilabitur
4195 3174 4317 3252 glo-

2686 3290 2791 3356 ria,
2823 3302 2944 3358 quaa
2977 3294 3130 3341 tanto
3182 3282 3367 3338 crucis
3413 3279 3621 3337 Christi
3654 3278 3758 3336 fuit
3786 3276 4031 3350 pondere
4061 3288 4305 3349 przegrap

2685 3381 2840 3437 vata!
2892 3378 3029 3433 Nam
3055 3378 3209 3448 juxta
3249 3374 3512 3431 Veritatis
3537 3388 3755 3438 vocem,
3790 3389 3808 3422 ι
3847 3385 4060 3435 semen,
4086 3367 4236 3441 quod
4260 3366 4319 3427 in

2687 3486 2891 3532 terram
2921 3470 3142 3537 cecidit,
3162 3468 3309 3523 aliud
3326 3468 3696 3539 trigesimum,
3716 3462 3865 3519 aliud
3882 3460 4316 3534 sexagesimum.

2684 3565 2829 3621 aliud
2859 3562 3227 3618 centesimum
3253 3558 3437 3613 attulit
3464 3556 3705 3613 fructum
3739 3553 3965 3627 (Matth.
4004 3551 4152 3624 xm).
4196 3570 4215 3604 ι

2756 3656 2893 3713 Cum
2946 3669 3102 3727 ergo,
3148 3653 3293 3716 sicut
3344 3650 3651 3716 authentici
3698 3648 3955 3707 doctores
4003 3653 4313 3716 exponunt,

2687 3746 2993 3821 virginitati
3022 3744 3237 3803 fructus
3263 3743 3557 3816 centuplns
3602 3741 3892 3811 debeatur,
3941 3738 4166 3811 quantis
4198 3739 4318 3794 haec

2684 3843 2848 3898 beata
2905 3840 3061 3913 virgo
3115 3835 3559 3893 accumulabitur
3614 3834 3795 3899 donis,
3855 3848 4021 3904 quam
4080 3830 4317 3905 Insignis

2685 3936 2880 4009 gratiae
2904 3932 3261 3993 decorabitur
3297 3930 3508 3998 inl'nlis,
3544 3945 3667 3999 qua!
3704 3938 3999 4001 postquam
4047 3936 4316 3988 centenos

2688 4029 2899 4084 fructus
2928 4027 2996 4082 de
3022 4026 3341 4096 virginitate
3367 4031 3697 4089 messuerat,
3734 4022 3902 4079 etiam
3939 4019 4190 4093 martyrii
4220 4034 4314 4078 eo-

2689 4137 2878 4178 rouam
2910 4136 3034 4176 cum
3067 4127 3216 4174 tanta
3242 4118 3419 4191 gloria
3452 4115 3806 4190 reportabat?
3844 4113 3982 4171 Nam
4015 4130 4141 4171 cum
4162 4121 4313 4181 esset

2686 4216 2741 4272 in
2774 4214 3079 4273 certamine
3122 4213 3446 4276 constituta,
3485 4210 3658 4289 lorica
3708 4209 3835 4265 ﬁdei
3886 4207 4218 4280 praemunita
4257 4215 4317 4267 et

2688 4310 2857 4366 armis
2883 4294 3101 4366 invictae
3128 4308 3409 4379 patientiae
3437 4322 3502 4363 ac
3537 4306 3769 4378 geminae
3798 4302 4095 4361 charitatis
4118 4300 4312 4365 accin-

2689 4418 2797 4473 cta,
2834 4408 3141 4478 duplicibus
3176 4406 3517 4469 diversorum
3570 4402 3813 4478 hostium
3849 4398 4166 4473 agminibus
4196 4396 4317 4455 ciu-

2690 4472 2941 4569 gehatur.
3000 4497 3152 4551 Intus
3206 4505 3399 4551 contra
3450 4472 3748 4549 seditiosos
3803 4472 4084 4563 pugnabat
4137 4489 4311 4559 cives,

2692 4591 2825 4645 foris
2856 4589 3124 4643 adversus
3165 4595 3584 4658 persecutorum
3634 4600 3700 4640 ac
3750 4582 3877 4638 ﬁdei
3930 4580 4314 4640 resistentium

2687 4684 2837 4739 acies
2863 4656 3182 4736 dimicabat:
3216 4678 3322 4734 Pro
3372 4678 3587 4733 duobus
3629 4677 3829 4733 castris
3858 4674 4041 4730 stabat
4070 4687 4175 4727 una
4200 4656 4341 4728 bel?

2688 4775 2871 4829 latrix.
2918 4773 3057 4828 Hinc
3111 4772 3393 4844 pudicitiae
3437 4770 3779 4838 clausulam;
3838 4768 3990 4823 illine
4041 4768 4315 4839 impresso

2688 4868 2886 4939 Sponsi
2925 4866 3007 4921 sui
3033 4866 3383 4930 charactere,
3414 4863 3537 4918 ﬁdei
3582 4862 3925 4935 signaculum
3955 4857 4309 4916 defendebat.

2693 4960 2784 5016 Sic
2808 4963 2966 5014 docta
3020 4975 3215 5015 manus
3269 4960 3337 5014 ad
3384 4959 3657 5030 prtelium,
3711 4958 4055 5012 circumacto
4086 4952 4315 5009 virtutis

2692 5055 2933 5125 undique
2956 5053 3166 5125 clypeo,
3197 5052 3359 5106 modo
3386 5052 3480 5105 lita
3509 5065 3718 5106 veneno
3745 5049 3849 5105 tela
3880 5047 4131 5112 luxuriae,
4150 5046 4313 5112 modo

2694 5149 3017 5204 imminente
3059 5146 3287 5217 perﬁdia
3331 5145 3645 5216 jaculorum
3680 5144 4054 5216 ingruentium
4086 5140 4316 5215 grandi-

2693 5257 2817 5296 nem
2850 5238 3212 5309 propellebat.

2762 5334 2930 5407 37o
2957 5333 3180 5389 Dicebat
3210 5348 3343 5403 ergo
3370 5334 3704 5405 agonotheta
3728 5333 3825 5388 Dei
3860 5351 3875 5388 :
3915 5352 3935 5386 ι
3964 5332 4134 5404 Nigra
4158 5347 4303 5401 sum,

2692 5430 2787 5485 sed
2850 5427 3115 5491 formosa,
3168 5426 3292 5481 ﬁlia:
3342 5426 3706 5492 Hierusalem,
3762 5427 3905 5483 sicut
3953 5425 4312 5483 tabernacula

2688 5521 2886 5586 Cedar,
2923 5522 3063 5577 sient
3095 5519 3251 5590 pellis
3303 5520 3615 5575 Salomonis
3644 5520 3823 5590 (Cant.
3858 5522 3921 5589 l).
3966 5540 3984 5573 ι
4017 5520 4196 5575 Cedar
4226 5520 4313 5574 in-

2690 5625 3030 5683 terpretatur
3057 5614 3315 5676 tenebrtt',
3342 5613 3375 5665 ii
3407 5624 3531 5666 sunt
3558 5612 3807 5667 inﬁdeles
3838 5613 4013 5667 lucem
4043 5612 4165 5665 ﬁdei
4203 5628 4308 5665 non

2691 5709 2973 5761 IliihCiiii‘S.
3006 5728 3021 5758 ι
3060 5706 3222 5775 Nigra
3250 5724 3391 5770 sum,
3425 5725 3441 5757 ι
3492 5706 3690 5775 inquit,
3716 5714 3940 5778 propter
3963 5705 4309 5777 persecutio-

2688 5804 2775 5861 nis
2805 5814 3021 5871 ;estuin,
3052 5812 3276 5876 propter
3306 5801 3564 5869 adversa,
3592 5815 3716 5873 quae
3737 5800 3922 5876 patior
3942 5816 3970 5857 a
3996 5798 4127 5857 ﬁliis
4156 5806 4309 5861 tene.
