2725 3192
1012 193 1064 223 895

1012 250 1132 278 brarum.
1147 248 1200 276 Sed
1215 249 1379 276 intrinsecus
1403 248 1519 276 formosa
1546 256 1616 279 sum,
1633 248 1695 282 quia
1713 257 1721 272 ι
1741 256 1806 274 con-
1822 250 1845 279 Α

1012 296 1113 330 cupivit
1138 303 1186 322 rex
1209 295 1328 330 speciem
1347 304 1445 326 meum,
1459 300 1485 322 ct
1497 295 1585 321 omnis
1599 295 1683 329 gloria
1700 303 1757 321 mea
1772 295 1805 321 ab

1013 341 1092 368 intus.
1107 350 1117 366 ι
1132 340 1262 368 Formosa
1278 349 1347 372 sum,
1365 342 1485 375 inquam,
1500 341 1570 367 sicut
1585 341 1675 374 pellis,
1690 341 1739 366 hoc
1752 345 1803 370 cst,

1012 389 1079 415 sicut
1093 387 1298 414 tabernaculum
1318 387 1478 413 Szllmllﬂllla.
1498 387 1573 412 Sicut
1589 387 1661 412 enim
1678 386 1806 411 tabernu-

1011 433 1101 461 culum
1121 441 1154 460 ex
1183 437 1350 459 mortuorum
1376 433 1403 457 lit
1425 432 1536 465 pellibus
1566 432 1736 461 :lllllllﬁtllliill,
1768 432 1803 457 ita

1011 478 1145 505 duntaxat
1156 478 1192 504 illi
1208 483 1270 504 sunt
1283 478 1467 504 habitaculum
1483 478 1593 510 iniqui
1609 478 1718 503 (ii-"triarii
1731 486 1803 503 rmn-

1013 524 1129 555 mortui,
1162 523 1235 549 vitiis
1268 531 1375 557 quoque
1406 524 1548 558 carnisque
1576 523 1804 557 ttilit'llllls'l'itllih

1011 573 1075 598 sunt
1085 568 1225 597 exstincti.
1249 567 1305 596 Nec
1318 569 1391 596 enim
1408 568 1540 604 potuisset
1563 568 1619 595 hac
1644 569 1722 603 virgo
1734 568 1803 595 mori

1012 623 1062 651 pro
1079 614 1205 648 Domino,
1229 615 1282 642 nisi
1307 619 1415 643 mortua
1430 614 1526 644 fuisset
1550 614 1676 650 primitus
1692 614 1802 641 mundo.

1016 669 1026 686 I
1044 658 1142 693 Nolite,
1159 659 1263 695 inquit,
1283 667 1327 688 me
1341 659 1528 692 considerare,
1544 660 1616 695 quod
1643 659 1718 687 fusca
1740 659 1791 686 sim

1013 706 1075 741 quia
1088 704 1259 733 decoloravit
1271 712 1315 732 me
1329 704 1370 733 sol
1385 704 1474 740 (Cant.
1487 705 1518 740 ι).
1539 714 1548 732 ι

1046 751 1069 780 0
1081 750 1143 779 ﬁlim
1155 750 1338 784 Hierusalem,
1350 750 1378 778 id
1387 755 1441 783 est,
1452 751 1575 787 oildeles
1590 751 1699 783 animae,
1721 751 1747 778 in
1760 750 1803 777 illa

1021 806 1064 826 am
1076 797 1180 826 calesti
1195 797 1281 833 gloria
1299 805 1348 833 per
1361 797 1525 825 desiderium
1538 798 1705 829 constituta,
1721 797 1804 824 nolite

1011 851 1055 872 me
1065 843 1249 876 considerare,
1265 843 1337 878 quod
1347 842 1425 871 fusca
1439 843 1501 875 sim,
1512 844 1538 871 id
1551 849 1602 874 est,
1611 843 1695 871 nolite
1707 843 1804 877 despe-

1011 897 1083 922 rare,
1098 889 1139 917 vel
1163 889 1244 917 nimis
1260 896 1453 924 expavescere,
1470 889 1541 924 quod
1557 897 1600 917 me
1615 889 1805 918 tribulationes

1010 935 1179 970 opprimunt,
1200 934 1272 969 quod
1299 935 1503 970 persecutiones
1525 934 1657 967 adiciunt,
1681 935 1753 969 quod
1777 935 1804 961 in
1821 929 1842 959 Β

1011 981 1063 1009 hoc
1095 982 1265 1017 tempestatis
1294 981 1530 1017 procellarumque
1559 981 1701 1017 niufragio
1734 981 1806 1008 intu-

1013 1032 1168 1060 mescentes
1191 1035 1236 1056 me
1257 1027 1355 1056 ﬂuctus
1368 1027 1488 1061 illidunt,
1500 1029 1565 1064 quia
1584 1027 1750 1055 decoloravit
1763 1035 1806 1055 me

1012 1073 1062 1107 sol,
1076 1073 1206 1109 quoniam
1230 1081 1314 1110 super
1333 1081 1376 1102 me
1400 1074 1597 1110 persecutionis
1612 1079 1694 1102 aestus
1710 1074 1805 1102 incan-

1011 1120 1081 1152 duit,
1093 1120 1275 1157 decoremque
1290 1128 1357 1148 mem
1371 1121 1525 1149 venustatis
1550 1129 1581 1148 ac
1596 1121 1807 1156 pulchritudinis

1013 1164 1213 1194 offuscarit..\c
1224 1165 1246 1194 si
1259 1165 1332 1194 dicat
1347 1175 1354 1192 :
1368 1164 1457 1194 Nolite
1468 1170 1523 1193 tam
1535 1174 1579 1199 ea,
1594 1167 1691 1201 quibus
1703 1166 1808 1193 extrin-

1012 1217 1092 1238 secus
1105 1209 1217 1246 atiligor,
1233 1211 1385 1243 attendere,
1397 1218 1479 1246 quam
1493 1216 1650 1238 vernantem
1666 1211 1806 1238 interioris

1011 1255 1160 1282 vemtstatis
1171 1255 1275 1290 species
1285 1255 1416 1291 cogitare.
1424 1255 1489 1283 Tale
1504 1260 1546 1283 est
1562 1261 1589 1283 et
1605 1257 1677 1291 quod
1687 1256 1803 1292 Aposto-

1012 1298 1055 1327 lus
1068 1299 1133 1328 dicit
1148 1308 1154 1327 :
1174 1309 1184 1326 ι
1200 1299 1289 1329 Nolite
1311 1300 1428 1330 deficere
1443 1301 1471 1329 in
1497 1301 1719 1330 tribulationibus
1737 1303 1806 1331 meis

1014 1351 1065 1380 pro
1091 1345 1180 1377 vobis,
1195 1352 1256 1380 qua:
1279 1350 1321 1374 est
1341 1346 1428 1381 gloria
1443 1351 1533 1374 vestra
1553 1346 1662 1382 (Ephes.
1676 1348 1734 1382 tu);
1752 1355 1806 1375 non

1012 1390 1085 1418 enim
1099 1390 1243 1427 candignte
1266 1396 1330 1419 sunt
1355 1392 1497 1428 passiones
1521 1393 1603 1429 hujus
1628 1394 1759 1430 temporis
1773 1394 1807 1422 ad

1010 1436 1130 1466 futuram
1155 1439 1280 1474 gloriam,
1306 1447 1367 1475 qua
1387 1440 1552 1469 revelabitur
1578 1442 1606 1469 in
1626 1442 1704 1470 nobis
1717 1442 1805 1478 (licet.

1010 1484 1082 1519 viii).
1098 1493 1108 1510 ›
1124 1483 1200 1512 lianc
1213 1489 1305 1513 autem
1316 1486 1472 1514 interiorem
1483 1487 1714 1522 pulchritudinem
1725 1493 1804 1516 exte-

1009 1529 1164 1566 rioremque
1187 1530 1356 1566 nigredinem
1379 1532 1500 1560 breviter
1522 1533 1655 1561 leremias
1678 1543 1805 1571 compre-

1010 1575 1115 1608 hendit,
1141 1576 1235 1605 dicens
1252 1587 1258 1604 ε
1276 1586 1285 1603 α
1310 1578 1490 1607 Candidiores
1517 1579 1640 1608 Natural
1655 1580 1715 1615 ejus
1729 1582 1802 1614 nive,

1313 193 1341 220 S.
1362 192 1463 220 PETRI
1483 192 1626 220 DAMIANI
1646 191 1721 220 OPP.
1743 189 1834 219 PARS
1851 188 1917 219 SEU
1935 188 2053 219 TOMUS
2068 190 2099 218 Il.
2114 204 2148 211 —
2167 187 2362 218 δωοκκε.
2407 197 2410 200 ’
2427 187 2430 190 ’

1862 252 1933 275 totus
1943 247 2128 275 desiderabilis
2144 246 2233 282 (Cani.
2248 247 2285 282 v).
2303 255 2313 273 ι
2332 244 2453 275 Diteesas
2463 242 2651 275 enimsunt

1859 295 2024 329 virginitate,
2050 293 2215 321 rubicundus
2238 293 2265 320 in
2290 291 2427 328 pauidus.
2445 298 2458 318 ι
2471 290 2556 320 μνη
2572 290 2648 322 ά

1859 348 1908 367 no;
1924 349 1937 366 a
1954 341 2071 374 peccatis
2085 340 2185 367 nostris
2215 339 2241 366 in
2257 339 2389 375 sanguine
2407 344 2459 367 suo
2478 336 2574 375 (Λυσι
2585 335 2647 373 1).)

1858 386 1941 412 Tutus
1954 390 2042 412 autem
2059 385 2247 412 desiderabilia
2258 389 2309 417 est.
2325 384 2389 420 quia
2410 382 2651 414 Μαι

1859 432 1884 457 in
1903 431 2029 463 singulari
2048 432 2202 462 nativitate,
2218 432 2244 458 in
2259 431 2366 458 viViilca
2379 430 2519 464 IIth
2530 429 2651 467 ψιε-

1858 478 2067 505 resurrectione,
2087 477 2112 502 in
2131 476 2287 511 triumphali
2314 476 2484 505 ascensione.
2507 474 2651 505 Daul-

1857 523 1917 548 bilis
1933 528 1981 550 est.
2012 523 2074 549 dum
2102 523 2232 558 loquitur,
2260 523 2323 550 dum
2349 521 2483 550 mirabilia
2507 511 2659 557 operatur.’

1855 568 1919 596 Eto
1933 576 2014 604 quam
2041 569 2199 604 praclarum
2228 576 2260 597 ae
2284 568 2364 597 dulce
2385 568 2582 597 commercia-
2604 566 2651 598 ulli

1855 619 1949 642 mutua
1975 615 2092 643 invicem
2116 614 2310 651 prmdieatlone
2331 614 2459 643 laudatur
2481 613 2606 651 Sponsas
2623 617 2653 642 α

1855 667 1964 695 sponsa,
1996 660 2111 689 Greater
2135 665 2163 689 et
2189 661 2330 688 creatura!
2357 659 2404 688 Sic
2430 659 2559 695 impletur
2578 658 2654 700 quod

1855 713 1903 741 per
1921 704 2093 733 Psalmistam
2122 706 2223 734 dicitur
2250 714 2282 733 ε(
2312 704 2465 734 Iucundum
2488 705 2525 734 sit
2546 705 2574 734 ei
2596 703 2653 733 ἀι

1855 751 1949 787 quium
1978 759 2086 785 meum,
2122 760 2173 788 ego
2204 759 2269 780 vero
2298 751 2454 781 delectabar
2483 751 2511 780 in
2535 750 2653 780 Domine

1859 796 1946 832 (Ptol.
1970 798 2040 834 cui).
2066 807 2075 824 ι

1893 843 1926 871 Et
1942 851 2036 871 revera
2052 844 2109 871 haec
2119 848 2162 872 est
2175 843 2220 871 illa
2235 843 2347 872 humani
2359 842 2468 880 generis
2478 849 2554 878 pars,
2570 839 2653 878 virgi-

1858 889 1927 916 nalis
1942 890 2046 917 scilicet
2059 890 2169 922 chorus.
2194 889 2222 917 in
2237 896 2290 924 qua
2303 889 2376 917 Deus
2397 888 2575 924 omnipotens
2587 894 2653 923 pre-

1857 937 1967 973 peusius
1980 944 2012 964 ac
2027 935 2171 971 specialius
2182 936 2343 964 delectatur.
2363 933 2431 963 Nam
2442 940 2503 963 esto
2515 938 2546 962 ut
2557 940 2654 962 omam

1858 990 1873 1010 a
1887 983 2001 1010 Domino
2012 982 2137 1018 discipuli
2152 982 2389 1019 diligantur,elcut
2398 989 2414 1010 a
2425 980 2506 1010 Patre
2516 980 2653 1017 diligitur.

1858 1029 1916 1064 ipso
1936 1029 2108 1064 perliibente,
2122 1028 2162 1056 ait
2179 1037 2186 1055 :
2210 1037 2221 1054 I
2240 1027 2318 1056 Sicut
2342 1026 2438 1056 dilexit
2457 1033 2501 1055 me
2514 1025 2607 1058 Pater,
2625 1029 2655 1053 et

1857 1084 1908 1111 ego
1921 1075 2002 1103 dilexi
2016 1082 2065 1103 vos
2081 1074 2172 1110 (loeti.
2189 1075 2244 1111 xv).
2259 1083 2269 1101 ι
2285 1073 2351 1102 Esto
2362 1072 2435 1110 quod
2449 1072 2549 1101 Petrus
2562 1071 2653 1100 claves

1858 1121 1995 1156 acceperit
2010 1121 2084 1156 regni
2100 1120 2243 1148 calorum.
2260 1119 2327 1149 Esto
2337 1119 2410 1155 quod
2419 1119 2447 1147 is
2460 1118 2538 1147 culis
2549 1125 2584 1146 ac
2595 1122 2652 1146 Ier-

1858 1166 1905 1197 ris,
1934 1166 2035 1200 ligandi
2064 1164 2241 1200 solvendique
2268 1164 2382 1193 sortitus
2409 1163 2446 1192 sit
2466 1162 2653 1199 principatu-

1857 1211 1964 1247 (Manli.
1979 1212 2047 1246 ni),
2063 1216 2251 1240 verumtamen
2274 1210 2405 1245 balinea,
2419 1210 2550 1247 quoniam
2575 1209 2654 1245 virgo

1855 1263 1907 1290 est,
1920 1258 1977 1293 ipse
1994 1262 2037 1285 est
2049 1258 2200 1293 discipulus
2214 1265 2296 1294 quem
2310 1257 2439 1293 diligebat
2461 1255 2542 1285 Iesus
2556 1255 2652 1291 (Jul.

1856 1304 1927 1339 xui).
1945 1303 2014 1331 Hinc
2030 1308 2072 1331 est
2085 1308 2112 1331 et
2125 1303 2197 1339 quod
2209 1303 2236 1331 iu
2249 1302 2412 1339 Apocalypsi
2426 1301 2544 1330 Joannes
2558 1301 2629 1329 dicit
2642 1310 2651 1328 :

1859 1357 1868 1373 ι
1886 1347 1954 1381 Quia
1969 1355 2050 1375 nemo
2065 1352 2173 1382 poterat
2188 1346 2282 1375 dicere
2295 1347 2442 1379 canticum,
2458 1347 2509 1374 nisi
2525 1346 2571 1374 illa
2585 1353 2651 1374 cen-

1858 1399 1915 1422 tum
1932 1393 2113 1429 quadraginta
2129 1398 2249 1429 quatuor
2271 1392 2367 1426 millia,
2380 1392 2428 1428 qui
2443 1392 2527 1428 empti
2542 1396 2608 1420 sunt
2618 1391 2653 1419 de

1857 1445 1947 1473 terra;
1963 1440 1990 1468 bi
2002 1444 2065 1468 sunt
2075 1440 2121 1475 qui
2133 1447 2195 1467 cum
2210 1439 2371 1468 mulieribus
2381 1447 2436 1467 non
2450 1443 2514 1466 sunt
2525 1438 2651 1473 coinqui-

1855 1488 1925 1518 nati,
1937 1487 2055 1522 virgines
2070 1487 2142 1514 enim
2157 1491 2231 1519 sunt,
2242 1486 2271 1514 bi
2294 1490 2446 1521 sequuntur
2460 1486 2566 1521 Agnum
2581 1493 2652 1521 quo-

1854 1541 1961 1569 cunque
1984 1533 2046 1561 ierit
2071 1532 2163 1568 (Apoc.
2190 1533 2258 1567 xiv).
2276 1541 2286 1558 ι
2308 1531 2362 1560 Sed
2383 1532 2456 1559 hunc
2475 1531 2596 1567 Agnum,
2622 1535 2652 1558 ut

1856 1578 1947 1606 multae
1959 1578 2068 1606 valeant
2082 1578 2211 1614 virgines,
2222 1585 2276 1614 qua
2289 1578 2420 1614 graditur,
2433 1578 2523 1613 sequi,
2535 1577 2594 1612 ipse
2605 1577 2653 1604 dat

1009 1620 1150 1649 nitidiores
1165 1621 1245 1655 lacte,
1271 1622 1481 1652 rubicundiores
1503 1624 1586 1653 ebOre
1599 1614 1723 1661 antiquo,
1739 1635 1803 1662 sap-
1817 1614 1840 1646 ο
1857 1625 1885 1653 in
1905 1624 2040 1652 servanda
2060 1624 2218 1659 virginitate
2232 1617 2425 1656 constantiam,
2448 1623 2475 1651 in
2496 1623 2652 1659 superanda

1008 1665 1087 1701 pbiro
1108 1666 1280 1702 pulchriores
1294 1667 1403 1704 (Titus.
1429 1670 1479 1706 iv).
1497 1679 1507 1697 ι
1525 1670 1596 1700 Ecce
1619 1671 1802 1706 pulchritudo,

1009 1711 1057 1739 sed
1070 1712 1132 1739 audi
1147 1712 1332 1748 nigredinem;
1349 1721 1411 1741 nam
1435 1714 1508 1743 illico
1532 1716 1677 1751 sequitur:
1696 1727 1705 1743 ι
1720 1717 1803 1745 Deni-

1009 1760 1087 1790 grata
1109 1762 1151 1784 est
1168 1765 1250 1792 super
1262 1759 1396 1786 carbones
1408 1759 1495 1788 facies
1509 1768 1617 1794 eorum,
1633 1766 1661 1789 et
1674 1770 1727 1790 non
1740 1766 1804 1791 sunt

1009 1801 1109 1836 cogniti
1135 1801 1162 1829 in
1189 1801 1297 1837 plateis.
1324 1803 1445 1832 Adhaesit
1464 1805 1536 1833 cutis
1564 1813 1659 1833 comm
1682 1808 1802 1841 ossibus,

1010 1846 1092 1879 aruit,
1105 1850 1134 1874 et
1146 1846 1216 1875 facta
1229 1852 1272 1876 est
1283 1848 1361 1883 quasi
1377 1849 1479 1885 lignum
1492 1850 1598 1886 (καίει).
1613 1861 1623 1878 ι
1636 1851 1690 1880 Sed
1702 1854 1803 1889 aspici-

1009 1900 1070 1922 mus
1093 1895 1254 1924 exteriorem
1280 1896 1458 1933 nigredinem,
1482 1900 1589 1934 aperiat
1606 1900 1664 1936 ipsa
1681 1900 1752 1928 unde
1766 1900 1803 1928 sit

1008 1939 1123 1967 interior
1136 1940 1332 1976 pulchritudo:
1357 1953 1367 1970 s
1390 1943 1482 1972 Indica
1504 1945 1580 1978 mihi,
1598 1946 1697 1981 inquit,
1721 1954 1802 1981 quem

1008 1983 1096 2021 diligit
1109 1987 1200 2015 anima
1212 1996 1282 2021 mea,
1297 1988 1343 2016 ubi
1359 1997 1465 2025 pascas,
1479 1991 1524 2018 ubi
1539 1991 1632 2025 cubes,
1646 1992 1674 2020 in
1689 1992 1803 2020 meridie

1008 2030 1098 2066 (Cant.
1117 2033 1150 2068 ι).
1165 2043 1175 2060 ι
1193 2034 1232 2063 Ac
1244 2036 1266 2063 si
1281 2036 1354 2064 dicat
1370 2044 1382 2064 ι
1399 2036 1422 2065 0
1442 2036 1547 2072 Spouse
1572 2038 1704 2072 caelestis,
1720 2047 1801 2074 quem

1007 2077 1099 2105 anima
1119 2086 1180 2107 mea
1202 2080 1425 2110 inenarrabiliter
1446 2081 1544 2117 diligit,
1560 2083 1587 2110 in
1599 2091 1653 2119 quo
1667 2091 1716 2119 per
1727 2083 1801 2112 desi-

1006 2122 1112 2159 deriuni
1123 2123 1224 2161 iugiter
1247 2126 1403 2161 requiescit,
1428 2135 1509 2163 quem
1531 2128 1602 2156 ulnis
1618 2129 1722 2157 intimm
1734 2130 1802 2158 dile-

1005 2169 1104 2197 ctionis
1115 2170 1297 2205 amplectitur,
1321 2172 1347 2199 in
1358 2180 1413 2208 quo
1426 2174 1491 2201 totis
1505 2174 1656 2203 visceribus
1678 2175 1800 2203 delecta-

1007 2214 1120 2247 tur,dic
1143 2216 1210 2244 mihi
1239 2217 1284 2245 ubi
1300 2225 1407 2254 pascas,
1435 2219 1487 2247 hoc
1500 2224 1552 2254 est,
1579 2225 1607 2248 tu
1633 2221 1680 2256 qui
1707 2227 1803 2257 pastor

1006 2261 1094 2290 bonus
1106 2270 1147 2296 es,
1172 2263 1217 2292 ubi
1241 2272 1306 2293 oves
1329 2270 1390 2293 tuas
1404 2274 1518 2302 pascere
1533 2266 1629 2300 facias,
1646 2268 1703 2303 ipse
1715 2268 1801 2296 etiam

1006 2306 1051 2334 ubi
1065 2308 1158 2342 cubes,
1179 2309 1209 2337 id
1223 2315 1276 2344 est,
1291 2311 1336 2339 ubi
1353 2312 1509 2347 requiescas
1532 2313 1560 2340 in
1585 2318 1653 2341 metu
1669 2321 1798 2349 persecu-

1006 2352 1088 2382 tionis
1099 2359 1128 2381 et
1150 2354 1258 2384 fervore
1285 2357 1446 2386 tentationis
1469 2363 1586 2392 nostra;
1612 2358 1657 2387 ubi
1680 2360 1797 2395 scilicet,

1005 2398 1057 2426 nisi
1080 2398 1107 2426 in
1131 2399 1175 2428 bis
1199 2401 1246 2436 qui
1269 2400 1369 2434 furenti
1392 2404 1511 2432 vesania:
1533 2404 1630 2434 cedere
1657 2407 1796 2440 nesciunt,

1006 2448 1035 2472 et
1049 2446 1198 2474 crassantis
1211 2446 1323 2475 malitias
1347 2448 1490 2477 conatibus
1510 2451 1647 2479 enerviter
1667 2459 1719 2480 non
1735 2460 1798 2482 suc-

1002 2490 1144 2518 cumbunt.

1038 2538 1101 2566 Inde
1116 2546 1182 2575 ergo
1197 2539 1345 2569 formosam
1367 2549 1397 2570 se
1411 2549 1511 2578 sponsa
1524 2544 1575 2573 ista
1598 2545 1718 2579 dicebat,
1731 2546 1796 2582 quia

1002 2582 1047 2611 illc
1062 2584 1088 2611 in
1099 2584 1158 2619 ipso
1166 2586 1365 2620 persecutionis
1377 2587 1495 2616 articulo
1507 2589 1534 2616 in
1549 2597 1581 2617 ea
1597 2590 1796 2620 delectabiliter

1001 2629 1168 2665 quiescebat,
1183 2631 1228 2665 qui
1240 2632 1388 2661 serenitate
1411 2634 1503 2663 vultus
1527 2636 1568 2663 sui
1581 2642 1680 2665 cuncta
1690 2637 1793 2665 clarii]-

1001 2679 1053 2702 cat.
1070 2675 1145 2704 Unde
1159 2680 1187 2704 et
1208 2685 1323 2712 sponsus
1336 2680 1369 2707 ad
1382 2687 1443 2707 eam
1461 2688 1469 2708 :
1484 2690 1493 2706 ι
1513 2680 1591 2713 Tota,
1609 2682 1708 2718 inquit,
1731 2684 1794 2719 pul-

1001 2722 1066 2749 chra
1080 2729 1118 2754 es,
1135 2723 1222 2752 amica
1237 2731 1310 2757 mea,
1320 2729 1348 2752 et
1362 2725 1468 2754 macula
1481 2734 1535 2754 non
1549 2732 1591 2755 est
1613 2728 1640 2755 in
1664 2733 1690 2757 te
1701 2728 1791 2765 (Cant.

1002 2768 1051 2804 tv).
1068 2778 1077 2795 ι
1090 2769 1157 2798 Tota
1172 2770 1284 2806 pulchra
1298 2771 1462 2801 intrinsecus
1477 2778 1505 2801 et
1530 2774 1712 2808 extrinsecus,
1724 2765 1803 2804 foris.

1002 2813 1028 2841 in
1044 2814 1210 2849 perfectione
1229 2815 1296 2844 clari
1315 2817 1417 2852 operis,
1436 2818 1604 2847 intrinsecus
1617 2820 1644 2847 in
1660 2821 1794 2849 munditia

1001 2859 1152 2896 purissima
1178 2862 1360 2898 cogitationis.
1381 2863 1461 2900 371
1484 2865 1518 2892 Et
1538 2865 1584 2893 illa
1595 2866 1661 2902 quid
1676 2867 1794 2902 sponso?

950 2912 954 2923 λ
1007 2915 1018 2937 ι
1030 2905 1149 2936 Dilectus
1164 2915 1251 2944 meus,
1265 2908 1362 2946 inquit.
1378 2910 1519 2946 candidus,
1530 2916 1559 2941 et
1573 2912 1754 2947 rubicundus,
1766 2917 1796 2943 et

1856 1670 2006 1699 tentatiooe
2019 1670 2174 1703 victoriam,
2198 1669 2225 1697 in
2248 1669 2352 1705 prter-ii
2379 1668 2558 1697 retributione
2572 1675 2653 1696 coro-

1855 1723 1929 1745 nam.
1957 1715 2018 1751 Ipse
2045 1715 2111 1743 dicit
2135 1725 2142 1743 :
2169 1724 2179 1741 ι
2202 1714 2259 1751 Ego
2281 1722 2342 1743 sum
2369 1714 2454 1742 lilium
2484 1713 2652 1742 convallium

1855 1761 1944 1797 (Cant.
1959 1762 2001 1797 ti).
2016 1770 2026 1787 ι
2041 1761 2140 1788 Lilium
2157 1760 2237 1795 plane
2251 1765 2363 1796 propter
2378 1760 2488 1788 niveum
2502 1760 2652 1787 candorem

1855 1808 2040 1836 mundissimae
2068 1807 2213 1835 castitatis.
2238 1806 2339 1835 Lilium
2358 1813 2412 1838 non
2437 1806 2585 1840 montium,
2604 1805 2651 1833 sed

1854 1853 2027 1886 convallium,
2044 1853 2107 1888 quia
2120 1852 2181 1888 pias
2192 1852 2269 1888 eligit
2290 1857 2397 1880 mentes
2417 1850 2563 1880 humilium
2595 1858 2651 1879 non

1854 1900 1979 1935 scopulos
1993 1899 2129 1927 inhabitat
2144 1898 2337 1934 superborum.

1892 1944 1968 1972 ilunc
1982 1944 2097 1980 sgnum,
2114 1943 2450 1978 dilectissimi,sequamur
2462 1942 2490 1971 in
2504 1942 2650 1978 via,quam

1854 1991 1882 2019 in
1895 1992 1945 2020 hac
1958 1992 2014 2018 vita
2030 1991 2134 2026 positus
2149 1990 2247 2023 tenuit,
2260 1994 2290 2018 ut
2303 1994 2332 2018 et
2349 1990 2426 2026 sequi
2451 1997 2608 2018 monemur
2622 1990 2650 2019 in

1853 2038 1950 2073 gloria,
1961 2038 1995 2065 ad
2010 2045 2091 2073 quam
2105 2037 2211 2066 devicta
2226 2042 2316 2066 morte
2335 2037 2503 2066 conscendit.
2513 2037 2650 2067 Conside-

1853 2092 1947 2112 remus
1958 2083 2106 2118 diligenter
2118 2083 2164 2111 ubi
2179 2083 2303 2119 sinteins
2316 2082 2449 2118 impressa
2463 2082 2650 2119 vestigia,”

1851 2130 2020 2158 declinemus
2031 2137 2046 2156 a
2059 2129 2155 2156 semita
2172 2128 2336 2165 gradientis,
2347 2129 2371 2156 si
2394 2128 2520 2157 volumus
2532 2136 2649 2156 consor-

1852 2180 1892 2204 tes
1906 2183 1967 2203 esse
1981 2175 2130 2210 regnantis.
2146 2174 2202 2202 Dux
2216 2173 2324 2202 itineris
2336 2173 2424 2202 nostri
2437 2172 2527 2202 cruda
2539 2174 2648 2201 exstitit

1851 2220 1967 2255 bajulus,
1978 2220 2040 2248 felle
2051 2220 2157 2248 cibatus
2169 2223 2221 2247 est.
2232 2219 2283 2254 Qui
2297 2226 2364 2256 ergo
2373 2219 2451 2247 ducis
2465 2217 2547 2254 huius
2557 2219 2648 2247 vexit-

1852 2265 1907 2294 lum
1922 2266 1998 2301 sequi
2020 2265 2169 2298 desiderat,
2183 2264 2303 2293 carnaiia
2320 2264 2471 2292 dulcedinis
2482 2264 2564 2293 mella
2576 2272 2647 2294 con-

1851 2315 1964 2339 temnat.
1981 2320 1990 2337 ι
2008 2310 2066 2338 Non
2089 2311 2173 2343 enim,
2194 2310 2272 2346 juxta
2282 2309 2359 2338 Pauli
2373 2316 2480 2344 vocem,
2499 2317 2647 2346 possm

1850 2357 1895 2385 hic
1904 2356 2024 2393 gaudere
2035 2357 2068 2385 de
2078 2357 2225 2390 saeculo,et
2235 2356 2290 2385 illic
2297 2363 2413 2393 regnare
2423 2364 2486 2385 um
2498 2355 2622 2386 Christo.
2632 2366 2643 2383 s

1849 2402 1919 2431 Hinc
1931 2407 1983 2434 est,
1997 2402 2069 2439 quod
2093 2410 2142 2439 per
2155 2402 2312 2431 mandatum
2333 2402 2412 2439 legis,
2434 2408 2516 2431 omne
2533 2403 2643 2432 sacril-

1848 2449 1920 2478 cium
1933 2449 1990 2477 sale
2003 2449 2203 2485 conspergitur,
2220 2446 2274 2477 mel
2286 2453 2390 2482 autem,
2408 2449 2467 2478 sive
2477 2449 2644 2478 fet-memi-

1847 2495 1951 2524 adolcri
1966 2496 1993 2523 in
2009 2495 2145 2523 sacrificio
2165 2494 2288 2524 funditus
2312 2494 2481 2531 prohibetur.
2495 2494 2576 2523 (inde
2589 2495 2644 2523 Do-

1847 2541 1937 2576 minus
1948 2541 1983 2569 ad
1995 2539 2105 2577 loysen
2120 2541 2148 2568 in
2162 2539 2284 2569 [evitieo
2297 2550 2305 2568 :
2317 2549 2328 2567 ι
2338 2540 2445 2573 Omnis,
2455 2540 2555 2576 inquit,
2566 2540 2642 2568 obla-

1846 2586 1894 2619 tio,
1908 2593 1970 2620 qua
1984 2583 2096 2613 odertnr
2109 2585 2234 2618 Domino,
2249 2585 2353 2620 absque
2366 2584 2502 2613 fermento
2517 2584 2577 2618 let,
2591 2592 2641 2614 nec

1846 2632 1994 2668 quidquam
2018 2631 2144 2660 fermenti
2158 2639 2190 2660 ac
2203 2631 2291 2659 mellis
2301 2630 2454 2660 adolebitur
2465 2631 2493 2659 in
2505 2631 2640 2660 sacriﬁcio

1846 2677 1953 2706 Domini
1975 2678 2069 2714 (lxvii.
2085 2678 2129 2713 tt).
2145 2688 2154 2704 ι
2171 2677 2300 2714 Quisquis
2312 2678 2384 2706 uim
2403 2678 2446 2706 rel
2467 2679 2595 2714 rapinam
2610 2678 2636 2706 ia

1845 2731 1913 2760 opus
1919 2725 2026 2760 pietatis
2033 2725 2201 2759 impendere,
2208 2724 2250 2753 vel
2258 2731 2335 2753 vana
2343 2724 2438 2761 gloria:
2443 2732 2526 2752 causa
2537 2725 2638 2753 unum

1846 2770 1954 2799 videtur
1968 2771 2069 2806 aliquid
2085 2778 2224 2804 exercere,
2237 2771 2283 2800 hic
2310 2779 2365 2799 non
2387 2779 2512 2808 asymam
2527 2770 2638 2800 sinceri-

1846 2820 1910 2848 tatis
1920 2824 1947 2847 et
1960 2821 2091 2854 veritatis,
2107 2821 2154 2849 sed
2183 2819 2345 2849 fermentum
2368 2820 2479 2849 malitia
2491 2826 2577 2856 atque
2589 2828 2635 2848 ne-

1844 2867 1938 2903 quitia:
1964 2866 1989 2902 (1
2011 2866 2073 2895 Cor.
2096 2868 2123 2905 v)
2144 2873 2258 2896 conatur
2284 2867 2394 2897 oﬂerre.
2421 2867 2510 2896 Icilia
2530 2874 2635 2903 quouis

1846 2914 2012 2943 sacriﬁcium
2040 2914 2172 2944 Dominus
2196 2922 2251 2944 non
2271 2914 2414 2951 approbat,
2436 2914 2501 2951 quia
2523 2913 2633 2942 luxurie
