5450 6340
981 338 1088 398 897

2395 317 2632 376 SERMO
2672 318 2864 376 LXIX.
2887 321 2890 324 ’

4216 305 4323 365 898

986 451 1328 523 voluptatem
1351 459 1681 514 omnemque
1703 442 1940 499 carnalis
1967 439 2237 496 illecebra:
2253 437 2598 492 dulcedinem
2626 445 2682 502 Α
2781 436 2838 490 ιιι
2866 435 2970 490 hac
3001 431 3326 504 congeritur
3358 428 3638 500 mult’plex
3674 428 3918 482 varietas
3941 435 4326 482 sacramento-

987 547 1231 603 damnat.
1259 543 1352 600 Sal
1379 550 1562 596 autem
1595 538 1850 594 omnibus
1878 534 2195 606 praecipitur
2224 531 2596 587 oblationibus
2635 535 2640 539 '

990 638 1260 704 adhiberi,
1311 635 1475 707 372
1524 643 1582 688 nt
1621 631 1884 705 quidquid
1948 628 2179 685 Domino
2221 641 2386 698 super
2442 633 2598 680 aram

988 734 1169 791 devoti
1198 730 1378 787 cordis
1397 727 1700 792 offerimus,
1735 725 1965 780 rationis
1997 738 2216 794 semper
2241 730 2406 791 alque
2432 718 2596 775 intel-

987 824 1225 897 ligentia:
1274 834 1470 891 sapore
1527 817 1755 874 condire
1802 816 2144 873 Studeamus.
2210 813 2305 883 Ajt
2370 811 2520 867 enim
2579 823 2596 864 :

994 938 1016 972 ι
1043 915 1314 986 Quidquid
1342 913 1608 970 obtuleris
1639 911 1920 976 sacrificii,
1947 909 2060 965 sale
2086 909 2336 975 condies,
2368 921 2473 963 nec
2497 920 2597 960 au-

989 1009 1133 1066 feres
1155 1007 1237 1063 sal
1263 1006 1486 1064 fmderis
1519 1006 1613 1061 Dei
1657 1005 1730 1058 tui
1761 1004 1828 1058 de
1869 1001 2144 1059 sacrificio
2177 1010 2288 1056 tuo.
2329 1021 2346 1053 ι

1063 1106 1129 1162 Et
1170 1116 1228 1160 ut
1275 1105 1416 1176 quod
1473 1104 1690 1159 dicebat
1729 1102 1890 1160 altius
1919 1099 2245 1163 inculcaret,
2269 1107 2418 1153 etne
2445 1105 2602 1150 mens

990 1207 1179 1255 nostra
1231 1197 1482 1253 fortassis
1513 1194 1807 1266 aliquando
1853 1192 2059 1249 insulsa
2087 1191 2384 1262 desiperet,
2422 1189 2602 1243 adhuc

989 1293 1355 1366 ingeminans,
1389 1291 1515 1347 dicit
1558 1307 1572 1345 :
1605 1310 1621 1342 ι
1662 1289 1718 1344 In
1778 1288 1926 1344 omni
1974 1285 2254 1343 oblatione
2289 1293 2377 1338 tua
2404 1279 2603 1338 offeres

988 1389 1071 1447 sal
1097 1386 1235 1459 (Col.
1268 1385 1366 1455 tv).
1407 1405 1425 1438 ι
1459 1385 1571 1440 Hoc
1595 1384 1755 1454 plane
1807 1381 1953 1438 istud
1985 1389 2071 1435 est
2098 1380 2201 1444 sal,
2232 1378 2300 1433 de
2322 1391 2432 1447 quo
2458 1376 2601 1444 Apo-

987 1480 1162 1538 stolus
1189 1479 1265 1534 ait
1295 1497 1307 1533 :
1348 1499 1365 1530 ‹
1398 1478 1454 1534 lu
1485 1476 1756 1550 sapientia
1791 1474 2067 1530 ambulate
2100 1472 2168 1526 ad
2193 1487 2311 1532 eos,
2343 1468 2436 1539 qui
2463 1467 2600 1524 foris

989 1583 1139 1640 sunt,
1176 1581 1390 1644 tempus
1421 1573 1776 1627 redimentes.
1833 1569 2030 1624 Sermo
2087 1575 2268 1621 vester
2296 1577 2515 1632 semper
2546 1560 2604 1616 in

990 1666 1168 1736 gratia
1197 1663 1312 1720 sale
1344 1663 1415 1718 sit
1439 1663 1713 1728 conditus,
1733 1668 1792 1715 ut
1814 1659 2024 1722 sciatis,
2043 1655 2320 1730 quomodo
2349 1661 2606 1727 oporteat

988 1770 1090 1812 vos
1119 1754 1414 1824 unicuique
1447 1751 1781 1823 respondere
1833 1748 2046 1820 (lbid.).
2088 1767 2105 1799 ι
2146 1746 2357 1811 Dehoc
2405 1744 2518 1800 sale
2547 1752 2603 1798 et

2707 544 2857 593 rum,
2891 535 2947 582 et
2977 525 3289 595 contegitur
3322 523 3624 592 antiquitas
3673 520 4186 576 misericordiarum
4215 519 4326 575 D0-

2705 621 2843 678 mini
2873 619 2968 676 Dei
3014 619 3211 674 nostri.
3259 618 3326 672 Et
3350 627 3408 671 ut
3436 617 3676 672 breviter
3706 614 3871 689 373
3897 613 4328 685 intelligentiolte

2706 722 2909 772 nostra:
2934 711 3286 784 propalemus
3310 709 3645 779 indaginem,
3671 707 3957 763 duodecim
3975 713 4329 760 sacramenta

2705 817 2835 863 sunt
2853 806 2907 861 in
2936 803 3206 868 Ecclesia,
3224 817 3346 871 quae
3366 801 3530 856 unius
3554 800 3675 854 fidei
3700 799 3875 870 pietas
3896 796 4160 868 contegit,
4178 797 4328 853 circa

2706 914 2943 971 quorum
2996 896 3322 953 instantiam
3353 892 3652 950 refleCtitur
3681 891 4010 948 Christianae
4037 889 4329 964 religionis

2683 1002 2686 1004 ‘
2705 992 3028 1048 auctoritas.

2776 1086 3024 1142 Primum
3047 1093 3135 1142 est
3158 1084 3511 1158 baptismatis
3543 1090 3955 1140 sacramentum
3983 1080 4124 1154 (vide
4154 1078 4327 1136 Scho-

2705 1181 2782 1235 lia
2824 1179 2895 1235 ad
2944 1178 3144 1235 calcem
3178 1177 3486 1250 sermonis).
3539 1175 3656 1232 Hoc
3677 1175 3975 1247 pretiosius
4003 1173 4330 1230 estcunctis

2705 1275 2926 1348 opibus,
2952 1284 3010 1330 et
3030 1273 3243 1336 omnia,
3271 1287 3394 1344 quae
3421 1270 3833 1335 desiderantur,
3857 1269 3985 1324 huic
4012 1283 4122 1324 non
4145 1266 4330 1324 valent

2705 1369 3039 1440 comparari.
3089 1368 3225 1437 Quis
3263 1367 3411 1424 enim
3433 1365 3789 1438 rogitatione
3818 1365 4024 1432 cordis,
4057 1363 4143 1418 vel
4171 1361 4329 1419 voln-

2705 1463 2921 1521 bilitate
2965 1464 3239 1519 sermonis
3284 1462 3535 1534 impleat,
3586 1469 3797 1531 quanta
3831 1460 3942 1516 sint
3973 1459 4026 1514 in
4059 1473 4328 1531 aquarum

2707 1557 3021 1614 substantia
3067 1566 3421 1611 sacramenta
3463 1554 3774 1624 completa?
3814 1553 4128 1622 Antequam
4171 1567 4331 1608 mun-

2709 1652 2811 1707 dus
2829 1651 3202 1722 parturiretur
3224 1658 3277 1705 et
3305 1664 3374 1704 ex
3398 1646 3619 1703 informi
3646 1647 3878 1702 materia
3907 1643 4330 1702 multiformium

2707 1745 3020 1815 specierum
3071 1741 3369 1798 diversitas
3439 1739 3711 1804 exsiliret,
3745 1739 3987 1811 Spiritus
4015 1741 4112 1796 Dei
4147 1739 4202 1795 in
4235 1755 4332 1809 au;

989 1855 1256 1910 Dominus
1279 1853 1395 1907 ait:
1433 1869 1452 1903 ε
1493 1850 1552 1906 Si
1580 1849 1660 1907 sal
1684 1847 2014 1903 iufatuatum
2040 1844 2224 1908 fuerit,
2256 1844 2310 1896 in
2333 1857 2443 1912 quo
2470 1857 2602 1896 con-
2632 1833 2679 1894 Β
2710 1839 2841 1908 rigae
2895 1837 3118 1892 modum
3173 1835 3456 1890 ferebatur
3513 1849 3681 1904 super
3735 1848 3910 1904 aquas
3969 1831 4126 1905 (Gen.
4164 1831 4230 1905 ι),
4274 1839 4332 1888 et

989 1945 1209 2000 dietur?
1233 1944 1450 2012 (Matth.
1470 1941 1550 2011 v.)
1585 1961 1603 1992 ι
1637 1940 1753 1995 Νοιι
1781 1954 1912 2010 ergo
1937 1935 2019 1992 sal
2047 1936 2220 1991 simus
2246 1932 2596 1996 infamatum,

991 2051 1086 2102 nc,
1116 2035 1259 2105 quod
1283 2033 1447 2099 absit,
1478 2047 1602 2088 cum
1646 2031 1811 2086 fatuis
1844 2028 2145 2100 virginibus
2171 2025 2468 2080 adveniens
2491 2037 2602 2076 cm-

990 2130 1146 2186 lestis
1177 2130 1266 2185 ille
1315 2143 1415 2184 nos
1457 2127 1705 2198 Sponsus
1765 2124 2031 2190 inveniat,
2063 2132 2116 2176 ct
2149 2119 2493 2192 pulsantibus
2537 2131 2602 2171 ac

991 2222 1335 2294 gementibus
1393 2219 1655 2291 nuptialis
1701 2215 1935 2273 convivii
1971 2215 2198 2286 januatn
2233 2211 2475 2274 claudat,
2507 2208 2603 2264 sed

993 2315 1308 2389 hujttsmodi
1341 2314 1422 2371 sal
1451 2329 1572 2370 esse
1593 2327 1693 2384 per
1742 2312 1981 2366 divinam
2007 2309 2239 2379 gratiam
2262 2305 2600 2369 stndeamns,

991 2409 1138 2481 quod
1167 2423 1267 2464 nos
1291 2423 1415 2463 esse
1437 2405 1573 2469 vult,
1616 2404 1710 2474 qui
1755 2401 2036 2473 discipulis
2062 2401 2177 2455 suis
2229 2397 2404 2452 dicit:
2439 2413 2458 2446 ι
2495 2395 2604 2450 Vos

989 2500 1127 2558 estis
1147 2497 1227 2555 sal
1249 2506 1410 2554 terra:
1437 2494 1653 2570 (Ibid.),
1689 2514 1708 2548 ι
1743 2503 2020 2564 quatenus
2053 2491 2406 2546 tenebrarum
2432 2502 2601 2558 opera

990 2593 1385 2663 relinquentes,
1420 2597 1478 2645 et
1507 2603 1654 2644 nunc
1680 2587 2030 2643 elaboremus
2071 2593 2128 2637 ut
2179 2582 2273 2636 filii
2303 2580 2443 2636 lucis
2488 2595 2607 2635 am-

993 2687 1207 2751 bulare,
1242 2694 1300 2756 et
1326 2683 1675 2756 postmodum
1708 2681 1854 2737 inter
1896 2678 2172 2757 sapientes
2222 2675 2486 2748 virgines,
2509 2688 2606 2729 ac-

995 2779 1178 2837 censis
1208 2777 1568 2851 lampadibus,
1599 2774 1908 2832 advenicrti
1961 2771 2140 2828 Judici
2174 2785 2488 2825 mereamur
2516 2784 2609 2822 oc-

994 2885 1246 2936 currere,
1275 2869 1367 2940 qui
1394 2883 1518 2924 cum
1551 2867 1665 2923 Deo
1694 2865 1859 2921 Patre
1890 2872 1946 2920 et
1995 2861 2203 2934 Spiritu
2248 2868 2446 2915 sancto
2474 2858 2608 2914 vivit

993 2969 1054 3018 et
1073 2968 1266 3034 regnat
1291 2974 1388 3032 per
1409 2959 1594 3016 omnia
1618 2957 1815 3013 szecnla
1842 2954 2193 3012 saeculorum.
2230 2955 2425 3009 Amen.

1536 3051 1568 3084 "
1606 3048 1843 3106 SERMO
1880 3045 2069 3102 LXIX.

1359 3163 1397 3202 Ι.
1437 3161 1492 3201 ιι(
1542 3155 1904 3200 DEDICA‘I‘IONB
1948 3155 2240 3197 ECCLESIE.

2707 1930 3044 1986 elementum
3112 1929 3219 1984 huc
3287 1926 3503 1998 ﬁgurati
3573 1925 3970 1998 praemulcebat
4030 1925 4320 1996 obsequio.

2706 2022 2920 2078 Ctelum
2957 2022 3134 2092 ipsum
3168 2035 3238 2074 ex
3268 2019 3429 2090 aquis
3455 2028 3808 2089 compactum
3838 2017 4194 2074 Hebraeorum
4223 2026 4332 2072 tra-

2707 2117 2786 2172 dit
2818 2115 3138 2178 auctoritas,
3172 2123 3226 2170 et
3250 2128 3349 2184 per
3397 2128 3573 2184 aquas
3599 2110 3934 2167 universalis
3978 2111 4072 2166 illa
4116 2127 4322 2182 purga-

2707 2211 2784 2266 tio
2824 2210 3154 2267 celebratur.
3204 2208 3540 2264 Patriarchae
3567 2208 3635 2263 ad
3661 2222 3835 2278 aquas
3869 2206 4009 2263 fiunt
4043 2207 4244 2272 uxorii,
4278 2216 4336 2264 et

2707 2318 2807 2374 per
2833 2318 3004 2374 aquas
3030 2301 3273 2358 terribile
3308 2300 3622 2358 Judaeorurn
3651 2317 3903 2357 murmur
3939 2301 4332 2374 exstinguitur.

2781 2400 2976 2457 Omnis
3017 2398 3108 2454 illa
3150 2398 3327 2454 series
3363 2397 3577 2454 Veteris
3608 2396 3971 2453 lnstrumenti
4015 2397 4336 2471 diligentius

2709 2495 3048 2565 intruspecta
3076 2534 3092 2560 ,
3140 2491 3406 2564 majorem
3457 2497 3937 2546 sacramentorum
3982 2489 4330 2547 altitudineut

2708 2588 2764 2644 in
2791 2601 3061 2657 aquarum
3085 2583 3316 2640 materia
3342 2582 3708 2654 consignavit.
3729 2580 3990 2639 Salvator
4013 2581 4132 2653 ipse
4152 2580 4334 2654 legem

2710 2693 2983 2749 sequens,
3045 2675 3320 2730 itincrarii
3362 2674 3448 2730 sui
3496 2673 3831 2744 principium
3880 2673 4040 2746 aquis
4096 2673 4329 2741 indixit,

2709 2787 2837 2828 cum
2873 2770 2930 2824 in
2965 2768 3188 2824 flumine
3238 2765 3495 2822 sublimis
3528 2766 3618 2822 illa
3645 2773 3892 2838 potestas
3924 2766 4111 2823 abillo
4138 2782 4338 2840 magno

2710 2864 2935 2921 homine
2967 2861 3145 2917 voluit
3179 2859 3452 2932 baptizari
3489 2858 3711 2933 (Matth.
3738 2860 3844 2931 ιιι).
3881 2859 4129 2916 Primum
4168 2860 4338 2916 mira-

2711 2961 2896 3018 culum
2939 2975 3009 3014 ex
3061 2956 3220 3029 aquis
3261 2955 3395 3012 fecit
3422 2955 3609 3028 (Joan.
3634 2954 3720 3030 tt).
3774 2954 4142 3012 Samaritana:
4178 2957 4336 3028 juxta

2708 3061 2939 3127 puteum
2983 3066 3254 3122 aquarum
3303 3049 3514 3107 fontem
3572 3065 3731 3120 aqua:
3782 3049 4032 3106 salientis
4073 3049 4127 3104 in
4162 3051 4335 3106 vitam

2711 3160 2979 3206 aeternam
3039 3146 3377 3218 repromittit
3440 3144 3630 3218 (Joan.
3657 3145 3757 3218 tv).
3813 3145 4064 3218 Denique
4117 3145 4212 3216 qui
4266 3143 4338 3202 ab

1069 3239 1202 3296 POSl
1236 3253 1482 3305 crucem.
1532 3243 1655 3308 ροει
1691 3234 1986 3308 virginem,
2027 3243 2153 3305 Ροδι
2195 3230 2440 3304 θηεθιοε,
2475 3230 2608 3302 quid
2636 3228 2682 3293 C
2715 3243 2875 3314 aquis
2924 3247 3176 3312 coeperat
3224 3239 3405 3292 finivit
3442 3238 3496 3293 in
3531 3238 3712 3309 aquis.
3743 3235 4050 3294 Vulnerato
4079 3238 4228 3292 enim
4258 3235 4340 3291 la-

991 3341 1082 3390 est
1129 3333 1306 3402 majus
1351 3330 1407 3386 in
1456 3329 1637 3393 terris,
1665 3328 1794 3399 quid
1845 3327 1898 3380 in
1957 3326 2112 3382 caelis
2139 3324 2474 3381 sublimius?
2512 3323 2605 3379 Illa

994 3426 1186 3497 utique
1205 3440 1371 3497 quam
1421 3421 1736 3494 acceptavit
1780 3420 2117 3484 Altissimus,
2152 3435 2274 3489 qute
2301 3417 2610 3474 vulneravit

995 3531 1096 3574 cor
1117 3516 1316 3590 Sponsi
1344 3517 1452 3584 sui,
1481 3515 1569 3572 cui
1599 3514 1849 3587 Sponsus
1882 3513 2026 3568 idem
2063 3512 2117 3566 in
2150 3511 2395 3569 Canticis
2423 3511 2557 3566 dicit
2589 3527 2603 3564 :

1001 3629 1022 3664 ι
1052 3608 1368 3666 Vulnerasti
1410 3624 1510 3665 cor
1540 3623 1746 3672 meum,
1798 3621 1955 3663 soror
1985 3620 2105 3660 mea
2158 3620 2383 3675 sponsa,
2415 3605 2467 3658 in
2500 3620 2609 3660 uno

995 3702 1150 3759 crine
1183 3702 1306 3758 colli
1341 3703 1441 3768 tui,
1487 3710 1543 3756 et
1574 3701 1628 3754 in
1671 3715 1780 3754 uno
1832 3699 2120 3753 oculorum
2176 3708 2393 3754 tuorum
2426 3697 2608 3770 (Cant.

995 3794 1096 3865 tv).
1126 3812 1145 3846 ι
1177 3792 1351 3861 Quam
1381 3793 1632 3863 speciosa
1658 3807 1859 3863 sponsa
1889 3792 2015 3857 ista,
2059 3807 2180 3861 qua:
2212 3792 2266 3846 in
2297 3807 2408 3846 uno
2432 3791 2609 3861 capil-

997 3886 1114 3942 lulo
1173 3895 1229 3942 et
1291 3885 1505 3943 ocelluli
1573 3884 1964 3941 scintillatione
2030 3883 2282 3940 vulnerat
2340 3884 2609 3941 caelorum

1002 3980 1234 4053 Regem,
1257 3981 1577 4054 angelorum
1609 3980 1921 4045 Dominum,
1946 3979 2148 4034 Filium
2177 3978 2273 4036 Dei
2302 3979 2503 4036 Patris.
2534 3979 2611 4035 De

1001 4074 1090 4132 illa
1117 4075 1272 4132 nobis
1331 4084 1403 4132 ‘st
1445 4089 1650 4140 sermo,
1699 4074 1827 4131 licet
1881 4089 1990 4129 non
2038 4076 2109 4130 sit
2163 4091 2347 4132 sermo
2402 4075 2458 4130 in
2503 4074 2612 4130 lin-

1000 4185 1105 4242 gua
1145 4179 1356 4224 nostra.
1405 4167 1535 4223 Haec
1575 4176 1658 4222 est
1709 4167 1844 4232 illa,
1871 4183 1991 4238 qua:
2016 4167 2193 4237 posita
2231 4177 2316 4222 est
2341 4167 2394 4222 in
2423 4183 2613 4239 supcr-

1000 4261 1150 4317 biam
1177 4258 1699 4328 saeculorum,cujus
1713 4259 1886 4330 gloria
1918 4275 1949 4314 a
1984 4260 2121 4314 mari
2147 4277 2318 4332 usque
2344 4260 2410 4315 ad
2437 4275 2612 4327 mare,

998 4355 1086 4410 cui
1106 4371 1258 4426 reges
1279 4363 1332 4409 et
1357 4353 1632 4425 principes
1661 4351 2023 4417 famulantur,
2049 4369 2212 4423 quam
2242 4353 2609 4410 circumvolat

1003 4446 1310 4504 cmlestiutn
1339 4445 1615 4516 legionum
1642 4444 1954 4510 multitudo,
1976 4445 2152 4516 inqua
2179 4445 2298 4501 fons
2323 4447 2613 4517 sapientia:

1002 4541 1274 4612 repositus
1297 4549 1404 4604 est,
1443 4559 1462 4593 ι
1498 4540 1693 4595 hortus
1737 4538 2051 4604 conclusus,
2101 4537 2224 4594 fons
2276 4541 2544 4609 signatus.
2585 4557 2604 4590 ι

2713 3345 2830 3393 tere
2856 3333 3139 3399 Cruciflxi,
3176 3331 3420 3387 manavit
3447 3347 3591 3401 aqua
3622 3330 3810 3402 (Joan.
3834 3331 3976 3401 xu),
4007 3347 4131 3402 quae
4162 3341 4340 3387 terra-

2714 3443 2837 3484 rum
2869 3427 3059 3482 orbem
3094 3423 3416 3495 purgatorio
3444 3422 3719 3479 lavamine
3748 3423 4087 3480 candidavit.
4129 3422 4214 3480 Ad
4244 3437 4344 3478 ex-

2716 3531 2951 3578 tremum
3014 3518 3282 3574 inclusiva
3349 3517 3621 3573 sententia
3683 3517 3916 3573 chorum
3974 3515 4340 3589 apostolicum

2716 3612 3008 3668 imbuens:
3047 3629 3064 3662 ι
3097 3609 3331 3672 Euntcs,
3383 3610 3583 3680 inquit,
3621 3609 3899 3679 baptizate
3927 3623 4122 3665 omnes
4151 3619 4342 3682 gentes

2715 3708 2771 3764 in
2805 3707 3026 3762 nomine
3056 3704 3263 3770 Patris,
3294 3712 3352 3760 et
3379 3702 3526 3770 Filii,
3557 3711 3614 3758 et
3643 3701 3885 3774 Spiritus
3927 3703 4105 3760 sancti
4141 3703 4339 3775 (Marc.

2716 3798 2849 3870 xvi),
2879 3817 2897 3850 ι
2932 3796 3124 3853 Nonne
3156 3797 3324 3867 igitur
3350 3795 3558 3866 liquido
3583 3795 3795 3868 colligis
3818 3797 3944 3868 quia
3971 3795 4110 3867 legis
4135 3795 4342 3852 utriusv

2717 3907 2824 3962 que
2896 3891 3209 3947 sublimitas
3280 3890 3390 3944 vim
3464 3905 3652 3945 rerum
3724 3888 4215 3946 sacramentalium
4284 3888 4343 3946 in

2717 3983 2885 4054 hujus
2911 3984 3170 4040 elementi
3204 3983 3418 4054 liquore
3444 3981 3688 4038 refudit?
3719 3981 3838 4038 Non
3871 3992 3925 4039 te
3957 3991 4179 4038 moveat
4206 3995 4346 4054 pau-

2719 4079 2857 4134 citas
2884 4076 3288 4148 exemplorum,
3318 4091 3445 4132 cum
3476 4076 3712 4148 plurima
3744 4091 3858 4148 pra:
3889 4075 4145 4132 manibus
4174 4073 4348 4131 habe-

2717 4183 2934 4238 rentur,
2969 4172 3075 4227 nisi
3114 4171 3487 4243 prolixitatem
3518 4173 3784 4228 evitasset
3815 4173 4017 4228 oratio.

2792 4263 3106 4319 Secundum
3156 4272 3242 4318 cst
3287 4273 3696 4318 sacramentum
3755 4262 4220 4320 confirmationis.
4286 4263 4346 4319 In

2715 4356 3050 4428 baptismate
3099 4356 3341 4427 Spiritus
3393 4357 3556 4412 datur
3608 4357 3677 4410 ad
3726 4357 3964 4424 veniam,
4011 4356 4101 4413 hia
4137 4358 4205 4414 ad
4248 4374 4350 4430 pu-

2718 4468 2913 4523 gnam;
2940 4451 3012 4506 ibi
3039 4452 3373 4507 tnundatnur
3404 4451 3475 4505 ab
3499 4450 3909 4520 iniquitatibus,
3936 4451 4025 4507 hic
4051 4451 4347 4508 virtutibus

2719 4546 3133 4616 pnemunimur.
3168 4544 3361 4602 Nonne
3389 4545 3443 4599 in
3477 4545 3889 4616 superliminari
3929 4545 4114 4604 fronte
4146 4548 4344 4606 domus

1001 4635 1202 4693 Hortus
1230 4637 1322 4692 ubi
1350 4635 1505 4694 clara
1537 4636 1745 4691 rosaria
1799 4634 2102 4706 pulchriori
2135 4633 2320 4689 colore
2367 4633 2612 4705 rcfulgu-
2644 4609 2696 4670 Ῑ)
2724 4648 2926 4694 nostra:
2966 4648 3153 4695 terres:

2194 4633 2320 4689 ilore
2367 4633 2612 4705 refulgu-
2644 4609 2696 4670 θ
2724 4648 2926 4694 nostrae
2966 4638 3250 4695 terrestris
3287 4632 3611 4693 consecrata
3652 4653 3848 4693 manus
3883 4639 4029 4695 sacri
4060 4639 4346 4697 Chrisma-

999 4740 1149 4797 rant,
1196 4739 1252 4785 et
1304 4729 1493 4786 felices
1542 4729 1712 4802 virga:
1765 4729 1961 4784 florum
2010 4736 2066 4783 et
2125 4727 2407 4784 fructuum
2436 4729 2614 4802 gloria

998 4823 1378 4890 cumulantur;
1433 4824 1650 4890 hortus,
1706 4838 1867 4894 quem
1919 4833 2209 4878 ventorum
2268 4839 2377 4879 tton
2441 4824 2618 4894 tangit

1000 4913 1305 4980 alternitas,
1337 4916 1430 4972 ubi
1459 4915 1728 4972 mollioris
1746 4930 1897 4970 aura:
1915 4915 2093 4985 gratia
2121 4916 2444 4987 frequenter
2469 4918 2614 4986 aspi-

999 5018 1088 5064 rat
1103 5017 1160 5065 et
1180 5024 1418 5066 vernans
1439 5010 1735 5064 atnmnitas
1769 5010 1938 5064 allicit
1966 5011 2240 5066 intuentes
2260 5028 2274 5077 ;
2293 5011 2610 5077 conclusus,

999 5116 1110 5157 non
1157 5101 1357 5157 murali
1393 5103 1670 5168 machina,
1706 5117 1804 5157 nec
1855 5111 2314 5157 coementatorum
2368 5103 2612 5174 lapidum

1000 5185 1272 5266 glutinosa
1303 5197 1624 5262 tenacitate,
1655 5195 1749 5250 sed
1779 5195 2026 5267 angelica
2069 5195 2307 5251 statio’ne
2336 5195 2607 5264 vallatus;

1001 5287 1144 5355 fons,
1179 5289 1245 5345 de
1280 5304 1389 5360 quo
1442 5288 1622 5346 fontes
1670 5289 1836 5343 Israel
1880 5288 2222 5354 derivantur,
2273 5290 2365 5360 qui
2421 5290 2613 5361 irrigat

1002 5382 1314 5439 universam
1337 5383 1682 5456 superficiem
1718 5393 1900 5450 terrae,
1923 5393 1978 5439 et
2008 5383 2310 5447 inebrians,
2336 5392 2391 5440 et
2419 5399 2616 5441 cmun-

1000 5473 1168 5541 dans;
1227 5476 1504 5548 signatus,
1568 5475 1745 5547 sigillo
1811 5476 2002 5547 utique
2066 5476 2234 5532 totius
2295 5475 2608 5544 Trinitatis,

1002 5568 1147 5638 quod
1206 5567 1295 5624 ille
1353 5570 1660 5644 malignans
1713 5569 2064 5629 effractarius
2118 5588 2225 5628 non
2290 5573 2414 5628 dico
2481 5588 2615 5628 con-

1003 5660 1266 5731 fringere,
1307 5665 1400 5717 sed
1445 5679 1546 5720 nec
1587 5665 1911 5737 contingere
1953 5665 2172 5722 audeat.
2217 5666 2274 5720 In
2319 5667 2424 5721 hac
2465 5682 2615 5721 rnor-

1003 5761 1094 5808 tua
1129 5756 1376 5825 germina
1429 5761 1800 5831 regcrntinaut
1847 5769 1901 5815 et
1946 5762 2185 5816 aridiora
2246 5760 2405 5832 signa
2453 5759 2614 5830 facile

1001 5859 1364 5904 rsvtrcscunt.

2724 4735 2798 4790 tis
2831 4733 3100 4805 imprimit
3131 4734 3487 4788 unctionem?
3521 4731 3631 4788 Nec
3659 4732 3894 4803 quilibet
3925 4735 4060 4788 tanti
4093 4736 4348 4806 mysterii

2723 4827 2925 4899 legitur
2960 4837 3278 4892 exsecutor,
3330 4828 3425 4882 sed
3473 4828 3623 4882 solus
3662 4828 3970 4899 episcopus,
4005 4843 4170 4898 super
4193 4827 4349 4898 cujus

2725 4932 2892 4992 caput
2943 4921 3120 4976 fusum
3167 4931 3252 4975 est
3299 4922 3575 4976 unctionis
3623 4921 3830 4986 oleum,
3873 4931 3930 4977 et
3966 4921 4121 4991 cujus
4152 4922 4350 4979 ditioni

2723 5015 3087 5073 sacerdotalis
3136 5015 3392 5069 subditur
3445 5015 3759 5069 multitudo.
3802 5015 4067 5086 Baptismi
4111 5016 4348 5087 gratiam

2723 5107 2875 5166 omni
2907 5109 3139 5173 homini,
3179 5109 3259 5163 rel
3288 5111 3436 5165 omni
3464 5110 3619 5165 sexui
3655 5109 3886 5166 tradidit
3920 5110 4223 5166 auctoritas
4253 5126 4351 5166 an-

2724 5203 3039 5274 tiquorum;
3092 5201 3535 5256 confirmationis
3576 5211 3762 5256 autem
3793 5202 4027 5274 insigne,
4059 5202 4176 5257 sola
4209 5217 4348 5272 pon-

2729 5295 2948 5352 tificalis
2977 5309 3207 5364 persona
3233 5297 3346 5348 sine
3371 5295 3615 5350 vindieat
3638 5294 3913 5367 dignitati.
3938 5293 4066 5350 lude
4093 5304 4176 5351 est
4207 5295 4348 5364 quod

2727 5386 3031 5444 decretalcs
3083 5385 3315 5456 pagina),
3359 5395 3414 5440 et
3453 5395 3772 5440 sanctorum
3819 5385 4049 5440 Patrum
4102 5386 4350 5440 instituta

2726 5481 3052 5543 decernunt,
3111 5493 3218 5532 non
3273 5492 3394 5531 esse
3444 5475 3802 5530 differendam
3846 5488 3969 5546 post
4014 5475 4346 5546 baptismum

2728 5570 3060 5628 sacramenti
3093 5566 3255 5638 hujus
3287 5568 3568 5632 virtutem,
3612 5584 3679 5623 ne
3707 5585 3808 5623 nos
3836 5569 4080 5624 inermes
4107 5569 4351 5623 inveniat

2729 5663 3111 5720 fraudulentus
3163 5661 3252 5716 ille
3299 5669 3608 5722 contortor,
3661 5677 3691 5715 a
3749 5677 3859 5732 quo
3913 5675 4074 5716 neruo
4103 5676 4349 5732 unquam

2730 5755 2963 5811 nocendi
2999 5754 3250 5809 inducias
3279 5753 3534 5807 extorsit.
3582 5753 3817 5808 Delibuti
3853 5755 4018 5826 igitur
4064 5755 4350 5826 utriusque

2733 5853 2874 5909 roris
2918 5857 3222 5920 unguento,
3257 5848 3348 5904 illo
3372 5848 3572 5915 sanati,
3615 5846 3909 5905 confortati
3942 5849 4070 5915 isto,
4101 5863 4350 5909 securius
