2725 3197
674 0 723 28 -
806 0 1047 25 -
1070 0 2725 167 -Ιῄ-Ὕ
2507 16 2531 28 .ρ
2643 16 2668 27 -.

2531 45 2597 82 Δμκ

0 509 67 965 ³

2 889 7 897 .

1009 203 1062 232 8ῦ9
1292 201 1320 229 ε.
1342 199 1445 228 PETRI
1456 197 1598 227 DAMIANI
1615 196 1690 225 OPP.
1713 194 1804 222 PARS
1827 191 1893 221 SEU
1917 191 2035 221 TOMUS
2048 190 2079 220 11.

1571 197 1598 224 vi
1615 196 1690 225 ore.
1713 194 1804 222 PARS
1827 191 1893 221 seu
1917 191 2035 221 rostus
2048 190 2079 220 ιι.
2093 205 2129 213 -
2146 187 2342 219 emortus.
2582 183 2647 219 ὐ

1013 262 1209 290 descendemus
1227 261 1259 286 ad
1276 260 1413 295 singulare
1429 257 1585 286 certamen!
1605 256 1657 283 Nec
1682 263 1731 282 nos
1754 254 1801 280 dc-
1818 253 1840 281 Λ
1857 252 1948 288 nenda
1959 251 2095 278 nobilitas.
2110 248 2237 277 Procedit
2255 246 2361 276 mutilus
2376 246 2471 280 In.
2492 248 2580 283 Ψ
2596 243 2647 275 1»-

1008 314 1125 336 tcrronnt
1143 316 1217 338 arma
1234 307 1328 337 Golian,
1348 307 1386 333 vel
1406 305 1562 339 magnitudo
1587 309 1692 329 moqu
1716 308 1801 327 statu-

1010 355 1081 385 ralis.
1100 354 1162 388 quin
1180 354 1320 379 nobiscum
1338 360 1451 386 magnus
1466 356 1505 376 cst
1527 350 1655 376 [Dominus
1673 349 1741 375 ilco»
1757 356 1802 373 no-

1004 405 1071 431 ster.
1080 405 1107 427 et
1120 408 1213 434 Inagna
1228 400 1312 424 virtus
1323 396 1586 431 cjustPsal.chvn.
1597 396 1801 429 apprvlwndrns

1004 454 1078 473 arma
1097 451 1122 473 et
1138 451 1255 475 scutum.
1280 450 1307 470 ut
1331 449 1460 477 exsurgat
1484 443 1509 469 in
1532 442 1695 475 adjutoriuin
1724 440 1800 466 [loliis

1005 491 1092 527 (Paul.
1109 494 1211 525 uuv).

1038 537 1157 564 Tertium
1189 541 1231 562 est
1258 535 1349 561 unctio
1380 534 1558 561 infirmorum.
1592 532 1796 558 lniirniantilnis

1002 581 1085 619 ³74
1098 581 1188 613 nobis.
1205 586 1233 608 ct
1249 588 1332 615 usque
1351 580 1383 607 ad
1406 585 1520 606 mortem
1548 578 1653 605 lllﬂrl-tii
1673 583 1798 612 pecuni-

1004 635 1063 655 rum
1088 626 1165 655 febre
1188 624 1390 662 languentibus.
1416 622 1538 659 Spiritus
1559 623 1670 658 pietatis
1684 621 1799 654 assistit.

1002 678 1030 701 et
1051 673 1212 701 recordatus
1234 675 1277 700 est
1299 671 1429 707 quoniam
1446 670 1534 706 pulvis
1547 677 1652 697 sumus.
1669 669 1713 696 Ait
1727 668 1799 696 enim

1002 719 1079 747 divus
1097 713 1235 747 Jacobus:
1255 727 1265 744 ι
1280 704 1515 752 ιιιῆταιιιυῗ-ῳιὶι
1529 716 1557 743 in
1575 715 1670 743 vobis?
1689 714 1801 742 lmlucat

1001 764 1173 802 presbyteros
1186 762 1324 796 Eccluiae.
1343 763 1371 790 et
1390 766 1470 789 orent
1481 768 1563 796 super
1574 768 1646 794 eum,
1663 764 1798 795 ungeutcs

1000 818 1061 839 eum
1074 809 1135 838 oleo
1148 808 1177 838 in
1189 808 1302 837 nomine
1319 807 1441 839 Domini.
1457 811 1484 834 et
1499 806 1589 834 oratio
1603 805 1665 833 lidei
1685 805 1801 832 salvabit

1002 855 1154 889 inﬁrmum.
1166 858 1194 883 et
1208 852 1348 882 alleviabit
1366 861 1428 881 eum
1450 852 1597 883 Dominus;
1619 856 1647 879 et
1660 852 1683 878 si
1697 851 1725 878 in
1739 857 1801 885 pec-

1001 903 1071 932 catis
1082 907 1136 936 est.
1150 901 1325 930 dimittantur
1338 900 1363 928 ei
1375 899 1447 935 (Jac.
1463 899 1502 934 v).
1516 909 1525 924 ι
1542 898 1679 926 Solemnis
1694 898 1797 929 unctio.

1000 947 1088 984 liquor
1109 944 1262 980 excellens,
1287 953 1342 982 quo
1362 945 1464 974 sanitas
1490 944 1625 984 redditur.
1652 947 1794 979 peccatum
1813 937 1836 967 Β

1000 983 1156 1026 dimittitur.
1172 991 1330 1020 immittitur
1345 991 1427 1018 timor
1440 989 1557 1017 Domini.
1576 983 1694 1017 Videsne
1707 988 1796 1023 quali-

1002 1045 1045 1068 ter
1055 1038 1234 1068 sacerdotalis
1252 1046 1349 1066 manus
1371 1036 1535 1065 intirmantis
1557 1044 1657 1072 corpus
1675 1036 1794 1069 alleviet,

1000 1089 1029 1113 et
1062 1084 1250 1113 illecebrosarn
1277 1091 1405 1111 sensuum
1434 1083 1581 1110 motionem
1613 1082 1798 1112 sacratissima

1001 1132 1106 1169 mitiget
1119 1131 1263 1160 unctione?
1276 1130 1354 1159 Unde
1366 1136 1393 1158 et
1405 1131 1493 1158 sancti
1504 1130 1600 1158 Patres
1612 1129 1683 1157 hanc
1695 1130 1798 1156 unctio-

1002 1186 1065 1207 nem
1080 1182 1282 1206 sacramentum
1297 1184 1359 1206 esse
1372 1182 1531 1204 sanxerunt.

1037 1224 1170 1259 Quartum
1194 1228 1237 1251 est
1259 1224 1430 1251 consecratio
1451 1222 1599 1258 pontiﬁcis.
1618 1222 1680 1249 "an
1694 1225 1796 1256 qu.into

1002 1270 1161 1303 sublimior,
1192 1274 1267 1297 tanto
1290 1270 1398 1305 dignior
1425 1271 1602 1304 approbatur.
1628 1268 1695 1295 Cum
1724 1268 1797 1294 enim

1002 1313 1142 1346 canonicis
1166 1314 1353 1343 sanctionibus
1366 1315 1477 1351 eligitur
1491 1321 1618 1350 persona.
1640 1322 1699 1349 quxr
1715 1318 1797 1341 tanta

999 1360 1141 1400 dignitatis
1164 1361 1262 1389 debeat
1283 1361 1375 1389 subire
1398 1360 1547 1395 fastigium.
1563 1360 1661 1387 clarior
1677 1359 1797 1394 pontifex

999 1417 1060 1438 cum
1097 1406 1207 1437 caeteris
1240 1406 1416 1442 pontilicibus
1448 1411 1588 1434 evocatur.
1627 1405 1798 1439 Plit-paratur

997 1454 1132 1486 Ecclesia.
1153 1458 1258 1489 patrem
1282 1457 1440 1487 susceptura
1460 1452 1493 1479 de
1511 1451 1575 1479 lilio.
1596 1451 1713 1486 L‘ngitur
1730 1452 1799 1478 illius

997 1505 1077 1537 caput
1100 1494 1160 1528 oleo
1175 1496 1278 1527 latitia!
1301 1506 1357 1534 prae
1382 1498 1555 1525 consortibus
1578 1498 1644 1529 suis,
1672 1498 1699 1524 in
1724 1497 1796 1523 illius

998 1542 1124 1584 ﬁgurant.
1150 1547 1196 1582 qui
1222 1545 1342 1574 thalamo
1367 1545 1492 1581 virginali
1513 1544 1649 1580 spirituali
1676 1544 1798 1570 balsamo

997 1593 1136 1631 prolusius
1151 1593 1296 1625 irroratus.
1310 1591 1400 1619 oleum
1415 1591 1612 1619 benedictionis
1630 1598 1711 1626 super
1727 1589 1797 1618 filios

998 1626 1138 1669 bominum
1160 1637 1311 1667 distillavit.
1337 1638 1483 1666 Liniuntur
1497 1642 1525 1665 et
1543 1645 1651 1669 manus.
1678 1638 1797 1673 utquid-
1811 1626 1835 1658 ο

997 1687 1061 1724 quid
1083 1685 1273 1715 benedixerint
1294 1686 1471 1713 benedicatur
1490 1691 1518 1713 et
1537 1690 1678 1720 acceptum
1707 1685 1743 1712 sit
1758 1685 1798 1712 di-

998 1733 1069 1762 vina
1085 1732 1235 1768 maiestatis
1251 1732 1384 1768 aspectui.
1408 1731 1521 1759 Ponitur
1537 1736 1562 1759 et
1578 1731 1734 1765 evangelica
1750 1739 1796 1765 pa-

999 1779 1062 1816 gina
1084 1786 1166 1814 super
1185 1783 1267 1814 caput
1285 1778 1370 1813 ipsius
1398 1777 1593 1809 recumbentis,
1619 1780 1649 1804 ut
1668 1782 1695 1804 et
1716 1776 1799 1803 verbo

1000 1825 1063 1854 vita
1076 1832 1153 1853 suam
1169 1824 1269 1852 sentiat
1287 1823 1419 1851 excedere
1444 1824 1590 1856 rationem.
1610 1828 1637 1850 et
1653 1822 1725 1849 oculi
1740 1822 1798 1857 ejus

1000 1871 1129 1899 deliciant
1151 1871 1178 1898 in
1203 1870 1341 1906 eloquium
1365 1869 1482 1896 Domini.
1516 1868 1667 1904 lmponitur
1694 1868 1797 1895 cidaris

1000 1915 1083 1952 capiti
1101 1920 1271 1947 consecrato,
1298 1920 1329 1944 et
1345 1922 1427 1942 aurea
1454 1915 1553 1942 lamina
1582 1913 1681 1942 frontis
1710 1914 1796 1950 gl0ria

1001 1963 1186 2004 praesignitur.
1214 1963 1241 1990 in
1263 1963 1494 1998 quaeet-texitur
1512 1970 1609 1988 nomen
1633 1961 1796 1988 divinitatis.

1003 2008 1132 2038 Traditur
1153 2008 1270 2036 annulus
1282 2011 1450 2036 secretorum
1467 2007 1492 2034 in
1505 2015 1585 2033 manu
1600 2006 1670 2040 ejus.
1685 2010 1715 2031 ut
1726 2006 1799 2032 dit-at

1001 2064 1064 2085 cum
1076 2056 1211 2091 Propheta
1226 2064 1232 2082 :
1246 2064 1256 2082 ι
1271 2054 1300 2082 In
1311 2055 1393 2082 corde
1405 2062 1465 2082 meo
1478 2052 1605 2080 abscondi
1619 2052 1725 2086 eloquia
1740 2056 1796 2083 tua,

1000 2108 1031 2132 ut
1051 2111 1103 2131 non
1127 2110 1238 2138 peccem
1258 2101 1304 2129 tibi
1321 2097 1407 2137 (Paul.
1432 2100 1538 2129 csvini.
1552 2109 1561 2125 ι
1584 2099 1748 2126 Calcratitur
1769 2102 1797 2124 et

997 2149 1081 2184 pedes
1107 2148 1133 2175 in
1158 2146 1354 2183 praeparatione
1376 2145 1513 2180 Evangelii
1532 2144 1606 2179 pacis
1622 2142 1730 2177 (Epiros.
1744 2144 1795 2177 vi),

999 2199 1030 2222 ut
1057 2194 1092 2222 sit
1117 2194 1151 2221 de
1182 2193 1281 2228 quibus
1306 2192 1426 2219 dicitur:
1446 2190 1550 2224 «Quam
1575 2189 1688 2224 speciosi
1713 2189 1796 2223 pedes

1001 2239 1246 2275 evangelisantium
1269 2245 1363 2273 pacem
1387 2235 1465 2271 (lsai.
1484 2237 1541 2270 ut).
1554 2245 1562 2260 ι
1587 2236 1692 2269 Accipit
1707 2239 1734 2261 et
1750 2236 1797 2261 ha-

1856 300 1941 325 inines
1967 303 2143 331 regnaturus.
2167 295 2337 330 constipatus
2363 292 2471 330 agmine
2493 290 2645 330 Μ

1857 346 1965 371 Ducttur
1990 344 2105 378 denique
2131 342 2162 369 ad
2186 349 2261 369 aram
2287 339 2386 368 excelsi
2571 337 2644 375 prin-

1854 393 1952 426 cipium
1982 391 2055 424 regni
2090 389 2238 415 sortitunts
2263 385 2297 413 ab
2321 385 2367 414 illo
2390 392 2440 421 per
2459 391 2542 420 quem
2569 391 2647 420 ιν*

1856 441 1968 472 regnant
1986 436 2076 469 (Pror.
2093 435 2162 461 vm'é.
2191 433 2270 460 Prius
2290 436 2380 458 autem
2394 437 2476 466 quam
2496 429 2646 464 illlam-

1855 485 1900 511 riis
1924 482 2037 507 ruitibu~
2065 481 2214 509 Vt’nllillul'.
2246 476 2394 512 requiritur
2416 483 2499 511 super
2520 481 2555 503 eo
2580 473 2647 502 cieri

1854 532 1976 555 \nlutiln‘
1992 534 2015 553 ιιι
2034 527 2133 562 populi.
2149 531 2175 553 et
2188 533 2268 552 manu
2281 525 2389 559 propria
2399 521 2475 558 iurat
2488 521 2646 550 libertatem

1854 577 2043 602 Elvlmiarutn.
2068 574 2104 600 Et
2130 578 2192 598 tunc
2217 572 2325 598 exuitur
2352 568 2522 597 vestimentis
2544 567 2603 596 ωἱι
2620 570 2648 595 et

1851 622 1911 649 oleo
1924 619 2148 649 sanctiﬁcationis
2170 618 2335 654 aspergitur.
2355 620 2386 644 ut
2403 615 2494 652 typico
2508 622 2574 643 rore
2585 622 2648 650 per-

1852 666 1938 698 fusus.
1964 666 2085 694 caelestis
2109 664 2239 700 unguenti
2263 662 2430 698 plenitudine
2443 661 2587 697 glorietur.
2607 659 2649 686 ln-

1852 712 1943 739 duitur
1956 711 2072 745 denique
2086 715 2216 745 purpura.
2229 707 2314 744 ³7⁵
2338 706 2409 743 quod
2428 711 2472 734 est
2486 705 2567 741 regis
2591 712 2648 732 rua-

1850 757 1956 792 jestatis
1974 756 2090 791 insigne.
2111 759 2222 790 gestans
2238 754 2313 788 regni
2326 756 2462 787 sceptrum
2479 751 2507 778 in
2522 750 2648 777 manibus

1851 804 1886 832 ad
1912 803 2058 838 regendum
2087 800 2215 836 populum
2241 802 2367 827 sanctum
2392 797 2450 825 Dei.
2480 796 2597 824 Ponitur
2622 800 2648 822 et

1851 857 1952 879 corona
1977 856 2058 875 aurea
2073 854 2154 882 super
2176 850 2257 881 caput
2276 846 2336 880 ejus
2351 851 2480 881 expressa
2492 844 2572 879 signo
2586 851 2649 870 san-

1852 896 1966 926 ctitatis,
1994 894 2080 929 gloria
2106 891 2220 920 honoris
2238 895 2265 919 et
2283 897 2334 926 ope
2358 889 2525 917 fortitudinis
2551 887 2647 924 (Ecdi.

1850 940 1922 974 su).
1941 939 2088 966 Praefertur
2100 943 2128 964 et
2139 936 2244 972 gladius
2257 936 2284 963 in
2298 936 2387 963 oculis
2406 936 2475 971 ejus.
2500 939 2531 962 ut
2548 941 2648 970 cogno-

1850 992 1908 1014 scat
1924 985 1987 1020 quia
2003 984 2101 1011 vindex
2116 987 2158 1010 est
2171 983 2218 1009 ira
2231 981 2289 1014 Dei,
2305 981 2331 1008 ln
2346 980 2397 1008 hoc
2411 980 2499 1015 ipsum
2517 979 2649 1006 constitu-

1851 1036 1905 1059 tus.
1924 1030 2022 1058 Tantis
2037 1029 2120 1064 igitur
2140 1035 2172 1055 ac
2190 1026 2290 1055 talibus
2303 1025 2441 1062 mysteriis
2453 1025 2589 1057 initiatus.
2605 1031 2649 1051 rc-

1850 1083 1975 1113 portatnr
2001 1078 2034 1102 ad
2058 1075 2199 1110 palatium.
2216 1081 2230 1100 a
2245 1074 2289 1101 die
2304 1073 2349 1100 illa
2362 1077 2391 1100 et
2401 1072 2530 1106 deinceps
2551 1072 2650 1098 timcn-

1850 1125 1900 1151 dus
1923 1123 2026 1158 pariter
2049 1126 2077 1148 et
2100 1121 2242 1148 amandus.
2271 1119 2346 1147 Felix
2367 1123 2468 1149 autem.
2485 1118 2509 1145 si
2527 1117 2648 1153 gladium

1851 1170 1925 1204 regni
1951 1176 2012 1195 cum
2038 1168 2127 1202 gladio
2141 1167 2240 1202 jungat
2260 1165 2417 1197 sacerdotii.
2433 1169 2464 1191 ut
2476 1164 2586 1200 gladius
2603 1170 2648 1191 sa-

1849 1215 1967 1243 cerdotis
1988 1214 2092 1247 mitiget
2107 1212 2226 1248 gladium
2242 1212 2322 1247 regis.
2339 1216 2368 1238 et
2382 1210 2488 1246 gladius
2502 1210 2575 1245 regis
2593 1209 2649 1245 gla-

1849 1262 1923 1289 dium
1951 1266 2031 1288 acuat
2059 1260 2219 1288 sacerdotis.
2248 1258 2294 1286 Isti
2323 1263 2386 1286 sunt
2407 1258 2461 1285 dtto
2486 1257 2593 1293 gladii,
2618 1258 2650 1284 de

1849 1308 1949 1343 quibus
1961 1308 1988 1334 in
2002 1307 2108 1334 Domini
2122 1306 2247 1341 passione
2259 1304 2358 1341 legitur
2373 1313 2379 1331 :
2397 1311 2406 1329 t
2418 1303 2487 1331 Ecce
2499 1303 2585 1338 gladii
2597 1303 2650 1330 duo

1850 1353 1912 1386 hic;
1929 1359 1956 1381 et
1973 1353 2153 1388 respondetur
2167 1360 2181 1379 a
2197 1351 2310 1379 Domitio
2324 1348 2450 1378 :Bufﬂcit
2463 1348 2540 1383 (Luc.
2558 1349 2647 1383 θη.»

1850 1404 1926 1431 Tunc
1943 1404 2013 1431 enim
2030 1410 2142 1437 regnum
2161 1401 2330 1437 provehitur.
2350 1398 2532 1428 sacerdotium
2553 1398 2649 1426 dilata-

1850 1456 1904 1480 tur.
1923 1450 2071 1476 honoratur
2086 1452 2242 1483 utrumque.
2256 1455 2318 1474 cum
2333 1455 2349 1474 a
2365 1446 2479 1474 Doutino
2493 1448 2649 1481 prclaxata

1850 1496 1920 1523 felici
1940 1495 2172 1523 confusderalioue
2183 1494 2344 1529 junguntur.

1885 1563 1997 1589 Sextum
2021 1565 2063 1587 est
2084 1563 2286 1587 sacramentum
2311 1557 2488 1586 dedicationis
2509 1557 2647 1585 ecclesia.

1851 1607 1909 1635 Dici
1928 1608 1973 1634 vix
1989 1612 2079 1642 potest
2092 1610 2193 1641 quanta
2209 1606 2245 1633 sit
2260 1605 2286 1632 in
2302 1605 2355 1632 hoc
2376 1603 2437 1631 loco
2458 1608 2647 1631 sacraineuto-

1852 1663 1911 1682 rum
1927 1659 2047 1681 varietas
2076 1658 2104 1680 et
2122 1651 2321 1680 institutionum
2345 1649 2498 1677 alternatio.
2524 1648 2647 1676 Primum

1850 1702 1923 1728 enim
1959 1699 2074 1727 ecclesia
2101 1698 2174 1724 intus
2199 1701 2228 1724 et
2250 1695 2352 1724 deforis
2375 1694 2528 1726 dealbatur.
2550 1701 2648 1722 cruces

1850 1745 1993 1773 duodecim
2013 1744 2039 1771 in
2055 1743 2184 1770 interiore
2205 1740 2464 1770 circuituecclesize
2484 1740 2647 1775 imprimun-

1852 1796 1904 1823 tur.
1927 1791 1999 1818 cerei
2020 1789 2132 1817 totidem
2155 1788 2353 1819 accenduntur.
2372 1786 2535 1814 emundatur
2554 1786 2647 1814 eccle-

1850 1838 1899 1869 sia.
1923 1836 2044 1872 pontifex
2070 1834 2213 1862 ecclesiam
2238 1833 2359 1861 exterius
2379 1832 2476 1860 circuit
2495 1839 2558 1859 cum
2575 1838 2647 1867 aqua

1850 1883 2005 1914 benedicta.
2030 1886 2057 1909 et
2078 1882 2104 1908 iu
2129 1879 2331 1915 superlimiuari
2356 1883 2441 1914 porta
2466 1878 2547 1905 tertio
2571 1878 2646 1913 virga

1851 1928 1981 1964 pastorali
1995 1927 2163 1963 percutiens,
2175 1926 2240 1953 dicit
2251 1935 2258 1953 :
2273 1934 2282 1951 t
2293 1925 2415 1953 Attollite
2425 1929 2518 1960 portas
2528 1929 2645 1957 vestra,

1849 1980 1875 2002 et
1899 1974 2060 2005 elevamini,
2087 1978 2172 2007 portae
2196 1971 2359 2003 atemales.
2386 1974 2414 1998 et
2437 1970 2560 2008 introibit
2587 1969 2646 1998 Rex

1850 2021 1956 2056 gloriae;
1972 2031 1980 2046 ι
1997 2020 2049 2047 illis
2061 2020 2169 2046 deinttss
2181 2018 2426 2054 respondentibus:
2443 2016 2579 2051 «Quisest
2594 2018 2645 2046 iste

1850 2067 1905 2094 Res
1917 2067 2022 2102 gloria?
2036 2077 2044 2093 ι
2052 2065 2138 2100 (l‘sal.
2147 2065 2320 2101 uln.)Tunc
2331 2064 2569 2099 benedicitaquam
2577 2063 2645 2097 sale,

1847 2115 1951 2145 cinere.
1966 2113 2028 2140 vino
2041 2113 2212 2149 hyssopoque
2226 2118 2413 2145 conspersain.
2424 2109 2601 2145 alphabetum
2611 2117 2644 2137 ex

1850 2166 2006 2188 transverso
2028 2158 2214 2194 quadrangula
2240 2158 2344 2185 ratione
2369 2157 2528 2189 conscribit.
2556 2156 2646 2185 altare

1848 2207 1948 2241 septies
1962 2213 1994 2233 es
2010 2206 2105 2233 eadem
2128 2212 2198 2239 aqua
2219 2203 2359 2239 respergit.
2373 2211 2469 2230 crocus
2483 2203 2644 2235 chrismate,

1849 2253 1935 2279 altare
1949 2260 2014 2279 vero
2027 2252 2140 2278 mistura
2155 2250 2322 2281 chrismatis.
2338 2250 2444 2284 oleique
2458 2249 2596 2284 perungit.
2610 2249 2644 2276 ad

998 2286 1088 2315 culum
1104 2285 1280 2337 RE‘mn'em'
1295 2289 1325 2310 ω
1339 2291 1372 2310 ex
1385 2283 1442 2337 θ’
1455 2283 1538 2317 Virga:
1556 2281 1686 2332 ‘1":‘5‘“}°
1704 2280 1794 2337 Sig-"ﬁ
1809 2307 1835 2337 ι)
1848 2304 1966 2334 quatuor
1993 2298 2086 2324 altaris
2110 2304 2211 2324 cornua
2233 2297 2374 2323 incensum
2397 2280 2533 2329 incendit,
2546 2280 2645 2323 vallare

1000 2336 1045 2361 tur
1058 2331 1175 2367 qualiter
1189 2334 1345 2358 mansuetos
1360 2329 1478 2364 colligat.
1496 2327 1628 2361 corripiat
1649 2326 1793 2360 inquietos.

998 2377 1045 2407 Sic
1062 2379 1102 2406 sic
1121 2377 1234 2405 solemni
1260 2376 1482 2403 vestimentorum
1507 2373 1704 2408 gloriticationc
1725 2379 1795 2407 pra-

997 2423 1137 2458 l'ulgidus.
1164 2427 1192 2450 et
1215 2421 1252 2449 ad
1275 2421 1361 2448 altare
1384 2421 1430 2448 Dei
1454 2420 1615 2447 lamiliarius
1638 2419 1745 2446 intrans
1768 2422 1796 2445 et

997 2470 1103 2502 exiens,
1127 2469 1197 2497 iram
1218 2464 1321 2503 iudicis
1342 2468 1367 2494 in
1391 2466 1607 2494 misericonliam
1623 2465 1708 2500 patris
1722 2463 1795 2492 felici

980 2513 982 2515 ’
998 2515 1210 2544 comnmtatione
1222 2511 1357 2541 'devolvit.
1377 2512 1426 2540 Hic
1441 2513 1522 2540 habet
1535 2511 1655 2546 gladitun
1670 2511 1793 2546 spiritus,

996 2561 1070 2599 quod
1082 2566 1124 2589 est
1137 2561 1246 2588 verbum
1259 2559 1307 2588 Dei
1320 2558 1432 2594 (Ephss.
1445 2558 1493 2593 Vl).
1511 2557 1560 2585 Hic
1579 2561 1670 2592 potest
1686 2556 1794 2584 tradere

999 2607 1110 2636 Satanae
1124 2607 1152 2634 in
1166 2602 1306 2634 interitum
1318 2604 1408 2632 carnis
1423 2604 1449 2640 (I
1467 2602 1530 2632 Cor.
1543 2604 1582 2638 ν).

1035 2653 1164 2689 Quintum
1183 2656 1227 2680 est
1243 2652 1364 2681 inunctio
1376 2651 1458 2687 regis.
1475 2649 1605 2678 Sublimis
1630 2653 1671 2677 sta
1690 2647 1793 2675 delibu-

999 2701 1050 2734 tio.
1075 2700 1139 2735 quia
1162 2697 1306 2726 sublimem
1324 2696 1405 2724 edicit
1431 2700 1604 2731 [intestatum
1628 2694 1696 2723 Cum
1719 2693 1793 2722 enim

1000 2753 1084 2778 tanta
1103 2747 1253 2775 nobilitatis
1275 2745 1397 2781 sanguis.
1419 2744 1462 2773 vel
1477 2751 1589 2780 genere.
1603 2742 1647 2771 vel
1660 2742 1794 2770 electione

999 2798 1177 2825 consecratur
1190 2794 1218 2822 in
1230 2800 1334 2829 regem.
1362 2792 1460 2828 religio
1483 2798 1545 2818 cum
1569 2789 1710 2817 nobilitate
1728 2788 1794 2817 totis

1000 2840 1079 2875 regni
1104 2839 1209 2867 viribus
1234 2842 1408 2866 convocatur.
1436 2836 1516 2864 Astat
1542 2836 1606 2863 hinc
1629 2835 1792 2870 primatum.

1001 2885 1271 2921 metropolitanorum
1286 2888 1315 2911 et
1326 2884 1515 2919 episcopon
1529 2881 1647 2918 gloriosa
1662 2880 1793 2915 societas,

1003 2930 1080 2961 illinc
1103 2931 1210 2964 ducunt,
1234 2929 1376 2964 comitmn.
1403 2928 1614 2958 castellanorum
1641 2935 1695 2956 non
1719 2934 1795 2959 suer-

1852 2350 1953 2372 tersum
1978 2345 2056 2371 novis
2083 2342 2262 2370 voluminibus
2282 2343 2385 2376 operit.
2411 2342 2519 2376 aliaque
2547 2342 2643 2375 multa,

1850 2397 1911 2426 qua:
1929 2390 2064 2418 sermOnis
2086 2389 2204 2416 brevitas
2219 2397 2271 2415 non
2285 2388 2418 2423 permittit
2433 2388 2562 2415 inserere.
2578 2387 2644 2416 Post

1850 2438 1908 2465 haec
1921 2437 1994 2464 omni
2011 2436 2236 2463 vestimentorum
2252 2435 2336 2470 gloria
2355 2435 2506 2462 cumulatus
2521 2435 2643 2471 ingredi.

1850 2488 1894 2511 tur
1913 2483 1947 2510 ad
1964 2482 2061 2515 altare,
2086 2480 2249 2508 sacriﬁcium
2275 2480 2414 2516 singulare
2437 2480 2642 2515 celebratum,

1847 2534 1875 2558 et
1893 2530 1932 2557 sic
1949 2527 2160 2556 sanctiﬁcationi
2182 2528 2261 2554 linem
2277 2526 2462 2562 impositurus.
2477 2526 2545 2560 Quis
2563 2527 2643 2562 huius

1849 2577 1938 2612 abyssi
1962 2576 2106 2610 caliginem
2129 2575 2264 2602 sermonis
2283 2574 2407 2601 claritate
2430 2574 2515 2608 possit
2545 2574 2643 2600 illumi-

1848 2622 1933 2651 nare?
1954 2622 2144 2656 Attigissemus
2170 2626 2261 2648 tamen
2284 2620 2570 2655 quantulumcunque.
2591 2620 2641 2647 nisi

1847 2669 1950 2698 nostris
1977 2668 2142 2704 temporibus
2167 2668 2294 2703 quidam.
2322 2668 2367 2704 qui
2394 2668 2555 2695 Comets-nsi
2574 2675 2643 2703 pra-

1848 2718 1919 2746 sedit
1942 2717 2083 2749 ecclesias.
2113 2715 2286 2744 vivacissimo
2313 2715 2411 2743 meritis
2436 2713 2501 2750 igne
2525 2713 2641 2742 lucidius

1847 2764 1939 2793 omnia
1967 2763 2145 2792 declarasset.
2176 2762 2218 2790 Ad
2245 2761 2320 2789 illurn
2347 2762 2429 2797 igitur
2453 2759 2639 2797 plenissimus

1848 2811 1950 2840 fontem
1963 2811 2102 2839 sitientem
2114 2809 2257 2841 mittimus.
2273 2808 2317 2837 ubi
2334 2807 2519 2844 plenissimam
2534 2807 2639 2835 hauriat

1848 2857 2003 2886 veritatem.
2026 2855 2180 2884 Notandum
2201 2859 2292 2883 tamen
2314 2854 2377 2890 quia
2401 2853 2581 2890 praeeuntis
2595 2860 2636 2881 ειη

1848 2907 1987 2931 cramenta
2013 2902 2073 2931 sine
2103 2901 2202 2930 visibili
2230 2901 2358 2930 unctione
2383 2907 2437 2929 non
2466 2899 2553 2933 ﬁunt.
2579 2907 2637 2928 cu
