5450 6344
917 347 1020 406 901

2336 334 2576 395 SERDO
2608 335 2805 395 LXIX.

4155 337 4266 397 90!

923 463 1315 535 subsequentia
1358 459 1495 517 nihil
1539 455 1852 530 huiusmodi
1897 452 2097 531 merito
2136 454 2422 511 continere
2440 454 2536 534 ge-
2567 461 2615 518 Α
2646 451 2954 523 spiritibus,
2999 452 3060 509 ti.
3100 450 3327 510 divitias
3374 449 3565 525 gloria
3608 448 4053 523 contemptativis
4086 450 4263 512 oculis

922 568 1142 630 gantur.

995 649 1300 723 Septimum
1328 655 1411 702 est
1440 632 1845 702 sacramentum
1881 641 2269 700 confessionis.
2298 639 2531 698 Confes-

923 742 1094 799 siouis
1139 740 1343 795 bonum
1385 746 1674 809 quantum,
1725 734 1811 791 vel
1855 735 2019 807 quale
2056 735 2147 800 sit,
2180 748 2287 793 non
2317 738 2402 789 est
2428 745 2530 789 no-
2596 784 2599 787 λ

2634 546 2943 615 rapiuntur,
2989 546 3127 602 etin
3157 561 3324 601 carne
3350 546 3537 601 carnis
3586 541 3747 601 obliti
3796 552 4052 601 naturam
4101 561 4259 604 suam

2636 641 2911 699 indefessa
2943 642 3301 698 meditatione
3332 640 3585 711 fatigant.

2708 733 3070 791 Undecimum
3090 742 3173 787 cst
3196 732 3696 787 sanctimonalium.
3725 731 3847 787 lstze
3870 747 4063 788 sexum
4079 741 4135 790 et
4156 748 4258 789 ste-

922 846 1052 893 strm
1098 828 1387 888 tenuitatis
1436 828 1687 885 laudibus
1719 824 2079 893 eil‘erendum,
2110 842 2232 882 cum
2261 816 2527 899 praeclara
2632 825 2816 885 culum
2840 840 2974 879 ausu
3002 820 3263 878 validiore
3282 823 3955 893 vincentes.spcctahilem
3972 824 4259 881 victoriam

920 928 1144 985 Patrum
1178 924 1397 996 ingenia
1427 923 1612 979 multis
1639 934 1760 978 eam
1786 921 2521 991 insignierimdoeumcntis.

2631 916 2703 971 ab
2747 916 2925 971 hostis
2957 914 3171 985 antiqui
3224 914 3444 969 feritate
3499 922 3803 984 reportant.
3857 913 4109 971 Gloriosa
4146 932 4257 982 res,

920 1019 1044 1076 Haec
1066 1026 1151 1073 est
1168 1016 1255 1071 via
1280 1016 1586 1085 communis
1606 1010 2525 1083 ad_Deum,fonstamjustl'squam
2630 1015 2723 1071 ubi
2780 1024 2969 1070 tenera
3021 1013 3265 1069 membra
3308 1012 3540 1085 longiori
3592 1000 3861 1085 martyriu
3902 1012 4259 1086 confringan-

916 1109 1294 1184 peccatoribus
1336 1115 1573 1178 patens,
1626 1105 1719 1177 qui
1778 1105 2071 1181 criminum
2129 1104 2521 1161 abundantiam

914 1202 1302 1260 abundantiori
1316 1200 1531 1271 liquore
1542 1199 1794 1271 detergit.
1812 1199 2051 1255 Primam
2069 1199 2247 1253 reddit
2264 1212 2522 1252 innocen-

2634 1116 2743 1171 tur.
2770 1118 2824 1163 et
2853 1108 2998 1169 illius
3014 1113 3281 1167 enervant
3304 1103 3683 1161 fortitudinem
3712 1106 3803 1175 qui
3837 1104 4254 1163 similitudinem

2626 1198 2891 1254 Altissitnl
2935 1198 3269 1267 concupivit.
3306 1196 3388 1253 Ad
3440 1196 3601 1264 huius
3636 1187 4016 1268 spectaculum
4061 1211 4255 1269 pugnae

917 1297 1003 1351 tiae
1035 1294 1255 1359 stolam,
1286 1302 1339 1347 et
1364 1290 1652 1364 fugitivum
1685 1290 1856 1347 lilium
1898 1291 1953 1345 in
2001 1299 2261 1362 paternos
2309 1289 2521 1346 reducit
2626 1291 2738 1346 cito
2762 1292 3103 1346 convertitur
3135 1286 3575 1345 ille-miseriCors
3621 1290 3876 1353 intuitus.
3921 1298 3976 1345 et
4011 1289 4101 1345 tali
4154 1304 4253 1363 po-

915 1388 1198 1459 amplexus
1224 1385 1375 1459 (Lac.
1410 1383 1529 1457 xv).
1582 1376 1663 1440 Ex
1725 1384 1830 1441 hoc
1867 1381 2019 1439 fonte
2058 1374 2246 1439 felices
2289 1382 2518 1454 apostoli

916 1482 1173 1554 lacrymae
1215 1476 1628 1551 proﬂuxerunt;
1679 1480 1731 1533 in
1778 1480 1883 1535 hoc
1928 1479 2255 1549 peccatricis
2304 1477 2523 1533 femiuze

909 1572 1176 1628 daemonia
1197 1578 1323 1627 sunt
1344 1570 1627 1626 submersa
1652 1568 1805 1643 (Luc.
1821 1567 1951 1635 vn);
1987 1575 2082 1639 per
2107 1568 2250 1623 hunc
2274 1565 2513 1634 adulter,

917 1674 973 1721 et
1023 1662 1297 1719 homicida
1345 1660 1511 1717 David
1563 1658 1649 1733 (II
1696 1660 1949 1741 Regum)
1991 1656 2187 1731 spiritu
2228 1656 2515 1731 principali

910 1754 1112 1828 legitur
1150 1754 1511 1811 conﬁrmatus
1538 1748 1713 1826 (Paul.
1740 1740 1793 1827 t.)
1815 1740 1847 1819 ξ
1870 1752 1921 1809 in
1952 1752 2055 1899 hec
2085 1746 2211 1809 felix
2247 1750 2333 1809 ille
2363 1752 2515 1807 volu-

910 1855 1054 1899 tatus
1080 1859 1166 1899 est
1194 1845 1358 1899 latro.
1386 1844 1556 1899 3'13
1577 1846 1669 1899 aui
1692 1846 1845 1899 brevi
1876 1860 1981 1899 non
2071 1847 2251 1899 crucis
2280 1846 2347 1899 de
2377 1845 2513 1899 οτιῐί-

2071 1847 2251 1901 crucis
2280 1846 2347 1900 de
2376 1845 2513 1917 pati~
2548 1850 2592 1908 Β
2622 1865 2789 1907 carne
2838 1866 2944 1905 una
2978 1847 3177 1923 (Marc.
3232 1852 3311 1921 x).
3351 1869 3369 1903 ι
3440 1849 3583 1919 Quid
3640 1850 3787 1905 enim
3847 1852 4023 1921 magis
4074 1866 4245 1909 unum

908 1855 1054 1903 tatus
1080 1859 1166 1903 est
1194 1844 1556 1922 latro,‘376
1577 1846 1669 1916 qui
1692 1846 1845 1901 brevi
1875 1860 1981 1916 pou

2627 1384 2900 1440 tissimum
2927 1384 3154 1440 victoria
3184 1382 3513 1441 delectatur.

2699 1478 3094 1535 Duodecimum
3151 1487 3235 1535 est
3284 1479 3602 1549 nuptiarum
3645 1488 4074 1535 sacramentum.
4138 1480 4253 1539 Hoc

2623 1586 2885 1643 magnum
2911 1580 3013 1636 cst,
3033 1571 3109 1625 ait
3137 1571 3432 1640 Apostolus
3460 1570 3679 1643 (Ephes.
3702 1574 3793 1643 v);
3820 1581 3874 1625 et
3900 1572 4164 1628 Dominus
4194 1575 4248 1629 in

2623 1664 2919 1737 Evangelia
2951 1683 2962 1718 :
3012 1684 3029 1716 t
3068 1664 3301 1733 Propter
3327 1663 3430 1720 hoc
3462 1664 3733 1735 relinquet
3761 1664 3925 1731 homo
3954 1674 4165 1736 patrem
4192 1676 4261 1723 et.

2626 1765 2881 1824 matrem,
2934 1767 2988 1810 et
3024 1755 3326 1811 adhrerebit
3357 1756 3517 1811 uxori
3559 1773 3695 1822 sum,
3730 1768 3785 1812 et
3831 1764 3996 1813 erunt
4038 1758 4147 1813 duo
4194 1758 4248 1814 in

902 1938 1032 1995 bulo
1057 1938 1123 1994 ad
1150 1954 1376 2010 regnum
1403 1937 1471 1993 de
1496 1935 1761 2019 supplicio
1790 1936 1843 1989 iu
1866 1937 2183 2006 paradisum
2216 1936 2515 1992 translatus
2620 1959 2785 2017 quam
2820 1944 2920 2010 illi,
2976 1942 3174 2013 quibus
3205 1951 3290 1997 est
3336 1957 3441 1997 una
3498 1957 3650 2009 caro,
3684 1958 3789 1997 una
3842 1958 4051 2011 mensa,
4104 1960 4247 2005 unus

901 2041 987 2086 est
1036 2026 1422 2102 (Luc..xxut),
1476 2034 1889 2082 consummatus
1930 2028 1985 2081 in
2036 2025 2216 2092 brevi,
2268 2027 2515 2097 explevit
2620 2049 2796 2103 ιοτιιε,
2837 2038 3053 2093 han-edi:

2095 2026 2216 2092 ἐνίο
2268 2027 2515 2097 ειρίθνίι
2620 2049 2796 2103 torus,
2837 2038 3131 2093 hazreditas
3162 2035 3304 2091 una?
3332 2057 3349 2089 t
3379 2032 3712 2092 Honorabile
3738 2036 4081 2106 conjugiun,
4112 2037 4247 2094 dicit

904 2132 1149 2193 tempora
1181 2119 1349 2174 multa
1382 2116 1539 2192 (Sap.
1573 2116 1673 2189 tv).

974 2214 1029 2269 ln
1070 2215 1175 2269 liac
1206 2214 1408 2269 virtute
1438 2211 1678 2283 caligant
1705 2211 1850 2267 oculi
1878 2212 2263 2283 plurimorum,
2295 2214 2388 2284 qui
2421 2213 2509 2270 vel

899 2306 1239 2362 discretione
1294 2304 1531 2376 privati,
1580 2303 1664 2358 vel
1716 2304 2089 2360 assentatione
2130 2306 2367 2373 seducti,
2417 2316 2512 2362 aut

896 2398 1150 2455 nesciunt
1196 2398 1325 2470 quid
1384 2398 1695 2469 injungant,
1747 2396 1855 2461 vel,
1890 2397 1935 2451 si
1988 2399 2188 2462 sciunt,
2236 2400 2507 2470 privatam

896 2491 1131 2564 gratiam
1174 2486 1475 2561 praeferunt
1520 2488 1759 2543 veritati.
1808 2486 2008 2543 Verum
2035 2504 2142 2569 non
2166 2492 2509 2562 suscepimus

896 2584 991 2641 hic
1046 2583 1259 2656 aperire
1306 2582 1435 2653 quid
1486 2580 1787 2638 sentiamus
1848 2597 1912 2637 ex
1967 2599 2057 2649 ea,
2112 2586 2209 2639 sed
2263 2588 2504 2643 sermoni

894 2676 1120 2748 pwprio
1166 2674 1555 2745 proprietatem
1593 2673 1737 2727 illius
1775 2682 2145 2728 reservamus.
2176 2674 2292 2731 Hoc
2322 2687 2504 2733 tamen

894 2756 1092 2821 lectori
1139 2765 1420 2820 taediosum
1465 2779 1572 2819 non
1606 2764 1678 2820 sit
1713 2764 2039 2835 intelligere,
2076 2767 2203 2835 quia
2235 2768 2506 2825 conﬁtens

894 2858 1103 2931 pastori
1137 2872 1258 2922 suo,
1304 2852 1599 2928 puritatem
1649 2857 1853 2922 cordis,
1889 2857 2177 2914 veritatem
2209 2860 2347 2926 oris,
2381 2870 2501 2916 ma-

893 2950 1231 3007 cerationem
1276 2948 1464 3005 carnis
1515 2949 1713 3005 debeat
1761 2951 2045 3007 exhibere.
2092 2951 2188 3009 ille
2231 2968 2365 3011 vero
2414 2955 2504 3009 cui

892 3042 1208 3109 conﬁtetur,
1261 3041 1644 3113 pteniteutiam
1691 3030 1933 3114 dignam,
1983 3044 2292 3100 orationem
2326 3045 2505 3103 conti-

892 3150 1084 3201 nuam,
1111 3132 1543 3189 taciturnitatem
1568 3141 1887 3205 perpetuam
1912 3134 2197 3191 confitenti
2220 3149 2322 3193 suo
2343 3146 2503 3193 curet

893 3226 1302 3284 administrare.

963 3318 1225 3377 Octavum
1240 3331 1725 3377 estcanontcorum
1738 3320 1913 3397 (190).
1928 3323 2019 3380 isti
2033 3332 2160 3379 sunt
2174 3324 2227 3379 in
2241 3323 2503 3382 Ecclesia:

888 3414 1029 3471 solio
1064 3414 1361 3483 sublimati,
1388 3414 1484 3487 qui
1514 3415 1569 3471 in
1599 3415 1897 3488 episcopali
1924 3417 2054 3474 sede
2086 3425 2238 3473 veste
2267 3419 2501 3475 candida

890 3506 1248 3584 refulgentes,
1297 3510 1675 3566 innocentiam
1728 3511 1976 3567 cordium
2023 3512 2208 3569 colore
2266 3514 2500 3569 vestium

890 3602 1302 3674 repromittunt.
1329 3600 1369 3657 li
1394 3601 1461 3658 de
1488 3602 1792 3669 communi,
1823 3610 1880 3659 et
1905 3602 1959 3658 in
1990 3618 2282 3660 commune
2312 3604 2502 3659 viven-

891 3703 999 3759 tes,
1044 3692 1131 3747 vel
1179 3693 1377 3765 vivere,
1414 3692 1675 3748 debentes
1718 3704 2009 3763 perpetua,
2048 3694 2096 3749 si
2128 3696 2498 3766 peccaverint,

889 3792 1022 3842 sunt
1067 3783 1392 3857 pcenitentia
1448 3782 1787 3855 castigandi;
1833 3784 2057 3841 habitus
2109 3785 2259 3843 enim
2307 3790 2501 3842 eorum

891 3889 1002 3931 non
1038 3873 1397 3945 pmnitentiae,
1447 3873 1545 3929 sed
1589 3873 1917 3931 innocentiae
1965 3889 2089 3932 esse
2135 3883 2498 3933 monstratur.

889 3964 1128 4022 Videant
1168 3965 1269 4036 ipsi
1322 3966 1487 4023 amici
1540 3965 1739 4038 Sponsi
1788 3967 1919 4039 quid
1964 3970 2334 4039 respondeant
2371 3976 2500 4026 ante

888 4053 1082 4115 faciem
1120 4056 1342 4131 Spousi,
1369 4056 1461 4131 qui
1483 4052 1697 4132 judicat
1724 4060 1915 4117 orbem
1941 4070 2102 4136 teqra:
2128 4062 2183 4117 in
2214 4063 2497 4134 equitate,

888 4168 1017 4211 cum
1049 4154 1116 4211 de
1142 4169 1342 4225 sponsa
1380 4154 1608 4227 cmperit
1643 4156 1866 4228 exigere
1902 4154 2195 4213 rationem.
2233 4156 2499 4215 Nolumus

886 4244 1071 4303 invehi
1102 4261 1270 4318 super
1302 4245 1445 4312 illos,
1477 4247 1572 4302 sed
1598 4247 1703 4303 hoc
1730 4242 1906 4303 solum
1934 4260 2188 4315 caveant,
2219 4265 2288 4306 ne
2314 4252 2380 4306 de
2402 4264 2500 4321 pa-

888 4338 1145 4396 trimonio
1188 4334 1450 4397 Cruciﬁxi
1498 4339 1828 4397 lautioribus
1876 4341 2054 4413 epulis
2111 4340 2496 4412 infundantur,

888 4432 977 4489 vel
1022 4429 1364 4490 vestimentis
1399 4443 1670 4493 eruentur
1698 4432 2078 4503 nitidioribus,
2112 4452 2181 4493 ne
2211 4436 2439 4494 audiant
2466 4454 2495 4495 a

879 4526 1152 4601 propheta
1182 4544 1198 4582 :
1235 4526 1396 4584 «Non
1443 4528 1931 4601 campatiebantur
1969 4546 2139 4603 super
2160 4532 2495 4590 contritione

880 4613 1085 4693 ιωεριι
1106 4618 1310 4694 (Am.
1335 4620 1437 4693 τι).
1496 4640 1517 4675 .

956 4707 1171 4767 Nonum
1198 4712 1282 4769 est
1308 4714 1727 4771 monachorum.
1754 4714 1821 4771 Hi
1853 4725 1983 4773 sunt
2008 4716 2100 4789 qui
2129 4732 2161 4772 a
2190 4716 2491 4775 forensium

880 4816 1173 4860 causamn
1223 4804 1546 4863 tumultibus
1590 4806 1831 4881 elongati
1868 4808 2263 4867 ludiﬁcatorias
2294 4812 2488 4871 incan-

881 4896 1121 4955 tationes
1164 4898 1472 4956 damnum
1504 4902 1779 4973 patienter
1804 4903 2054 4961 eludunt.
2094 4904 2151 4960 In
2182 4903 2489 4977 Scripturis

879 4979 1113 5056 assidui,
1142 4989 1197 5045 in
1236 4983 1549 5049 obedientia
1599 4995 1881 5066 praecipui,
1936 4994 2131 5053 fervidi
2187 4999 2485 5067 charitate,

877 5079 1059 5171 beata
1116 5082 1274 5168 urbis
1340 5084 1539 5157 gaudia
1593 5093 1626 5144 e
1681 5088 1958 5146 vestibulo
2015 5105 2079 5146 co
2127 5092 2485 5164 'emplantur.

878 5162 1347 5252 Circumspiciutt
1386 5188 1565 5239 .atneu
1603 5185 1933 5257 semetipsos
1956 5228 1973 5253 ,
2037 5204 2105 5243 ne
2154 5188 2208 5243 in
2242 5162 2490 5261 amplio-

879 5265 960 5323 ris
989 5282 1232 5338 corona,
1270 5266 1360 5329 vel
1397 5270 1631 5332 laxioris
1668 5274 2022 5333 calceamenti
2069 5278 2276 5335 vilitate
2321 5278 2492 5336 couti-

862 5348 1035 5445 dant,
1079 5376 1205 5418 cum
1247 5362 1415 5422 homo
1442 5364 1627 5424 videat
1666 5360 1724 5424 in
1763 5366 1937 5437 facie,
1987 5367 2135 5427 Deus
2189 5381 2374 5428 autem
2433 5372 2490 5428 ln

876 5448 1064 5510 corde.

938 5548 1232 5610 Decimum
1255 5566 1343 5614 est
1368 5556 1747 5627 eremltarum,
1771 5559 1863 5632 qui
1888 5574 1989 5633 per
2019 5575 2289 5618 cavernas
2323 5574 2483 5617 mon-

874 5640 1014 5701 thm
1037 5651 1096 5701 et
1121 5644 1343 5704 vallium
1372 5664 1615 5708 concava
1640 5650 1950 5721 latitantes,
1990 5652 2252 5721 angelicis
2281 5654 2479 5711 sociati

2520 4618 2574 4679 D

2615 2132 2723 2188 Vas
2746 2129 3052 2196 electionis,
3080 2138 3233 2185 torus
3265 2128 3655 2183 imtuaculatus
3686 2125 3878 2197 (Hebr.
3912 2128 4093 2199 attt).a
4131 2128 4247 2187 Hoc

2614 2223 2973 2281 destruuntur
2999 2224 3312 2278 incestuosa
3338 2220 3615 2291 conjugia,
3648 2231 3703 2277 et
3728 2221 4103 2293 legitimorum
4136 2223 4246 2279 hai-

2613 2317 2805 2373 redum
2837 2316 2998 2388 digna
3029 2314 3322 2387 progenies
3350 2320 3706 2385 propagatur.
3736 2310 3864 2369 Haec
3884 2323 4011 2368 sunt
4041 2314 4246 2372 duode-

2611 2413 2718 2469 cim
2747 2420 3117 2475 sacramenta,
3134 2410 3299 2482 377
3329 2426 3449 2479 qua!
3464 2408 3595 2482 (nisi
3620 2407 3803 2477 fallor)
3822 2408 3927 2465 illa
3948 2409 4239 2465 duodecim

2611 2520 2807 2562 cruces
2832 2503 3167 2577 significant,
3198 2518 3337 2573 quas
3362 2503 3416 2558 in
3445 2502 3681 2559 circuitu
3707 2501 3960 2559 ecclesia:
3986 2503 4241 2560 videmus

2611 2599 2927 2671 impressas.
2962 2597 3073 2655 Sed
3107 2597 3225 2667 jam
3256 2598 3617 2654 dimittendus
3661 2606 3750 2653 est
3786 2597 3983 2670 stylus,
4028 2599 4159 2670 quia
4185 2606 4243 2657 et

2610 2695 2812 2766 ingenii
2859 2703 3173 2765 paupertas,
3214 2701 3271 2748 et
3314 2690 3607 2747 infirmitas
3668 2691 3875 2759 carnis,
3926 2706 4050 2762 qua:
4076 2691 4239 2749 solito

2609 2789 2802 2846 durius
2830 2789 3136 2854 inundavit,
3169 2795 3358 2846 vetant
3389 2797 3477 2843 me
3508 2784 3717 2857 aliquid
3760 2785 3975 2859 longius
4016 2786 4240 2859 scripti-

2608 2890 2747 2940 tare.
2784 2879 2842 2939 Si
2903 2883 3195 2939 convalere
3238 2892 3491 2954 potuero,
3527 2889 3807 2954 exsequar
3860 2882 4007 2953 quod
4059 2882 4232 2954 ccepi,

2606 2975 2675 3029 ad
2714 2975 2983 3031 honorem
3042 2974 3191 3031 illius
3228 2974 3324 3046 qui
3379 2978 3466 3030 est
3514 2974 3842 3031 beneaictua
3890 2973 3946 3030 in
4002 2973 4229 3031 mula.

2605 3063 2806 3122 Amen.

3246 3267 3595 3329 SCHOLIA.

2680 3361 2973 3418 Duodecim
3018 3373 3358 3418 sacramenta
3405 3373 3528 3418 sunt
3576 3365 3632 3417 in
3682 3358 3948 3418 Ecclesia.
4000 3361 4234 3421 Constat

2607 3435 2939 3518 sacramenti
2990 3444 3195 3517 vocem.
3229 3433 3543 3518 ambiguam
3574 3448 3721 3499 esse,
3748 3442 3919 3505 atque
3948 3449 4013 3491 ex
4044 3436 4229 3518 prima

2606 3506 2955 3576 impositione
3004 3521 3112 3561 non
3153 3503 3467 3577 signiﬁcare
3495 3515 3709 3577 tantum
3756 3503 3975 3561 sacrum
4010 3503 4229 3577 signant

2606 3574 3001 3649 sanctiﬁcantis
3024 3574 3237 3647 gratiae,
3262 3585 3339 3649 Aut
3363 3593 3390 3629 a
3417 3574 3685 3649 theologis
3713 3574 4129 3634 accommodata
4144 3586 4232 3635 est

2605 3649 2673 3703 ad
2701 3648 3057 3719 signiﬁcanda
3086 3647 3308 3718 propria
3339 3647 3710 3715 sacramenta,
3738 3650 4045 3720 praesertim
4071 3665 4227 3715 nove

2605 3719 2761 3791 legis,
2816 3733 2944 3791 qua:
2996 3726 3209 3773 tanaim
3261 3728 3388 3791 stitit
3442 3729 3686 3791 septem;
3726 3721 3821 3775 sed
3858 3734 3927 3774 ex
3973 3721 4229 3781 selatins

2604 3790 2825 3847 extendi
2858 3790 2923 3843 ad
2955 3790 3380 3863 signiﬁcandum
3412 3790 3696 3863 quodlibet
3722 3791 3994 3863 abditum,
4022 3801 4227 3863 mysta.

2605 3863 2771 3933 rium,
2804 3856 3109 3931 praesertim
3141 3860 3295 3925 illud,
3330 3856 3502 3931 quod,
3531 3877 3656 3918 cum
3681 3856 4094 3933 spirituaiesit:
4122 3864 4226 3923 sub

2604 3932 2874 4009 velamine
2926 3933 3208 4005 signorum
3260 3933 3574 3989 sensibilius
3621 3932 3772 4009 latet.
3824 3934 3881 4009 In
3931 3935 4035 3990 hoc
4091 3951 4224 4009 ergo

2604 4018 2765 4061 sensu
2808 4006 2912 4058 hoc
2964 4000 3082 4059 Suco
3134 4014 3351 4073 sumpta
3385 4015 3468 4061 est
3519 4019 3626 4061 vox
3678 4006 3792 4071 illa,
3840 4000 4220 4075 Sacramenta,

2605 4086 2663 4133 ut
2692 4084 2945 4140 constat,
2975 4086 3086 4130 tum
3120 4076 3351 4131 ex-tanti
3378 4076 3630 4134 Doctoris
3659 4079 3973 4133 eruditione
4008 4086 4065 4134 et
4092 4078 4218 4147 ﬁde,

2601 4149 2693 4217 qui
2742 4163 2848 4222 non
2885 4147 3172 4218 ignorabat
3217 4159 3428 4217 septem
3469 4158 3841 4222 tantumesse
3880 4162 4037 4222 nova:
4082 4150 4221 4222 legis

2602 4220 2819 4289 pmpria
2849 4230 3194 4291 sacramenta
3223 4234 3238 4284 ;
3275 4228 3388 4272 tum
3427 4222 3553 4289 quia
3587 4220 3752 4291 paulo
3793 4230 3923 4276 ante
3955 4220 4216 4279 dixerat:

2608 4309 2625 4341 ι
2666 4291 2720 4345 ln
2756 4289 2997 4345 Ecclesia
3026 4292 3239 4362 contegi
3270 4289 3625 4361 multiplicem
3678 4291 4000 4347 varietatem
4034 4309 4218 4349 sacra-

2604 4370 2934 4436 mentorum.
2993 4384 3010 4414 ι
3067 4361 3205 4436 Quo
3240 4365 3408 4417 VCI'IlO
3458 4365 3732 4433 signillcat
3798 4378 3858 4419 se
3919 4379 4027 4417 non
4067 4364 4215 4436 loqui

2602 4441 2815 4490 tantum
2855 4434 2921 4487 de
2965 4433 3186 4503 proprio
3234 4446 3704 4489 sacramentorum
3752 4450 3974 4503 genere,
4010 4438 4105 4491 sed
4141 4433 4215 4493 de

2602 4506 2749 4559 omni
2783 4506 3047 4559 varietate
3075 4506 3464 4576 mysteriorum
3484 4548 3499 4568 ,
3538 4506 3618 4559 vel
3647 4508 4103 4563 ceremoniarum
4137 4509 4218 4564 vi-

2603 4576 2865 4637 sibilium,
2915 4576 3113 4645 quibus
3138 4575 3407 4632 'Erclesia
3454 4589 3705 4632 ornatur.
3746 4578 3902 4646 Quod
3938 4589 4121 4636 autem
4158 4581 4211 4637 in

2600 4647 2706 4703 hac
2750 4648 3165 4703 enumeratione
3226 4648 3540 4704 nonnullam
3586 4648 3747 4705 ade-rt
3791 4653 4210 4719 obseuritatem,

2598 4719 2771 4775 solum
2809 4729 2925 4781 est,
2955 4733 3120 4789 quam
3159 4720 3428 4791 rationem
3460 4721 3511 4774 in
3556 4736 3616 4776 re
3651 4723 3953 4776 servaverit
4002 4722 4213 4778 Damiao

2599 4807 2722 4856 nus,
2749 4800 2803 4846 et
2826 4792 3131 4862 pralsertim
3159 4805 3259 4864 cur
3287 4808 3351 4847 (αλ
3385 4801 3595 4861 septem
3626 4793 3867 4864 prapriis
3895 4810 4211 4849 sacrameno

2598 4864 2667 4918 tis
2692 4879 2785 4917 sex
2816 4862 3245 4925 enumeraverit,
3274 4864 3481 4918 omisso
3504 4862 3791 4934 principali
3821 4880 4035 4929 eorum,
4061 4867 4209 4933 quod

2593 4943 2676 4991 est
2698 4945 3109 4990 ttat-rosauctum
3134 4935 3486 4991 eucharistia:
3516 4937 3838 5007 mysterium
3872 4951 3886 4991 :
3918 4952 4018 4990 cur
4039 4940 4206 4992 etiam

2591 5020 2657 5062 ex
2692 5008 3009 5077 impropriis
3065 5014 3122 5060 et
3167 5007 3275 5062 late
3323 5008 3485 5061 dictis
3534 5010 3937 5071 sacramentis,
3976 5024 4068 5062 sex
4104 5008 4208 5064 alia

2592 5079 3024 5143 enumeraverit,
3055 5093 3179 5133 cum
3217 5079 3381 5134 etiam
3424 5080 3639 5133 ratione
3669 5080 3785 5149 pari
3830 5082 4070 5149 potuerit
4097 5081 4206 5135 alia

2593 5150 2874 5220 complura
2900 5163 3222 5213 numerare,
3253 5159 3314 5205 ut
3340 5164 3595 5205 vasorum
3635 5164 3921 5206 sacrorum
3953 5161 4007 5204 et
4038 5153 4207 5207 vesti-

2592 5232 2901 5278 mentorum
2950 5222 3423 5286 benedictionem,
3472 5232 3565 5275 aut
3596 5223 4095 5285 consecrationem,
4127 5238 4210 5278 sa-

2592 5292 3013 5349 cramentalium
3040 5292 3289 5349 omnium
3328 5293 3752 5357 institutionem,
3778 5304 3836 5349 et
3862 5294 4205 5351 benedictio-

2591 5379 2744 5431 nem,
2772 5370 2835 5420 ut
2863 5377 3021 5435 aqua
3050 5362 3309 5435 lustralis,
3345 5365 3501 5435 panis
3532 5365 3825 5425 benedicti,
3862 5374 3917 5419 et
3941 5378 4105 5429 cert.
4134 5379 4207 5421 ex

2593 5453 2700 5517 qua
2732 5434 3021 5519 agrinst
3045 5434 3369 5519 conﬁcitur;
3399 5436 3530 5519 item
3551 5436 3872 5519 exarcis-mi,
3895 5446 3952 5519 et
3974 5435 4202 5519 similia;

2595 5504 2651 5565 et
2675 5524 2738 5563 ex
2771 5504 2895 5573 illis,
2922 5523 3043 5578 qua:
3062 5515 3337 5572 numerat,
3366 5504 3535 5561 multa
3564 5521 3671 5560 non
3692 5507 3986 5562 videantur
4004 5506 4207 5563 distinc

2593 5593 2703 5646 cta,
2740 5589 2803 5635 ut
2829 5588 2956 5636 sunt
2986 5580 3121 5634 varii
3152 5578 3534 5648 religiosorum
3568 5586 3762 5633 status.

2664 5652 2964 5709 Dicendum
2991 5664 3123 5707 vero
3151 5658 3235 5706 est
3274 5647 3345 5705 in
3389 5648 3584 5721 primis
3627 5657 3879 5705 sanctum
3921 5647 4206 5707 ductorem

932 5827 1099 5902 4110)
1126 5827 1335 5903 Legam
1370 5831 1488 5890 hac
1525 5834 1730 5894 inertes
1750 5834 1999 5894 canonici
2024 5852 2117 5909 qui
2145 5833 2281 5893 nihil
2316 5834 2467 5895 aliud
2504 5851 2671 5909 quam
2695 5843 2880 5894 cutem
2913 5842 3128 5891 curant.
