5450 6386
639 0 4608 58 m

2023 352 2124 409 90?

2021 548 2133 593 tum
2161 557 2172 592 :
2206 554 2328 591 nam
2361 547 2513 595 sexto
2544 538 2661 593 loco
2687 539 2971 595 declarans
3009 550 3407 597 sacramentum
3439 540 3594 595 Dedi-

2022 610 2245 663 cationis
2283 608 2558 673 Ecclesite,
2619 612 2798 665 subdit
2847 612 2958 666 luet:
3011 615 3171 665 verba
3205 631 3216 664 :
3261 632 3280 663 ε
3318 612 3441 666 Post
3482 613 3595 665 haec

2021 679 2161 762 omni
2197 679 2638 762 vestimentorum
2665 681 2831 762 gloria
2861 682 3166 762 cumulatus
3199 683 3499 751 ingreditur
3531 684 3597 762 ad

2023 749 2222 822 altare,
2261 751 2583 822 sacriﬁcium
2633 749 2904 822 singulare
2946 749 3349 818 celebraturus,
3395 763 3448 805 et
3517 755 3597 807 sic

2021 820 2466 880 sanctiﬁcationis
2501 821 2660 892 tinem
2703 820 3076 892 impositurus.
3114 842 3132 875 ι
3181 823 3319 876 Ecce
3360 825 3458 877 sub
3494 822 3598 878 hoc

2021 900 2360 943 sacramento
2386 891 2762 962 complectitur
2783 891 3223 962 augustissimum
3250 895 3598 949 eucharistia

2020 962 2351 1031 mysterium.
2392 960 2454 1013 Et
2502 976 2570 1016 ne
2619 960 2896 1018 videretur
2934 979 3242 1031 supremum
3288 980 3597 1018 sacramen-

2021 1030 2369 1104 tum,_ob_ite_r,
2397 1032 2615 1104 etquasi
2640 1031 2781 1104 aliud
2809 1049 2974 1104 agens
2994 1030 3255 1103 attigisse,
3282 1034 3589 1103 subjuugit:

2027 1099 2206 1173 iouis
2234 1099 2391 1173 hujus
2419 1099 2903 1173 abyssicaligine'm
2925 1099 3192 1158 sermo'nis
3213 1099 3455 1158 claritate
3475 1099 3597 1172 pos-

2019 1170 2088 1224 sit
2131 1170 2886 1242 illuminareI'AttigisSEmus
2915 1183 3096 1228 tamen
3143 1170 3598 1242 quantulumcun-

2019 1254 2140 1311 que.
2165 1242 2276 1324 nisi
2301 1241 2505 1324 nostris
2532 1241 2862 1324 temporibus
2889 1241 3242 1324 quidam,_qu_i
3275 1244 3594 1324 Caritateiisi

2020 1312 2269 1382 praesidet
2301 1311 2569 1382 Ecclesiae,
2607 1311 2954 1368 vivacissimo
2989 1311 3186 1368 mentis
3214 1317 3336 1381 igne
3367 1315 3594 1369 lucidius

2018 1381 2195 1464 omnia
2217 1381 2676 1464 .declarasset._Ad
2703 1383 2849 1437 illum
2878 1385 3044 1464 igitur
3069 1385 3441 1464 plenissimum
3469 1385 3591 1464 fon-

2018 1460 2149 1524 tem.
2186 1450 2793 1524 sitientemtmittimus,
2840 1450 2927 1508 ubi
2970 1450 3342 1524 plenissimam
3386 1456 3596 1508 hauriat

2015 1521 2316 1575 veritatem.
2367 1541 2384 1574 ι
2436 1520 2596 1575 Hisce
2635 1533 2814 1578 autem
2853 1520 3032 1579 verbis
3074 1527 3328 1579 lectorem
3383 1529 3596 1577 videtur

2015 1592 2291 1665 remittere
2333 1592 2399 1665 ad
2442 1592 2732 1665 epistolam
2769 1593 3008 1665 Fulberti
3045 1596 3391 1649 Carnotensis
3430 1596 3596 1665 378

2015 1662 2596 1736 episcopi.__Ade_odato
2631 1664 2907 1736 scriptam.
2946 1664 3060 1720 Non
3089 1681 3216 1736 ergo
3250 1662 3596 1719 omisit—san:

2016 1741 2132 1786 ctus
2175 1730 2465 1786 cardinalis
2500 1734 2721 1787 omnino
2743 1730 2856 1789 hoc
2887 1737 3125 1789 divinum
3153 1730 3588 1799 sacramentum,

2014 1803 2106 1874 sed
2152 1801 2411 1874 quidquid
2442 1801 2730 1874 Fulbertus
2754 1804 2820 1858 de
2865 1804 2953 1857 illo
2980 1805 3230 1874 scripsit,
3281 1821 3374 1859 sua
3426 1808 3588 1860 inter-

2012 1871 2182 1926 fuisse
2225 1871 2456 1926 videtur.
2498 1873 2669 1934 Adde.

2012 1942 2437 1997 numerationem
2465 1942 2809 1998 eucharis’tize
2833 1944 2971 1998 inter
2997 1944 3081 1998 illa
3104 1942 3385 1999 duodecim
3410 1963 3590 1999 sacra-

2015 2022 2216 2084 menta,
2246 2012 2368 2084 quia
2402 2021 2612 2084 tantum
2642 2015 2836 2084 agebat
2874 2016 2940 2067 de
2969 2017 3343 2079 sacramentis,
3388 2033 3481 2069 seu
3516 2017 3591 2068 vi-

2013 2081 2254 2136 sibilibus
2299 2083 2486 2152 signis,
2519 2098 2639 2152 quae
2682 2081 2759 2138 ’θα
2800 2089 3199 2140 venerationem
3245 2097 3298 2140 et
3331 2088 3590 2140 honorem

2014 2152 2171 2219 hujus
2198 2152 2637 2207 excellentissimi
2685 2158 3008 2210 sacramenti
3054 2159 3408 2218 ordinantur,
3441 2168 3494 2210 et
3539 2159 3590 2209 in

2016 2223 2352 2295 dedicatione
2389 2223 2645 2278 Ecclesia:
2681 2224 2997 2295 ﬁgurantur.
3030 2227 3214 2295 Itaque
3260 2229 3590 2280 eucharistia

2017 2308 2120 2348 non
2167 2292 2339 2347 solum
2373 2292 2801 2359 sacramentum,
2835 2296 2926 2349 sed
2968 2292 3142 2351 etiam
3164 2299 3404 2352 continet
3447 2298 3497 2350 in
3536 2313 3592 2350 se

2015 2365 2174 2417 ﬁnem
2219 2373 2677 2418 sacramentorum
2713 2367 2993 2432 omnium;
3035 2383 3133 2421 nec
3173 2377 3258 2421 est
3297 2369 3468 2420 solum
3521 2369 3593 2421 si-

2013 2448 2195 2502 gnum,
2224 2435 2318 2506 sed
2342 2434 2505 2486 etiam
2532 2449 2638 2496 res,
2666 2437 2732 2490 ad
2769 2451 2932 2504 quam
2965 2452 3118 2491 sacra
3157 2438 3310 2506 signa
3351 2437 3592 2491 referun-

2016 2513 2130 2568 tur;
2172 2513 2228 2557 et
2268 2503 2386 2558 ideo
2422 2519 2525 2558 non
2560 2503 2878 2559 numeratur
2916 2507 3057 2560 inter
3077 2503 3436 2568 sacramenta,
3474 2522 3592 2575 qua

2013 2583 2135 2627 sunt
2183 2581 2386 2646 tantum
2431 2575 2767 2646 cmremopia:
2817 2575 2899 2631 vel
2948 2577 3096 2646 signa
3133 2593 3310 2631 sacra.
3358 2576 3505 2630 Unde
3536 2579 3589 2632 in

2015 2659 2177 2698 serm.
2211 2645 2244 2696 ι
2297 2642 2372 2696 De
2410 2645 2589 2703 eadem
2637 2643 2884 2700 Ecclesia
2933 2642 3294 2708 Dedication,
3327 2650 3405 2702 ait
3451 2649 3589 2700 idem

2015 2724 2202 2768 auctor
2231 2731 2243 2766 :
2287 2732 2303 2762 ι
2337 2713 2440 2768 Per
2468 2715 2566 2768 hoc
2587 2756 2601 2778 ,
2641 2717 2782 2782 quod
2814 2717 2866 2769 in
2898 2719 3072 2771 sacris
3112 2718 3374 2771 altaribus
3409 2718 3589 2770 Domi-

2015 2786 2136 2855 nico
2165 2785 2379 2853 corpori
2411 2794 2720 2840 sanctorum
2744 2786 2983 2855 reliquie
3007 2787 3353 2855 copulantur.
3382 2789 3591 2840 unitum

2011 2854 2356 2924 IleJemptori
2404 2870 2504 2909 suo
2536 2864 2736 2910 sancta
2764 2854 3020 2911 Ecclesiae
3046 2854 3243 2925 cOrpcs
3267 2859 3590 2918 ostenditur,

2009 2935 2059 2995 et
2091 2927 2243 2995 quasi
2272 2935 2502 2993 sponsus
2531 2940 2652 2995 cum
2696 2940 2891 2995 sponsa
2923 2928 2975 2980 in
3023 2937 3213 2980 sancto
3250 2928 3436 2984 altaris
3468 2928 3588 2980 tha-

2011 2994 2150 3048 lanio
2177 2995 2490 3050 collocatur.
2533 3013 2551 3046 ι
2603 2994 2787 3063 Itaque
2818 2997 2869 3050 in
2917 2997 3167 3066 presenti
3219 3012 3470 3051 sermone
3500 2998 3590 3051 illa

2011 3076 2217 3120 tantum
2261 3075 2601 3138 sacramenta
2647 3075 2928 3138 numerat,
2958 3067 3153 3138 quibus
3193 3082 3393 3138 sponsa
3426 3082 3592 3120 orna-

2012 3148 2098 3190 tur
2125 3155 2136 3188 :
2177 3147 2230 3189 ct
2262 3135 2378 3190 idco
2411 3135 2606 3190 merito
2631 3136 2806 3207 potuit
2831 3135 3088 3191 inter’illa
3118 3135 3376 3207 sponsum
3411 3138 3588 3206 ipsum

2553 352 2610 410 S.
2652 353 2854 411 PETRI
2893 354 3175 412 DAIIIANI
3210 356 3362 414 OPP.
3405 354 3585 412 PARS
3623 353 3757 413 SEU
3795 352 4032 414 TOIUS
4067 357 4131 414 II.
4165 387 4234 400 —
4272 357 4664 419 sentiam.

2021 483 2125 522 non
2181 467 2401 537 ompin
2445 470 2852 542 prastemlsisse
2897 471 3242 526 eucharistiai
3285 485 3595 542 sacramen-
3624 485 3671 542 Α
3702 479 3863 542 atque
3891 467 4025 523 adeo

2715 1875 2954 1943 potuisse
2983 1876 3144 1928 etiam
3178 1878 3591 1944 praetermittere
3625 1878 3668 1936 Β

5187 364 5292 425 ωδ

4368 486 4558 552 omnes
4596 470 4901 528 clericalem
4931 481 5133 558 statum
5163 490 5290 547 pro-

4058 551 4165 594 ποτε
4205 542 4386 594 endit:
4419 543 4614 594 deinde
4639 544 5028 594 monachorum
5058 561 5112 594 in
5139 561 5288 594 mm.

3701 537 4386 615 ﬁtentescomprehendit;
4419 543 4614 615 deinde
4639 544 5028 615 monachorum
5057 545 5112 600 in
5139 537 5288 601 60m—

3703 612 3846 663 nmni
3893 610 4208 675 viventium,
4254 621 4308 665 et
4353 613 4705 667 ercmitarum
4763 610 5059 669 solitariam
5117 618 5286 671 vita

3700 682 3996 757 agentium,
4024 691 4078 735 et
4105 678 4415 757 tuoniaﬂtun
4445 681 4943 757 religiosanrctiant
4967 687 5130 740 vitam
5161 703 5286 757 pro-

3702 750 3990 812 ﬁtentium,
4024 765 4186 820 quam
4225 750 4621 824 professionem
4673 755 4975 824 religiosam
5010 750 5177 810 inter'
5205 773 5288 811 sa-

3702 831 3974 876 cramenta
4010 837 4130 890 qua:
4157 833 4358 877 ornant
4381 823 4678 878 Ecclesiam
4711 823 4815 879 non
4870 827 5142 880 immerito
5194 845 5291 879 uu-

3703 893 3949 966 tneravit.
3985 892 4162 962 Atque
4206 893 4278 966 ita
4311 895 4608 966 probabilis
4634 897 4774 966 ratio
4804 896 4966 966 hujus
4993 910 5284 950 enumera-

3703 962 3865 1016 tionis
3893 972 4128 1028 constat,
4157 965 4398 1029 satisque
4423 963 4482 1017 ﬁt
4521 962 4991 1029 dubitationi,'cur
5020 967 5125 1019 alia
5138 968 5290 1021 .omi-

3699 1035 3879 1105 serit;
3919 1041 4010 1085 aut
4055 1035 4198 1105 enim
4253 1034 4320 1088 ad
4355 1035 4470 1089 haec
4513 1034 4670 1090 facile
4703 1038 4885 1091 reduci
4916 1046 5165 1105 possunt,
5201 1048 5290 1091 aut

3699 1102 3766 1224 :d
3795 1105 4105 1226 priedictam
4133 1104 4389 1160 Ecclesia:
4422 1108 4802 1161 auctoritatem
4829 1102 4931 1177 per
4959 1124 5017 1162 se
5053 1124 5162 1164 non
5211 1123 5294 1163 re-

3722 1187 3853 1225 crun
3884 1188 3964 1226 ur.

3722 1187 3964 1226 Cl'llﬂllll'.

4265 1282 4497 1341 SERSIO
4538 1282 4699 1339 LXX.

4053 1393 4113 1430 II.
4157 1391 4206 1428 IN
4246 1390 4603 1430 οεοιςλτιοκι
4643 1388 4924 1430 ιαιιιιι.

3776 1485 3792 1517 ι
3829 1466 4049 1520 Immola
4083 1468 4192 1521 Deo
4219 1467 4551 1521 sacriﬁcium
4595 1465 4791 1532 laudis,
4818 1475 4874 1522 et
4901 1465 5071 1522 redde
5123 1466 5291 1523 Altis-

3699 1562 3838 1615 simo
3869 1571 3990 1613 vota
4049 1571 4136 1613 tua
4170 1559 4345 1631 (Psal.
4377 1561 4604 1630 ms):-
4642 1559 4768 1614 ‘I'ria
4809 1569 4935 1614 sunt
4967 1559 5292 1630 principalia

3695 1663 3749 1707 et
3774 1654 4008 1722 perfecta
4040 1653 4330 1718 sacriﬁcia,
4357 1668 4476 1722 qua
4503 1652 4729 1708 reddere
4760 1664 5007 1708 tenemur
5031 1651 5284 1708 Domino.

3698 1745 4043 1800 Sacriﬁcium
4073 1746 4173 1814 pia:
4206 1745 4586 1811 contritionis,
4616 1745 4942 1802 sacriﬁcium
4963 1746 5133 1815 just:
5160 1762 5291 1817 ope-

3706 1843 3953 1905 rationis,
4003 1840 4330 1896 sacriﬁcium
4368 1842 4543 1897 laudis
4585 1843 4666 1908 vel
4690 1842 5048 1911 jubtlationis.
5082 1844 5290 1901 ﬂorum

3696 1933 3800 1986 duo
3824 1933 3876 1985 iu
3903 1933 4156 2000 praesenti
4181 1941 4306 1986 sunt
4332 1933 4663 1998 necessaria,
4691 1934 4910 1989 tertium
4935 1933 5024 1990 hic
5044 1935 5289 2001 inchoat,

3695 2038 3748 2081 et
3781 2029 3836 2081 iu
3903 2027 4084 2081 futuro
4140 2027 4630 2082 consummabitur.
4690 2027 4767 2084 De
4821 2029 5000 2099 primo
5050 2029 5286 2085 dicitur:

3703 2137 3718 2169 ε
3749 2120 4088 2174 Sacriﬁcium
4115 2119 4466 2189 Deospiritus
4491 2120 4888 2176 contribulatus
4919 2119 5098 2191 (Pssl.
5155 2125 5230 2194 ι).
5267 2142 5284 2174 ι

3697 2212 3773 2267 De
3845 2214 4138 2267 secundo:
4223 2231 4240 2263 s
4290 2211 4610 2268 Sacriﬁcate
4676 2212 5001 2269 sacriﬁcium
5063 2215 5293 2284 justiti!

3699 2304 3874 2375 (Psal.
3915 2309 4022 2372 tv);
4060 2327 4076 2358 ι
4115 2316 4169 2360 et
4197 2305 4321 2359 alibi
4353 2324 4363 2357 :
4397 2323 4412 2355 ι
4439 2305 4591 2360 Tunc
4622 2306 4932 2376 acceptabis
4955 2307 5292 2362 sacriﬁcium

3693 2397 3922 2465 justitia:
3972 2393 4145 2462 (Psal.
4178 2396 4252 2464 ι).
4301 2414 4318 2446 s
4365 2395 4440 2449 De
4491 2397 4651 2450 tertio
4690 2414 4702 2450 :
4749 2414 4767 2447 ι
4815 2395 5015 2452 Beatus
5057 2397 5293 2467 populna

3695 2489 3786 2557 qui
3818 2489 3921 2540 scit
3944 2486 4323 2554 jubilationem
4354 2484 4526 2555 (Psal.
4555 2487 4841 2557 Lxxxvttt).
4875 2506 4895 2539 ι
4926 2486 5060 2541 Item
5095 2505 5108 2539 :
5152 2507 5170 2539 ι
5201 2487 5291 2541 Sa-

3695 2578 3961 2634 criﬁcium
4015 2578 4190 2632 laudis
4253 2579 4636 2633 honoriﬁcabit
4691 2595 4777 2635 me
4835 2577 5007 2649 (Pssl.
5053 2582 5233 2651 ma).
5265 2601 5284 2634 ι

3695 2671 3939 2725 Primum
3988 2671 4312 2726 sacriﬁcium
4340 2671 4518 2742 placat
4562 2671 4749 2735 Deum,
4807 2672 5102 2726 secundum
5146 2673 5290 2729 dele-

3698 2772 3832 2826 ctat,
3878 2764 4093 2816 tertium
4123 2761 4372 2817 honorat.
4406 2761 4523 2818 Non
4551 2774 4708 2818 curat
4742 2762 4884 2817 Deus
4912 2764 4977 2818 de
5005 2763 5092 2818 his
5118 2764 5291 2819 sacri-

3699 2854 3858 2920 ﬁciis,
3938 2856 4038 2909 nisi
4094 2855 4384 2909 medullata
4436 2855 4547 2910 sint
4584 2867 4639 2909 et
4689 2855 4958 2926 saginata.
5015 2854 5170 2911 Unde
5215 2857 5292 2910 ait

3696 2947 4185 3016 psalmographus:
4222 2966 4240 2998 ι
4277 2947 4429 3003 Sicut
4459 2948 4618 3018 adipe
4648 2957 4705 3003 et
4733 2947 5058 3020 pinguedine
5086 2947 5290 3018 replea-

3697 3045 3787 3091 tur
3815 3039 3995 3092 anima
4030 3053 4148 3091 mea
4176 3035 4349 3108 (Pul.
4387 3039 4545 3107 uti).
4579 3058 4598 3090 ι

3767 3127 3825 3180 In
3886 3127 4001 3200 lege
4048 3129 4226 3183 omnis
4254 3130 4423 3200 adeps
4466 3127 4650 3184 oﬁ'erri
4680 3128 4922 3198 jubetur,
4955 3139 5013 3184 et
5035 3129 5290 3184 holocau-

2009 3205 3589 3294 {'9t',_,"93'1¢r??£v_9939's?!etiami'eranam'ti-
3619 3231 3666 3294 c
3697 3232 3844 3277 ιιυιιι
3881 3224 4079 3294 pingue
4128 3223 4394 3277 laudatur-
4433 3222 4744 3279 Caroenim
4799 3239 5018 3287 mm.
5069 3233 5126 3278 ει
5175 3224 5290 3279 sine

2008 3292 2153 3357 suum
2179 3276 2632 3357 complementum
2656 3277 2820 3332 totius
2839 3276 3067 3357 ornatus
3087 3276 3330 3357 ejusdem
3352 3292 3584 3357 sponsag.

2010 3345 2166 3414 Unde
2212 3345 2363 3418 etin
2433 3347 2623 3401 eodem
2679 3362 2931 3418 sermone
2977 3347 3011 3402 ι
3064 3345 3267 3418 optime
3316 3345 3592 3403 concludit

2008 3418 2186 3488 omnia
2212 3416 2308 3488 illa
2340 3425 2682 3471 sacramenta
2710 3416 2900 3472 referri
2937 3419 3009 3488 ad
3042 3416 3307 3488 honorem
3344 3421 3591 3488 corporis

2009 3487 2244 3552 Domini,
2281 3497 2336 3542 et
2374 3490 2690 3558 memoriam
2729 3488 2919 3543 mortis
2964 3486 3118 3556 ejus:
3178 3506 3196 3539 s
3230 3486 3460 3558 Dignum
3506 3501 3591 3543 est

2007 3571 2156 3630 ergo,
2191 3558 2384 3630 inquit,
2415 3566 2472 3630 ut
2501 3557 2553 3611 in
2583 3557 2764 3630 altari,
2802 3573 2965 3628 super
2991 3559 3135 3630 quod
3156 3557 3364 3630 corpus
3405 3559 3590 3615 Domi-

2010 3626 2188 3684 niéum
2209 3626 2406 3699 iugiter
2429 3628 2757 3692 immolatur,
2784 3626 2932 3684 mors
2954 3626 3070 3698 ejus
3093 3626 3379 3699 etiam‘per
3403 3643 3589 3683 rerum

2011 3698 2365 3768 invisibilium
2398 3701 2686 3766 enigmata
2722 3701 3018 3754 nuntietur.
3060 3719 3078 3750 ι
3134 3698 3189 3753 Si
3241 3698 3363 3768 quis
3405 3709 3588 3754 autem

2010 3777 2158 3825 recte
2185 3767 2490 3824 consideret
2515 3769 2686 3823 sancti
2706 3769 3005 3831 .cardinalis
3033 3769 3192 3824 verba
3227 3767 3316 3823 illa
3348 3787 3358 3821 :
3399 3787 3415 3820 ι
3455 3770 3589 3824 Duo-

2010 3840 2184 3896 decim
2234 3848 2572 3908 sacramenta
2612 3849 2736 3894 sunt
2785 3841 2838 3894 in
2889 3839 3152 3904 Ecclesia,
3182 3841 3324 3894 circa
3357 3851 3588 3908 quorum

2009 3907 2647 3982 Instantiamdreﬁectitur
2672 3909 3002 3982 Christianae
3041 3911 3315 3982 religionis
3353 3907 3590 3982 auctori-

2009 3990 2115 4046 tas,
2145 3999 2164 4033 ι
2206 3978 2465 4051 intelliget
2511 3980 2686 4050 ipsum
2723 3980 2894 4035 solum
2925 3978 3166 4034 voluisse
3184 3995 3471 4033 numerare
3500 3980 3590 4033 illa

2008 4059 2370 4117 sacramenta,
2423 4051 2472 4104 id
2525 4060 2627 4113 est,
2676 4053 3058 4115 caeremonias,
3092 4061 3185 4104 aut
3214 4051 3591 4105 observantiae

2007 4121 2437 4184 ecclesiasticas,
2482 4121 2678 4184 quibus
2707 4121 2959 4176 Ecclesia:
2997 4121 3234 4175 membra
3267 4120 3351 4173 vel
3391 4122 3591 4174 consti-

2008 4200 2258 4255 tuuntur,
2288 4191 2370 4245 vel
2396 4191 2751 4259 perﬁciuntur
2776 4201 2826 4246 et
2854 4202 3120 4248 ornantur
3141 4232 3154 4254 ,
3187 4201 3279 4244 aut
3321 4192 3589 4244 mundan-

2009 4272 2117 4328 tur,
2143 4262 2224 4317 vel
2252 4263 2304 4316 in
2329 4262 2570 4317 diversos
2593 4262 2792 4332 gradus
2810 4273 2863 4316 et
2907 4262 3128 4317 ordines
3163 4262 3587 4331 distinguuntur.

2010 4333 2134 4404 [iac
2149 4347 2276 4404 ergo
2304 4333 2513 4404 ratione
2534 4330 2683 4404 ponit
2700 4330 3053 4402 Baptismum,
3079 4330 3588 4404 tauquampriniam

2009 4401 2267 4458 Ecclesia:
2316 4401 2728 4471 professionem,
2777 4401 2832 4456 et
2879 4404 3032 4471 quasi
3074 4403 3215 4455 riam
3268 4418 3382 4471 per
3428 4417 3590 4469 quam

2007 4472 2268 4529 Ecclesia
2312 4469 2556 4528 membra
2599 4469 3020 4526 constituuntur.
3053 4472 3150 4526 Cui
3193 4469 3434 4540 adjuugit
3464 4486 3595 4524 con-

2007 4543 2395 4607 ﬁrmationem,
2429 4553 2684 4614 tanquam
2711 4541 3094 4611 perfectionem
3128 4542 3266 4610 ejus,
3292 4550 3589 4614 etsacram

3696 3312 4049 3384 pinguedine,
4096 3329 4274 3384 neque
4301 3313 4518 3382 quando
4546 3313 4849 3368 comeditur
4879 3321 5100 3383 prestat
5132 3327 5291 3384 sapo-

3696 3421 3833 3468 rem.
3896 3419 4072 3474 neque
4126 3405 4345 3474 quando
4388 3413 4601 3460 assatur
4635 3405 4813 3460 reddit
4867 3406 5111 3461 odorem.
5163 3405 5290 3461 Haec

3697 3507 3878 3550 autem
3909 3497 4181 3564 pinguedo
4210 3512 4315 3549 non
4340 3496 4607 3566 corporis,
4635 3497 4728 3551 sed
4751 3497 5004 3566 spiritus;
5037 3511 5144 3551 non
5170 3513 5292 3553 ear-

3697 3588 3804 3650 nis,
3858 3587 3953 3641 sed
4003 3588 4201 3640 mentis
4249 3586 4472 3656 intelligi
4525 3587 4705 3641 debet.
4763 3586 5038 3658 Pinguedo
5095 3590 5294 3642 anima:

3694 3678 3927 3732 virtutes
3957 3684 4102 3730 sunt.
4138 3675 4231 3730 Hae
4256 3679 4498 3732 suaviter
4525 3678 4802 3742 redolent,
4829 3677 4910 3733 ha
4957 3679 5009 3732 in
5059 3677 5155 3732 Dei
5210 3693 5292 3732 sa-

3695 3766 3906 3822 criﬁcio
3953 3764 4182 3818 Domino
4212 3765 4446 3834 placent,
4477 3774 4531 3820 et
4574 3765 4692 3820 sine
4738 3767 4821 3821 his
4853 3765 5055 3821 nullum
5084 3767 5292 3822 sacriﬁ-

3695 3861 3840 3913 cium
3870 3866 3954 3913 est
3982 3856 4336 3926 acceptabile.
4386 3857 4497 3913 Hoc
4538 3858 4696 3928 adipe
4735 3860 4963 3930 pingues
5014 3871 5177 3915 erant
5217 3862 5288 3916 illi

3697 3950 3766 4002 de
3797 3949 3994 4018 quibus
4043 3949 4244 4002 dicitur
4271 3967 4282 4000 :
4315 3967 4331 3999 ι
4361 3949 4820 4004 Hauducaverunt
4844 3962 4898 4005 et
4925 3954 5292 4007 adoraverunt

3697 4053 3888 4093 omnes
3935 4039 4164 4108 pingues
4211 4046 4368 4091 teme
4413 4036 4586 4105 (Psal.
4643 4038 4779 4107 xxi).
4819 4055 4837 4090 ι
4891 4038 5131 4109 Itemque
5185 4051 5294 4096 tres

3695 4133 3848 4202 pueri
3881 4131 3933 4185 in
3961 4130 4220 4204 Daniele:
4281 4148 4300 4181 ι
4339 4129 4490 4185 Sient
4519 4132 4570 4184 in
4603 4131 4918 4187 holocausta
4946 4132 5206 4198 arietum,
5239 4145 5292 4188 et

3698 4237 4004 4287 taurorum,
4035 4236 4088 4279 et
4141 4225 4283 4279 sicut
4317 4224 4370 4278 in
4423 4224 4662 4280 millibus
4692 4240 4954 4294 agnorum
4984 4227 5289 4297 pinguium.

3697 4317 3778 4371 sic
3816 4315 3910 4370 ﬁat
3959 4315 4288 4370 sacriﬁcium
4334 4325 4577 4370 nostrum
4625 4313 4791 4383 (Dan.
4827 4315 4931 4380 tn).
4973 4335 4992 4368 ι
5037 4315 5110 4372 Ut
5161 4335 5291 4390 ergo

3697 4407 3947 4476 placeant
3977 4407 4092 4460 haec
4133 4405 4401 4461 sacriﬁcia
4438 4414 4626 4460 nostra
4671 4406 4801 4472 Deo,
4832 4407 5050 4479 pinguia
5077 4409 5213 4476 sint,
5239 4423 5292 4462 et

3699 4496 3987 4552 tnedullata

2007 4588 3479 4682 ,vta'tiqvuani‘tnediciuas
3504 4614 3590 4666 his
3618 4590 3671 4651 D
3771 4588 4112 4645 δθετίθείυω
4137 4605 4159 4660 ΙἿ

3135 4588 3590 4666 ῖᾷἦέάῖξιίῖιζξῖίίξ
3618 4590 3671 4651 D
3771 4588 4112 4645 Sacriﬁcium
4137 4592 4238 4660 piae
4260 4592 4606 4646 contritionis
4629 4591 4798 4662 exigit
4825 4591 5083 4662 butyrum
5111 4594 5287 4650 humi-

2009 4684 2269 4740 membris
2291 4684 2623 4739 necessarias
2645 4684 2725 4753 (ad
2752 4686 3039 4739 sanitatem
3070 4683 3264 4736 animm
3299 4692 3354 4737 et
3393 4697 3588 4753 corpo-

2009 4755 2111 4816 ris.
2154 4755 2199 4808 si
2248 4753 2517 4824 expediat.
2555 4752 2812 4822 Adjungit
2841 4755 3033 4824 deinde
3063 4754 3170 4806 duo
3221 4752 3586 4818 sacramenta,

2009 4824 2218 4879 ordinis
2243 4834 2298 4879 et
2320 4823 2696 4888 matrimonii,
2719 4825 2916 4892 quibus
2940 4823 3046 4877 duo
3070 4824 3288 4878 ordines
3316 4826 3587 4880 membro-

2007 4911 2132 4951 rum
2153 4894 2404 4950 Ecclesiae
2427 4893 2655 4964 (scilicet
2707 4894 3197 4948 ecclesiasticorum
3224 4905 3277 4948 et
3303 4893 3584 4962 laicorum)

2005 4963 2442 5037 distinguuntur.
2477 4963 2624 5018 Iu'ter
2670 4964 2839 5020 Iaicos
2883 4974 3062 5037 autem
3092 4981 3187 5019 rex
3219 4975 3460 5037 tantum,
3493 4977 3584 5022 aut

2007 5035 2305 5105 imperator
2351 5036 2566 5090 videtur
2626 5037 2695 5089 ad
2750 5036 3038 5105 specialem
3100 5035 3479 5089 auctoritatem
3533 5045 3589 5092 et

2004 5105 2375 5164 defensionem
2424 5105 2678 5161 Ecclesia:
2721 5107 3013 5176 pertinere,
3063 5116 3118 5158 et
3145 5106 3264 5176 ideo
3317 5107 3455 5176 inter
3497 5106 3584 5160 illa

2008 5188 2352 5234 sacramenta
2385 5177 2539 5245 ponit
2581 5171 2740 5247 regis'
2770 5179 3100 5231 unctionem.
3152 5171 3296 5233 inter
3327 5175 3587 5236 ecclesia-

2007 5249 2178 5304 sticas
2208 5261 2337 5304 vero
2380 5261 2639 5317 personas
2679 5257 2786 5302 tres
2812 5247 3007 5317 gradus
3053 5247 3307 5315 distingui
3337 5257 3585 5316 possunt,

2009 5320 2218 5374 scilicet
2232 5319 2566 5388 pontiﬁcum,
2587 5316 2930 5388 clericorum,
2951 5329 3006 5372 et
3020 5317 3410 5388 religiosorum.
3427 5318 3590 5372 Addit

2011 5405 2141 5460 ergo
2185 5387 2582 5444 sacramentum
2626 5387 2776 5454 illud,
2824 5402 2930 5458 quo
2954 5387 3238 5460 pontifices
3266 5403 3590 5460 consecran-

2011 5456 2119 5526 tur,
2164 5462 2264 5516 sub
2291 5476 2396 5531 quo
2437 5469 2605 5515 totum
2637 5456 2856 5515 sacrum
2898 5456 3140 5531 ordinem
3173 5471 3243 5531 et,
3265 5456 3586 5516 clericon

2015 5529 2354 5587 communem
2385 5541 2586 5587 statum
2615 5529 3046 5598 comprehendit.
3078 5529 3281 5584 Deinde
3308 5543 3435 5584 vero
3463 5531 3589 5586 τρη-

2013 5604 2284 5671 giosorum
2315 5612 2517 5658 statum
2566 5617 2631 5655 ac
2671 5600 3084 5671 professionem,
3119 5610 3178 5654 ut
3209 5602 3440 5655 maxime
3468 5618 3591 5672 per-

2016 5673 2270 5728 tinentem
2303 5673 2369 5728 ad
2400 5672 2656 5728 Ecclesiae
2683 5673 3061 5727 auctoritatem
3093 5688 3156 5726 ac
3201 5672 3587 5740 perfectionem

2011 5754 2309 5806 enumerat,
2341 5753 2398 5798 et
2424 5745 2477 5796 in
2515 5753 2746 5813 quatuor
2775 5744 2994 5813 ordines
3019 5743 3302 5813 distinguit
3331 5761 3341 5794 :
3380 5744 3588 5799 scilicet

2014 5814 2417 5880 canonicorum,
2450 5812 2543 5885 per
2569 5828 2703 5884 quos
2741 5812 2906 5884 379
2953 5812 3223 5884 regulares
3274 5817 3564 5873 canonicos

3697 4682 3885 4746 litatis,
3917 4696 4038 4751 qua:
4087 4683 4139 4736 in
4193 4682 4368 4737 tribus
4395 4683 4682 4747 consistit;
4731 4683 4972 4747 scilicet,
5019 4693 5082 4738 ut
5109 4687 5292 4741 consi-

3697 4774 3851 4828 derat
3883 4773 4045 4828 bomo
4101 4787 4262 4842 quam
4313 4771 4690 4844 imperfectum
4737 4773 4810 4830 sit
4835 4773 5204 4844 quod’habet,
5238 4787 5290 4833 et

3696 4865 3799 4921 hoc
3829 4877 4080 4933 respectu
4131 4865 4513 4932 superiorum;
4566 4865 4706 4920 unde
4732 4864 4899 4920 illud:
4955 4883 4976 4916 ι
5007 4864 5081 4922 Ut
5117 4871 5289 4927 sciam

3694 4958 3824 5028 quid
3853 4958 3995 5013 desit
4027 4957 4157 5010 mihi
4189 4953 4362 5025 (Pssl.
4396 4956 4650 5028 xxxvm).
4682 4976 4701 5008 ι
4735 4955 4960 5024 Deinde,
5002 4968 5064 5012 ut
5109 4961 5288 5015 consi-

3692 5053 3846 5106 deret
3901 5052 4027 5120 quia
4080 5050 4154 5103 nil
4200 5049 4362 5105 habet
4413 5049 4732 5120 proprium;
4764 5051 4907 5107 unde
4945 5051 5281 5123 Apostolus:

3698 5163 3715 5196 I
3762 5144 3897 5210 Quid
3950 5143 4116 5197 babes
4169 5143 4312 5213 quod
4365 5159 4482 5214 non.
4537 5141 4840 5214 accepisti?
4874 5139 4972 5214 s(l
5011 5139 5138 5197 Cor.
5187 5145 5284 5213 tv.)

3692 5236 4014 5292 Consideret
4045 5236 4232 5302 etiam,
4259 5235 4402 5304 quod
4441 5236 4516 5289 nit
4555 5234 4716 5289 habet
4744 5234 4800 5289 in
4833 5233 4935 5289 hac
4987 5234 5100 5289 vita
5143 5237 5288 5312 quod

3695 5330 3920 5400 perdere
3977 5344 4080 5383 non
4131 5329 4323 5398 possit,
4353 5327 4508 5396 juxta
4560 5326 4731 5384 illud:
4768 5347 4786 5380 ι
4825 5326 5096 5383 Μοωαιιο
5143 5329 5287 5387 unde

3695 5422 3984 5486 excideris,
4009 5421 4256 5491 etprima
4278 5435 4442 5490 Opera
4469 5419 4554 5475 fac
4576 5419 4759 5490 (Apoc.
4786 5421 4870 5491 tt).
4894 5439 4912 5472 ι
4938 5418 5283 5479 Sacriﬁcium

3689 5513 3849 5583 justa:
3878 5513 4215 5584 operationis
4244 5517 4413 5585 exigit
4439 5515 4616 5570 oleum
4661 5516 5026 5572 discretionis.
5056 5515 5283 5572 Sacriﬁ-

3693 5607 3835 5661 cium
3867 5608 4041 5662 Iaudis
4068 5608 4302 5676 requirit
4335 5607 4633 5663 balsamum
4666 5606 4993 5664 devotionis.

3767 5700 3977 5755 Ilabent
4018 5711 4198 5754 autem
4238 5703 4355 5756 hac
4403 5698 4667 5779 sacriﬁcia
4702 5701 4944 5770 opposita
5003 5699 5106 5756 sibi
5155 5701 5274 5756 vitia

3695 5795 3851 5865 quasi
3881 5810 3946 5851 ex
3978 5794 4149 5855 latere
4175 5795 4466 5850 venientia.
4510 5793 4789 5853 Sacriﬁcio
4814 5795 5164 5855 contritionis
5191 5811 5276 5870 op-
