5450 6370
919 335 1028 397 9'05
1038 337 1059 401 ’δ

2381 332 2613 394 SERMO
2647 330 2834 390 LXXI.

4113 332 4218 389 906

922 457 1141 531 ponitur
1183 453 1520 512 absinthium
1570 453 1994 527 indignationis;
2035 451 2202 526 380
2246 455 2513 511 sacriﬁcio
2542 463 2589 520 Λ
2622 463 2757 506 tum.
2793 446 3052 501 Vovinms
3082 443 3313 499 Domino
3352 442 3746 499 continentiam
3774 483 3787 508 ,
3821 443 4210 513 obedientiam,

921 549 1077 618 iusta:
1123 546 1490 616 operationis,
1546 557 1760 601 acetum
1815 545 2187 611 confusionis;
2241 546 2512 602 sacriﬁcio

925 640 1119 703 laudis,
1146 652 1413 692 venenum
1443 637 1792 700 adulationis,
1815 635 1929 692 sive
1962 634 2336 692 detractionis.
2376 635 2514 692 Oﬁ‘e-

924 744 1110 787 ramus
1127 729 1694 803 igiturﬁilectissimi,
1716 729 1942 784 Domino
1965 730 2107 798 piam
2126 729 2512 786 contritioncm

927 825 978 878 in
1027 823 1390 878 amaritudine
1443 823 1722 882 interiori,
1754 830 1808 875 et
1840 821 2159 890 pmnitentia
2209 821 2509 886 exteriori;

925 924 988 970 ut
1035 933 1054 967 ι
1087 914 1288 977 sobrie,
1342 913 1488 983 jttste
1536 929 1599 968 ac
1644 913 1733 982 pie
1772 913 2018 966 vivamus
2054 913 2106 966 in
2160 913 2262 968 hoc
2314 913 2513 968 smculo

925 1005 1054 1074 (Tit.
1079 1009 1162 1076 tt).
1195 1025 1216 1058 ι
1272 1003 1466 1060 Sobrie
1510 1004 1688 1069 nobis,
1732 1003 1883 1072 juste
1924 1003 2210 1073 proximo,
2257 1005 2342 1074 pie
2381 1003 2515 1060 Deo.

925 1095 1120 1155 Sobrie
1165 1097 1222 1152 in
1262 1096 1490 1159 duobus,
1536 1094 1591 1150 in
1632 1095 1876 1161 cavenda
1925 1094 2218 1163 voluptate,
2269 1104 2322 1148 et
2369 1094 2518 1149 curis

925 1193 1089 1265 hujus
1117 1194 1274 1258 vitzc;
1302 1191 1450 1262 juste
1493 1191 1548 1246 in
1597 1192 1828 1255 duobus,
1863 1199 1922 1246 ut
1964 1191 2165 1246 nemini
2199 1203 2514 1254 noceanms,

926 1296 981 1343 et
1012 1286 1220 1342 cunctis
1250 1283 1508 1354 prodesse
1561 1283 1877 1337 studeamus
1898 1323 1912 1346 ,
1939 1281 2095 1352 juxta
2141 1280 2308 1335 illud:
2368 1298 2385 1329 ι
2418 1280 2518 1334 De-

926 1379 1065 1436 clina
1085 1393 1116 1432 a
1145 1375 1308 1440 malo,
1340 1385 1395 1430 et
1416 1375 1502 1431 fac
1531 1375 1730 1430 bonum
1750 1373 1924 1446 (Psal.
1955 1374 2098 1442 LVI);
2133 1393 2152 1426 ι
2185 1371 2274 1444 pie
2302 1373 2354 1424 in
2383 1371 2517 1424 duo-

925 1471 1045 1537 bus,
1075 1479 1137 1524 ut
1161 1468 1371 1525 scilicet
1404 1468 1458 1522 in
1505 1467 1758 1537 ιιι-περιιιί
1793 1467 1942 1520 vivat
1979 1464 2164 1534 justus
2193 1481 2260 1518 ex
2307 1463 2430 1526 ﬁde,
2461 1469 2518 1516 et

925 1561 979 1616 in
1027 1561 1210 1616 futuro
1251 1567 1512 1614 aeternam
1563 1565 1845 1628 exspectet
1894 1555 2310 1611 beatitudinem.
2364 1552 2518 1610 Unde

920 1653 1252 1725 Apostolus:
1312 1669 1332 1704 ι
1371 1651 1452 1706 Ex
1504 1659 1663 1721 parte
1709 1648 2114 1720 c0gnoseimus,
2167 1658 2222 1701 et
2269 1662 2336 1701 ex
2368 1654 2518 1716 parte

919 1743 1332 1814 prophetamus,
1379 1755 1502 1795 cmn
1559 1749 1741 1796 autem
1787 1739 2002 1795 venerit
2041 1740 2186 1808 quod
2214 1737 2515 1808 perfectum

2617 539 3001 602 humilitatem,
3036 535 3360 606 patientiam
3383 578 3397 602 ,
3425 536 3766 590 stncularium
3797 553 4011 593 morum
4042 547 4220 593 muta-

2617 633 2843 688 tionem.
2897 628 3165 683 Praedicta
3202 627 3306 682 tria
3355 636 3624 682 voverunt
3673 627 3983 697 specialiter
4017 633 4217 697 sancti,

2615 733 2670 779 et
2697 720 3068 777 reddiderunt.
3119 719 3321 774 Audite
3369 719 3502 789 quid
3549 720 3770 786 dixerit,
3818 729 3874 776 et
3916 723 4043 791 quid
4069 722 4217 780 fece-

2616 816 2690 870 rit
2735 813 3028 884 Aposwlus
3068 831 3080 864 :
3135 830 3153 864 ι
3192 810 3308 865 Νοιι
3339 827 3491 876 sum,
3537 812 3732 882 inquit,
3788 813 3984 884 dignus
4032 818 4219 873 vocari

2615 907 2777 978 381
2823 902 3143 975 Apostolus,
3189 904 3316 971 quia
3369 916 3694 973 persecutus
3739 920 3859 959 sum
3910 906 4221 965 Ecclesiam

2619 1003 2713 1057 Dei
2738 1002 2798 1073 (l
2832 1001 2954 1056 Cor.
2977 1001 3100 1073 xv).
3131 1021 3151 1053 ›
3187 1001 3329 1054 Ecce
3355 1001 3443 1070 pia
3471 1001 3727 1055 contritio
3750 1001 3817 1056 de
3841 1003 4222 1061 recordatione

2617 1093 2848 1162 peccati.
2877 1092 3042 1147 Item:
3084 1111 3102 1144 ι
3140 1091 3372 1156 Bonum,
3424 1091 3624 1162 inquit,
3673 1103 3954 1148 certamen
3985 1098 4222 1164 certavi.

2619 1198 2839 1238 cursum
2870 1183 3270 1246 consummavi,
3299 1180 3461 1236 ﬁdem
3498 1183 3708 1238 servavi
3735 1200 3750 1248 ;
3790 1185 3856 1240 de
3892 1185 4104 1255 reliquo
4134 1202 4226 1242 re-

2619 1276 2795 1345 posita
2821 1283 2907 1330 est
2930 1275 3062 1328 mihi
3114 1289 3320 1328 corona
3347 1274 3595 1344 justitiw,
3647 1291 3811 1345 quam
3863 1277 4050 1333 reddet
4089 1279 4225 1334 mihi

2624 1366 2884 1422 Dominus
2915 1369 2968 1422 in
3006 1367 3093 1421 illa
3136 1367 3223 1422 die
3262 1368 3445 1438 justus
3492 1369 3657 1439 judex
3712 1369 3805 1439 (11
3866 1369 4001 1425 Tim.
4049 1374 4162 1444 IV).
4201 1393 4220 1424 ι

2620 1459 2764 1514 Ecce
2789 1460 2937 1530 justa
2962 1459 3212 1528 operatio
3240 1461 3306 1516 de
3330 1460 3526 1516 ﬁducia
3558 1463 3694 1532 spei.
3723 1463 3892 1518 Item:
3930 1482 3949 1516 ι
3987 1464 4225 1522 Βειιοιιίο

2620 1558 2741 1604 etus
2770 1550 2933 1612 Deus,
2967 1559 3022 1603 et
3044 1548 3432 1604 PaterDomini
3457 1552 3628 1606 nostri
3655 1551 3783 1607 Jesu
3804 1553 4032 1620 Christi,
4060 1555 4227 1610 Pater

2622 1642 3144 1706 miscricordiarum,
3177 1651 3234 1698 ct
3272 1643 3414 1698 Deus
3461 1643 3626 1698 totius
3656 1645 4075 1710 consolationis,
4127 1649 4222 1718 qui

2624 1734 2938 1789 consolatur
2962 1749 3061 1790 nos
3093 1735 3144 1789 in
3176 1736 3326 1790 omni
3357 1735 3706 1790 tribulatione
3730 1747 3921 1792 'r~stra
3950 1738 4043 1808 (ll
4093 1736 4222 1810 Cor.

921 1843 1028 1902 est,
1073 1833 1427 1890 evacuabitur
1457 1832 1602 1901 quod
1649 1846 1715 1886 ex
1762 1838 1918 1900 parte
1939 1838 2026 1884 est
2066 1827 2118 1898 (1
2152 1826 2276 1882 Cor.
2311 1827 2454 1896 sui).
2489 1845 2508 1878 ι
2546 1815 2594 1876 Β
2623 1830 2695 1897 t).
2739 1846 2757 1878 ι
2794 1827 2933 1882 Ecce
2981 1827 3100 1882 Inus
3127 1827 3195 1881 de
3247 1827 3530 1882 beneﬁciis
3577 1827 3670 1882 Det
3749 1830 3906 1883 Vovit
3949 1828 4121 1885 David
4167 1839 4226 1885 et

920 1924 1230 1983 Oﬂeramus
1274 1925 1494 1996 dignam
1539 1924 1754 1979 laudem
1788 1923 1843 1976 in
1891 1920 2236 1977 confessione
2281 1919 2416 1984 oris,
2461 1928 2518 1974 et

923 2020 1209 2078 devotione
1236 2017 1437 2074 cordis.
1470 2017 1566 2072 Pia
1597 2017 1798 2086 quippe
1827 2014 2012 2070 cordis
2039 2013 2294 2069 contritio
2333 2012 2515 2067 nasci-

921 2119 1016 2166 tur
1039 2125 1105 2166 ex
1153 2108 1534 2164 recordatione
1577 2116 1952 2180 peccatorum,
1997 2114 2054 2160 et
2101 2106 2296 2159 timore
2349 2101 2517 2157 futuri

915 2197 1143 2270 iudicii;
1166 2199 1316 2270 justa
1353 2200 1624 2269 operatio,
1653 2213 1719 2253 ex
1748 2211 1934 2251 amore
1963 2195 2203 2257 virtutis,
2234 2202 2290 2248 et
2321 2192 2518 2247 ﬁducia

921 2294 1062 2364 spei,
1093 2299 1212 2349 laus
1242 2302 1299 2349 et
1320 2289 1578 2361 jubilatio
1607 2306 1676 2346 ex
1707 2286 1905 2345 aﬂ'ectu
1941 2286 2229 2344 charitatis
2253 2295 2308 2342 et
2335 2300 2519 2340 recor-

921 2384 1142 2444 datione
1171 2385 1561 2442 beneﬁciorum
1591 2383 1709 2439 Dei.

994 2475 1136 2532 Sunt
1181 2484 1364 2531 autem
1416 2484 1529 2530 tres
1576 2473 1986 2529 recordationes
2034 2469 2283 2544 peccati,
2340 2468 2518 2539 prima

920 2565 1165 2624 alliciens
1183 2575 1240 2622 et
1260 2566 1558 2630 delectans,
1582 2579 1702 2634 qua:
1725 2565 1866 2618 mala
1882 2574 1997 2628 est;
2027 2561 2266 2618 secunda
2287 2573 2518 2630 exaspe-

920 2675 1053 2717 rans
1078 2669 1134 2715 et
1162 2660 1470 2730 pungitans,
1521 2673 1642 2728 quae
1696 2657 1846 2714 utilis
1891 2663 2010 2720 est;
2047 2653 2208 2710 tertia
2251 2652 2514 2724 gloriosa,

919 2765 1046 2822 qua
1089 2749 1457 2821 perfectorum
1509 2758 1614 2805 est.
1664 2748 1918 2802 Aﬁiciens
1959 2757 2072 2809 est.
2125 2760 2230 2814 qua
2287 2741 2523 2798 afﬁcitur

874 2824 1088 2901 ςιιοιιῖο
1133 2842 1442 2911 recogitans
1486 2841 1554 2896 ad
1610 2839 1746 2897 ollas
1799 2840 2047 2898 carnium
2119 2837 2519 2909 Egyptiorum,

920 2949 1088 3005 quam
1125 2935 1382 2992 deliciosc
1418 2943 1474 2990 et
1517 2934 1759 2990 suaviter
1786 2934 1986 2988 vixerit
2034 2931 2234 3003 (Exod.
2268 2930 2412 3001 xvi);
2469 2937 2524 2984 et

921 3039 1090 3095 quam
1118 3024 1347 3079 arduum
1377 3024 1451 3078 sit
1477 3031 1603 3089 Iter,
1652 3023 1796 3094 quod
1832 3037 2188 3092 aggressurus
2213 3030 2318 3076 est.
2351 3019 2523 3074 Reco-

920 3112 1116 3182 gitatio
1143 3114 1436 3184 pungitans
1478 3123 1581 3176 est,
1623 3114 1768 3182 quod
1796 3111 2170 3167 reminiscitur
2200 3126 2362 3181 quam
2407 3125 2525 3164 sor-

920 3168 1050 3259 dide
1090 3168 1160 3258 et.
1189 3168 1456 3274 flagitiose
1481 3203 1702 3268 vixerit,
1732 3218 1840 3258 non
1882 3210 1942 3256 ut
1986 3201 2054 3256 ad
2087 3202 2268 3272 priora
2313 3200 2518 3265 redeat,
2551 3168 2596 3229 Ο

921 3297 1021 3352 sed
1073 3305 1132 3351 ut
1161 3297 1321 3367 digne
1369 3295 1580 3361 deﬂeat,
1611 3305 1668 3351 et
1701 3311 1885 3351 coram
1910 3309 1970 3350 se
2000 3310 2064 3348 ea
2097 3302 2336 3358 statuat,
2383 3292 2525 3346 unde

920 3386 1130 3442 David:
1192 3406 1210 3438 ι
1244 3387 1533 3442 Peccatum
1583 3402 1764 3444 meum
1821 3401 2004 3441 coram
2050 3401 2138 3439 me
2179 3394 2265 3439 est
2311 3398 2526 3452 semper

919 3473 1099 3546 (l'sal.
1130 3474 1204 3547 ι).
1236 3495 1256 3528 ι
1289 3475 1475 3530 Tertia
1505 3476 1847 3540 recordatio,
1881 3490 2003 3544 qua:
2031 3473 2229 3528 dicitur
2261 3472 2521 3542 gloriosa,

917 3576 1009 3623 cst
1036 3567 1254 3638 quando
1277 3567 1441 3622 homo
1463 3568 1798 3621 remeditans
1821 3568 1944 3634 quis
1974 3564 2161 3630 fuerit,
2192 3573 2247 3618 et
2277 3579 2382 3634 qua
2408 3578 2526 3631 gra-

922 3659 1000 3714 tia
1045 3658 1112 3713 de
1157 3657 1275 3713 lac’u
1324 3658 1560 3713 miseria:
1603 3666 1658 3712 et
1703 3657 1769 3712 de
1798 3657 1912 3711 luto
1940 3657 2087 3710 ﬁecis
2129 3657 2392 3711 liberatus
2428 3656 2521 3718 sit,

919 3747 1130 3820 gratias
1156 3747 1288 3818 agit,
1313 3747 1542 3802 dicens:
1579 3765 1597 3797 ι
1637 3745 1754 3800 Νοιι
1787 3747 1967 3811 nobis,
2009 3747 2255 3809 Domine,
2288 3760 2393 3799 non
2422 3760 2524 3797 no-

918 3837 1030 3907 bis,
1075 3839 1170 3895 sed
1202 3839 1411 3894 nomini
1455 3847 1548 3892 tuo
1579 3838 1646 3892 da
1693 3837 1922 3908 gloriam
1969 3835 2144 3907 (Psal.
2173 3837 2352 3904 cxm).
2390 3855 2408 3886 ι
2458 3834 2524 3888 Et

919 3929 1047 3984 cum
1076 3929 1334 3984 Israc!itis
1360 3929 1428 3984 de
1474 3928 1737 4000 Egyptia
1766 3929 2030 3984 servitute
2060 3929 2350 3990 liberatus,
2401 3942 2524 3998 gra-

921 4019 1220 4077 tuiabuude
1261 4021 1536 4085 decantat,
1584 4023 1817 4076 dicens:
1871 4041 1887 4072 ι
1918 4021 2216 4076 Cantemus
2269 4020 2519 4082 Domino,

921 4108 1160 4182 gloriose
1187 4111 1332 4166 enim
1364 4111 1759 4167 Itanoriﬁcatus
1781 4121 1888 4175 est,
1916 4127 2117 4181 equum
2169 4121 2226 4166 ct
2269 4126 2520 4167 ascenso-

920 4213 1040 4256 rem
1071 4199 1266 4267 dejecit
1296 4201 1350 4254 in
1382 4216 1534 4256 mare
1563 4201 1762 4271 (Exod.
1795 4201 1920 4272 xv);
1949 4220 1965 4252 ›
1999 4211 2053 4255 ct
2075 4216 2198 4255 cmn
2226 4199 2517 4254 Zacltaria:

927 4307 950 4343 α
985 4287 1312 4346 Benedictus
1344 4291 1603 4346 Dominus
1637 4293 1781 4346 Deus
1814 4293 1995 4352 Israel.
2025 4293 2151 4362 quia
2175 4292 2440 4354 visitavit,
2468 4300 2521 4345 ct

923 4379 1052 4437 fecit
1079 4383 1504 4453 redemptionem
1536 4385 1708 4453 plebis
1731 4400 1843 4440 sua:
1869 4383 2022 4453 (an.
2053 4386 2114 4455 ι).
2153 4403 2172 4435 ι
2210 4383 2338 4440 llaec
2371 4393 2518 4448 sunt,

921 4485 1046 4541 qum
1080 4472 1188 4526 Deo
1218 4471 1417 4528 offerre
1447 4474 1728 4530 debemus.

996 4563 1269 4619 Tenentur
1318 4565 1486 4619 etiam
1537 4567 1587 4620 ei
1635 4567 1890 4629 reddere,
1937 4583 2060 4638 qua:
2110 4565 2341 4633 fecimus
2371 4574 2520 4631 vota,

913 4654 1072 4727 juxta
1101 4658 1387 4728 Propheta:
1417 4659 1839 4714 admirationem
1869 4677 1882 4712 :
1923 4680 1941 4711 ‹
1982 4659 2193 4724 Venite,
2227 4669 2282 4713 et
2313 4657 2522 4713 reddite

921 4745 1156 4803 Domino
1187 4748 1297 4802 Deo
1328 4757 1526 4804 vestro.
1563 4769 1580 4802 ι
1639 4749 1742 4818 Qui
1789 4767 1894 4804 non
1944 4753 2120 4806 reddit
2169 4753 2310 4820 quod
2339 4759 2518 4814 vovet,

922 4837 1078 4908 quasi
1135 4838 1303 4894 Deum
1352 4851 1630 4908 provocat,
1681 4850 1736 4895 et
1779 4841 1989 4895 irridet.
2043 4841 2394 4895 Reddendum
2435 4849 2520 4896 est

919 4939 1110 4983 vatum
1140 4929 1448 5000 integrum,
1480 4940 1536 4985 et
1560 4931 1900 5001 perfectum,
1931 4933 2056 5000 quia
2096 4931 2255 4986 aliter
2283 4946 2388 4986 non
2431 4945 2517 4986 sa-

923 5016 1203 5075 tisfaceret
1248 5018 1380 5087 Deo,
1431 5022 1523 5091 qui
1576 5031 1758 5076 votum
1804 5034 2050 5078 nostrum
2099 5029 2355 5091 tanquam
2397 5037 2519 5092 pro-

919 5110 1100 5180 prium
1130 5110 1300 5181 exigit
1325 5111 1588 5167 debitum.
1614 5111 1766 5168 Unde
1794 5122 1850 5167 et
1887 5115 1939 5168 in
1975 5114 2090 5183 lege
2123 5116 2344 5178 dicitur,
2377 5115 2519 5184 quod

920 5200 1136 5267 bovem,
1161 5211 1218 5277 et
1243 5217 1424 5272 ovem,
1450 5218 1581 5258 aure
1608 5214 1662 5258 et
1682 5206 1854 5259 cauda
1874 5207 2189 5274 amputatis,
2216 5206 2518 5260 voluntarie

831 5355 846 5372 ὁ
918 5289 1119 5348 offerre
1171 5307 1463 5363 possumus
1507 5295 1694 5363 (Leuit.
1760 5313 1896 5362 χχιι,
1940 5298 2054 5367 9.5).
2094 5299 2287 5352 Votum
2335 5308 2513 5352 autem

919 5382 1062 5437 exis
1101 5383 1237 5438 solvi
1281 5401 1389 5440 non
1430 5393 1630 5455 potest,
1684 5389 1881 5458 quibus
1919 5389 2122 5457 aliquid
2167 5389 2516 5458 perfectionis

920 5472 1094 5527 deest.

992 5557 1278 5629 Rccogitet
1321 5562 1485 5631 igitur
1518 5565 1892 5635 unusquisque
1951 5576 2195 5620 nostrmn
2244 5567 2371 5634 quid
2416 5567 2515 5620 Do-

919 5649 1072 5704 mino
1100 5653 1328 5716 voverit,
1363 5663 1416 5705 et
1446 5661 1658 5723 satagat
1703 5656 1833 5711 illud
1864 5659 2108 5711 reddere.
2153 5658 2515 5712 Abreuuntia-

918 5743 1098 5797 vimus
1127 5743 1342 5808 saeuit»,
1373 5747 1624 5800 monachi
1678 5763 1872 5802 nomen
1927 5751 2264 5817 suscepimus
2288 5758 2338 5804 et
2368 5750 2513 5806 habi-

1367 5838 1641 5901 ΡΑΤιιοι..
1696 5842 1969 5906 CXLIV.

2547 4524 2602 4580 Ι)

2624 1916 2859 1970 reddidit
2892 1935 2905 1969 :
2939 1936 2959 1968 ι
3007 1917 3164 1982 Vota,
3200 1918 3398 1986 inquit,
3449 1933 3568 1974 mea
3619 1919 3853 1974 Domino
3915 1920 4140 1976 reddam
4171 1923 4224 1977 in

2623 2019 2913 2078 conspectu
2961 2009 3140 2063 omnis
3184 2009 3364 2078 populi
3401 2008 3706 2081 cjus(Psal
3755 2011 3918 2081 cxv).
3956 2034 3974 2062 ι
4031 2011 4227 2066 Votum

2621 2101 2769 2155 vovit
2799 2099 2966 2156 Iacob
2991 2110 3047 2156 et
3071 2101 3334 2156 reddidit:
3372 2120 3390 2152 ι
3425 2101 3484 2156 Si
3515 2101 3698 2166 fuerit,
3731 2103 3929 2174 inquit,
3960 2103 4228 2159 Dominus

2621 2207 2834 2248 mecum
2862 2202 2918 2247 et
2938 2193 3260 2247 custodierit
3289 2208 3376 2248 tne
3405 2193 3460 2248 in
3512 2196 3622 2259 via,
3656 2209 3753 2265 per
3781 2209 3944 2264 quam
3983 2209 4085 2266 ego
4111 2211 4231 2250 am-

2621 2283 2770 2349 bulo,
2804 2293 2857 2340 et
2883 2286 3092 2341 dederit
3115 2285 3246 2340 mihi
3277 2301 3472 2356 panem
3495 2287 3562 2341 ad
3599 2288 3927 2342 vescendum
3957 2297 4016 2342 et
4058 2289 4229 2344 vesti-

2621 2385 2866 2429 mentum
2896 2375 2964 2430 ad
3001 2376 3356 2442 induendum,
3385 2392 3750 2446 reversusque
3778 2377 3934 2435 fuero
3963 2393 4226 2449 prospere

2623 2470 2692 2525 ad
2715 2470 2933 2524 domum
2966 2471 3137 2540 patris
3168 2471 3295 2535 mei,
3349 2471 3457 2526 erit
3486 2472 3617 2526 mihi
3649 2472 3910 2527 Dominus
3941 2473 3995 2527 in
4031 2473 4224 2536 Deum,

2623 2568 2678 2614 et
2699 2557 2836 2628 lapis
2859 2560 2984 2623 istc,
3005 2575 3167 2630 quem
3194 2559 3344 2615 erexi
3374 2561 3426 2614 in
3453 2561 3690 2624 titulum,
3715 2561 4004 2617 vocabitur
4029 2560 4231 2616 Domus

2625 2647 2745 2717 Dei,
2784 2661 3218 2722 cunctorumque
3239 2665 3362 2721 quae
3389 2651 3610 2707 dederis
3636 2652 3772 2706 mihi
3809 2651 4054 2707 decimas
4088 2650 4228 2706 oﬁ'e-

2625 2755 2744 2796 ram
2771 2742 2866 2796 tibi
2902 2741 3069 2814 (Gen.
3118 2744 3349 2814 xsvnt).
3393 2741 3634 2814 iJephte
3671 2743 3988 2800 Galaadites
4044 2752 4234 2800 votum

2623 2835 2792 2899 vovit,
2819 2845 2874 2890 et
2915 2837 3186 2892 reddidit:
3238 2855 3258 2888 ι
3300 2837 3550 2904 Domine,
3599 2838 3795 2908 inquit,
3849 2839 3892 2894 si
3944 2839 4234 2895 tradideris

2626 2925 2769 2979 ﬁlios
2817 2925 3051 2980 Ammon
3102 2927 3155 2980 in
3210 2942 3404 2982 manus
3447 2941 3620 2992 meas,
3661 2927 3972 2997 quicunque
4023 2928 4234 2998 prinms

2627 3031 2882 3086 egressus
2911 3016 3073 3070 fuerit
3094 3016 3162 3070 de
3196 3015 3406 3072 foribus
3460 3017 3655 3072 domus
3695 3033 3827 3072 mea:
3858 3017 4103 3075 mihiaue
4139 3033 4234 3072 oc-

2629 3109 2866 3162 currerit
2887 3109 3176 3163 revertenti
3201 3124 3322 3163 cum
3353 3123 3486 3178 pace
3508 3125 3538 3162 a
3574 3109 3700 3162 ﬁliis
3726 3108 3981 3175 Ammon,
4014 3123 4138 3165 eum
4175 3111 4228 3162 in

2630 3199 3006 3254 Itoiocaustum
3053 3198 3275 3257 oﬁ'eram
3305 3200 3554 3255 Domino.
3602 3199 3990 3270 Transivitque
4037 3199 4233 3272 Iephte

2631 3293 2694 3346 ad
2727 3292 2870 3347 ﬁlios
2896 3292 3154 3356 Ammon,
3195 3301 3252 3346 ut
3279 3305 3550 3364 pugnaret
3580 3304 3774 3348 contra
3804 3307 3898 3350 eos
3925 3309 4064 3363 quos
4121 3304 4231 3350 tra-

2628 3381 2766 3436 didit
2817 3381 3079 3437 Dominus
3112 3383 3164 3436 in
3203 3399 3396 3437 manus
3441 3383 3580 3450 ejus.
3613 3382 3929 3438 Revertenti
3963 3393 4146 3440 autem
4176 3385 4228 3440 it.

2628 3470 3092 3540 Masphadonnun
3134 3490 3314 3537 suam,
3366 3476 3609 3528 occurrit
3659 3474 3938 3543 uniqenita
3983 3475 4091 3530 ﬁlia
4133 3491 4234 3533 sua

2629 3580 2752 3619 cum
2805 3567 3076 3635 tympanis
3108 3576 3160 3620 et
3213 3565 3426 3630 choris;
3485 3581 3590 3621 non
3643 3565 3792 3621 enim
3837 3566 4075 3622 habebat
4097 3566 4238 3623 alios

2628 3654 2846 3709 liberos.
2881 3656 2997 3720 Qua
3026 3657 3164 3720 visa,
3191 3657 3352 3710 scidit
3381 3657 3706 3712 vestimenta
3737 3673 3834 3712 sua
3866 3667 3922 3712 et
3951 3659 4029 3712 ait
4065 3673 4080 3712 :
4115 3658 4232 3712 Heu

2628 3747 2752 3799 me!
2799 3745 2905 3799 ﬁlia
2939 3761 3069 3810 mea,
3136 3748 3393 3817 occepisti
3444 3763 3553 3813 me,
3602 3757 3656 3802 et
3708 3748 3826 3817 ipsa
3863 3747 4091 3820 decepta
4149 3765 4231 3800 es.

2626 3837 2825 3906 Aperui
2852 3841 2996 3891 enim
3019 3853 3082 3892 os
3114 3853 3294 3893 meum
3328 3839 3396 3893 ad
3441 3839 3763 3902 Dominum,
3784 3847 3842 3895 et
3867 3837 4016 3894 aliud
4048 3839 4235 3896 facere

2627 3945 2731 3982 non
2756 3938 2964 3998 potero.
2984 3928 3048 3983 Et
3063 3929 3195 3985 fecit
3219 3931 3286 3985 de
3300 3947 3386 3994 ea,
3405 3931 3550 3986 sicut
3572 3940 3800 3987 voverat
3823 3931 4040 4003 (Judic.
4072 3949 4127 3987 ιιι
4146 3933 4184 4004 ).
4213 3953 4230 3985 ι

2626 4016 2806 4086 Ipsum
2863 4020 3203 4090 unigenitum
3261 4020 3355 4074 Dei
3387 4020 3582 4076 Filium
3608 4023 3834 4092 jurasse
3856 4021 4004 4078 Patri
4043 4039 4108 4078 ac
4141 4040 4230 4079 vo-

2624 4112 2767 4166 visse
2797 4112 3020 4176 scimus,
3056 4123 3351 4169 attestante
3382 4114 3693 4180 Psalmista,
3745 4117 3839 4187 qui
3872 4118 3951 4171 ait
3985 4137 3998 4173 :
4030 4135 4051 4171 ι
4079 4116 4239 4173 Sicut

2619 4200 2824 4272 jnravit
2890 4204 3141 4270 Domino,
3201 4214 3386 4260 votqu
3437 4208 3585 4261 vovit
3652 4210 3763 4263 Deo
3809 4207 3976 4262 Jacob
4035 4205 4207 4279 (Psa’

2624 4300 2845 4366 cxxst);
2882 4317 2902 4350 ι
2931 4297 3137 4353 scilicet
3169 4308 3229 4353 ιιι
3270 4310 3674 4354 sacramentum
3704 4300 3982 4369 religionis
4012 4299 4066 4354 in
4104 4315 4236 4370 pas-

2627 4387 2777 4442 sione
2807 4403 2917 4442 sua:
2944 4389 3128 4443 carnis
3148 4404 3247 4460 pro
3271 4390 3446 4444 salute
3470 4391 3685 4460 generis
3710 4392 3931 4445 humani
3965 4393 4233 4463 expleret.

2627 4479 2916 4535 Faciamus
2946 4490 3003 4536 et
3035 4496 3134 4536 nos
3159 4482 3436 4547 similiter,
3466 4491 3523 4536 et
3551 4493 3674 4536 vota
3709 4498 3831 4552 qua:
3858 4483 4110 4539 vovimus
4150 4483 4234 4537 in-

2634 4583 2782 4643 tegre
2806 4573 3200 4641 persolvamus.
3235 4574 3388 4640 Quod
3430 4574 3545 4643 ipse
3571 4583 3833 4645 praestare
3856 4575 4113 4646 dignetur
4139 4576 4237 4644 qui

2631 4679 2754 4718 Cum
2780 4663 2942 4720 Patre
2964 4675 3018 4719 et
3042 4665 3248 4735 Spiritu
3283 4676 3475 4720 sancto
3503 4667 3636 4720 vivit
3657 4676 3713 4721 et
3743 4678 3935 4738 regnat
3964 4667 4106 4722 Dens
4136 4681 4234 4738 per

2628 4757 2810 4811 oninia
2847 4758 3043 4812 smcula
3073 4759 3417 4814 saeculorum.
3448 4759 3642 4815 Amen.

3190 4894 3427 4952 SERMO
3461 4896 3645 4952 LXXI.

2988 5021 3070 5059 III.
3111 5021 3162 5060 IN
3201 5023 3558 5064 DEDICATIONE
3596 5025 3890 5066 εοειεδιιῑ.

2703 5136 2720 5166 ι
2757 5116 2903 5170 Fecit
2932 5116 3075 5172 Deus
3104 5117 3212 5172 duo
3241 5135 3436 5190 magna
3462 5120 3777 5186 luminaria,
3808 5123 4080 5182 luminare
4113 5143 4229 5182 ma-

2616 5206 2730 5275 jus,
2757 5221 2813 5262 ut
2834 5219 3095 5279 przeesset
3130 5212 3256 5274 diei.
3283 5222 3338 5266 et
3367 5213 3636 5270 luminare
3660 5215 3860 5281 minus,
3886 5225 3947 5270 ut
3967 5227 4230 5289 prcesset

2625 5301 2767 5353 nocti
2796 5299 2963 5360 (Gen.
2993 5300 3064 5370 ι).
3107 5321 3125 5352 ι
3154 5301 3271 5356 Νοιι
3301 5303 3510 5368 omnia,
3536 5305 3734 5360 fratres
3749 5307 4082 5375 charissimi,
4107 5323 4230 5378 qua!

2627 5399 2750 5445 sunt
2781 5392 2830 5444 in
2862 5390 3094 5454 cithara,
3128 5402 3349 5457 sonant,
3381 5394 3476 5448 sed
3525 5396 3706 5450 omnia
3755 5397 3968 5467 juvant.
3997 5401 4090 5454 Sic
4119 5414 4226 5450 non

2624 5495 2804 5534 omnia
2832 5495 2951 5549 qua:
2983 5491 3108 5535 sunt
3138 5484 3189 5535 in
3222 5483 3402 5536 divina
3438 5483 3725 5555 Scriptura
3757 5488 4098 5557 spiritualem
4148 5495 4230 5540 in-

2625 5569 2977 5638 tclligentiam
3012 5583 3294 5640 generant,
3325 5574 3419 5627 sed
3446 5578 3628 5629 omnia
3669 5573 3881 5643 juvant.
3915 5577 4068 5634 Unde
4095 5577 4139 5630 si
4174 5577 4228 5630 in

2623 5661 2804 5728 aliquo
2833 5661 2968 5728 legis
3009 5662 3247 5730 capitqu
3284 5662 3368 5718 fas
3395 5675 3480 5719 est
3510 5681 3731 5723 sensum
3760 5668 3985 5737 spiritus
4041 5665 4226 5736 aliqua

2623 5751 2816 5806 rimula
2853 5752 3073 5820 intueri,
3101 5770 3206 5809 non
3241 5757 3294 5810 iu
3329 5755 3682 5826 inquisitione
3711 5761 4004 5815 dormitare
4058 5759 4226 5813 debe-

3704 5851 3784 5911 29
