  <div class='ocr_page' id='page_1' title='image "/cluster/home/n/w/nwhite01/storage/ocr_20150623/144-145/uc1.31175001639262/462.png"; bbox 0 0 5652 6380; ppageno 0'>
   <div class='ocr_carea' id='block_1_1' title="bbox 1002 388 1113 449">
    <p class='ocr_par' dir='ltr' id='par_1_1' title="bbox 1002 388 1113 449">
     <span class='ocr_line' id='line_1_1' title="bbox 1002 388 1113 449; baseline 0.027 -3"><span class='ocrx_word' id='word_1_1' title='bbox 1002 388 1113 449; x_wconf 67' lang='grc' dir='ltr'><strong>που</strong></span> 
     </span>
    </p>
   </div>
   <div class='ocr_carea' id='block_1_2' title="bbox 2435 379 2918 438">
    <p class='ocr_par' dir='ltr' id='par_1_2' title="bbox 2435 379 2918 438">
     <span class='ocr_line' id='line_1_2' title="bbox 2435 379 2918 438; baseline -0.004 0"><span class='ocrx_word' id='word_1_2' title='bbox 2435 379 2672 438; x_wconf 77' lang='grc' dir='ltr'><strong>εειιιιο</strong></span> <span class='ocrx_word' id='word_1_3' title='bbox 2709 380 2918 437; x_wconf 70' lang='lat' dir='ltr'><strong>LXXII.</strong></span> 
     </span>
    </p>
   </div>
   <div class='ocr_carea' id='block_1_3' title="bbox 4209 375 4320 435">
    <p class='ocr_par' dir='ltr' id='par_1_3' title="bbox 4209 375 4320 435">
     <span class='ocr_line' id='line_1_3' title="bbox 4209 375 4320 435; baseline 0 -1"><span class='ocrx_word' id='word_1_4' title='bbox 4209 375 4320 435; x_wconf 69' lang='grc'><strong>910</strong></span> 
     </span>
    </p>
   </div>
   <div class='ocr_carea' id='block_1_4' title="bbox 1006 489 4327 567">
    <p class='ocr_par' dir='ltr' id='par_1_4' title="bbox 1006 489 4327 567">
     <span class='ocr_line' id='line_1_4' title="bbox 1006 489 4327 567; baseline 0.002 -14"><span class='ocrx_word' id='word_1_5' title='bbox 1006 507 1096 553; x_wconf 84' lang='lat' dir='ltr'><strong>tus</strong></span> <span class='ocrx_word' id='word_1_6' title='bbox 1120 493 1426 567; x_wconf 69' lang='lat' dir='ltr'><strong>unguedine</strong></span> <span class='ocrx_word' id='word_1_7' title='bbox 1452 491 1748 549; x_wconf 86' lang='lat' dir='ltr'><strong>delibulam</strong></span> <span class='ocrx_word' id='word_1_8' title='bbox 1773 502 1829 548; x_wconf 94' lang='lat' dir='ltr'><strong>et</strong></span> <span class='ocrx_word' id='word_1_9' title='bbox 1858 491 2226 564; x_wconf 74' lang='lat' dir='ltr'><strong>apostolorum</strong></span> <span class='ocrx_word' id='word_1_10' title='bbox 2240 489 2509 548; x_wconf 73' lang='lat' dir='ltr'><strong>doctrinis</strong></span> <span class='ocrx_word' id='word_1_11' title='bbox 2529 490 2613 547; x_wconf 87' lang='lat' dir='ltr'><strong>di-</strong></span> <span class='ocrx_word' id='word_1_12' title='bbox 2638 499 2689 556; x_wconf 74' lang='grc' dir='ltr'><strong>Α</strong></span> <span class='ocrx_word' id='word_1_13' title='bbox 2717 491 2834 546; x_wconf 83' lang='lat' dir='ltr'><strong>sine</strong></span> <span class='ocrx_word' id='word_1_14' title='bbox 2866 501 3132 548; x_wconf 65' lang='lat' dir='ltr'><strong>caemento</strong></span> <span class='ocrx_word' id='word_1_15' title='bbox 3157 501 3474 549; x_wconf 89' lang='lat' dir='ltr'><strong>constructa</strong></span> <span class='ocrx_word' id='word_1_16' title='bbox 3526 491 3884 564; x_wconf 70' lang='lat' dir='ltr'><strong>pendanlibus</strong></span> <span class='ocrx_word' id='word_1_17' title='bbox 3912 491 4092 548; x_wconf 68' lang='grc' dir='ltr'><strong>νεηιίι</strong></span> <span class='ocrx_word' id='word_1_18' title='bbox 4121 492 4327 548; x_wconf 72' lang='grc' dir='ltr'><strong>θνοτιί·</strong></span> 
     </span>
    </p>
   </div>
   <div class='ocr_carea' id='block_1_5' title="bbox 1002 583 2604 655">
    <p class='ocr_par' dir='ltr' id='par_1_5' title="bbox 1002 583 2604 655">
     <span class='ocr_line' id='line_1_5' title="bbox 1002 583 2604 655; baseline -0.004 -11"><span class='ocrx_word' id='word_1_19' title='bbox 1002 587 1536 644; x_wconf 86' lang='lat' dir='ltr'><strong>vinitusillustratam</strong></span> <span class='ocrx_word' id='word_1_20' title='bbox 1562 585 1646 641; x_wconf 86' lang='lat' dir='ltr'><strong>liis</strong></span> <span class='ocrx_word' id='word_1_21' title='bbox 1666 583 2208 655; x_wconf 79' lang='lat' dir='ltr'><strong>signisinvisibilibus</strong></span> <span class='ocrx_word' id='word_1_22' title='bbox 2230 583 2604 639; x_wconf 87' lang='lat' dir='ltr'><strong>ostendamus.</strong></span> 
     </span>
    </p>
   </div>
   <div class='ocr_carea' id='block_1_6' title="bbox 1077 673 2606 744">
    <p class='ocr_par' dir='ltr' id='par_1_6' title="bbox 1077 673 2606 744">
     <span class='ocr_line' id='line_1_6' title="bbox 1077 673 2606 744; baseline -0.001 -13"><span class='ocrx_word' id='word_1_23' title='bbox 1077 677 1220 732; x_wconf 88' lang='lat' dir='ltr'><strong>Sunt</strong></span> <span class='ocrx_word' id='word_1_24' title='bbox 1270 677 1438 730; x_wconf 88' lang='lat' dir='ltr'><strong>etiam</strong></span> <span class='ocrx_word' id='word_1_25' title='bbox 1491 675 1596 730; x_wconf 88' lang='lat' dir='ltr'><strong>alia</strong></span> <span class='ocrx_word' id='word_1_26' title='bbox 1639 675 1921 741; x_wconf 89' lang='lat' dir='ltr'><strong>nonnulla,</strong></span> <span class='ocrx_word' id='word_1_27' title='bbox 1978 673 2179 729; x_wconf 79' lang='lat' dir='ltr'><strong>fratres</strong></span> <span class='ocrx_word' id='word_1_28' title='bbox 2223 673 2350 740; x_wconf 93' lang='lat' dir='ltr'><strong>mei,</strong></span> <span class='ocrx_word' id='word_1_29' title='bbox 2379 689 2502 744; x_wconf 75' lang='lat' dir='ltr'><strong>qua:</strong></span> <span class='ocrx_word' id='word_1_30' title='bbox 2552 675 2606 729; x_wconf 89' lang='lat' dir='ltr'><strong>in</strong></span> 
     </span>
    </p>
   </div>
   <div class='ocr_carea' id='block_1_7' title="bbox 1003 766 2604 836">
    <p class='ocr_par' dir='ltr' id='par_1_7' title="bbox 1003 766 2604 836">
     <span class='ocr_line' id='line_1_7' title="bbox 1003 766 2604 836; baseline -0.002 -11"><span class='ocrx_word' id='word_1_31' title='bbox 1003 767 1361 825; x_wconf 83' lang='lat' dir='ltr'><strong>ecclesiarum</strong></span> <span class='ocrx_word' id='word_1_32' title='bbox 1421 767 1923 823; x_wconf 79' lang='lat' dir='ltr'><strong>consecrationibus</strong></span> <span class='ocrx_word' id='word_1_33' title='bbox 1952 767 2086 821; x_wconf 86' lang='lat' dir='ltr'><strong>certi</strong></span> <span class='ocrx_word' id='word_1_34' title='bbox 2133 780 2299 820; x_wconf 88' lang='lat' dir='ltr'><strong>causa</strong></span> <span class='ocrx_word' id='word_1_35' title='bbox 2353 766 2604 836; x_wconf 85' lang='lat' dir='ltr'><strong>mysterii</strong></span> 
     </span>
    </p>
   </div>
   <div class='ocr_carea' id='block_1_8' title="bbox 1003 859 2605 930">
    <p class='ocr_par' dir='ltr' id='par_1_8' title="bbox 1003 859 2605 930">
     <span class='ocr_line' id='line_1_8' title="bbox 1003 859 2605 930; baseline 0 -16"><span class='ocrx_word' id='word_1_36' title='bbox 1003 859 1403 915; x_wconf 79' lang='lat' dir='ltr'><strong>rationabiliter</strong></span> <span class='ocrx_word' id='word_1_37' title='bbox 1421 861 1764 923; x_wconf 89' lang='lat' dir='ltr'><strong>adhibemus,</strong></span> <span class='ocrx_word' id='word_1_38' title='bbox 1781 860 1920 914; x_wconf 89' lang='lat' dir='ltr'><strong>sicut</strong></span> <span class='ocrx_word' id='word_1_39' title='bbox 1947 860 2262 927; x_wconf 88' lang='lat' dir='ltr'><strong>est&#39;vinum,</strong></span> <span class='ocrx_word' id='word_1_40' title='bbox 2289 860 2605 930; x_wconf 82' lang='lat' dir='ltr'><strong>hyssOpum,</strong></span> 
     </span>
    </p>
   </div>
   <div class='ocr_carea' id='block_1_9' title="bbox 1001 947 2608 1020">
    <p class='ocr_par' dir='ltr' id='par_1_9' title="bbox 1001 947 2608 1020">
     <span class='ocr_line' id='line_1_9' title="bbox 1001 947 2608 1020; baseline 0 -16"><span class='ocrx_word' id='word_1_41' title='bbox 1001 947 1101 1010; x_wconf 87' lang='lat' dir='ltr'><strong>sal,</strong></span> <span class='ocrx_word' id='word_1_42' title='bbox 1153 949 1388 1015; x_wconf 87' lang='lat' dir='ltr'><strong>cineres,</strong></span> <span class='ocrx_word' id='word_1_43' title='bbox 1421 951 1689 1020; x_wconf 86' lang='lat' dir='ltr'><strong>pulveres,</strong></span> <span class='ocrx_word' id='word_1_44' title='bbox 1749 948 1995 1020; x_wconf 81' lang='lat' dir='ltr'><strong>fragmen</strong></span> <span class='ocrx_word' id='word_1_45' title='bbox 2028 951 2182 1004; x_wconf 87' lang='lat' dir='ltr'><strong>rubei</strong></span> <span class='ocrx_word' id='word_1_46' title='bbox 2230 949 2444 1020; x_wconf 77' lang='lat' dir='ltr'><strong>lapidis.</strong></span> <span class='ocrx_word' id='word_1_47' title='bbox 2475 950 2608 1018; x_wconf 71' lang='lat' dir='ltr'><strong>Qua:</strong></span> 
     </span>
    </p>
   </div>
   <div class='ocr_carea' id='block_1_10' title="bbox 1000 1038 2605 1111">
    <p class='ocr_par' dir='ltr' id='par_1_10' title="bbox 1000 1038 2605 1111">
     <span class='ocr_line' id='line_1_10' title="bbox 1000 1038 2605 1111; baseline 0.004 -20"><span class='ocrx_word' id='word_1_48' title='bbox 1000 1038 1254 1096; x_wconf 81' lang='lat' dir='ltr'><strong>videlicet</strong></span> <span class='ocrx_word' id='word_1_49' title='bbox 1273 1041 1456 1094; x_wconf 80' lang='lat' dir='ltr'><strong>omnia</strong></span> <span class='ocrx_word' id='word_1_50' title='bbox 1489 1041 1694 1095; x_wconf 90' lang='lat' dir='ltr'><strong>ideirco</strong></span> <span class='ocrx_word' id='word_1_51' title='bbox 1717 1054 1814 1111; x_wconf 88' lang='lat' dir='ltr'><strong>per</strong></span> <span class='ocrx_word' id='word_1_52' title='bbox 1839 1041 2088 1095; x_wconf 82' lang='lat' dir='ltr'><strong>ordinem</strong></span> <span class='ocrx_word' id='word_1_53' title='bbox 2118 1041 2276 1095; x_wconf 81' lang='lat' dir='ltr'><strong>vobis</strong></span> <span class='ocrx_word' id='word_1_54' title='bbox 2306 1052 2605 1110; x_wconf 74' lang='lat' dir='ltr'><strong>exponere,</strong></span> 
     </span>
    </p>
   </div>
   <div class='ocr_carea' id='block_1_11' title="bbox 997 1129 2605 1203">
    <p class='ocr_par' dir='ltr' id='par_1_11' title="bbox 997 1129 2605 1203">
     <span class='ocr_line' id='line_1_11' title="bbox 997 1129 2605 1203; baseline 0.001 -19"><span class='ocrx_word' id='word_1_55' title='bbox 997 1143 1100 1184; x_wconf 87' lang='lat' dir='ltr'><strong>cur</strong></span> <span class='ocrx_word' id='word_1_56' title='bbox 1151 1129 1534 1190; x_wconf 79' lang='lat' dir='ltr'><strong>adhibeantur,</strong></span> <span class='ocrx_word' id='word_1_57' title='bbox 1580 1131 1906 1194; x_wconf 82' lang='lat' dir='ltr'><strong>omittimus,</strong></span> <span class='ocrx_word' id='word_1_58' title='bbox 1953 1129 2120 1203; x_wconf 60' lang='lat'><strong>385</strong></span> <span class='ocrx_word' id='word_1_59' title='bbox 2165 1146 2232 1185; x_wconf 92' lang='lat' dir='ltr'><strong>ne</strong></span> <span class='ocrx_word' id='word_1_60' title='bbox 2279 1131 2605 1187; x_wconf 83' lang='lat' dir='ltr'><strong>cbaritatem</strong></span> 
     </span>
    </p>
   </div>
   <div class='ocr_carea' id='block_1_12' title="bbox 999 1221 2607 1291">
    <p class='ocr_par' dir='ltr' id='par_1_12' title="bbox 999 1221 2607 1291">
     <span class='ocr_line' id='line_1_12' title="bbox 999 1221 2607 1291; baseline 0.004 -18"><span class='ocrx_word' id='word_1_61' title='bbox 999 1229 1236 1275; x_wconf 86' lang='lat' dir='ltr'><strong>vestram</strong></span> <span class='ocrx_word' id='word_1_62' title='bbox 1283 1221 1512 1291; x_wconf 80' lang='lat' dir='ltr'><strong>prolixis</strong></span> <span class='ocrx_word' id='word_1_63' title='bbox 1538 1222 1886 1278; x_wconf 84' lang='lat' dir='ltr'><strong>sermonibus</strong></span> <span class='ocrx_word' id='word_1_64' title='bbox 1912 1237 2225 1278; x_wconf 83' lang='lat' dir='ltr'><strong>oneremus.</strong></span> <span class='ocrx_word' id='word_1_65' title='bbox 2258 1222 2390 1288; x_wconf 77' lang='lat' dir='ltr'><strong>Qua:</strong></span> <span class='ocrx_word' id='word_1_66' title='bbox 2422 1233 2607 1280; x_wconf 86' lang='lat' dir='ltr'><strong>tamen</strong></span> 
     </span>
    </p>
   </div>
   <div class='ocr_carea' id='block_1_13' title="bbox 999 1308 2605 1382">
    <p class='ocr_par' dir='ltr' id='par_1_13' title="bbox 999 1308 2605 1382">
     <span class='ocr_line' id='line_1_13' title="bbox 999 1308 2605 1382; baseline 0.004 -18"><span class='ocrx_word' id='word_1_67' title='bbox 999 1308 1240 1365; x_wconf 74' lang='lat' dir='ltr'><strong>breviter</strong></span> <span class='ocrx_word' id='word_1_68' title='bbox 1287 1312 1703 1382; x_wconf 88' lang='lat' dir='ltr'><strong>perstringendo</strong></span> <span class='ocrx_word' id='word_1_69' title='bbox 1761 1314 2215 1378; x_wconf 81' lang='lat' dir='ltr'><strong>transcurrimus,</strong></span> <span class='ocrx_word' id='word_1_70' title='bbox 2272 1327 2334 1369; x_wconf 89' lang='lat' dir='ltr'><strong>ut</strong></span> <span class='ocrx_word' id='word_1_71' title='bbox 2386 1323 2605 1371; x_wconf 90' lang='lat' dir='ltr'><strong>tenuem</strong></span> 
     </span>
    </p>
   </div>
   <div class='ocr_carea' id='block_1_14' title="bbox 1001 1401 2600 1474">
    <p class='ocr_par' dir='ltr' id='par_1_14' title="bbox 1001 1401 2600 1474">
     <span class='ocr_line' id='line_1_14' title="bbox 1001 1401 2600 1474; baseline 0.003 -18"><span class='ocrx_word' id='word_1_72' title='bbox 1001 1401 1192 1458; x_wconf 87' lang='lat' dir='ltr'><strong>saltem</strong></span> <span class='ocrx_word' id='word_1_73' title='bbox 1256 1402 1480 1457; x_wconf 89' lang='lat' dir='ltr'><strong>uberius</strong></span> <span class='ocrx_word' id='word_1_74' title='bbox 1544 1402 1879 1473; x_wconf 75' lang='lat' dir='ltr'><strong>intelligendi</strong></span> <span class='ocrx_word' id='word_1_75' title='bbox 1944 1403 2146 1459; x_wconf 89' lang='lat' dir='ltr'><strong>lineam</strong></span> <span class='ocrx_word' id='word_1_76' title='bbox 2213 1405 2600 1474; x_wconf 87' lang='lat' dir='ltr'><strong>producamus.</strong></span> 
     </span>
    </p>
   </div>
   <div class='ocr_carea' id='block_1_15' title="bbox 999 1490 2605 1564">
    <p class='ocr_par' dir='ltr' id='par_1_15' title="bbox 999 1490 2605 1564">
     <span class='ocr_line' id='line_1_15' title="bbox 999 1490 2605 1564; baseline 0.002 -16"><span class='ocrx_word' id='word_1_77' title='bbox 999 1490 1173 1548; x_wconf 81' lang='lat' dir='ltr'><strong>Porro</strong></span> <span class='ocrx_word' id='word_1_78' title='bbox 1194 1493 1333 1548; x_wconf 88' lang='lat' dir='ltr'><strong>sicut</strong></span> <span class='ocrx_word' id='word_1_79' title='bbox 1356 1509 1497 1564; x_wconf 90' lang='lat' dir='ltr'><strong>aqua</strong></span> <span class='ocrx_word' id='word_1_80' title='bbox 1529 1494 1697 1548; x_wconf 80' lang='lat' dir='ltr'><strong>Vetus</strong></span> <span class='ocrx_word' id='word_1_81' title='bbox 1726 1494 2165 1560; x_wconf 86' lang='lat' dir='ltr'><strong>Testamentum,</strong></span> <span class='ocrx_word' id='word_1_82' title='bbox 2218 1495 2299 1550; x_wconf 91' lang='lat' dir='ltr'><strong>sic</strong></span> <span class='ocrx_word' id='word_1_83' title='bbox 2326 1505 2381 1550; x_wconf 83' lang='lat' dir='ltr'><strong>et</strong></span> <span class='ocrx_word' id='word_1_84' title='bbox 2417 1497 2605 1551; x_wconf 85' lang='lat' dir='ltr'><strong>vinum</strong></span> 
     </span>
    </p>
   </div>
   <div class='ocr_carea' id='block_1_16' title="bbox 999 1582 2605 1656">
    <p class='ocr_par' dir='ltr' id='par_1_16' title="bbox 999 1582 2605 1656">
     <span class='ocr_line' id='line_1_16' title="bbox 999 1582 2605 1656; baseline 0.004 -21"><span class='ocrx_word' id='word_1_85' title='bbox 999 1582 1271 1653; x_wconf 79' lang='lat' dir='ltr'><strong>significat</strong></span> <span class='ocrx_word' id='word_1_86' title='bbox 1297 1583 1675 1655; x_wconf 87' lang='lat' dir='ltr'><strong>Evangelium,</strong></span> <span class='ocrx_word' id='word_1_87' title='bbox 1702 1584 1845 1653; x_wconf 92' lang='lat' dir='ltr'><strong>quod</strong></span> <span class='ocrx_word' id='word_1_88' title='bbox 1868 1585 2130 1640; x_wconf 84' lang='lat' dir='ltr'><strong>Dominus</strong></span> <span class='ocrx_word' id='word_1_89' title='bbox 2153 1595 2281 1641; x_wconf 92' lang='lat' dir='ltr'><strong>tunc</strong></span> <span class='ocrx_word' id='word_1_90' title='bbox 2307 1587 2605 1656; x_wconf 81' lang='lat' dir='ltr'><strong>expressit,</strong></span> 
     </span>
    </p>
   </div>
   <div class='ocr_carea' id='block_1_17' title="bbox 998 1675 2606 1746">
    <p class='ocr_par' dir='ltr' id='par_1_17' title="bbox 998 1675 2606 1746">
     <span class='ocr_line' id='line_1_17' title="bbox 998 1675 2606 1746; baseline 0.003 -18"><span class='ocrx_word' id='word_1_91' title='bbox 998 1686 1123 1728; x_wconf 87' lang='lat' dir='ltr'><strong>cum</strong></span> <span class='ocrx_word' id='word_1_92' title='bbox 1152 1688 1347 1743; x_wconf 89' lang='lat' dir='ltr'><strong>aquam</strong></span> <span class='ocrx_word' id='word_1_93' title='bbox 1379 1675 1432 1728; x_wconf 94' lang='lat' dir='ltr'><strong>in</strong></span> <span class='ocrx_word' id='word_1_94' title='bbox 1461 1675 1645 1729; x_wconf 88' lang='lat' dir='ltr'><strong>vinum</strong></span> <span class='ocrx_word' id='word_1_95' title='bbox 1678 1676 1731 1730; x_wconf 93' lang='lat' dir='ltr'><strong>in</strong></span> <span class='ocrx_word' id='word_1_96' title='bbox 1746 1675 1973 1746; x_wconf 87' lang='lat' dir='ltr'><strong>nuptiali</strong></span> <span class='ocrx_word' id='word_1_97' title='bbox 2001 1677 2331 1733; x_wconf 90' lang='lat' dir='ltr'><strong>constitutus</strong></span> <span class='ocrx_word' id='word_1_98' title='bbox 2349 1677 2606 1734; x_wconf 89' lang='lat' dir='ltr'><strong>solemni-</strong></span> 
     </span>
    </p>
   </div>
   <div class='ocr_carea' id='block_1_18' title="bbox 1001 1763 1705 1836">
    <p class='ocr_par' dir='ltr' id='par_1_18' title="bbox 1001 1763 1705 1836">
     <span class='ocr_line' id='line_1_18' title="bbox 1001 1763 1705 1836; baseline 0.001 -18"><span class='ocrx_word' id='word_1_99' title='bbox 1001 1770 1113 1819; x_wconf 88' lang='lat' dir='ltr'><strong>tate</strong></span> <span class='ocrx_word' id='word_1_100' title='bbox 1143 1765 1368 1818; x_wconf 82' lang='lat' dir='ltr'><strong>mutavit</strong></span> <span class='ocrx_word' id='word_1_101' title='bbox 1389 1763 1582 1836; x_wconf 79' lang='lat' dir='ltr'><strong>(Joan.</strong></span> <span class='ocrx_word' id='word_1_102' title='bbox 1609 1764 1705 1835; x_wconf 90' lang='grc' dir='ltr'><strong>ιι).</strong></span> 
     </span>
    </p>
   </div>
   <div class='ocr_carea' id='block_1_19' title="bbox 2717 581 4325 655">
    <p class='ocr_par' dir='ltr' id='par_1_19' title="bbox 2717 581 4325 655">
     <span class='ocr_line' id='line_1_19' title="bbox 2717 581 4325 655; baseline 0.002 -18"><span class='ocrx_word' id='word_1_103' title='bbox 2717 593 2830 647; x_wconf 91' lang='lat' dir='ltr'><strong>tur,</strong></span> <span class='ocrx_word' id='word_1_104' title='bbox 2863 584 2936 638; x_wconf 91' lang='lat' dir='ltr'><strong>ita</strong></span> <span class='ocrx_word' id='word_1_105' title='bbox 2964 583 3093 639; x_wconf 88' lang='lat' dir='ltr'><strong>boni</strong></span> <span class='ocrx_word' id='word_1_106' title='bbox 3121 586 3301 655; x_wconf 88' lang='lat' dir='ltr'><strong>operis</strong></span> <span class='ocrx_word' id='word_1_107' title='bbox 3361 583 3653 639; x_wconf 65' lang='lat' dir='ltr'><strong>mdiflclum</strong></span> <span class='ocrx_word' id='word_1_108' title='bbox 3685 583 3754 637; x_wconf 92' lang='lat' dir='ltr'><strong>ad</strong></span> <span class='ocrx_word' id='word_1_109' title='bbox 3807 581 4112 650; x_wconf 74' lang='lat' dir='ltr'><strong>quemlibet</strong></span> <span class='ocrx_word' id='word_1_110' title='bbox 4139 589 4325 641; x_wconf 68' lang='lat' dir='ltr'><strong>tolu-</strong></span> 
     </span>
    </p>
   </div>
   <div class='ocr_carea' id='block_1_20' title="bbox 2713 671 4327 746">
    <p class='ocr_par' dir='ltr' id='par_1_20' title="bbox 2713 671 4327 746">
     <span class='ocr_line' id='line_1_20' title="bbox 2713 671 4327 746; baseline -0.001 -18"><span class='ocrx_word' id='word_1_111' title='bbox 2713 674 2878 730; x_wconf 92' lang='lat' dir='ltr'><strong>tionis</strong></span> <span class='ocrx_word' id='word_1_112' title='bbox 2907 674 3167 746; x_wconf 84' lang='lat' dir='ltr'><strong>impetum</strong></span> <span class='ocrx_word' id='word_1_113' title='bbox 3198 675 3309 730; x_wconf 92' lang='lat' dir='ltr'><strong>cito</strong></span> <span class='ocrx_word' id='word_1_114' title='bbox 3336 673 3650 738; x_wconf 84' lang='lat' dir='ltr'><strong>collabitur,</strong></span> <span class='ocrx_word' id='word_1_115' title='bbox 3676 673 3724 727; x_wconf 89' lang='lat' dir='ltr'><strong>si</strong></span> <span class='ocrx_word' id='word_1_116' title='bbox 3746 683 3988 742; x_wconf 63' lang='lat' dir='ltr'><strong>paternae</strong></span> <span class='ocrx_word' id='word_1_117' title='bbox 4035 671 4327 729; x_wconf 68' lang='lat' dir='ltr'><strong>cbaritatis</strong></span> 
     </span>
    </p>
   </div>
   <div class='ocr_carea' id='block_1_21' title="bbox 2711 763 3348 834">
    <p class='ocr_par' dir='ltr' id='par_1_21' title="bbox 2711 763 3348 834">
     <span class='ocr_line' id='line_1_21' title="bbox 2711 763 3348 834; baseline 0 -16"><span class='ocrx_word' id='word_1_118' title='bbox 2711 763 2942 834; x_wconf 87' lang='lat' dir='ltr'><strong>coagulo</strong></span> <span class='ocrx_word' id='word_1_119' title='bbox 2973 779 3079 818; x_wconf 91' lang='lat' dir='ltr'><strong>non</strong></span> <span class='ocrx_word' id='word_1_120' title='bbox 3110 774 3348 819; x_wconf 90' lang='lat' dir='ltr'><strong>tenetur.</strong></span> 
     </span>
    </p>
   </div>
   <div class='ocr_carea' id='block_1_22' title="bbox 2783 853 4323 928">
    <p class='ocr_par' dir='ltr' id='par_1_22' title="bbox 2783 853 4323 928">
     <span class='ocr_line' id='line_1_22' title="bbox 2783 853 4323 928; baseline -0.001 -16"><span class='ocrx_word' id='word_1_121' title='bbox 2783 854 2857 912; x_wconf 93' lang='lat' dir='ltr'><strong>Ut</strong></span> <span class='ocrx_word' id='word_1_122' title='bbox 2879 871 3032 928; x_wconf 90' lang='lat' dir='ltr'><strong>ergo,</strong></span> <span class='ocrx_word' id='word_1_123' title='bbox 3061 856 3427 918; x_wconf 88' lang='lat' dir='ltr'><strong>dilectissimi.</strong></span> <span class='ocrx_word' id='word_1_124' title='bbox 3447 856 3621 912; x_wconf 85' lang='lat' dir='ltr'><strong>sancti</strong></span> <span class='ocrx_word' id='word_1_125' title='bbox 3645 855 3827 925; x_wconf 90' lang='lat' dir='ltr'><strong>operis</strong></span> <span class='ocrx_word' id='word_1_126' title='bbox 3843 853 4015 910; x_wconf 89' lang='lat' dir='ltr'><strong>nostri</strong></span> <span class='ocrx_word' id='word_1_127' title='bbox 4041 863 4323 912; x_wconf 85' lang='lat' dir='ltr'><strong>structura</strong></span> 
     </span>
    </p>
   </div>
   <div class='ocr_carea' id='block_1_23' title="bbox 2708 945 4325 1017">
    <p class='ocr_par' dir='ltr' id='par_1_23' title="bbox 2708 945 4325 1017">
     <span class='ocr_line' id='line_1_23' title="bbox 2708 945 4325 1017; baseline 0.001 -17"><span class='ocrx_word' id='word_1_128' title='bbox 2708 957 3047 1017; x_wconf 86' lang='lat' dir='ltr'><strong>permaneat,</strong></span> <span class='ocrx_word' id='word_1_129' title='bbox 3073 945 3310 1017; x_wconf 85' lang='lat' dir='ltr'><strong>Spiritus</strong></span> <span class='ocrx_word' id='word_1_130' title='bbox 3345 948 3438 1001; x_wconf 88' lang='lat' dir='ltr'><strong>Dei</strong></span> <span class='ocrx_word' id='word_1_131' title='bbox 3468 961 3566 1001; x_wconf 91' lang='lat' dir='ltr'><strong>vos</strong></span> <span class='ocrx_word' id='word_1_132' title='bbox 3626 947 3680 1000; x_wconf 88' lang='lat' dir='ltr'><strong>in</strong></span> <span class='ocrx_word' id='word_1_133' title='bbox 3731 946 3990 1000; x_wconf 66' lang='lat' dir='ltr'><strong>fraternae</strong></span> <span class='ocrx_word' id='word_1_134' title='bbox 4037 947 4325 1002; x_wconf 81' lang='lat' dir='ltr'><strong>charitatis</strong></span> 
     </span>
    </p>
   </div>
   <div class='ocr_carea' id='block_1_24' title="bbox 2711 1033 4325 1108">
    <p class='ocr_par' dir='ltr' id='par_1_24' title="bbox 2711 1033 4325 1108">
     <span class='ocr_line' id='line_1_24' title="bbox 2711 1033 4325 1108; baseline 0.001 -16"><span class='ocrx_word' id='word_1_135' title='bbox 2711 1051 2974 1108; x_wconf 88' lang='lat' dir='ltr'><strong>compage</strong></span> <span class='ocrx_word' id='word_1_136' title='bbox 2987 1046 3294 1098; x_wconf 82' lang='lat' dir='ltr'><strong>connectat.</strong></span> <span class='ocrx_word' id='word_1_137' title='bbox 3309 1033 3426 1091; x_wconf 86' lang='lat' dir='ltr'><strong>Non</strong></span> <span class='ocrx_word' id='word_1_138' title='bbox 3440 1038 3586 1092; x_wconf 92' lang='lat' dir='ltr'><strong>enim</strong></span> <span class='ocrx_word' id='word_1_139' title='bbox 3603 1052 3816 1102; x_wconf 88' lang='lat' dir='ltr'><strong>omnes,</strong></span> <span class='ocrx_word' id='word_1_140' title='bbox 3834 1040 3926 1108; x_wconf 88' lang='lat' dir='ltr'><strong>qui</strong></span> <span class='ocrx_word' id='word_1_141' title='bbox 3942 1039 4325 1094; x_wconf 83' lang='lat' dir='ltr'><strong>Christianum</strong></span> 
     </span>
    </p>
   </div>
   <div class='ocr_carea' id='block_1_25' title="bbox 2708 1127 4329 1198">
    <p class='ocr_par' dir='ltr' id='par_1_25' title="bbox 2708 1127 4329 1198">
     <span class='ocr_line' id='line_1_25' title="bbox 2708 1127 4329 1198; baseline 0.004 -17"><span class='ocrx_word' id='word_1_142' title='bbox 2708 1128 2967 1183; x_wconf 88' lang='lat' dir='ltr'><strong>videntur</strong></span> <span class='ocrx_word' id='word_1_143' title='bbox 2988 1127 3194 1182; x_wconf 90' lang='lat' dir='ltr'><strong>habere</strong></span> <span class='ocrx_word' id='word_1_144' title='bbox 3215 1129 3565 1192; x_wconf 76' lang='lat' dir='ltr'><strong>vocabulum,</strong></span> <span class='ocrx_word' id='word_1_145' title='bbox 3599 1130 3892 1198; x_wconf 81' lang='lat' dir='ltr'><strong>pervenire</strong></span> <span class='ocrx_word' id='word_1_146' title='bbox 3943 1139 4228 1186; x_wconf 68' lang='lat' dir='ltr'><strong>merentur</strong></span> <span class='ocrx_word' id='word_1_147' title='bbox 4257 1132 4329 1188; x_wconf 90' lang='lat' dir='ltr'><strong>ad</strong></span> 
     </span>
    </p>
   </div>
   <div class='ocr_carea' id='block_1_26' title="bbox 2707 1221 4319 1293">
    <p class='ocr_par' dir='ltr' id='par_1_26' title="bbox 2707 1221 4319 1293">
     <span class='ocr_line' id='line_1_26' title="bbox 2707 1221 4319 1293; baseline 0.002 -15"><span class='ocrx_word' id='word_1_148' title='bbox 2707 1221 3019 1288; x_wconf 85' lang='lat' dir='ltr'><strong>Christum;</strong></span> <span class='ocrx_word' id='word_1_149' title='bbox 3052 1238 3229 1293; x_wconf 86' lang='lat' dir='ltr'><strong>neque</strong></span> <span class='ocrx_word' id='word_1_150' title='bbox 3253 1238 3445 1278; x_wconf 86' lang='lat' dir='ltr'><strong>omnes</strong></span> <span class='ocrx_word' id='word_1_151' title='bbox 3474 1224 3566 1291; x_wconf 91' lang='lat' dir='ltr'><strong>qui</strong></span> <span class='ocrx_word' id='word_1_152' title='bbox 3597 1223 3801 1277; x_wconf 80' lang='lat' dir='ltr'><strong>habent</strong></span> <span class='ocrx_word' id='word_1_153' title='bbox 3828 1223 4092 1280; x_wconf 69' lang='lat' dir='ltr'><strong>Ecclesia:</strong></span> <span class='ocrx_word' id='word_1_154' title='bbox 4138 1225 4319 1282; x_wconf 78' lang='lat' dir='ltr'><strong>sociu-</strong></span> 
     </span>
    </p>
   </div>
   <div class='ocr_carea' id='block_1_27' title="bbox 2710 1315 4327 1387">
    <p class='ocr_par' dir='ltr' id='par_1_27' title="bbox 2710 1315 4327 1387">
     <span class='ocr_line' id='line_1_27' title="bbox 2710 1315 4327 1387; baseline 0.004 -19"><span class='ocrx_word' id='word_1_155' title='bbox 2710 1323 2903 1380; x_wconf 90' lang='lat' dir='ltr'><strong>tatem,</strong></span> <span class='ocrx_word' id='word_1_156' title='bbox 2936 1315 3101 1387; x_wconf 74' lang='lat'><strong>385</strong></span> <span class='ocrx_word' id='word_1_157' title='bbox 3123 1317 3204 1370; x_wconf 85' lang='lat' dir='ltr'><strong>.ad</strong></span> <span class='ocrx_word' id='word_1_158' title='bbox 3233 1315 3596 1370; x_wconf 80' lang='lat' dir='ltr'><strong>ecclesiastici</strong></span> <span class='ocrx_word' id='word_1_159' title='bbox 3621 1317 3873 1386; x_wconf 88' lang='lat' dir='ltr'><strong>corporis</strong></span> <span class='ocrx_word' id='word_1_160' title='bbox 3919 1319 4202 1387; x_wconf 88' lang='lat' dir='ltr'><strong>pertinent</strong></span> <span class='ocrx_word' id='word_1_161' title='bbox 4225 1336 4327 1374; x_wconf 80' lang='lat' dir='ltr'><strong>vc-</strong></span> 
     </span>
    </p>
   </div>
   <div class='ocr_carea' id='block_1_28' title="bbox 2709 1406 4327 1480">
    <p class='ocr_par' dir='ltr' id='par_1_28' title="bbox 2709 1406 4327 1480">
     <span class='ocr_line' id='line_1_28' title="bbox 2709 1406 4327 1480; baseline 0.003 -20"><span class='ocrx_word' id='word_1_162' title='bbox 2709 1406 2914 1460; x_wconf 87' lang='lat' dir='ltr'><strong>raciter</strong></span> <span class='ocrx_word' id='word_1_163' title='bbox 2929 1408 3218 1460; x_wconf 90' lang='lat' dir='ltr'><strong>unitatem.</strong></span> <span class='ocrx_word' id='word_1_164' title='bbox 3239 1406 3676 1460; x_wconf 86' lang='lat' dir='ltr'><strong>Tabernaculum</strong></span> <span class='ocrx_word' id='word_1_165' title='bbox 3705 1424 3900 1478; x_wconf 86' lang='lat' dir='ltr'><strong>nempe</strong></span> <span class='ocrx_word' id='word_1_166' title='bbox 3915 1408 4162 1475; x_wconf 72' lang='lat' dir='ltr'><strong>fmderis,</strong></span> <span class='ocrx_word' id='word_1_167' title='bbox 4178 1413 4327 1480; x_wconf 85' lang='lat' dir='ltr'><strong>quod</strong></span> 
     </span>
    </p>
   </div>
   <div class='ocr_carea' id='block_1_29' title="bbox 2707 1497 4330 1570">
    <p class='ocr_par' dir='ltr' id='par_1_29' title="bbox 2707 1497 4330 1570">
     <span class='ocr_line' id='line_1_29' title="bbox 2707 1497 4330 1570; baseline 0.004 -18"><span class='ocrx_word' id='word_1_168' title='bbox 2707 1497 2915 1552; x_wconf 89' lang='lat' dir='ltr'><strong>Christi</strong></span> <span class='ocrx_word' id='word_1_169' title='bbox 2950 1507 3077 1553; x_wconf 91' lang='lat' dir='ltr'><strong>tunc</strong></span> <span class='ocrx_word' id='word_1_170' title='bbox 3113 1497 3498 1570; x_wconf 68' lang='lat' dir='ltr'><strong>prinfigurabat</strong></span> <span class='ocrx_word' id='word_1_171' title='bbox 3529 1499 3853 1564; x_wconf 75' lang='lat' dir='ltr'><strong>Ecclesium,</strong></span> <span class='ocrx_word' id='word_1_172' title='bbox 3899 1500 4150 1558; x_wconf 85' lang='lat' dir='ltr'><strong>Bezeleel</strong></span> <span class='ocrx_word' id='word_1_173' title='bbox 4183 1503 4330 1559; x_wconf 81' lang='lat' dir='ltr'><strong>Illius</strong></span> 
     </span>
    </p>
   </div>
   <div class='ocr_carea' id='block_1_30' title="bbox 2711 1585 4332 1652">
    <p class='ocr_par' dir='ltr' id='par_1_30' title="bbox 2711 1585 4332 1652">
     <span class='ocr_line' id='line_1_30' title="bbox 2711 1585 4332 1652; baseline 0.003 -8"><span class='ocrx_word' id='word_1_174' title='bbox 2711 1587 2808 1644; x_wconf 83' lang='lat' dir='ltr'><strong>Uri</strong></span> <span class='ocrx_word' id='word_1_175' title='bbox 2836 1588 2904 1642; x_wconf 90' lang='lat' dir='ltr'><strong>de</strong></span> <span class='ocrx_word' id='word_1_176' title='bbox 2934 1587 3077 1642; x_wconf 88' lang='lat' dir='ltr'><strong>tribu</strong></span> <span class='ocrx_word' id='word_1_177' title='bbox 3127 1585 3286 1652; x_wconf 85' lang='lat' dir='ltr'><strong>Juda,</strong></span> <span class='ocrx_word' id='word_1_178' title='bbox 3317 1597 3374 1642; x_wconf 90' lang='grc' dir='ltr'><strong>ει</strong></span> <span class='ocrx_word' id='word_1_179' title='bbox 3409 1588 3621 1643; x_wconf 80' lang='lat' dir='ltr'><strong>~00liab</strong></span> <span class='ocrx_word' id='word_1_180' title='bbox 3668 1589 3813 1644; x_wconf 86' lang='lat' dir='ltr'><strong>filius</strong></span> <span class='ocrx_word' id='word_1_181' title='bbox 3855 1591 4225 1649; x_wconf 84' lang='lat' dir='ltr'><strong>Achisamecb</strong></span> <span class='ocrx_word' id='word_1_182' title='bbox 4257 1593 4332 1649; x_wconf 80' lang='lat' dir='ltr'><strong>de</strong></span> 
     </span>
    </p>
   </div>
   <div class='ocr_carea' id='block_1_31' title="bbox 2709 1677 4325 1755">
    <p class='ocr_par' dir='ltr' id='par_1_31' title="bbox 2709 1677 4325 1755">
     <span class='ocr_line' id='line_1_31' title="bbox 2709 1677 4325 1755; baseline 0.007 -26"><span class='ocrx_word' id='word_1_183' title='bbox 2709 1677 2854 1732; x_wconf 89' lang='lat' dir='ltr'><strong>tribu</strong></span> <span class='ocrx_word' id='word_1_184' title='bbox 2885 1677 3024 1742; x_wconf 90' lang='lat' dir='ltr'><strong>Dan,</strong></span> <span class='ocrx_word' id='word_1_185' title='bbox 3049 1677 3258 1746; x_wconf 86' lang='lat' dir='ltr'><strong>pariter</strong></span> <span class='ocrx_word' id='word_1_186' title='bbox 3284 1688 3719 1734; x_wconf 83' lang='lat' dir='ltr'><strong>construxerunt</strong></span> <span class='ocrx_word' id='word_1_187' title='bbox 3751 1679 3953 1750; x_wconf 72' lang='lat' dir='ltr'><strong>(Exod.</strong></span> <span class='ocrx_word' id='word_1_188' title='bbox 4002 1683 4180 1755; x_wconf 71' lang='lat' dir='ltr'><strong>xxxi).</strong></span> <span class='ocrx_word' id='word_1_189' title='bbox 4214 1682 4325 1740; x_wconf 81' lang='lat' dir='ltr'><strong>Sed</strong></span> 
     </span>
    </p>
   </div>
   <div class='ocr_carea' id='block_1_32' title="bbox 2705 1769 4333 1852">
    <p class='ocr_par' dir='ltr' id='par_1_32' title="bbox 2705 1769 4333 1852">
     <span class='ocr_line' id='line_1_32' title="bbox 2705 1769 4333 1852; baseline 0.004 -29"><span class='ocrx_word' id='word_1_190' title='bbox 2705 1769 2891 1823; x_wconf 86' lang='lat' dir='ltr'><strong>cuncti</strong></span> <span class='ocrx_word' id='word_1_191' title='bbox 2919 1769 3127 1838; x_wconf 89' lang='lat' dir='ltr'><strong>liquido</strong></span> <span class='ocrx_word' id='word_1_192' title='bbox 3155 1769 3408 1824; x_wconf 85' lang='lat' dir='ltr'><strong>novimus</strong></span> <span class='ocrx_word' id='word_1_193' title='bbox 3437 1771 3567 1839; x_wconf 87' lang='lat' dir='ltr'><strong>quia</strong></span> <span class='ocrx_word' id='word_1_194' title='bbox 3599 1771 3665 1826; x_wconf 91' lang='lat' dir='ltr'><strong>de</strong></span> <span class='ocrx_word' id='word_1_195' title='bbox 3693 1772 3838 1827; x_wconf 88' lang='lat' dir='ltr'><strong>tribu</strong></span> <span class='ocrx_word' id='word_1_196' title='bbox 3868 1772 4008 1852; x_wconf 67' lang='lat' dir='ltr'><strong>Iuda</strong></span> <span class='ocrx_word' id='word_1_197' title='bbox 4050 1783 4214 1830; x_wconf 86' lang='lat' dir='ltr'><strong>natus</strong></span> <span class='ocrx_word' id='word_1_198' title='bbox 4240 1786 4333 1832; x_wconf 81' lang='lat' dir='ltr'><strong>est</strong></span> 
     </span>
    </p>
   </div>
   <div class='ocr_carea' id='block_1_33' title="bbox 1069 1854 4327 1926">
    <p class='ocr_par' dir='ltr' id='par_1_33' title="bbox 1069 1854 4327 1926">
     <span class='ocr_line' id='line_1_33' title="bbox 1069 1854 4327 1926; baseline 0.008 -26"><span class='ocrx_word' id='word_1_199' title='bbox 1069 1854 1298 1910; x_wconf 73' lang='lat' dir='ltr'><strong>Ei&#39;sicut</strong></span> <span class='ocrx_word' id='word_1_200' title='bbox 1321 1855 1562 1926; x_wconf 86' lang='lat' dir='ltr'><strong>liquores</strong></span> <span class='ocrx_word' id='word_1_201' title='bbox 1589 1857 1664 1911; x_wconf 90' lang='lat' dir='ltr'><strong>illi</strong></span> <span class='ocrx_word' id='word_1_202' title='bbox 1717 1858 1879 1913; x_wconf 89' lang='lat' dir='ltr'><strong>simul</strong></span> <span class='ocrx_word' id='word_1_203' title='bbox 1939 1859 1994 1914; x_wconf 89' lang='lat' dir='ltr'><strong>in</strong></span> <span class='ocrx_word' id='word_1_204' title='bbox 2037 1860 2450 1916; x_wconf 85' lang='lat' dir='ltr'><strong>consecratione</strong></span> <span class='ocrx_word' id='word_1_205' title='bbox 2501 1860 2610 1915; x_wconf 90' lang='lat' dir='ltr'><strong>mi-</strong></span> <span class='ocrx_word' id='word_1_206' title='bbox 2643 1858 2689 1919; x_wconf 82' lang='grc' dir='ltr'><strong>Β</strong></span> <span class='ocrx_word' id='word_1_207' title='bbox 2718 1858 2988 1926; x_wconf 88' lang='lat' dir='ltr'><strong>Christus,</strong></span> <span class='ocrx_word' id='word_1_208' title='bbox 3013 1860 3081 1914; x_wconf 91' lang='lat' dir='ltr'><strong>de</strong></span> <span class='ocrx_word' id='word_1_209' title='bbox 3107 1861 3248 1917; x_wconf 89' lang='lat' dir='ltr'><strong>tribu</strong></span> <span class='ocrx_word' id='word_1_210' title='bbox 3271 1877 3400 1917; x_wconf 84' lang='lat' dir='ltr'><strong>vero</strong></span> <span class='ocrx_word' id='word_1_211' title='bbox 3423 1863 3537 1917; x_wconf 90' lang='lat' dir='ltr'><strong>Dan</strong></span> <span class='ocrx_word' id='word_1_212' title='bbox 3564 1865 3880 1921; x_wconf 87' lang='lat' dir='ltr'><strong>nasciturus</strong></span> <span class='ocrx_word' id='word_1_213' title='bbox 3937 1874 4021 1921; x_wconf 90' lang='lat' dir='ltr'><strong>est</strong></span> <span class='ocrx_word' id='word_1_214' title='bbox 4043 1868 4327 1924; x_wconf 65' lang='lat' dir='ltr'><strong>Antichri-</strong></span> 
     </span>
    </p>
   </div>
   <div class='ocr_carea' id='block_1_34' title="bbox 999 1947 2604 2022">
    <p class='ocr_par' dir='ltr' id='par_1_34' title="bbox 999 1947 2604 2022">
     <span class='ocr_line' id='line_1_34' title="bbox 999 1947 2604 2022; baseline 0.004 -20"><span class='ocrx_word' id='word_1_215' title='bbox 999 1956 1221 2002; x_wconf 87' lang='lat' dir='ltr'><strong>scentur</strong></span> <span class='ocrx_word' id='word_1_216' title='bbox 1271 1947 1550 2014; x_wconf 68' lang='lat' dir='ltr'><strong>Ecclesiaz,</strong></span> <span class='ocrx_word' id='word_1_217' title='bbox 1583 1950 1663 2004; x_wconf 92' lang='lat' dir='ltr'><strong>sic</strong></span> <span class='ocrx_word' id='word_1_218' title='bbox 1697 1950 1889 2019; x_wconf 90' lang='lat' dir='ltr'><strong>procul</strong></span> <span class='ocrx_word' id='word_1_219' title='bbox 1945 1951 2111 2006; x_wconf 89' lang='lat' dir='ltr'><strong>dubio</strong></span> <span class='ocrx_word' id='word_1_220' title='bbox 2156 1953 2378 2022; x_wconf 87' lang='lat' dir='ltr'><strong>dignum</strong></span> <span class='ocrx_word' id='word_1_221' title='bbox 2431 1963 2604 2008; x_wconf 88' lang='lat' dir='ltr'><strong>estut</strong></span> 
     </span>
    </p>
   </div>
   <div class='ocr_carea' id='block_1_35' title="bbox 1001 2036 2604 2110">
    <p class='ocr_par' dir='ltr' id='par_1_35' title="bbox 1001 2036 2604 2110">
     <span class='ocr_line' id='line_1_35' title="bbox 1001 2036 2604 2110; baseline 0.006 -20"><span class='ocrx_word' id='word_1_222' title='bbox 1001 2045 1232 2106; x_wconf 86' lang='lat' dir='ltr'><strong>utraque</strong></span> <span class='ocrx_word' id='word_1_223' title='bbox 1257 2037 1343 2092; x_wconf 82' lang='lat' dir='ltr'><strong>lex</strong></span> <span class='ocrx_word' id='word_1_224' title='bbox 1385 2036 1592 2110; x_wconf 84' lang='lat' dir='ltr'><strong>jugiter</strong></span> <span class='ocrx_word' id='word_1_225' title='bbox 1646 2049 1836 2095; x_wconf 89' lang='lat' dir='ltr'><strong>nostro</strong></span> <span class='ocrx_word' id='word_1_226' title='bbox 1889 2051 2138 2098; x_wconf 89' lang='lat' dir='ltr'><strong>versetur</strong></span> <span class='ocrx_word' id='word_1_227' title='bbox 2186 2044 2239 2098; x_wconf 90' lang='lat' dir='ltr'><strong>in</strong></span> <span class='ocrx_word' id='word_1_228' title='bbox 2283 2045 2468 2100; x_wconf 90' lang='lat' dir='ltr'><strong>corde.</strong></span> <span class='ocrx_word' id='word_1_229' title='bbox 2508 2045 2604 2100; x_wconf 86' lang='lat' dir='ltr'><strong>Sal</strong></span> 
     </span>
    </p>
   </div>
   <div class='ocr_carea' id='block_1_36' title="bbox 1001 2129 2604 2204">
    <p class='ocr_par' dir='ltr' id='par_1_36' title="bbox 1001 2129 2604 2204">
     <span class='ocr_line' id='line_1_36' title="bbox 1001 2129 2604 2204; baseline 0.007 -23"><span class='ocrx_word' id='word_1_230' title='bbox 1001 2129 1164 2183; x_wconf 87' lang='lat' dir='ltr'><strong>etiam</strong></span> <span class='ocrx_word' id='word_1_231' title='bbox 1210 2129 1373 2184; x_wconf 81' lang='lat' dir='ltr'><strong>simul</strong></span> <span class='ocrx_word' id='word_1_232' title='bbox 1429 2130 1762 2196; x_wconf 87' lang='lat' dir='ltr'><strong>immittitur,</strong></span> <span class='ocrx_word' id='word_1_233' title='bbox 1801 2141 1862 2186; x_wconf 90' lang='lat' dir='ltr'><strong>ut</strong></span> <span class='ocrx_word' id='word_1_234' title='bbox 1892 2132 2159 2201; x_wconf 88' lang='lat' dir='ltr'><strong>insipidus</strong></span> <span class='ocrx_word' id='word_1_235' title='bbox 2214 2137 2417 2190; x_wconf 79' lang='lat' dir='ltr'><strong>veteris</strong></span> <span class='ocrx_word' id='word_1_236' title='bbox 2468 2135 2604 2204; x_wconf 80' lang='lat' dir='ltr'><strong>legis</strong></span> 
     </span>
    </p>
   </div>
   <div class='ocr_carea' id='block_1_37' title="bbox 1001 2219 2603 2293">
    <p class='ocr_par' dir='ltr' id='par_1_37' title="bbox 1001 2219 2603 2293">
     <span class='ocr_line' id='line_1_37' title="bbox 1001 2219 2603 2293; baseline 0.004 -18"><span class='ocrx_word' id='word_1_237' title='bbox 1001 2231 1165 2290; x_wconf 82' lang='lat' dir='ltr'><strong>sapor</strong></span> <span class='ocrx_word' id='word_1_238' title='bbox 1186 2219 1516 2290; x_wconf 76' lang='lat' dir='ltr'><strong>evangeliczc</strong></span> <span class='ocrx_word' id='word_1_239' title='bbox 1543 2220 1918 2293; x_wconf 74' lang='lat' dir='ltr'><strong>intelligentia:</strong></span> <span class='ocrx_word' id='word_1_240' title='bbox 1943 2223 2056 2277; x_wconf 86' lang='lat' dir='ltr'><strong>sale</strong></span> <span class='ocrx_word' id='word_1_241' title='bbox 2078 2225 2329 2279; x_wconf 91' lang='lat' dir='ltr'><strong>conditus</strong></span> <span class='ocrx_word' id='word_1_242' title='bbox 2354 2240 2476 2281; x_wconf 89' lang='lat' dir='ltr'><strong>esse</strong></span> <span class='ocrx_word' id='word_1_243' title='bbox 2501 2227 2603 2282; x_wconf 85' lang='lat' dir='ltr'><strong>do-</strong></span> 
     </span>
    </p>
   </div>
   <div class='ocr_carea' id='block_1_38' title="bbox 1000 2309 2604 2384">
    <p class='ocr_par' dir='ltr' id='par_1_38' title="bbox 1000 2309 2604 2384">
     <span class='ocr_line' id='line_1_38' title="bbox 1000 2309 2604 2384; baseline 0.006 -20"><span class='ocrx_word' id='word_1_244' title='bbox 1000 2318 1207 2364; x_wconf 77' lang='lat' dir='ltr'><strong>centur.</strong></span> <span class='ocrx_word' id='word_1_245' title='bbox 1236 2309 1390 2366; x_wconf 88' lang='lat' dir='ltr'><strong>Unde</strong></span> <span class='ocrx_word' id='word_1_246' title='bbox 1414 2325 1537 2365; x_wconf 91' lang='lat' dir='ltr'><strong>cum</strong></span> <span class='ocrx_word' id='word_1_247' title='bbox 1588 2312 1738 2366; x_wconf 86' lang='lat' dir='ltr'><strong>cives</strong></span> <span class='ocrx_word' id='word_1_248' title='bbox 1765 2311 1986 2366; x_wconf 84' lang='lat' dir='ltr'><strong>Jericlio</strong></span> <span class='ocrx_word' id='word_1_249' title='bbox 2033 2329 2206 2384; x_wconf 82' lang='lat' dir='ltr'><strong>aquas</strong></span> <span class='ocrx_word' id='word_1_250' title='bbox 2254 2315 2399 2371; x_wconf 91' lang='lat' dir='ltr'><strong>illius</strong></span> <span class='ocrx_word' id='word_1_251' title='bbox 2441 2326 2604 2373; x_wconf 70' lang='lat' dir='ltr'><strong>terris</strong></span> 
     </span>
    </p>
   </div>
   <div class='ocr_carea' id='block_1_39' title="bbox 1000 2404 2604 2470">
    <p class='ocr_par' dir='ltr' id='par_1_39' title="bbox 1000 2404 2604 2470">
     <span class='ocr_line' id='line_1_39' title="bbox 1000 2404 2604 2470; baseline 0.007 -16"><span class='ocrx_word' id='word_1_252' title='bbox 1000 2409 1468 2470; x_wconf 76' lang='lat' dir='ltr'><strong>conquererentur</strong></span> <span class='ocrx_word' id='word_1_253' title='bbox 1495 2417 1734 2467; x_wconf 90' lang='lat' dir='ltr'><strong>amaras,</strong></span> <span class='ocrx_word' id='word_1_254' title='bbox 1765 2404 1843 2457; x_wconf 89' lang='lat' dir='ltr'><strong>ait</strong></span> <span class='ocrx_word' id='word_1_255' title='bbox 1891 2404 2131 2460; x_wconf 84' lang='lat' dir='ltr'><strong>Eliseus:</strong></span> <span class='ocrx_word' id='word_1_256' title='bbox 2175 2424 2193 2456; x_wconf 74' lang='grc' dir='ltr'><strong>ι</strong></span> <span class='ocrx_word' id='word_1_257' title='bbox 2233 2407 2440 2463; x_wconf 73' lang='lat' dir='ltr'><strong>Alferte</strong></span> <span class='ocrx_word' id='word_1_258' title='bbox 2468 2411 2604 2465; x_wconf 89' lang='lat' dir='ltr'><strong>mibi</strong></span> 
     </span>
    </p>
   </div>
   <div class='ocr_carea' id='block_1_40' title="bbox 1001 2491 2609 2564">
    <p class='ocr_par' dir='ltr' id='par_1_40' title="bbox 1001 2491 2609 2564">
     <span class='ocr_line' id='line_1_40' title="bbox 1001 2491 2609 2564; baseline 0.01 -22"><span class='ocrx_word' id='word_1_259' title='bbox 1001 2501 1100 2544; x_wconf 83' lang='lat' dir='ltr'><strong>vas</strong></span> <span class='ocrx_word' id='word_1_260' title='bbox 1119 2503 1341 2555; x_wconf 90' lang='lat' dir='ltr'><strong>novum,</strong></span> <span class='ocrx_word' id='word_1_261' title='bbox 1372 2499 1429 2545; x_wconf 90' lang='lat' dir='ltr'><strong>et</strong></span> <span class='ocrx_word' id='word_1_262' title='bbox 1456 2491 1656 2547; x_wconf 89' lang='lat' dir='ltr'><strong>mittite</strong></span> <span class='ocrx_word' id='word_1_263' title='bbox 1689 2494 1740 2547; x_wconf 91' lang='lat' dir='ltr'><strong>in</strong></span> <span class='ocrx_word' id='word_1_264' title='bbox 1791 2493 1920 2550; x_wconf 91' lang='lat' dir='ltr'><strong>illud</strong></span> <span class='ocrx_word' id='word_1_265' title='bbox 1950 2496 2052 2550; x_wconf 89' lang='lat' dir='ltr'><strong>sal.</strong></span> <span class='ocrx_word' id='word_1_266' title='bbox 2082 2497 2184 2564; x_wconf 91' lang='lat' dir='ltr'><strong>Qui</strong></span> <span class='ocrx_word' id='word_1_267' title='bbox 2236 2514 2358 2554; x_wconf 88' lang='lat' dir='ltr'><strong>cum</strong></span> <span class='ocrx_word' id='word_1_268' title='bbox 2390 2503 2609 2557; x_wconf 85' lang='lat' dir='ltr'><strong>attulis-</strong></span> 
     </span>
    </p>
   </div>
   <div class='ocr_carea' id='block_1_41' title="bbox 1002 2582 2602 2662">
    <p class='ocr_par' dir='ltr' id='par_1_41' title="bbox 1002 2582 2602 2662">
     <span class='ocr_line' id='line_1_41' title="bbox 1002 2582 2602 2662; baseline 0.011 -30"><span class='ocrx_word' id='word_1_269' title='bbox 1002 2587 1150 2644; x_wconf 84' lang='lat' dir='ltr'><strong>sent,</strong></span> <span class='ocrx_word' id='word_1_270' title='bbox 1181 2595 1436 2650; x_wconf 86' lang='lat' dir='ltr'><strong>egressus</strong></span> <span class='ocrx_word' id='word_1_271' title='bbox 1459 2585 1531 2637; x_wconf 90' lang='lat' dir='ltr'><strong>ad</strong></span> <span class='ocrx_word' id='word_1_272' title='bbox 1561 2582 1740 2639; x_wconf 84' lang='lat' dir='ltr'><strong>fontes</strong></span> <span class='ocrx_word' id='word_1_273' title='bbox 1770 2600 2060 2656; x_wconf 87' lang='lat' dir='ltr'><strong>aquarum,</strong></span> <span class='ocrx_word' id='word_1_274' title='bbox 2092 2590 2243 2643; x_wconf 90' lang='lat' dir='ltr'><strong>misit</strong></span> <span class='ocrx_word' id='word_1_275' title='bbox 2267 2592 2318 2644; x_wconf 92' lang='lat' dir='ltr'><strong>in</strong></span> <span class='ocrx_word' id='word_1_276' title='bbox 2349 2607 2472 2647; x_wconf 91' lang='lat' dir='ltr'><strong>eum</strong></span> <span class='ocrx_word' id='word_1_277' title='bbox 2502 2595 2602 2662; x_wconf 88' lang='lat' dir='ltr'><strong>sal,</strong></span> 
     </span>
    </p>
   </div>
   <div class='ocr_carea' id='block_1_42' title="bbox 999 2671 2604 2751">
    <p class='ocr_par' dir='ltr' id='par_1_42' title="bbox 999 2671 2604 2751">
     <span class='ocr_line' id='line_1_42' title="bbox 999 2671 2604 2751; baseline 0.011 -28"><span class='ocrx_word' id='word_1_278' title='bbox 999 2679 1051 2724; x_wconf 87' lang='lat' dir='ltr'><strong>el</strong></span> <span class='ocrx_word' id='word_1_279' title='bbox 1077 2671 1185 2724; x_wconf 88' lang='lat' dir='ltr'><strong>ait:</strong></span> <span class='ocrx_word' id='word_1_280' title='bbox 1214 2671 1341 2727; x_wconf 69' lang='lat' dir='ltr'><strong>llzcc.</strong></span> <span class='ocrx_word' id='word_1_281' title='bbox 1359 2673 1490 2728; x_wconf 91' lang='lat' dir='ltr'><strong>dicit</strong></span> <span class='ocrx_word' id='word_1_282' title='bbox 1517 2676 1778 2732; x_wconf 88' lang='lat' dir='ltr'><strong>Dominus</strong></span> <span class='ocrx_word' id='word_1_283' title='bbox 1802 2695 1814 2730; x_wconf 91' lang='lat'><strong>:</strong></span> <span class='ocrx_word' id='word_1_284' title='bbox 1852 2677 2050 2732; x_wconf 86' lang='lat' dir='ltr'><strong>Sanavi</strong></span> <span class='ocrx_word' id='word_1_285' title='bbox 2076 2696 2246 2751; x_wconf 86' lang='lat' dir='ltr'><strong>aquas</strong></span> <span class='ocrx_word' id='word_1_286' title='bbox 2277 2682 2397 2749; x_wconf 90' lang='lat' dir='ltr'><strong>has,</strong></span> <span class='ocrx_word' id='word_1_287' title='bbox 2420 2694 2604 2741; x_wconf 90' lang='lat' dir='ltr'><strong>etnon</strong></span> 
     </span>
    </p>
   </div>
   <div class='ocr_carea' id='block_1_43' title="bbox 1000 2761 2606 2848">
    <p class='ocr_par' dir='ltr' id='par_1_43' title="bbox 1000 2761 2606 2848">
     <span class='ocr_line' id='line_1_43' title="bbox 1000 2761 2606 2848; baseline 0.013 -35"><span class='ocrx_word' id='word_1_288' title='bbox 1000 2761 1109 2815; x_wconf 87' lang='lat' dir='ltr'><strong>erit</strong></span> <span class='ocrx_word' id='word_1_289' title='bbox 1136 2762 1190 2815; x_wconf 92' lang='lat' dir='ltr'><strong>in</strong></span> <span class='ocrx_word' id='word_1_290' title='bbox 1213 2764 1295 2818; x_wconf 91' lang='lat' dir='ltr'><strong>eis</strong></span> <span class='ocrx_word' id='word_1_291' title='bbox 1315 2763 1455 2818; x_wconf 90' lang='lat' dir='ltr'><strong>ultra</strong></span> <span class='ocrx_word' id='word_1_292' title='bbox 1483 2782 1653 2832; x_wconf 90' lang='lat' dir='ltr'><strong>mors,</strong></span> <span class='ocrx_word' id='word_1_293' title='bbox 1684 2783 1863 2837; x_wconf 87' lang='lat' dir='ltr'><strong>neque</strong></span> <span class='ocrx_word' id='word_1_294' title='bbox 1886 2770 2170 2826; x_wconf 85' lang='lat' dir='ltr'><strong>sterilitas.</strong></span> <span class='ocrx_word' id='word_1_295' title='bbox 2205 2774 2423 2829; x_wconf 70' lang='lat' dir='ltr'><strong>Sanane</strong></span> <span class='ocrx_word' id='word_1_296' title='bbox 2472 2794 2606 2848; x_wconf 86' lang='lat' dir='ltr'><strong>ergo</strong></span> 
     </span>
    </p>
   </div>
   <div class='ocr_carea' id='block_1_44' title="bbox 1001 2856 2602 2934">
    <p class='ocr_par' dir='ltr' id='par_1_44' title="bbox 1001 2856 2602 2934">
     <span class='ocr_line' id='line_1_44' title="bbox 1001 2856 2602 2934; baseline 0.012 -32"><span class='ocrx_word' id='word_1_297' title='bbox 1001 2860 1130 2904; x_wconf 88' lang='lat' dir='ltr'><strong>sunt</strong></span> <span class='ocrx_word' id='word_1_298' title='bbox 1159 2867 1314 2921; x_wconf 79' lang='lat' dir='ltr'><strong>aqua:</strong></span> <span class='ocrx_word' id='word_1_299' title='bbox 1335 2869 1508 2923; x_wconf 90' lang='lat' dir='ltr'><strong>usque</strong></span> <span class='ocrx_word' id='word_1_300' title='bbox 1533 2856 1600 2909; x_wconf 88' lang='lat' dir='ltr'><strong>ad</strong></span> <span class='ocrx_word' id='word_1_301' title='bbox 1619 2858 1761 2912; x_wconf 87' lang='lat' dir='ltr'><strong>diem</strong></span> <span class='ocrx_word' id='word_1_302' title='bbox 1787 2859 1946 2924; x_wconf 90' lang='lat' dir='ltr'><strong>hanc,</strong></span> <span class='ocrx_word' id='word_1_303' title='bbox 1970 2861 2126 2930; x_wconf 82' lang='lat' dir='ltr'><strong>juxta</strong></span> <span class='ocrx_word' id='word_1_304' title='bbox 2161 2866 2384 2918; x_wconf 86' lang='lat' dir='ltr'><strong>verbum</strong></span> <span class='ocrx_word' id='word_1_305' title='bbox 2415 2868 2602 2934; x_wconf 88' lang='lat' dir='ltr'><strong>Elisei,</strong></span> 
     </span>
    </p>
   </div>
   <div class='ocr_carea' id='block_1_45' title="bbox 1001 2941 2602 3028">
    <p class='ocr_par' dir='ltr' id='par_1_45' title="bbox 1001 2941 2602 3028">
     <span class='ocr_line' id='line_1_45' title="bbox 1001 2941 2602 3028; baseline 0.015 -36"><span class='ocrx_word' id='word_1_306' title='bbox 1001 2941 1146 3008; x_wconf 85' lang='lat' dir='ltr'><strong>quod</strong></span> <span class='ocrx_word' id='word_1_307' title='bbox 1176 2941 1388 2998; x_wconf 86' lang='lat' dir='ltr'><strong>locutus</strong></span> <span class='ocrx_word' id='word_1_308' title='bbox 1408 2955 1494 2998; x_wconf 86' lang='lat' dir='ltr'><strong>est</strong></span> <span class='ocrx_word' id='word_1_309' title='bbox 1523 2945 1571 3014; x_wconf 88' lang='lat' dir='ltr'><strong>(I</strong></span> <span class='ocrx_word' id='word_1_310' title='bbox 1593 2945 1629 2998; x_wconf 80' lang='grc' dir='ltr'><strong><em>γ</em></strong></span> <span class='ocrx_word' id='word_1_311' title='bbox 1653 2947 1778 3018; x_wconf 80' lang='lat' dir='ltr'><strong>Reg.</strong></span> <span class='ocrx_word' id='word_1_312' title='bbox 1803 2950 1888 3020; x_wconf 89' lang='grc' dir='ltr'><strong>ιι).</strong></span> <span class='ocrx_word' id='word_1_313' title='bbox 1925 2971 1942 3002; x_wconf 79' lang='grc' dir='ltr'><strong>ι</strong></span> <span class='ocrx_word' id='word_1_314' title='bbox 1965 2951 2069 3007; x_wconf 83' lang='grc' dir='ltr'><strong>Ρει·</strong></span> <span class='ocrx_word' id='word_1_315' title='bbox 2094 2956 2236 3022; x_wconf 89' lang='lat' dir='ltr'><strong>quod</strong></span> <span class='ocrx_word' id='word_1_316' title='bbox 2262 2958 2602 3028; x_wconf 76' lang='lat' dir='ltr'><strong>designatur,</strong></span> 
     </span>
    </p>
   </div>
   <div class='ocr_carea' id='block_1_46' title="bbox 998 3029 2606 3112">
    <p class='ocr_par' dir='ltr' id='par_1_46' title="bbox 998 3029 2606 3112">
     <span class='ocr_line' id='line_1_46' title="bbox 998 3029 2606 3112; baseline 0.015 -30"><span class='ocrx_word' id='word_1_317' title='bbox 998 3029 1143 3098; x_wconf 84' lang='lat' dir='ltr'><strong>quod</strong></span> <span class='ocrx_word' id='word_1_318' title='bbox 1167 3047 1354 3086; x_wconf 88' lang='lat' dir='ltr'><strong>amara</strong></span> <span class='ocrx_word' id='word_1_319' title='bbox 1381 3036 1582 3089; x_wconf 84' lang='lat' dir='ltr'><strong>veteris</strong></span> <span class='ocrx_word' id='word_1_320' title='bbox 1607 3036 1741 3107; x_wconf 88' lang='lat' dir='ltr'><strong>legis</strong></span> <span class='ocrx_word' id='word_1_321' title='bbox 1777 3054 1916 3108; x_wconf 84' lang='lat' dir='ltr'><strong>aqua</strong></span> <span class='ocrx_word' id='word_1_322' title='bbox 1940 3057 2036 3110; x_wconf 91' lang='lat' dir='ltr'><strong>per</strong></span> <span class='ocrx_word' id='word_1_323' title='bbox 2062 3045 2398 3112; x_wconf 88' lang='lat' dir='ltr'><strong>spiritualem</strong></span> <span class='ocrx_word' id='word_1_324' title='bbox 2426 3049 2606 3106; x_wconf 83' lang='lat' dir='ltr'><strong>Evan-</strong></span> 
     </span>
    </p>
   </div>
   <div class='ocr_carea' id='block_1_47' title="bbox 1000 3120 2597 3197">
    <p class='ocr_par' dir='ltr' id='par_1_47' title="bbox 1000 3120 2597 3197">
     <span class='ocr_line' id='line_1_47' title="bbox 1000 3120 2597 3197; baseline 0.015 -24"><span class='ocrx_word' id='word_1_325' title='bbox 1000 3120 1128 3188; x_wconf 81' lang='lat' dir='ltr'><strong>gelii</strong></span> <span class='ocrx_word' id='word_1_326' title='bbox 1166 3123 1501 3180; x_wconf 88' lang='lat' dir='ltr'><strong>intellectum</strong></span> <span class='ocrx_word' id='word_1_327' title='bbox 1549 3137 1669 3181; x_wconf 90' lang='lat' dir='ltr'><strong>erat</strong></span> <span class='ocrx_word' id='word_1_328' title='bbox 1722 3129 1776 3183; x_wconf 92' lang='lat' dir='ltr'><strong>in</strong></span> <span class='ocrx_word' id='word_1_329' title='bbox 1827 3131 2170 3190; x_wconf 88' lang='lat' dir='ltr'><strong>dulcedinem</strong></span> <span class='ocrx_word' id='word_1_330' title='bbox 2208 3142 2597 3197; x_wconf 85' lang='lat' dir='ltr'><strong>convertenda.</strong></span> 
     </span>
    </p>
   </div>
   <div class='ocr_carea' id='block_1_48' title="bbox 999 3210 2798 3299">
    <p class='ocr_par' dir='ltr' id='par_1_48' title="bbox 999 3210 2798 3299">
     <span class='ocr_line' id='line_1_48' title="bbox 999 3210 2798 3299; baseline 0.012 -33"><span class='ocrx_word' id='word_1_331' title='bbox 999 3210 1279 3284; x_wconf 79' lang='lat' dir='ltr'><strong>Hyssopus</strong></span> <span class='ocrx_word' id='word_1_332' title='bbox 1305 3224 1512 3283; x_wconf 90' lang='lat' dir='ltr'><strong>autem,</strong></span> <span class='ocrx_word' id='word_1_333' title='bbox 1542 3220 1633 3288; x_wconf 83' lang='lat' dir='ltr'><strong>qui</strong></span> <span class='ocrx_word' id='word_1_334' title='bbox 1651 3222 1890 3290; x_wconf 91' lang='lat' dir='ltr'><strong>pectoris</strong></span> <span class='ocrx_word' id='word_1_335' title='bbox 1917 3241 2116 3281; x_wconf 87' lang='lat' dir='ltr'><strong>arcana</strong></span> <span class='ocrx_word' id='word_1_336' title='bbox 2141 3231 2414 3298; x_wconf 87' lang='lat' dir='ltr'><strong>puriticat,</strong></span> <span class='ocrx_word' id='word_1_337' title='bbox 2438 3233 2598 3290; x_wconf 77' lang='lat' dir='ltr'><strong>fidem</strong></span> <span class='ocrx_word' id='word_1_338' title='bbox 2628 3223 2676 3285; x_wconf 88' lang='lat' dir='ltr'><strong>C</strong></span> <span class='ocrx_word' id='word_1_339' title='bbox 2710 3262 2798 3299; x_wconf 79' lang='grc' dir='ltr'><strong>,ηυ</strong></span> 
     </span>
    </p>
   </div>
   <div class='ocr_carea' id='block_1_49' title="bbox 999 3300 2601 3390">
    <p class='ocr_par' dir='ltr' id='par_1_49' title="bbox 999 3300 2601 3390">
     <span class='ocr_line' id='line_1_49' title="bbox 999 3300 2601 3390; baseline 0.019 -36"><span class='ocrx_word' id='word_1_340' title='bbox 999 3300 1266 3374; x_wconf 83' lang='lat' dir='ltr'><strong>designat,</strong></span> <span class='ocrx_word' id='word_1_341' title='bbox 1298 3305 1366 3361; x_wconf 89' lang='lat' dir='ltr'><strong>de</strong></span> <span class='ocrx_word' id='word_1_342' title='bbox 1399 3323 1506 3377; x_wconf 88' lang='lat' dir='ltr'><strong>qua</strong></span> <span class='ocrx_word' id='word_1_343' title='bbox 1556 3310 1815 3367; x_wconf 91' lang='lat' dir='ltr'><strong>nimirum</strong></span> <span class='ocrx_word' id='word_1_344' title='bbox 1871 3316 2006 3371; x_wconf 88' lang='lat' dir='ltr'><strong>dicit</strong></span> <span class='ocrx_word' id='word_1_345' title='bbox 2037 3319 2367 3390; x_wconf 86' lang='lat' dir='ltr'><strong>Apostolus:</strong></span> <span class='ocrx_word' id='word_1_346' title='bbox 2413 3344 2431 3376; x_wconf 77' lang='grc' dir='ltr'><strong>ι</strong></span> <span class='ocrx_word' id='word_1_347' title='bbox 2463 3325 2601 3384; x_wconf 87' lang='lat' dir='ltr'><strong>Fide</strong></span> 
     </span>
    </p>
   </div>
   <div class='ocr_carea' id='block_1_50' title="bbox 996 3393 2597 3480">
    <p class='ocr_par' dir='ltr' id='par_1_50' title="bbox 996 3393 2597 3480">
     <span class='ocr_line' id='line_1_50' title="bbox 996 3393 2597 3480; baseline 0.018 -35"><span class='ocrx_word' id='word_1_348' title='bbox 996 3393 1294 3461; x_wconf 69' lang='lat' dir='ltr'><strong>mriﬂcans</strong></span> <span class='ocrx_word' id='word_1_349' title='bbox 1341 3399 1505 3453; x_wconf 88' lang='lat' dir='ltr'><strong>corda</strong></span> <span class='ocrx_word' id='word_1_350' title='bbox 1559 3403 2115 3480; x_wconf 57' lang='lat' dir='ltr'><strong>eorum-(Acan).</strong></span> <span class='ocrx_word' id='word_1_351' title='bbox 2184 3431 2203 3463; x_wconf 75' lang='grc' dir='ltr'><strong>ι</strong></span> <span class='ocrx_word' id='word_1_352' title='bbox 2278 3414 2335 3470; x_wconf 86' lang='lat' dir='ltr'><strong>In</strong></span> <span class='ocrx_word' id='word_1_353' title='bbox 2407 3419 2597 3474; x_wconf 89' lang='lat' dir='ltr'><strong>cinere</strong></span> 
     </span>
    </p>
   </div>
   <div class='ocr_carea' id='block_1_51' title="bbox 997 3487 2604 3571">
    <p class='ocr_par' dir='ltr' id='par_1_51' title="bbox 997 3487 2604 3571">
     <span class='ocr_line' id='line_1_51' title="bbox 997 3487 2604 3571; baseline 0.019 -34"><span class='ocrx_word' id='word_1_354' title='bbox 997 3496 1132 3540; x_wconf 83' lang='lat' dir='ltr'><strong>vero</strong></span> <span class='ocrx_word' id='word_1_355' title='bbox 1161 3487 1503 3558; x_wconf 84' lang='lat' dir='ltr'><strong>significatur</strong></span> <span class='ocrx_word' id='word_1_356' title='bbox 1523 3493 1824 3562; x_wconf 83' lang='lat' dir='ltr'><strong>humilitas,</strong></span> <span class='ocrx_word' id='word_1_357' title='bbox 1859 3515 1956 3568; x_wconf 91' lang='lat' dir='ltr'><strong>per</strong></span> <span class='ocrx_word' id='word_1_358' title='bbox 1973 3517 2139 3571; x_wconf 88' lang='lat' dir='ltr'><strong>quam</strong></span> <span class='ocrx_word' id='word_1_359' title='bbox 2168 3506 2380 3563; x_wconf 86' lang='lat' dir='ltr'><strong>scilicet</strong></span> <span class='ocrx_word' id='word_1_360' title='bbox 2431 3511 2604 3567; x_wconf 78' lang='lat' dir='ltr'><strong>Abra-</strong></span> 
     </span>
    </p>
   </div>
   <div class='ocr_carea' id='block_1_52' title="bbox 999 3575 2598 3665">
    <p class='ocr_par' dir='ltr' id='par_1_52' title="bbox 999 3575 2598 3665">
     <span class='ocr_line' id='line_1_52' title="bbox 999 3575 2598 3665; baseline 0.018 -34"><span class='ocrx_word' id='word_1_361' title='bbox 999 3575 1129 3632; x_wconf 78' lang='lat' dir='ltr'><strong>ham</strong></span> <span class='ocrx_word' id='word_1_362' title='bbox 1164 3579 1276 3636; x_wconf 89' lang='lat' dir='ltr'><strong>Deo</strong></span> <span class='ocrx_word' id='word_1_363' title='bbox 1323 3583 1661 3654; x_wconf 85' lang='lat' dir='ltr'><strong>colloquens,</strong></span> <span class='ocrx_word' id='word_1_364' title='bbox 1712 3591 1820 3645; x_wconf 89' lang='lat' dir='ltr'><strong>ait:</strong></span> <span class='ocrx_word' id='word_1_365' title='bbox 1855 3611 1874 3643; x_wconf 73' lang='grc' dir='ltr'><strong><em>α</em></strong></span> <span class='ocrx_word' id='word_1_366' title='bbox 1926 3594 2148 3665; x_wconf 84' lang='lat' dir='ltr'><strong>Loquar</strong></span> <span class='ocrx_word' id='word_1_367' title='bbox 2196 3602 2262 3653; x_wconf 90' lang='lat' dir='ltr'><strong>ad</strong></span> <span class='ocrx_word' id='word_1_368' title='bbox 2314 3601 2598 3660; x_wconf 89' lang='lat' dir='ltr'><strong>Dominum</strong></span> 
     </span>
    </p>
   </div>
   <div class='ocr_carea' id='block_1_53' title="bbox 997 3676 2602 3763">
    <p class='ocr_par' dir='ltr' id='par_1_53' title="bbox 997 3676 2602 3763">
     <span class='ocr_line' id='line_1_53' title="bbox 997 3676 2602 3763; baseline 0.018 -40"><span class='ocrx_word' id='word_1_369' title='bbox 997 3683 1204 3738; x_wconf 77' lang='lat' dir='ltr'><strong>meum,</strong></span> <span class='ocrx_word' id='word_1_370' title='bbox 1228 3690 1352 3729; x_wconf 90' lang='lat' dir='ltr'><strong>cum</strong></span> <span class='ocrx_word' id='word_1_371' title='bbox 1373 3676 1475 3732; x_wconf 92' lang='lat' dir='ltr'><strong>sim</strong></span> <span class='ocrx_word' id='word_1_372' title='bbox 1506 3681 1684 3748; x_wconf 86' lang='lat' dir='ltr'><strong>pulvis</strong></span> <span class='ocrx_word' id='word_1_373' title='bbox 1706 3691 1763 3737; x_wconf 90' lang='lat' dir='ltr'><strong>et</strong></span> <span class='ocrx_word' id='word_1_374' title='bbox 1812 3685 1952 3740; x_wconf 89' lang='lat' dir='ltr'><strong>cinis</strong></span> <span class='ocrx_word' id='word_1_375' title='bbox 2006 3685 2171 3754; x_wconf 84' lang='lat' dir='ltr'><strong>(Cen.</strong></span> <span class='ocrx_word' id='word_1_376' title='bbox 2201 3694 2392 3763; x_wconf 81' lang='lat' dir='ltr'><strong>xvm).</strong></span> <span class='ocrx_word' id='word_1_377' title='bbox 2429 3715 2446 3746; x_wconf 76' lang='grc' dir='ltr'><strong>ι</strong></span> <span class='ocrx_word' id='word_1_378' title='bbox 2495 3696 2602 3752; x_wconf 86' lang='grc' dir='ltr'><strong>Ρει·</strong></span> 
     </span>
    </p>
   </div>
   <div class='ocr_carea' id='block_1_54' title="bbox 997 3762 2598 3842">
    <p class='ocr_par' dir='ltr' id='par_1_54' title="bbox 997 3762 2598 3842">
     <span class='ocr_line' id='line_1_54' title="bbox 997 3762 2598 3842; baseline 0.017 -28"><span class='ocrx_word' id='word_1_379' title='bbox 997 3762 1237 3830; x_wconf 76' lang='lat' dir='ltr'><strong>speciem</strong></span> <span class='ocrx_word' id='word_1_380' title='bbox 1263 3781 1390 3822; x_wconf 86' lang='lat' dir='ltr'><strong>vero</strong></span> <span class='ocrx_word' id='word_1_381' title='bbox 1423 3771 1576 3824; x_wconf 89' lang='lat' dir='ltr'><strong>rubei</strong></span> <span class='ocrx_word' id='word_1_382' title='bbox 1602 3770 1911 3842; x_wconf 85' lang='lat' dir='ltr'><strong>fragminis,</strong></span> <span class='ocrx_word' id='word_1_383' title='bbox 1941 3777 2127 3834; x_wconf 81' lang='lat' dir='ltr'><strong>fervor</strong></span> <span class='ocrx_word' id='word_1_384' title='bbox 2149 3762 2394 3838; x_wconf 89' lang='lat' dir='ltr'><strong>innuitur</strong></span> <span class='ocrx_word' id='word_1_385' title='bbox 2417 3788 2598 3842; x_wconf 85' lang='lat' dir='ltr'><strong>chari-</strong></span> 
     </span>
    </p>
   </div>
   <div class='ocr_carea' id='block_1_55' title="bbox 997 3851 2596 3938">
    <p class='ocr_par' dir='ltr' id='par_1_55' title="bbox 997 3851 2596 3938">
     <span class='ocr_line' id='line_1_55' title="bbox 997 3851 2596 3938; baseline 0.019 -36"><span class='ocrx_word' id='word_1_386' title='bbox 997 3851 1148 3905; x_wconf 86' lang='lat' dir='ltr'><strong>tatis.</strong></span> <span class='ocrx_word' id='word_1_387' title='bbox 1179 3851 1319 3910; x_wconf 87' lang='lat' dir='ltr'><strong>Hinc</strong></span> <span class='ocrx_word' id='word_1_388' title='bbox 1342 3867 1427 3912; x_wconf 89' lang='lat' dir='ltr'><strong>est</strong></span> <span class='ocrx_word' id='word_1_389' title='bbox 1450 3861 1595 3929; x_wconf 92' lang='lat' dir='ltr'><strong>quod</strong></span> <span class='ocrx_word' id='word_1_390' title='bbox 1624 3860 1798 3918; x_wconf 83' lang='lat' dir='ltr'><strong>Adam</strong></span> <span class='ocrx_word' id='word_1_391' title='bbox 1830 3866 2032 3922; x_wconf 90' lang='lat' dir='ltr'><strong>dicitur</strong></span> <span class='ocrx_word' id='word_1_392' title='bbox 2059 3880 2205 3926; x_wconf 84' lang='lat' dir='ltr'><strong>terra</strong></span> <span class='ocrx_word' id='word_1_393' title='bbox 2236 3879 2414 3938; x_wconf 84' lang='lat' dir='ltr'><strong>rubra,</strong></span> <span class='ocrx_word' id='word_1_394' title='bbox 2445 3879 2596 3933; x_wconf 78' lang='lat' dir='ltr'><strong>vide-</strong></span> 
     </span>
    </p>
   </div>
   <div class='ocr_carea' id='block_1_56' title="bbox 997 3937 2597 4040">
    <p class='ocr_par' dir='ltr' id='par_1_56' title="bbox 997 3937 2597 4040">
     <span class='ocr_line' id='line_1_56' title="bbox 997 3937 2597 4040; baseline 0.019 -47"><span class='ocrx_word' id='word_1_395' title='bbox 997 3937 1126 3996; x_wconf 85' lang='lat' dir='ltr'><strong>licet</strong></span> <span class='ocrx_word' id='word_1_396' title='bbox 1154 3952 1209 3998; x_wconf 91' lang='grc' dir='ltr'><strong>ιιι</strong></span> <span class='ocrx_word' id='word_1_397' title='bbox 1233 3945 1285 4000; x_wconf 93' lang='lat' dir='ltr'><strong>in</strong></span> <span class='ocrx_word' id='word_1_398' title='bbox 1318 3950 1583 4006; x_wconf 87' lang='lat' dir='ltr'><strong>vocabulo</strong></span> <span class='ocrx_word' id='word_1_399' title='bbox 1606 3954 1766 4022; x_wconf 89' lang='lat' dir='ltr'><strong>primi</strong></span> <span class='ocrx_word' id='word_1_400' title='bbox 1801 3957 2037 4015; x_wconf 84' lang='lat' dir='ltr'><strong>hominis</strong></span> <span class='ocrx_word' id='word_1_401' title='bbox 2068 3962 2231 4020; x_wconf 87' lang='lat' dir='ltr'><strong>homo</strong></span> <span class='ocrx_word' id='word_1_402' title='bbox 2264 3937 2435 4022; x_wconf 60' lang='lat' dir='ltr'><strong>discat</strong></span> <span class='ocrx_word' id='word_1_403' title='bbox 2468 3985 2597 4040; x_wconf 87' lang='lat' dir='ltr'><strong>qua-</strong></span> 
     </span>
    </p>
   </div>
   <div class='ocr_carea' id='block_1_57' title="bbox 997 4037 2597 4126">
    <p class='ocr_par' dir='ltr' id='par_1_57' title="bbox 997 4037 2597 4126">
     <span class='ocr_line' id='line_1_57' title="bbox 997 4037 2597 4126; baseline 0.023 -46"><span class='ocrx_word' id='word_1_404' title='bbox 997 4037 1179 4096; x_wconf 87' lang='lat' dir='ltr'><strong>tenus,</strong></span> <span class='ocrx_word' id='word_1_405' title='bbox 1211 4037 1336 4104; x_wconf 92' lang='lat' dir='ltr'><strong>quia</strong></span> <span class='ocrx_word' id='word_1_406' title='bbox 1367 4046 1510 4094; x_wconf 89' lang='lat' dir='ltr'><strong>terra</strong></span> <span class='ocrx_word' id='word_1_407' title='bbox 1540 4054 1644 4108; x_wconf 88' lang='lat' dir='ltr'><strong>est,</strong></span> <span class='ocrx_word' id='word_1_408' title='bbox 1678 4045 1958 4103; x_wconf 91' lang='lat' dir='ltr'><strong>humiliter</strong></span> <span class='ocrx_word' id='word_1_409' title='bbox 1980 4053 2165 4118; x_wconf 87' lang='lat' dir='ltr'><strong>vivat;</strong></span> <span class='ocrx_word' id='word_1_410' title='bbox 2193 4065 2247 4110; x_wconf 91' lang='lat' dir='ltr'><strong>et</strong></span> <span class='ocrx_word' id='word_1_411' title='bbox 2276 4059 2402 4126; x_wconf 88' lang='lat' dir='ltr'><strong>quia</strong></span> <span class='ocrx_word' id='word_1_412' title='bbox 2433 4037 2597 4116; x_wconf 78' lang='lat' dir='ltr'><strong>ruber</strong></span> 
     </span>
    </p>
   </div>
   <div class='ocr_carea' id='block_1_58' title="bbox 995 4119 2590 4218">
    <p class='ocr_par' dir='ltr' id='par_1_58' title="bbox 995 4119 2590 4218">
     <span class='ocr_line' id='line_1_58' title="bbox 995 4119 2590 4218; baseline 0.021 -45"><span class='ocrx_word' id='word_1_413' title='bbox 995 4119 1219 4188; x_wconf 87' lang='lat' dir='ltr'><strong>dicitur,</strong></span> <span class='ocrx_word' id='word_1_414' title='bbox 1246 4141 1276 4178; x_wconf 80' lang='grc' dir='ltr'><strong>ιι</strong></span> <span class='ocrx_word' id='word_1_415' title='bbox 1306 4126 1522 4185; x_wconf 89' lang='lat' dir='ltr'><strong>fervore</strong></span> <span class='ocrx_word' id='word_1_416' title='bbox 1569 4135 1855 4192; x_wconf 85' lang='lat' dir='ltr'><strong>cbaritatis</strong></span> <span class='ocrx_word' id='word_1_417' title='bbox 1895 4143 2126 4210; x_wconf 78' lang='lat' dir='ltr'><strong>geminae</strong></span> <span class='ocrx_word' id='word_1_418' title='bbox 2174 4119 2590 4218; x_wconf 49' lang='lat' dir='ltr'><strong>non-tepescat.</strong></span> 
     </span>
    </p>
   </div>
   <div class='ocr_carea' id='block_1_59' title="bbox 994 4207 2592 4299">
    <p class='ocr_par' dir='ltr' id='par_1_59' title="bbox 994 4207 2592 4299">
     <span class='ocr_line' id='line_1_59' title="bbox 994 4207 2592 4299; baseline 0.023 -36"><span class='ocrx_word' id='word_1_419' title='bbox 994 4207 1129 4280; x_wconf 79' lang='lat' dir='ltr'><strong>Quae</strong></span> <span class='ocrx_word' id='word_1_420' title='bbox 1150 4215 1358 4272; x_wconf 76' lang='lat' dir='ltr'><strong>scilicet</strong></span> <span class='ocrx_word' id='word_1_421' title='bbox 1387 4224 1569 4277; x_wconf 82' lang='lat' dir='ltr'><strong>omnia</strong></span> <span class='ocrx_word' id='word_1_422' title='bbox 1592 4225 1796 4282; x_wconf 89' lang='lat' dir='ltr'><strong>idcirco</strong></span> <span class='ocrx_word' id='word_1_423' title='bbox 1845 4207 1920 4284; x_wconf 38' lang='lat' dir='ltr'><strong>in-</strong></span> <span class='ocrx_word' id='word_1_424' title='bbox 1948 4235 2290 4293; x_wconf 73' lang='lat' dir='ltr'><strong>dedicatione</strong></span> <span class='ocrx_word' id='word_1_425' title='bbox 2339 4207 2592 4299; x_wconf 68' lang='lat' dir='ltr'><strong>Ecclesiae</strong></span> 
     </span>
    </p>
   </div>
   <div class='ocr_carea' id='block_1_60' title="bbox 996 4301 2594 4399">
    <p class='ocr_par' dir='ltr' id='par_1_60' title="bbox 996 4301 2594 4399">
     <span class='ocr_line' id='line_1_60' title="bbox 996 4301 2594 4399; baseline 0.021 -40"><span class='ocrx_word' id='word_1_426' title='bbox 996 4301 1284 4364; x_wconf 80' lang='lat' dir='ltr'><strong>visibiliter</strong></span> <span class='ocrx_word' id='word_1_427' title='bbox 1306 4311 1698 4383; x_wconf 84' lang='lat' dir='ltr'><strong>admiscentur,</strong></span> <span class='ocrx_word' id='word_1_428' title='bbox 1749 4329 1808 4373; x_wconf 93' lang='lat' dir='ltr'><strong>ut</strong></span> <span class='ocrx_word' id='word_1_429' title='bbox 1842 4337 1942 4377; x_wconf 92' lang='lat' dir='ltr'><strong>nos</strong></span> <span class='ocrx_word' id='word_1_430' title='bbox 1973 4339 2164 4382; x_wconf 90' lang='lat' dir='ltr'><strong>eorum</strong></span> <span class='ocrx_word' id='word_1_431' title='bbox 2193 4332 2482 4399; x_wconf 90' lang='lat' dir='ltr'><strong>mysticum</strong></span> <span class='ocrx_word' id='word_1_432' title='bbox 2516 4338 2594 4391; x_wconf 84' lang='lat' dir='ltr'><strong>in-</strong></span> 
     </span>
    </p>
   </div>
   <div class='ocr_carea' id='block_1_61' title="bbox 997 4398 2592 4482">
    <p class='ocr_par' dir='ltr' id='par_1_61' title="bbox 997 4398 2592 4482">
     <span class='ocr_line' id='line_1_61' title="bbox 997 4398 2592 4482; baseline 0.02 -31"><span class='ocrx_word' id='word_1_433' title='bbox 997 4398 1273 4456; x_wconf 85' lang='lat' dir='ltr'><strong>tellectum</strong></span> <span class='ocrx_word' id='word_1_434' title='bbox 1299 4400 1352 4457; x_wconf 78' lang='lat' dir='ltr'><strong>in</strong></span> <span class='ocrx_word' id='word_1_435' title='bbox 1394 4415 1576 4459; x_wconf 88' lang='lat' dir='ltr'><strong>mente</strong></span> <span class='ocrx_word' id='word_1_436' title='bbox 1603 4418 1788 4465; x_wconf 90' lang='lat' dir='ltr'><strong>nostra</strong></span> <span class='ocrx_word' id='word_1_437' title='bbox 1818 4416 2116 4474; x_wconf 88' lang='lat' dir='ltr'><strong>recondere</strong></span> <span class='ocrx_word' id='word_1_438' title='bbox 2162 4398 2477 4479; x_wconf 66' lang='lat' dir='ltr'><strong>doceamur.</strong></span> <span class='ocrx_word' id='word_1_439' title='bbox 2527 4429 2592 4482; x_wconf 78' lang='lat' dir='ltr'><strong>Et</strong></span> 
     </span>
    </p>
   </div>
   <div class='ocr_carea' id='block_1_62' title="bbox 995 4489 2591 4587">
    <p class='ocr_par' dir='ltr' id='par_1_62' title="bbox 995 4489 2591 4587">
     <span class='ocr_line' id='line_1_62' title="bbox 995 4489 2591 4587; baseline 0.023 -47"><span class='ocrx_word' id='word_1_440' title='bbox 995 4489 1122 4555; x_wconf 88' lang='lat' dir='ltr'><strong>quia</strong></span> <span class='ocrx_word' id='word_1_441' title='bbox 1146 4506 1245 4546; x_wconf 93' lang='lat' dir='ltr'><strong>nos</strong></span> <span class='ocrx_word' id='word_1_442' title='bbox 1275 4494 1462 4564; x_wconf 90' lang='lat' dir='ltr'><strong>utique</strong></span> <span class='ocrx_word' id='word_1_443' title='bbox 1488 4513 1677 4555; x_wconf 86' lang='lat' dir='ltr'><strong>sumus</strong></span> <span class='ocrx_word' id='word_1_444' title='bbox 1695 4501 1958 4570; x_wconf 86' lang='lat' dir='ltr'><strong>Ecclesia,</strong></span> <span class='ocrx_word' id='word_1_445' title='bbox 1984 4523 2084 4577; x_wconf 90' lang='lat' dir='ltr'><strong>per</strong></span> <span class='ocrx_word' id='word_1_446' title='bbox 2106 4513 2349 4571; x_wconf 89' lang='lat' dir='ltr'><strong>visibiles</strong></span> <span class='ocrx_word' id='word_1_447' title='bbox 2380 4521 2591 4587; x_wconf 85' lang='lat' dir='ltr'><strong>species</strong></span> 
     </span>
    </p>
   </div>
   <div class='ocr_carea' id='block_1_63' title="bbox 995 4578 2670 4675">
    <p class='ocr_par' dir='ltr' id='par_1_63' title="bbox 995 4578 2670 4675">
     <span class='ocr_line' id='line_1_63' title="bbox 995 4578 2670 4675; baseline 0.023 -44"><span class='ocrx_word' id='word_1_448' title='bbox 995 4588 1159 4649; x_wconf 90' lang='lat' dir='ltr'><strong>atque</strong></span> <span class='ocrx_word' id='word_1_449' title='bbox 1188 4596 1480 4655; x_wconf 83' lang='lat' dir='ltr'><strong>corporeas</strong></span> <span class='ocrx_word' id='word_1_450' title='bbox 1498 4594 1726 4664; x_wconf 83' lang='lat' dir='ltr'><strong>mystice</strong></span> <span class='ocrx_word' id='word_1_451' title='bbox 1747 4594 2066 4667; x_wconf 77' lang='lat' dir='ltr'><strong>designatur</strong></span> <span class='ocrx_word' id='word_1_452' title='bbox 2085 4617 2206 4671; x_wconf 70' lang='lat' dir='ltr'><strong>qum</strong></span> <span class='ocrx_word' id='word_1_453' title='bbox 2223 4578 2590 4675; x_wconf 71' lang='lat' dir='ltr'><strong>spiritualium</strong></span> <span class='ocrx_word' id='word_1_454' title='bbox 2621 4578 2670 4637; x_wconf 71' lang='grc' dir='ltr'>υ</span> 
     </span>
    </p>
   </div>
   <div class='ocr_carea' id='block_1_64' title="bbox 995 4671 2592 4762">
    <p class='ocr_par' dir='ltr' id='par_1_64' title="bbox 995 4671 2592 4762">
     <span class='ocr_line' id='line_1_64' title="bbox 995 4671 2592 4762; baseline 0.024 -38"><span class='ocrx_word' id='word_1_455' title='bbox 995 4671 1253 4731; x_wconf 85' lang='lat' dir='ltr'><strong>virtutum</strong></span> <span class='ocrx_word' id='word_1_456' title='bbox 1274 4680 1431 4737; x_wconf 90' lang='lat' dir='ltr'><strong>nobis</strong></span> <span class='ocrx_word' id='word_1_457' title='bbox 1459 4683 1635 4742; x_wconf 75' lang='lat' dir='ltr'><strong>inesse</strong></span> <span class='ocrx_word' id='word_1_458' title='bbox 1655 4685 1888 4745; x_wconf 86' lang='lat' dir='ltr'><strong>debeant</strong></span> <span class='ocrx_word' id='word_1_459' title='bbox 1938 4671 2301 4756; x_wconf 72' lang='lat' dir='ltr'><strong>sacramenta.</strong></span> <span class='ocrx_word' id='word_1_460' title='bbox 2328 4701 2456 4758; x_wconf 67' lang='lat' dir='ltr'><strong>llaec</strong></span> <span class='ocrx_word' id='word_1_461' title='bbox 2509 4706 2592 4762; x_wconf 90' lang='lat' dir='ltr'><strong>in-</strong></span> 
     </span>
    </p>
   </div>
   <div class='ocr_carea' id='block_1_65' title="bbox 995 4764 2590 4860">
    <p class='ocr_par' dir='ltr' id='par_1_65' title="bbox 995 4764 2590 4860">
     <span class='ocr_line' id='line_1_65' title="bbox 995 4764 2590 4860; baseline 0.025 -46"><span class='ocrx_word' id='word_1_462' title='bbox 995 4764 1155 4818; x_wconf 87' lang='lat' dir='ltr'><strong>terim</strong></span> <span class='ocrx_word' id='word_1_463' title='bbox 1190 4781 1284 4822; x_wconf 89' lang='lat' dir='ltr'><strong>vos</strong></span> <span class='ocrx_word' id='word_1_464' title='bbox 1316 4785 1474 4828; x_wconf 91' lang='lat' dir='ltr'><strong>nosse</strong></span> <span class='ocrx_word' id='word_1_465' title='bbox 1528 4777 1777 4844; x_wconf 73' lang='lat' dir='ltr'><strong>suiﬁciat,</strong></span> <span class='ocrx_word' id='word_1_466' title='bbox 1810 4789 1870 4836; x_wconf 91' lang='lat' dir='ltr'><strong>ut</strong></span> <span class='ocrx_word' id='word_1_467' title='bbox 1899 4799 1999 4852; x_wconf 88' lang='lat' dir='ltr'><strong>per</strong></span> <span class='ocrx_word' id='word_1_468' title='bbox 2043 4787 2158 4844; x_wconf 76' lang='lat' dir='ltr'><strong>bzec</strong></span> <span class='ocrx_word' id='word_1_469' title='bbox 2186 4806 2307 4860; x_wconf 77' lang='lat' dir='ltr'><strong>qua:</strong></span> <span class='ocrx_word' id='word_1_470' title='bbox 2355 4795 2590 4854; x_wconf 83' lang='lat' dir='ltr'><strong>dicimus</strong></span> 
     </span>
    </p>
   </div>
   <div class='ocr_carea' id='block_1_66' title="bbox 990 4853 2155 4942">
    <p class='ocr_par' dir='ltr' id='par_1_66' title="bbox 990 4853 2155 4942">
     <span class='ocr_line' id='line_1_66' title="bbox 990 4853 2155 4942; baseline 0.025 -37"><span class='ocrx_word' id='word_1_471' title='bbox 990 4853 1220 4912; x_wconf 85' lang='lat' dir='ltr'><strong>valeatis</strong></span> <span class='ocrx_word' id='word_1_472' title='bbox 1247 4869 1300 4916; x_wconf 91' lang='grc' dir='ltr'><strong>ει</strong></span> <span class='ocrx_word' id='word_1_473' title='bbox 1328 4862 1413 4916; x_wconf 90' lang='lat' dir='ltr'><strong>illa</strong></span> <span class='ocrx_word' id='word_1_474' title='bbox 1451 4867 1721 4935; x_wconf 88' lang='lat' dir='ltr'><strong>conjicere</strong></span> <span class='ocrx_word' id='word_1_475' title='bbox 1745 4888 1864 4942; x_wconf 74' lang='lat' dir='ltr'><strong>quzc</strong></span> <span class='ocrx_word' id='word_1_476' title='bbox 1896 4885 2155 4936; x_wconf 87' lang='lat' dir='ltr'><strong>tacemus.</strong></span> 
     </span>
    </p>
   </div>
   <div class='ocr_carea' id='block_1_67' title="bbox 1069 4944 2590 5041">
    <p class='ocr_par' dir='ltr' id='par_1_67' title="bbox 1069 4944 2590 5041">
     <span class='ocr_line' id='line_1_67' title="bbox 1069 4944 2590 5041; baseline 0.026 -41"><span class='ocrx_word' id='word_1_477' title='bbox 1069 4944 1274 5004; x_wconf 86' lang='lat' dir='ltr'><strong>Videtis</strong></span> <span class='ocrx_word' id='word_1_478' title='bbox 1303 4963 1588 5022; x_wconf 68' lang='lat' dir='ltr'><strong>praeterea,</strong></span> <span class='ocrx_word' id='word_1_479' title='bbox 1635 4959 2000 5034; x_wconf 90' lang='lat' dir='ltr'><strong>dilectissimi,</strong></span> <span class='ocrx_word' id='word_1_480' title='bbox 2044 4974 2168 5041; x_wconf 90' lang='lat' dir='ltr'><strong>quia</strong></span> <span class='ocrx_word' id='word_1_481' title='bbox 2221 4977 2442 5035; x_wconf 90' lang='lat' dir='ltr'><strong>basilica</strong></span> <span class='ocrx_word' id='word_1_482' title='bbox 2486 4983 2590 5040; x_wconf 88' lang='lat' dir='ltr'><strong>ista</strong></span> 
     </span>
    </p>
   </div>
   <div class='ocr_carea' id='block_1_68' title="bbox 992 5041 2591 5138">
    <p class='ocr_par' dir='ltr' id='par_1_68' title="bbox 992 5041 2591 5138">
     <span class='ocr_line' id='line_1_68' title="bbox 992 5041 2591 5138; baseline 0.026 -49"><span class='ocrx_word' id='word_1_483' title='bbox 992 5047 1216 5138; x_wconf 68' lang='lat' dir='ltr'><strong>constat</strong></span> <span class='ocrx_word' id='word_1_484' title='bbox 1241 5041 1510 5115; x_wconf 89' lang='lat' dir='ltr'><strong>lapidibus</strong></span> <span class='ocrx_word' id='word_1_485' title='bbox 1532 5058 1588 5103; x_wconf 90' lang='lat' dir='ltr'><strong>et</strong></span> <span class='ocrx_word' id='word_1_486' title='bbox 1615 5066 1898 5121; x_wconf 62' lang='lat' dir='ltr'><strong>cremento,</strong></span> <span class='ocrx_word' id='word_1_487' title='bbox 1948 5063 2090 5130; x_wconf 90' lang='lat' dir='ltr'><strong>quod</strong></span> <span class='ocrx_word' id='word_1_488' title='bbox 2125 5066 2169 5119; x_wconf 93' lang='lat' dir='ltr'><strong>si</strong></span> <span class='ocrx_word' id='word_1_489' title='bbox 2222 5071 2449 5138; x_wconf 88' lang='lat' dir='ltr'><strong>parietis</strong></span> <span class='ocrx_word' id='word_1_490' title='bbox 2477 5091 2591 5131; x_wconf 81' lang='lat' dir='ltr'><strong>ma-</strong></span> 
     </span>
    </p>
   </div>
   <div class='ocr_carea' id='block_1_69' title="bbox 990 5123 2588 5234">
    <p class='ocr_par' dir='ltr' id='par_1_69' title="bbox 990 5123 2588 5234">
     <span class='ocr_line' id='line_1_69' title="bbox 990 5123 2588 5234; baseline 0.025 -54"><span class='ocrx_word' id='word_1_491' title='bbox 990 5123 1153 5182; x_wconf 83' lang='lat' dir='ltr'><strong>cbina</strong></span> <span class='ocrx_word' id='word_1_492' title='bbox 1181 5130 1232 5184; x_wconf 91' lang='lat' dir='ltr'><strong>in</strong></span> <span class='ocrx_word' id='word_1_493' title='bbox 1264 5132 1370 5188; x_wconf 89' lang='lat' dir='ltr'><strong>alta</strong></span> <span class='ocrx_word' id='word_1_494' title='bbox 1399 5150 1460 5191; x_wconf 91' lang='lat' dir='ltr'><strong>se</strong></span> <span class='ocrx_word' id='word_1_495' title='bbox 1474 5140 1763 5211; x_wconf 80' lang='lat' dir='ltr'><strong>subrigens</strong></span> <span class='ocrx_word' id='word_1_496' title='bbox 1784 5147 2588 5234; x_wconf 76' lang='lat' dir='ltr'><strong>solislapidibuscoacen&#39;atur,</strong></span> 
     </span>
    </p>
   </div>
   <div class='ocr_carea' id='block_1_70' title="bbox 989 5218 2590 5317">
    <p class='ocr_par' dir='ltr' id='par_1_70' title="bbox 989 5218 2590 5317">
     <span class='ocr_line' id='line_1_70' title="bbox 989 5218 2590 5317; baseline 0.025 -47"><span class='ocrx_word' id='word_1_497' title='bbox 989 5225 1048 5272; x_wconf 86' lang='lat' dir='ltr'><strong>et</strong></span> <span class='ocrx_word' id='word_1_498' title='bbox 1071 5218 1237 5276; x_wconf 89' lang='lat' dir='ltr'><strong>calcis</strong></span> <span class='ocrx_word' id='word_1_499' title='bbox 1264 5239 1328 5278; x_wconf 90' lang='lat' dir='ltr'><strong>ac</strong></span> <span class='ocrx_word' id='word_1_500' title='bbox 1359 5228 1530 5283; x_wconf 85' lang='lat' dir='ltr'><strong>sabuli</strong></span> <span class='ocrx_word' id='word_1_501' title='bbox 1559 5232 1763 5300; x_wconf 90' lang='lat' dir='ltr'><strong>glutine</strong></span> <span class='ocrx_word' id='word_1_502' title='bbox 1796 5253 1904 5293; x_wconf 89' lang='lat' dir='ltr'><strong>non</strong></span> <span class='ocrx_word' id='word_1_503' title='bbox 1935 5218 2318 5317; x_wconf 82' lang='lat' dir='ltr'><strong>obstringitur,</strong></span> <span class='ocrx_word' id='word_1_504' title='bbox 2351 5253 2420 5306; x_wconf 87' lang='lat' dir='ltr'><strong>ad</strong></span> <span class='ocrx_word' id='word_1_505' title='bbox 2470 5218 2590 5309; x_wconf 64' lang='lat' dir='ltr'><strong>vio:</strong></span> 
     </span>
    </p>
   </div>
   <div class='ocr_carea' id='block_1_71' title="bbox 991 5305 2593 5404">
    <p class='ocr_par' dir='ltr' id='par_1_71' title="bbox 991 5305 2593 5404">
     <span class='ocr_line' id='line_1_71' title="bbox 991 5305 2593 5404; baseline 0.027 -43"><span class='ocrx_word' id='word_1_506' title='bbox 991 5305 1171 5366; x_wconf 64' lang='lat' dir='ltr'><strong>lentiae</strong></span> <span class='ocrx_word' id='word_1_507' title='bbox 1199 5313 1486 5382; x_wconf 84' lang='lat' dir='ltr'><strong>cujuslibet</strong></span> <span class='ocrx_word' id='word_1_508' title='bbox 1516 5321 1775 5393; x_wconf 86' lang='lat' dir='ltr'><strong>impetum</strong></span> <span class='ocrx_word' id='word_1_509' title='bbox 1805 5332 2070 5402; x_wconf 89' lang='lat' dir='ltr'><strong>quidquid</strong></span> <span class='ocrx_word' id='word_1_510' title='bbox 2099 5305 2477 5400; x_wconf 72' lang='lat' dir='ltr'><strong>constructum</strong></span> <span class='ocrx_word' id='word_1_511' title='bbox 2509 5359 2593 5404; x_wconf 81' lang='lat' dir='ltr'><strong>est</strong></span> 
     </span>
    </p>
   </div>
   <div class='ocr_carea' id='block_1_72' title="bbox 990 5411 2587 5510">
    <p class='ocr_par' dir='ltr' id='par_1_72' title="bbox 990 5411 2587 5510">
     <span class='ocr_line' id='line_1_72' title="bbox 990 5411 2587 5510; baseline 0.025 -55"><span class='ocrx_word' id='word_1_512' title='bbox 990 5413 1218 5460; x_wconf 84' lang='lat' dir='ltr'><strong>necesse</strong></span> <span class='ocrx_word' id='word_1_513' title='bbox 1242 5416 1327 5461; x_wconf 88' lang='lat' dir='ltr'><strong>est</strong></span> <span class='ocrx_word' id='word_1_514' title='bbox 1354 5411 1670 5470; x_wconf 86' lang='lat' dir='ltr'><strong>subruatur.</strong></span> <span class='ocrx_word' id='word_1_515' title='bbox 1699 5419 1838 5485; x_wconf 86' lang='lat' dir='ltr'><strong>Quid</strong></span> <span class='ocrx_word' id='word_1_516' title='bbox 1866 5436 1950 5478; x_wconf 82' lang='lat' dir='ltr'><strong>est</strong></span> <span class='ocrx_word' id='word_1_517' title='bbox 1972 5428 2117 5484; x_wconf 87' lang='lat' dir='ltr'><strong>aliud</strong></span> <span class='ocrx_word' id='word_1_518' title='bbox 2166 5435 2422 5504; x_wconf 87' lang='lat' dir='ltr'><strong>templum</strong></span> <span class='ocrx_word' id='word_1_519' title='bbox 2471 5439 2587 5510; x_wconf 88' lang='lat' dir='ltr'><strong>Dei,</strong></span> 
     </span>
    </p>
   </div>
   <div class='ocr_carea' id='block_1_73' title="bbox 991 5497 2591 5599">
    <p class='ocr_par' dir='ltr' id='par_1_73' title="bbox 991 5497 2591 5599">
     <span class='ocr_line' id='line_1_73' title="bbox 991 5497 2591 5599; baseline 0.026 -47"><span class='ocrx_word' id='word_1_520' title='bbox 991 5497 1096 5554; x_wconf 82' lang='lat' dir='ltr'><strong>nisi</strong></span> <span class='ocrx_word' id='word_1_521' title='bbox 1128 5503 1357 5573; x_wconf 90' lang='lat' dir='ltr'><strong>populus</strong></span> <span class='ocrx_word' id='word_1_522' title='bbox 1382 5507 1522 5599; x_wconf 83' lang='lat' dir='ltr'><strong>Dei?</strong></span> <span class='ocrx_word' id='word_1_523' title='bbox 1557 5512 1790 5584; x_wconf 81' lang='lat' dir='ltr'><strong>Lapides</strong></span> <span class='ocrx_word' id='word_1_524' title='bbox 1821 5520 1923 5575; x_wconf 89' lang='lat' dir='ltr'><strong>nisi</strong></span> <span class='ocrx_word' id='word_1_525' title='bbox 1983 5523 2231 5583; x_wconf 89' lang='lat' dir='ltr'><strong>homines</strong></span> <span class='ocrx_word' id='word_1_526' title='bbox 2247 5497 2291 5583; x_wconf 46' lang='lat'><strong>?-</strong></span> <span class='ocrx_word' id='word_1_527' title='bbox 2319 5533 2458 5599; x_wconf 83' lang='lat' dir='ltr'><strong>Quid</strong></span> <span class='ocrx_word' id='word_1_528' title='bbox 2488 5497 2591 5592; x_wconf 63' lang='lat' dir='ltr'><strong>cae:</strong></span> 
     </span>
    </p>
   </div>
   <div class='ocr_carea' id='block_1_74' title="bbox 991 5597 2589 5686">
    <p class='ocr_par' dir='ltr' id='par_1_74' title="bbox 991 5597 2589 5686">
     <span class='ocr_line' id='line_1_74' title="bbox 991 5597 2589 5686; baseline 0.028 -45"><span class='ocrx_word' id='word_1_529' title='bbox 991 5599 1259 5686; x_wconf 64' lang='lat' dir='ltr'><strong>mentum,</strong></span> <span class='ocrx_word' id='word_1_530' title='bbox 1291 5597 1392 5651; x_wconf 90' lang='lat' dir='ltr'><strong>nisi</strong></span> <span class='ocrx_word' id='word_1_531' title='bbox 1423 5607 1576 5657; x_wconf 79' lang='lat' dir='ltr'><strong>tenax</strong></span> <span class='ocrx_word' id='word_1_532' title='bbox 1605 5608 1888 5678; x_wconf 87' lang='lat' dir='ltr'><strong>coagulum</strong></span> <span class='ocrx_word' id='word_1_533' title='bbox 1925 5613 2252 5673; x_wconf 84' lang='lat' dir='ltr'><strong>charitatis?</strong></span> <span class='ocrx_word' id='word_1_534' title='bbox 2276 5597 2430 5680; x_wconf 79' lang='lat' dir='ltr'><strong>Unde</strong></span> <span class='ocrx_word' id='word_1_535' title='bbox 2455 5629 2589 5686; x_wconf 86' lang='lat' dir='ltr'><strong>dicit</strong></span> 
     </span>
    </p>
   </div>
   <div class='ocr_carea' id='block_1_75' title="bbox 989 5676 2586 5776">
    <p class='ocr_par' dir='ltr' id='par_1_75' title="bbox 989 5676 2586 5776">
     <span class='ocr_line' id='line_1_75' title="bbox 989 5676 2586 5776; baseline 0.029 -46"><span class='ocrx_word' id='word_1_536' title='bbox 989 5676 1308 5776; x_wconf 67' lang='lat' dir='ltr'><strong>Apostolus:</strong></span> <span class='ocrx_word' id='word_1_537' title='bbox 1340 5705 1358 5738; x_wconf 75' lang='grc' dir='ltr'><strong>ι</strong></span> <span class='ocrx_word' id='word_1_538' title='bbox 1377 5676 2010 5769; x_wconf 33' lang='lat' dir='ltr'><strong>Cbaritatem&#39;habentes,</strong></span> <span class='ocrx_word' id='word_1_539' title='bbox 2035 5710 2178 5776; x_wconf 79' lang='lat' dir='ltr'><strong>quod</strong></span> <span class='ocrx_word' id='word_1_540' title='bbox 2201 5676 2586 5776; x_wconf 60' lang='lat' dir='ltr'><strong>estvinculum</strong></span> 
     </span>
    </p>
   </div>
   <div class='ocr_carea' id='block_1_76' title="bbox 987 5769 2585 5870">
    <p class='ocr_par' dir='ltr' id='par_1_76' title="bbox 987 5769 2585 5870">
     <span class='ocr_line' id='line_1_76' title="bbox 987 5769 2585 5870; baseline 0.029 -48"><span class='ocrx_word' id='word_1_541' title='bbox 987 5769 1340 5838; x_wconf 77' lang='lat' dir='ltr'><strong>perfectionis</strong></span> <span class='ocrx_word' id='word_1_542' title='bbox 1362 5778 1514 5842; x_wconf 84' lang='lat' dir='ltr'><strong>(Col.</strong></span> <span class='ocrx_word' id='word_1_543' title='bbox 1547 5790 1664 5856; x_wconf 90' lang='grc' dir='ltr'><strong>ιιι).</strong></span> <span class='ocrx_word' id='word_1_544' title='bbox 1713 5807 1732 5842; x_wconf 81' lang='grc' dir='ltr'><strong>ι</strong></span> <span class='ocrx_word' id='word_1_545' title='bbox 1760 5769 2067 5868; x_wconf 76' lang='lat' dir='ltr'><strong>Sicutergo</strong></span> <span class='ocrx_word' id='word_1_546' title='bbox 2084 5805 2308 5862; x_wconf 83' lang='lat' dir='ltr'><strong>muralis</strong></span> 
     </span>
    </p>
   </div>
   <div class='ocr_carea' id='block_1_77' title="bbox 2707 1953 4330 2023">
    <p class='ocr_par' dir='ltr' id='par_1_77' title="bbox 2707 1953 4330 2023">
     <span class='ocr_line' id='line_1_77' title="bbox 2707 1953 4330 2023; baseline 0.007 -15"><span class='ocrx_word' id='word_1_547' title='bbox 2707 1961 2844 2008; x_wconf 86' lang='lat' dir='ltr'><strong>stus.</strong></span> <span class='ocrx_word' id='word_1_548' title='bbox 2862 1953 2953 2008; x_wconf 91' lang='lat' dir='ltr'><strong>Sic</strong></span> <span class='ocrx_word' id='word_1_549' title='bbox 2975 1968 3043 2008; x_wconf 80' lang='lat' dir='ltr'><strong>ex</strong></span> <span class='ocrx_word' id='word_1_550' title='bbox 3065 1954 3351 2023; x_wconf 87' lang='lat' dir='ltr'><strong>utriusque</strong></span> <span class='ocrx_word' id='word_1_551' title='bbox 3379 1971 3523 2010; x_wconf 92' lang='lat' dir='ltr'><strong>nunc</strong></span> <span class='ocrx_word' id='word_1_552' title='bbox 3548 1958 3813 2014; x_wconf 85' lang='lat' dir='ltr'><strong>membris</strong></span> <span class='ocrx_word' id='word_1_553' title='bbox 3836 1960 4163 2018; x_wconf 80' lang='lat' dir='ltr'><strong>universalis</strong></span> <span class='ocrx_word' id='word_1_554' title='bbox 4192 1977 4330 2018; x_wconf 85' lang='lat' dir='ltr'><strong>con-</strong></span> 
     </span>
    </p>
   </div>
   <div class='ocr_carea' id='block_1_78' title="bbox 2709 2043 4332 2123">
    <p class='ocr_par' dir='ltr' id='par_1_78' title="bbox 2709 2043 4332 2123">
     <span class='ocr_line' id='line_1_78' title="bbox 2709 2043 4332 2123; baseline 0.006 -25"><span class='ocrx_word' id='word_1_555' title='bbox 2709 2052 2818 2098; x_wconf 89' lang='lat' dir='ltr'><strong>stat</strong></span> <span class='ocrx_word' id='word_1_556' title='bbox 2873 2043 3148 2109; x_wconf 86' lang='lat' dir='ltr'><strong>Ecclesia,</strong></span> <span class='ocrx_word' id='word_1_557' title='bbox 3200 2047 3296 2098; x_wconf 89' lang='lat' dir='ltr'><strong>sed</strong></span> <span class='ocrx_word' id='word_1_558' title='bbox 3349 2045 3466 2100; x_wconf 87' lang='lat' dir='ltr'><strong>sola</strong></span> <span class='ocrx_word' id='word_1_559' title='bbox 3515 2046 3788 2104; x_wconf 90' lang='lat' dir='ltr'><strong>charitate</strong></span> <span class='ocrx_word' id='word_1_560' title='bbox 3837 2049 4196 2117; x_wconf 89' lang='lat' dir='ltr'><strong>discernitur,</strong></span> <span class='ocrx_word' id='word_1_561' title='bbox 4234 2055 4332 2123; x_wconf 91' lang='lat' dir='ltr'><strong>qni</strong></span> 
     </span>
    </p>
   </div>
   <div class='ocr_carea' id='block_1_79' title="bbox 2708 2137 4333 2209">
    <p class='ocr_par' dir='ltr' id='par_1_79' title="bbox 2708 2137 4333 2209">
     <span class='ocr_line' id='line_1_79' title="bbox 2708 2137 4333 2209; baseline 0.006 -17"><span class='ocrx_word' id='word_1_562' title='bbox 2708 2138 2919 2192; x_wconf 85' lang='lat' dir='ltr'><strong>scilicet</strong></span> <span class='ocrx_word' id='word_1_563' title='bbox 2948 2138 3018 2192; x_wconf 91' lang='lat' dir='ltr'><strong>ad</strong></span> <span class='ocrx_word' id='word_1_564' title='bbox 3067 2137 3371 2204; x_wconf 91' lang='lat' dir='ltr'><strong>Christum,</strong></span> <span class='ocrx_word' id='word_1_565' title='bbox 3427 2140 3519 2209; x_wconf 90' lang='lat' dir='ltr'><strong>qui</strong></span> <span class='ocrx_word' id='word_1_566' title='bbox 3563 2141 3632 2195; x_wconf 91' lang='lat' dir='ltr'><strong>ad</strong></span> <span class='ocrx_word' id='word_1_567' title='bbox 3676 2142 4078 2200; x_wconf 81' lang='lat' dir='ltr'><strong>Anticliristum</strong></span> <span class='ocrx_word' id='word_1_568' title='bbox 4130 2148 4333 2203; x_wconf 84' lang='lat' dir='ltr'><strong>merito</strong></span> 
     </span>
    </p>
   </div>
   <div class='ocr_carea' id='block_1_80' title="bbox 2707 2231 4332 2301">
    <p class='ocr_par' dir='ltr' id='par_1_80' title="bbox 2707 2231 4332 2301">
     <span class='ocr_line' id='line_1_80' title="bbox 2707 2231 4332 2301; baseline 0.006 -15"><span class='ocrx_word' id='word_1_569' title='bbox 2707 2233 2988 2301; x_wconf 86' lang='lat' dir='ltr'><strong>pertinere</strong></span> <span class='ocrx_word' id='word_1_570' title='bbox 3063 2231 3338 2286; x_wconf 88' lang='lat' dir='ltr'><strong>credatur.</strong></span> <span class='ocrx_word' id='word_1_571' title='bbox 3414 2232 3567 2289; x_wconf 88' lang='lat' dir='ltr'><strong>Unde</strong></span> <span class='ocrx_word' id='word_1_572' title='bbox 3617 2246 3675 2290; x_wconf 89' lang='lat' dir='ltr'><strong>et</strong></span> <span class='ocrx_word' id='word_1_573' title='bbox 3721 2235 3966 2292; x_wconf 83' lang='lat' dir='ltr'><strong>Bezeleel</strong></span> <span class='ocrx_word' id='word_1_574' title='bbox 4014 2239 4218 2295; x_wconf 91' lang='lat' dir='ltr'><strong>dicitur</strong></span> <span class='ocrx_word' id='word_1_575' title='bbox 4275 2241 4332 2295; x_wconf 71' lang='lat' dir='ltr'><strong>in</strong></span> 
     </span>
    </p>
   </div>
   <div class='ocr_carea' id='block_1_81' title="bbox 2709 2321 4330 2403">
    <p class='ocr_par' dir='ltr' id='par_1_81' title="bbox 2709 2321 4330 2403">
     <span class='ocr_line' id='line_1_81' title="bbox 2709 2321 4330 2403; baseline 0.007 -27"><span class='ocrx_word' id='word_1_576' title='bbox 2709 2322 2898 2376; x_wconf 85' lang='lat' dir='ltr'><strong>umbra</strong></span> <span class='ocrx_word' id='word_1_577' title='bbox 2926 2321 3054 2388; x_wconf 81' lang='lat' dir='ltr'><strong>Dei,</strong></span> <span class='ocrx_word' id='word_1_578' title='bbox 3091 2323 3218 2391; x_wconf 89' lang='lat' dir='ltr'><strong>quia</strong></span> <span class='ocrx_word' id='word_1_579' title='bbox 3245 2325 3500 2394; x_wconf 87' lang='lat' dir='ltr'><strong>quisquis</strong></span> <span class='ocrx_word' id='word_1_580' title='bbox 3527 2323 3807 2382; x_wconf 89' lang='lat' dir='ltr'><strong>Christum</strong></span> <span class='ocrx_word' id='word_1_581' title='bbox 3837 2331 4112 2387; x_wconf 84' lang='lat' dir='ltr'><strong>veraciter</strong></span> <span class='ocrx_word' id='word_1_582' title='bbox 4139 2334 4330 2403; x_wconf 87' lang='lat' dir='ltr'><strong>sequi-</strong></span> 
     </span>
    </p>
   </div>
   <div class='ocr_carea' id='block_1_82' title="bbox 2711 2403 4332 2496">
    <p class='ocr_par' dir='ltr' id='par_1_82' title="bbox 2711 2403 4332 2496">
     <span class='ocr_line' id='line_1_82' title="bbox 2711 2403 4332 2496; baseline 0.008 -26"><span class='ocrx_word' id='word_1_583' title='bbox 2711 2403 2820 2480; x_wconf 79' lang='lat' dir='ltr'><strong>tur,</strong></span> <span class='ocrx_word' id='word_1_584' title='bbox 2846 2415 3040 2470; x_wconf 91' lang='lat' dir='ltr'><strong>umbra</strong></span> <span class='ocrx_word' id='word_1_585' title='bbox 3071 2419 3247 2471; x_wconf 86' lang='lat' dir='ltr'><strong>sancti</strong></span> <span class='ocrx_word' id='word_1_586' title='bbox 3275 2415 3537 2486; x_wconf 89' lang='lat' dir='ltr'><strong>Spiritus,</strong></span> <span class='ocrx_word' id='word_1_587' title='bbox 3568 2435 3635 2474; x_wconf 79' lang='lat' dir='ltr'><strong>ex</strong></span> <span class='ocrx_word' id='word_1_588' title='bbox 3692 2437 3803 2490; x_wconf 90' lang='lat' dir='ltr'><strong>quo</strong></span> <span class='ocrx_word' id='word_1_589' title='bbox 3837 2424 3927 2479; x_wconf 91' lang='lat' dir='ltr'><strong>ille</strong></span> <span class='ocrx_word' id='word_1_590' title='bbox 3981 2425 4034 2480; x_wconf 94' lang='lat' dir='ltr'><strong>in</strong></span> <span class='ocrx_word' id='word_1_591' title='bbox 4093 2427 4332 2496; x_wconf 84' lang='lat' dir='ltr'><strong>Virginis</strong></span> 
     </span>
    </p>
   </div>
   <div class='ocr_carea' id='block_1_83' title="bbox 2708 2510 4335 2578">
    <p class='ocr_par' dir='ltr' id='par_1_83' title="bbox 2708 2510 4335 2578">
     <span class='ocr_line' id='line_1_83' title="bbox 2708 2510 4335 2578; baseline 0.009 -18"><span class='ocrx_word' id='word_1_592' title='bbox 2708 2516 2866 2561; x_wconf 90' lang='lat' dir='ltr'><strong>utero</strong></span> <span class='ocrx_word' id='word_1_593' title='bbox 2899 2517 3200 2578; x_wconf 90' lang='lat' dir='ltr'><strong>conceptus</strong></span> <span class='ocrx_word' id='word_1_594' title='bbox 3222 2519 3328 2575; x_wconf 90' lang='lat' dir='ltr'><strong>est,</strong></span> <span class='ocrx_word' id='word_1_595' title='bbox 3361 2510 3428 2564; x_wconf 88' lang='lat' dir='ltr'><strong>ab</strong></span> <span class='ocrx_word' id='word_1_596' title='bbox 3445 2520 3582 2566; x_wconf 69' lang='lat' dir='ltr'><strong>mstu</strong></span> <span class='ocrx_word' id='word_1_597' title='bbox 3608 2513 4010 2571; x_wconf 88' lang='lat' dir='ltr'><strong>desideriorum</strong></span> <span class='ocrx_word' id='word_1_598' title='bbox 4027 2519 4335 2575; x_wconf 87' lang='lat' dir='ltr'><strong>carnalium</strong></span> 
     </span>
    </p>
   </div>
   <div class='ocr_carea' id='block_1_84' title="bbox 2712 2597 4332 2680">
    <p class='ocr_par' dir='ltr' id='par_1_84' title="bbox 2712 2597 4332 2680">
     <span class='ocr_line' id='line_1_84' title="bbox 2712 2597 4332 2680; baseline 0.01 -29"><span class='ocrx_word' id='word_1_599' title='bbox 2712 2606 3070 2668; x_wconf 89' lang='lat' dir='ltr'><strong>temperatur.</strong></span> <span class='ocrx_word' id='word_1_600' title='bbox 3097 2597 3292 2655; x_wconf 87' lang='lat' dir='ltr'><strong>Ooliab</strong></span> <span class='ocrx_word' id='word_1_601' title='bbox 3315 2602 3986 2676; x_wconf 79' lang='lat' dir='ltr'><strong>interpretatnrprotectio</strong></span> <span class='ocrx_word' id='word_1_602' title='bbox 4013 2625 4132 2664; x_wconf 83' lang='lat' dir='ltr'><strong>mea</strong></span> <span class='ocrx_word' id='word_1_603' title='bbox 4156 2620 4332 2680; x_wconf 82' lang='lat' dir='ltr'><strong>pater,</strong></span> 
     </span>
    </p>
   </div>
   <div class='ocr_carea' id='block_1_85' title="bbox 2707 2691 4330 2774">
    <p class='ocr_par' dir='ltr' id='par_1_85' title="bbox 2707 2691 4330 2774">
     <span class='ocr_line' id='line_1_85' title="bbox 2707 2691 4330 2774; baseline 0.01 -32"><span class='ocrx_word' id='word_1_604' title='bbox 2707 2692 2968 2759; x_wconf 89' lang='lat' dir='ltr'><strong>quoniam</strong></span> <span class='ocrx_word' id='word_1_605' title='bbox 2994 2691 3374 2748; x_wconf 80' lang='lat' dir='ltr'><strong>Antichristus</strong></span> <span class='ocrx_word' id='word_1_606' title='bbox 3396 2708 3519 2748; x_wconf 91' lang='lat' dir='ltr'><strong>cum</strong></span> <span class='ocrx_word' id='word_1_607' title='bbox 3544 2697 3659 2751; x_wconf 91' lang='lat' dir='ltr'><strong>suis</strong></span> <span class='ocrx_word' id='word_1_608' title='bbox 3691 2699 3881 2768; x_wconf 91' lang='lat' dir='ltr'><strong>utique</strong></span> <span class='ocrx_word' id='word_1_609' title='bbox 3922 2703 4188 2758; x_wconf 83' lang='lat' dir='ltr'><strong>membris</strong></span> <span class='ocrx_word' id='word_1_610' title='bbox 4227 2719 4330 2774; x_wconf 89' lang='lat' dir='ltr'><strong>pa-</strong></span> 
     </span>
    </p>
   </div>
   <div class='ocr_carea' id='block_1_86' title="bbox 2711 2790 4331 2863">
    <p class='ocr_par' dir='ltr' id='par_1_86' title="bbox 2711 2790 4331 2863">
     <span class='ocr_line' id='line_1_86' title="bbox 2711 2790 4331 2863; baseline 0.012 -27"><span class='ocrx_word' id='word_1_611' title='bbox 2711 2792 2854 2838; x_wconf 90' lang='lat' dir='ltr'><strong>trum</strong></span> <span class='ocrx_word' id='word_1_612' title='bbox 2885 2800 3132 2852; x_wconf 91' lang='lat' dir='ltr'><strong>suorum,</strong></span> <span class='ocrx_word' id='word_1_613' title='bbox 3165 2790 3270 2843; x_wconf 91' lang='lat' dir='ltr'><strong>hoc</strong></span> <span class='ocrx_word' id='word_1_614' title='bbox 3299 2799 3386 2845; x_wconf 92' lang='lat' dir='ltr'><strong>est</strong></span> <span class='ocrx_word' id='word_1_615' title='bbox 3415 2801 3658 2846; x_wconf 87' lang='lat' dir='ltr'><strong>veterum</strong></span> <span class='ocrx_word' id='word_1_616' title='bbox 3697 2791 4034 2863; x_wconf 74' lang='lat' dir='ltr'><strong>Judmorum,</strong></span> <span class='ocrx_word' id='word_1_617' title='bbox 4077 2812 4138 2852; x_wconf 91' lang='lat' dir='ltr'><strong>se</strong></span> <span class='ocrx_word' id='word_1_618' title='bbox 4168 2799 4331 2854; x_wconf 87' lang='lat' dir='ltr'><strong>testi-</strong></span> 
     </span>
    </p>
   </div>
   <div class='ocr_carea' id='block_1_87' title="bbox 2708 2877 4329 2956">
    <p class='ocr_par' dir='ltr' id='par_1_87' title="bbox 2708 2877 4329 2956">
     <span class='ocr_line' id='line_1_87' title="bbox 2708 2877 4329 2956; baseline 0.01 -26"><span class='ocrx_word' id='word_1_619' title='bbox 2708 2877 2893 2932; x_wconf 92' lang='lat' dir='ltr'><strong>monio</strong></span> <span class='ocrx_word' id='word_1_620' title='bbox 2915 2879 3174 2949; x_wconf 86' lang='lat' dir='ltr'><strong>protegit,</strong></span> <span class='ocrx_word' id='word_1_621' title='bbox 3201 2878 3329 2934; x_wconf 90' lang='lat' dir='ltr'><strong>dum</strong></span> <span class='ocrx_word' id='word_1_622' title='bbox 3353 2881 3551 2952; x_wconf 88' lang='lat' dir='ltr'><strong>legalia</strong></span> <span class='ocrx_word' id='word_1_623' title='bbox 3579 2887 3843 2956; x_wconf 85' lang='lat' dir='ltr'><strong>mandata</strong></span> <span class='ocrx_word' id='word_1_624' title='bbox 3894 2886 4052 2956; x_wconf 80' lang='lat' dir='ltr'><strong>juxta</strong></span> <span class='ocrx_word' id='word_1_625' title='bbox 4084 2887 4329 2946; x_wconf 85' lang='lat' dir='ltr'><strong>litteram</strong></span> 
     </span>
    </p>
   </div>
   <div class='ocr_carea' id='block_1_88' title="bbox 2708 2975 4330 3041">
    <p class='ocr_par' dir='ltr' id='par_1_88' title="bbox 2708 2975 4330 3041">
     <span class='ocr_line' id='line_1_88' title="bbox 2708 2975 4330 3041; baseline 0.011 -17"><span class='ocrx_word' id='word_1_626' title='bbox 2708 2981 2912 3037; x_wconf 79' lang='lat' dir='ltr'><strong>servat,</strong></span> <span class='ocrx_word' id='word_1_627' title='bbox 2941 2982 2997 3028; x_wconf 91' lang='lat' dir='ltr'><strong>et</strong></span> <span class='ocrx_word' id='word_1_628' title='bbox 3020 2988 3083 3027; x_wconf 88' lang='lat' dir='ltr'><strong>ea</strong></span> <span class='ocrx_word' id='word_1_629' title='bbox 3121 2975 3421 3030; x_wconf 87' lang='lat' dir='ltr'><strong>secundum</strong></span> <span class='ocrx_word' id='word_1_630' title='bbox 3456 2977 3674 3033; x_wconf 84' lang='lat' dir='ltr'><strong>illorum</strong></span> <span class='ocrx_word' id='word_1_631' title='bbox 3726 2982 4081 3040; x_wconf 87' lang='lat' dir='ltr'><strong>traditionem</strong></span> <span class='ocrx_word' id='word_1_632' title='bbox 4129 3001 4330 3041; x_wconf 84' lang='lat' dir='ltr'><strong>carna-</strong></span> 
     </span>
    </p>
   </div>
   <div class='ocr_carea' id='block_1_89' title="bbox 2706 3059 3961 3141">
    <p class='ocr_par' dir='ltr' id='par_1_89' title="bbox 2706 3059 3961 3141">
     <span class='ocr_line' id='line_1_89' title="bbox 2706 3059 3961 3141; baseline 0.013 -28"><span class='ocrx_word' id='word_1_633' title='bbox 2706 3059 2834 3115; x_wconf 90' lang='lat' dir='ltr'><strong>liter</strong></span> <span class='ocrx_word' id='word_1_634' title='bbox 2862 3062 3208 3118; x_wconf 85' lang='lat' dir='ltr'><strong>observanda</strong></span> <span class='ocrx_word' id='word_1_635' title='bbox 3235 3069 3578 3123; x_wconf 87' lang='lat' dir='ltr'><strong>mendaciter</strong></span> <span class='ocrx_word' id='word_1_636' title='bbox 3603 3069 3961 3141; x_wconf 73' lang='lat' dir='ltr'><strong>dogmatizat.</strong></span> 
     </span>
    </p>
   </div>
   <div class='ocr_carea' id='block_1_90' title="bbox 2775 3151 4331 3226">
    <p class='ocr_par' dir='ltr' id='par_1_90' title="bbox 2775 3151 4331 3226">
     <span class='ocr_line' id='line_1_90' title="bbox 2775 3151 4331 3226; baseline 0.013 -20"><span class='ocrx_word' id='word_1_637' title='bbox 2775 3151 2955 3220; x_wconf 87' lang='lat' dir='ltr'><strong>Ecce,</strong></span> <span class='ocrx_word' id='word_1_638' title='bbox 2983 3155 3363 3224; x_wconf 85' lang='lat' dir='ltr'><strong>dilectissimi,</strong></span> <span class='ocrx_word' id='word_1_639' title='bbox 3398 3161 3812 3218; x_wconf 86' lang='lat' dir='ltr'><strong>tabernaculum</strong></span> <span class='ocrx_word' id='word_1_640' title='bbox 3847 3165 3943 3220; x_wconf 85' lang='lat' dir='ltr'><strong>Dei</strong></span> <span class='ocrx_word' id='word_1_641' title='bbox 3984 3183 4132 3225; x_wconf 91' lang='lat' dir='ltr'><strong>nunc</strong></span> <span class='ocrx_word' id='word_1_642' title='bbox 4172 3187 4331 3226; x_wconf 89' lang='lat' dir='ltr'><strong>com-</strong></span> 
     </span>
    </p>
   </div>
   <div class='ocr_carea' id='block_1_91' title="bbox 2805 3247 4328 3334">
    <p class='ocr_par' dir='ltr' id='par_1_91' title="bbox 2805 3247 4328 3334">
     <span class='ocr_line' id='line_1_91' title="bbox 2805 3247 4328 3334; baseline 0.014 -35"><span class='ocrx_word' id='word_1_643' title='bbox 2805 3247 2892 3318; x_wconf 82' lang='lat' dir='ltr'><strong>nis</strong></span> <span class='ocrx_word' id='word_1_644' title='bbox 2917 3247 3243 3320; x_wconf 67' lang='lat' dir='ltr'><strong>frequentia:</strong></span> <span class='ocrx_word' id='word_1_645' title='bbox 3271 3254 3534 3307; x_wconf 80' lang='lat' dir='ltr'><strong>societate</strong></span> <span class='ocrx_word' id='word_1_646' title='bbox 3559 3258 3948 3323; x_wconf 88' lang='lat' dir='ltr'><strong>construimus,</strong></span> <span class='ocrx_word' id='word_1_647' title='bbox 3977 3271 4032 3315; x_wconf 92' lang='lat' dir='ltr'><strong>et</strong></span> <span class='ocrx_word' id='word_1_648' title='bbox 4061 3266 4328 3334; x_wconf 88' lang='lat' dir='ltr'><strong>templum</strong></span> 
     </span>
    </p>
   </div>
   <div class='ocr_carea' id='block_1_92' title="bbox 2707 3335 4327 3418">
    <p class='ocr_par' dir='ltr' id='par_1_92' title="bbox 2707 3335 4327 3418">
     <span class='ocr_line' id='line_1_92' title="bbox 2707 3335 4327 3418; baseline 0.012 -30"><span class='ocrx_word' id='word_1_649' title='bbox 2707 3335 2806 3390; x_wconf 87' lang='lat' dir='ltr'><strong>Dei</strong></span> <span class='ocrx_word' id='word_1_650' title='bbox 2833 3338 3109 3407; x_wconf 82' lang='lat' dir='ltr'><strong>corporali</strong></span> <span class='ocrx_word' id='word_1_651' title='bbox 3139 3338 3450 3410; x_wconf 72' lang='lat' dir='ltr'><strong>frequentia</strong></span> <span class='ocrx_word' id='word_1_652' title='bbox 3491 3343 3826 3400; x_wconf 74' lang='lat' dir='ltr'><strong>sufﬁcienter</strong></span> <span class='ocrx_word' id='word_1_653' title='bbox 3871 3347 4185 3418; x_wconf 88' lang='lat' dir='ltr'><strong>implemus,</strong></span> <span class='ocrx_word' id='word_1_654' title='bbox 4213 3355 4327 3408; x_wconf 90' lang='lat' dir='ltr'><strong>imo</strong></span> 
     </span>
    </p>
   </div>
   <div class='ocr_carea' id='block_1_93' title="bbox 2704 3427 4327 3515">
    <p class='ocr_par' dir='ltr' id='par_1_93' title="bbox 2704 3427 4327 3515">
     <span class='ocr_line' id='line_1_93' title="bbox 2704 3427 4327 3515; baseline 0.012 -35"><span class='ocrx_word' id='word_1_655' title='bbox 2704 3437 2758 3480; x_wconf 87' lang='lat' dir='ltr'><strong>et</strong></span> <span class='ocrx_word' id='word_1_656' title='bbox 2788 3427 2887 3498; x_wconf 88' lang='lat' dir='ltr'><strong>ipsi</strong></span> <span class='ocrx_word' id='word_1_657' title='bbox 2915 3429 3173 3498; x_wconf 91' lang='lat' dir='ltr'><strong>templum</strong></span> <span class='ocrx_word' id='word_1_658' title='bbox 3196 3431 3291 3486; x_wconf 87' lang='lat' dir='ltr'><strong>Dei</strong></span> <span class='ocrx_word' id='word_1_659' title='bbox 3323 3447 3422 3504; x_wconf 91' lang='lat' dir='ltr'><strong>per</strong></span> <span class='ocrx_word' id='word_1_660' title='bbox 3442 3449 3596 3489; x_wconf 74' lang='lat' dir='ltr'><strong>nova:</strong></span> <span class='ocrx_word' id='word_1_661' title='bbox 3627 3440 4062 3508; x_wconf 88' lang='lat' dir='ltr'><strong>regenerationis</strong></span> <span class='ocrx_word' id='word_1_662' title='bbox 4087 3447 4327 3515; x_wconf 84' lang='lat' dir='ltr'><strong>gratiam</strong></span> 
     </span>
    </p>
   </div>
   <div class='ocr_carea' id='block_1_94' title="bbox 2703 3518 4324 3608">
    <p class='ocr_par' dir='ltr' id='par_1_94' title="bbox 2703 3518 4324 3608">
     <span class='ocr_line' id='line_1_94' title="bbox 2703 3518 4324 3608; baseline 0.013 -34"><span class='ocrx_word' id='word_1_663' title='bbox 2703 3518 2880 3574; x_wconf 76' lang='lat' dir='ltr'><strong>clfecti</strong></span> <span class='ocrx_word' id='word_1_664' title='bbox 2933 3537 3140 3577; x_wconf 89' lang='lat' dir='ltr'><strong>sumus.</strong></span> <span class='ocrx_word' id='word_1_665' title='bbox 3172 3544 3189 3575; x_wconf 86' lang='grc'>‹</span> <span class='ocrx_word' id='word_1_666' title='bbox 3231 3525 3516 3596; x_wconf 83' lang='lat' dir='ltr'><strong>Templum</strong></span> <span class='ocrx_word' id='word_1_667' title='bbox 3566 3530 3712 3584; x_wconf 90' lang='lat' dir='ltr'><strong>enim</strong></span> <span class='ocrx_word' id='word_1_668' title='bbox 3761 3530 3857 3587; x_wconf 87' lang='lat' dir='ltr'><strong>Dei</strong></span> <span class='ocrx_word' id='word_1_669' title='bbox 3905 3544 4156 3592; x_wconf 87' lang='lat' dir='ltr'><strong>sanctum</strong></span> <span class='ocrx_word' id='word_1_670' title='bbox 4203 3549 4324 3608; x_wconf 86' lang='grc' dir='ltr'><strong>εει,</strong></span> 
     </span>
    </p>
   </div>
   <div class='ocr_carea' id='block_1_95' title="bbox 2704 3612 4324 3701">
    <p class='ocr_par' dir='ltr' id='par_1_95' title="bbox 2704 3612 4324 3701">
     <span class='ocr_line' id='line_1_95' title="bbox 2704 3612 4324 3701; baseline 0.015 -35"><span class='ocrx_word' id='word_1_671' title='bbox 2704 3612 2837 3667; x_wconf 88' lang='lat' dir='ltr'><strong>dicit</strong></span> <span class='ocrx_word' id='word_1_672' title='bbox 2863 3615 3178 3684; x_wconf 87' lang='lat' dir='ltr'><strong>Apostolus,</strong></span> <span class='ocrx_word' id='word_1_673' title='bbox 3208 3620 3351 3687; x_wconf 76' lang='lat' dir='ltr'><strong>quod</strong></span> <span class='ocrx_word' id='word_1_674' title='bbox 3378 3622 3514 3677; x_wconf 89' lang='lat' dir='ltr'><strong>estis</strong></span> <span class='ocrx_word' id='word_1_675' title='bbox 3553 3638 3671 3690; x_wconf 89' lang='lat' dir='ltr'><strong>vos,</strong></span> <span class='ocrx_word' id='word_1_676' title='bbox 3724 3636 3779 3682; x_wconf 88' lang='lat' dir='ltr'><strong>et</strong></span> <span class='ocrx_word' id='word_1_677' title='bbox 3817 3626 4059 3701; x_wconf 91' lang='lat' dir='ltr'><strong>Spiritus</strong></span> <span class='ocrx_word' id='word_1_678' title='bbox 4086 3632 4181 3688; x_wconf 90' lang='lat' dir='ltr'><strong>Dei</strong></span> <span class='ocrx_word' id='word_1_679' title='bbox 4224 3635 4324 3690; x_wconf 83' lang='lat' dir='ltr'><strong>lia-</strong></span> 
     </span>
    </p>
   </div>
   <div class='ocr_carea' id='block_1_96' title="bbox 2701 3705 4327 3794">
    <p class='ocr_par' dir='ltr' id='par_1_96' title="bbox 2701 3705 4327 3794">
     <span class='ocr_line' id='line_1_96' title="bbox 2701 3705 4327 3794; baseline 0.015 -34"><span class='ocrx_word' id='word_1_680' title='bbox 2701 3705 2843 3760; x_wconf 87' lang='lat' dir='ltr'><strong>bitat</strong></span> <span class='ocrx_word' id='word_1_681' title='bbox 2870 3707 2922 3760; x_wconf 92' lang='lat' dir='ltr'><strong>in</strong></span> <span class='ocrx_word' id='word_1_682' title='bbox 2958 3709 3130 3764; x_wconf 87' lang='lat' dir='ltr'><strong>vobis.</strong></span> <span class='ocrx_word' id='word_1_683' title='bbox 3174 3731 3191 3760; x_wconf 78' lang='grc' dir='ltr'><strong>ι</strong></span> <span class='ocrx_word' id='word_1_684' title='bbox 3240 3710 3340 3766; x_wconf 86' lang='lat' dir='ltr'><strong>Ubi</strong></span> <span class='ocrx_word' id='word_1_685' title='bbox 3376 3716 3618 3771; x_wconf 90' lang='lat' dir='ltr'><strong>terribile</strong></span> <span class='ocrx_word' id='word_1_686' title='bbox 3641 3727 3747 3784; x_wconf 87' lang='lat' dir='ltr'><strong>est,</strong></span> <span class='ocrx_word' id='word_1_687' title='bbox 3780 3723 3927 3791; x_wconf 91' lang='lat' dir='ltr'><strong>quod</strong></span> <span class='ocrx_word' id='word_1_688' title='bbox 3957 3734 4158 3794; x_wconf 71' lang='lat' dir='ltr'><strong>priesto</strong></span> <span class='ocrx_word' id='word_1_689' title='bbox 4192 3728 4327 3785; x_wconf 78' lang='lat' dir='ltr'><strong>sub—-</strong></span> 
     </span>
    </p>
   </div>
   <div class='ocr_carea' id='block_1_97' title="bbox 2693 3794 4326 3890">
    <p class='ocr_par' dir='ltr' id='par_1_97' title="bbox 2693 3794 4326 3890">
     <span class='ocr_line' id='line_1_97' title="bbox 2693 3794 4326 3890; baseline 0.016 -39"><span class='ocrx_word' id='word_1_690' title='bbox 2693 3794 2944 3869; x_wconf 86' lang='lat' dir='ltr'><strong>jungitur</strong></span> <span class='ocrx_word' id='word_1_691' title='bbox 2975 3818 2988 3854; x_wconf 89' lang='lat'>:</span> <span class='ocrx_word' id='word_1_692' title='bbox 3025 3822 3042 3852; x_wconf 79' lang='grc' dir='ltr'><strong>ι</strong></span> <span class='ocrx_word' id='word_1_693' title='bbox 3083 3801 3141 3856; x_wconf 91' lang='lat' dir='ltr'><strong>Si</strong></span> <span class='ocrx_word' id='word_1_694' title='bbox 3173 3806 3298 3873; x_wconf 90' lang='lat' dir='ltr'><strong>quis</strong></span> <span class='ocrx_word' id='word_1_695' title='bbox 3323 3807 3584 3878; x_wconf 87' lang='lat' dir='ltr'><strong>templum</strong></span> <span class='ocrx_word' id='word_1_696' title='bbox 3635 3811 3729 3865; x_wconf 89' lang='lat' dir='ltr'><strong>Dei</strong></span> <span class='ocrx_word' id='word_1_697' title='bbox 3761 3813 4074 3884; x_wconf 85' lang='lat' dir='ltr'><strong>violaverit,</strong></span> <span class='ocrx_word' id='word_1_698' title='bbox 4107 3819 4326 3890; x_wconf 83' lang='lat' dir='ltr'><strong>disper-</strong></span> 
     </span>
    </p>
   </div>
   <div class='ocr_carea' id='block_1_98' title="bbox 2701 3889 4324 3972">
    <p class='ocr_par' dir='ltr' id='par_1_98' title="bbox 2701 3889 4324 3972">
     <span class='ocr_line' id='line_1_98' title="bbox 2701 3889 4324 3972; baseline 0.015 -30"><span class='ocrx_word' id='word_1_699' title='bbox 2701 3889 2793 3942; x_wconf 92' lang='lat' dir='ltr'><strong>det</strong></span> <span class='ocrx_word' id='word_1_700' title='bbox 2822 3889 2971 3946; x_wconf 93' lang='lat' dir='ltr'><strong>illum</strong></span> <span class='ocrx_word' id='word_1_701' title='bbox 3002 3892 3148 3947; x_wconf 91' lang='lat' dir='ltr'><strong>Deus</strong></span> <span class='ocrx_word' id='word_1_702' title='bbox 3173 3893 3227 3963; x_wconf 85' lang='lat'><strong>(1</strong></span> <span class='ocrx_word' id='word_1_703' title='bbox 3260 3894 3385 3951; x_wconf 91' lang='lat' dir='ltr'><strong>Cor.</strong></span> <span class='ocrx_word' id='word_1_704' title='bbox 3417 3901 3526 3968; x_wconf 90' lang='grc' dir='ltr'><strong>ιιι).</strong></span> <span class='ocrx_word' id='word_1_705' title='bbox 3557 3918 3576 3951; x_wconf 75' lang='grc' dir='ltr'><strong>ι</strong></span> <span class='ocrx_word' id='word_1_706' title='bbox 3615 3899 3904 3972; x_wconf 89' lang='lat' dir='ltr'><strong>Templum</strong></span> <span class='ocrx_word' id='word_1_707' title='bbox 3956 3921 4110 3972; x_wconf 87' lang='lat' dir='ltr'><strong>sane,</strong></span> <span class='ocrx_word' id='word_1_708' title='bbox 4157 3889 4209 3965; x_wconf 85' lang='lat' dir='ltr'><strong>id</strong></span> <span class='ocrx_word' id='word_1_709' title='bbox 4237 3923 4324 3968; x_wconf 90' lang='lat' dir='ltr'><strong>est</strong></span> 
     </span>
    </p>
   </div>
   <div class='ocr_carea' id='block_1_99' title="bbox 2702 3983 4323 4072">
    <p class='ocr_par' dir='ltr' id='par_1_99' title="bbox 2702 3983 4323 4072">
     <span class='ocr_line' id='line_1_99' title="bbox 2702 3983 4323 4072; baseline 0.018 -40"><span class='ocrx_word' id='word_1_710' title='bbox 2702 3983 3005 4039; x_wconf 84' lang='lat' dir='ltr'><strong>materialis</strong></span> <span class='ocrx_word' id='word_1_711' title='bbox 3051 3986 3312 4055; x_wconf 75' lang='lat' dir='ltr'><strong>quazlibet</strong></span> <span class='ocrx_word' id='word_1_712' title='bbox 3352 4005 3416 4045; x_wconf 91' lang='lat' dir='ltr'><strong>ac</strong></span> <span class='ocrx_word' id='word_1_713' title='bbox 3462 4001 3680 4049; x_wconf 88' lang='lat' dir='ltr'><strong>terrena</strong></span> <span class='ocrx_word' id='word_1_714' title='bbox 3725 3996 3984 4063; x_wconf 87' lang='lat' dir='ltr'><strong>basilica,</strong></span> <span class='ocrx_word' id='word_1_715' title='bbox 4019 4001 4323 4072; x_wconf 89' lang='lat' dir='ltr'><strong>aliquando</strong></span> 
     </span>
    </p>
   </div>
   <div class='ocr_carea' id='block_1_100' title="bbox 2701 4075 4323 4164">
    <p class='ocr_par' dir='ltr' id='par_1_100' title="bbox 2701 4075 4323 4164">
     <span class='ocr_line' id='line_1_100' title="bbox 2701 4075 4323 4164; baseline 0.017 -39"><span class='ocrx_word' id='word_1_716' title='bbox 2701 4075 2942 4142; x_wconf 89' lang='lat' dir='ltr'><strong>pulvere,</strong></span> <span class='ocrx_word' id='word_1_717' title='bbox 2993 4079 3078 4134; x_wconf 88' lang='lat' dir='ltr'><strong>vel</strong></span> <span class='ocrx_word' id='word_1_718' title='bbox 3129 4081 3231 4136; x_wconf 86' lang='lat' dir='ltr'><strong>levi</strong></span> <span class='ocrx_word' id='word_1_719' title='bbox 3283 4099 3611 4157; x_wconf 86' lang='lat' dir='ltr'><strong>quacunque</strong></span> <span class='ocrx_word' id='word_1_720' title='bbox 3655 4092 3818 4148; x_wconf 91' lang='lat' dir='ltr'><strong>sorde</strong></span> <span class='ocrx_word' id='word_1_721' title='bbox 3866 4093 4170 4164; x_wconf 87' lang='lat' dir='ltr'><strong>polluitur;</strong></span> <span class='ocrx_word' id='word_1_722' title='bbox 4216 4098 4323 4153; x_wconf 88' lang='lat' dir='ltr'><strong>ali-</strong></span> 
     </span>
    </p>
   </div>
   <div class='ocr_carea' id='block_1_101' title="bbox 2699 4169 4319 4266">
    <p class='ocr_par' dir='ltr' id='par_1_101' title="bbox 2699 4169 4319 4266">
     <span class='ocr_line' id='line_1_101' title="bbox 2699 4169 4319 4266; baseline 0.022 -46"><span class='ocrx_word' id='word_1_723' title='bbox 2699 4169 2919 4235; x_wconf 88' lang='lat' dir='ltr'><strong>quando</strong></span> <span class='ocrx_word' id='word_1_724' title='bbox 2945 4187 3043 4241; x_wconf 90' lang='lat' dir='ltr'><strong>per</strong></span> <span class='ocrx_word' id='word_1_725' title='bbox 3085 4172 3406 4232; x_wconf 76' lang='lat' dir='ltr'><strong>effusionem</strong></span> <span class='ocrx_word' id='word_1_726' title='bbox 3438 4186 3721 4253; x_wconf 77' lang='lat' dir='ltr'><strong>sanguinis</strong></span> <span class='ocrx_word' id='word_1_727' title='bbox 3741 4229 3756 4252; x_wconf 89' lang='lat'><strong>,</strong></span> <span class='ocrx_word' id='word_1_728' title='bbox 3797 4191 3881 4245; x_wconf 88' lang='lat' dir='ltr'><strong>vel</strong></span> <span class='ocrx_word' id='word_1_729' title='bbox 3914 4202 4064 4249; x_wconf 85' lang='lat' dir='ltr'><strong>certe</strong></span> <span class='ocrx_word' id='word_1_730' title='bbox 4093 4210 4196 4266; x_wconf 90' lang='lat' dir='ltr'><strong>per</strong></span> <span class='ocrx_word' id='word_1_731' title='bbox 4225 4199 4319 4254; x_wconf 87' lang='lat' dir='ltr'><strong>ad-</strong></span> 
     </span>
    </p>
   </div>
   <div class='ocr_carea' id='block_1_102' title="bbox 2698 4259 4313 4348">
    <p class='ocr_par' dir='ltr' id='par_1_102' title="bbox 2698 4259 4313 4348">
     <span class='ocr_line' id='line_1_102' title="bbox 2698 4259 4313 4348; baseline 0.02 -37"><span class='ocrx_word' id='word_1_732' title='bbox 2698 4259 2923 4314; x_wconf 88' lang='lat' dir='ltr'><strong>missum</strong></span> <span class='ocrx_word' id='word_1_733' title='bbox 2973 4263 3194 4333; x_wconf 88' lang='lat' dir='ltr'><strong>aliquod</strong></span> <span class='ocrx_word' id='word_1_734' title='bbox 3237 4283 3406 4337; x_wconf 87' lang='lat' dir='ltr'><strong>grave</strong></span> <span class='ocrx_word' id='word_1_735' title='bbox 3456 4269 3674 4331; x_wconf 88' lang='lat' dir='ltr'><strong>facinus</strong></span> <span class='ocrx_word' id='word_1_736' title='bbox 3723 4279 3990 4348; x_wconf 88' lang='lat' dir='ltr'><strong>violatur;</strong></span> <span class='ocrx_word' id='word_1_737' title='bbox 4042 4287 4138 4339; x_wconf 81' lang='lat' dir='ltr'><strong>sed</strong></span> <span class='ocrx_word' id='word_1_738' title='bbox 4185 4303 4313 4343; x_wconf 91' lang='lat' dir='ltr'><strong>cum</strong></span> 
     </span>
    </p>
   </div>
   <div class='ocr_carea' id='block_1_103' title="bbox 2697 4351 4314 4449">
    <p class='ocr_par' dir='ltr' id='par_1_103' title="bbox 2697 4351 4314 4449">
     <span class='ocr_line' id='line_1_103' title="bbox 2697 4351 4314 4449; baseline 0.022 -47"><span class='ocrx_word' id='word_1_739' title='bbox 2697 4351 2846 4404; x_wconf 89' lang='lat' dir='ltr'><strong>solus</strong></span> <span class='ocrx_word' id='word_1_740' title='bbox 2872 4366 2932 4406; x_wconf 91' lang='lat' dir='ltr'><strong>se</strong></span> <span class='ocrx_word' id='word_1_741' title='bbox 2956 4353 3158 4409; x_wconf 90' lang='lat' dir='ltr'><strong>nimius</strong></span> <span class='ocrx_word' id='word_1_742' title='bbox 3187 4359 3365 4428; x_wconf 80' lang='lat' dir='ltr'><strong>pulvis</strong></span> <span class='ocrx_word' id='word_1_743' title='bbox 3390 4377 3717 4435; x_wconf 77' lang='lat' dir='ltr'><strong>exaggerat,</strong></span> <span class='ocrx_word' id='word_1_744' title='bbox 3747 4371 3829 4425; x_wconf 87' lang='lat' dir='ltr'><strong>vel</strong></span> <span class='ocrx_word' id='word_1_745' title='bbox 3853 4377 4032 4430; x_wconf 89' lang='lat' dir='ltr'><strong>tenuis</strong></span> <span class='ocrx_word' id='word_1_746' title='bbox 4059 4381 4314 4449; x_wconf 58' lang='lat' dir='ltr'><strong>quadam</strong></span> 
     </span>
    </p>
   </div>
   <div class='ocr_carea' id='block_1_104' title="bbox 2697 4443 4312 4543">
    <p class='ocr_par' dir='ltr' id='par_1_104' title="bbox 2697 4443 4312 4543">
     <span class='ocr_line' id='line_1_104' title="bbox 2697 4443 4312 4543; baseline 0.022 -48"><span class='ocrx_word' id='word_1_747' title='bbox 2697 4443 2924 4511; x_wconf 88' lang='lat' dir='ltr'><strong>pollutio</strong></span> <span class='ocrx_word' id='word_1_748' title='bbox 2951 4448 3245 4516; x_wconf 90' lang='lat' dir='ltr'><strong>pavimenti</strong></span> <span class='ocrx_word' id='word_1_749' title='bbox 3273 4459 3600 4514; x_wconf 87' lang='lat' dir='ltr'><strong>munditiam</strong></span> <span class='ocrx_word' id='word_1_750' title='bbox 3626 4464 3810 4527; x_wconf 69' lang='lat' dir='ltr'><strong>findat,</strong></span> <span class='ocrx_word' id='word_1_751' title='bbox 3839 4466 3941 4522; x_wconf 90' lang='lat' dir='ltr'><strong>levi</strong></span> <span class='ocrx_word' id='word_1_752' title='bbox 3976 4443 4312 4543; x_wconf 76' lang='lat' dir='ltr'><strong>ramuscula,</strong></span> 
     </span>
    </p>
   </div>
   <div class='ocr_carea' id='block_1_105' title="bbox 2696 4539 4315 4631">
    <p class='ocr_par' dir='ltr' id='par_1_105' title="bbox 2696 4539 4315 4631">
     <span class='ocr_line' id='line_1_105' title="bbox 2696 4539 4315 4631; baseline 0.022 -42"><span class='ocrx_word' id='word_1_753' title='bbox 2696 4539 2840 4606; x_wconf 90' lang='lat' dir='ltr'><strong>quod</strong></span> <span class='ocrx_word' id='word_1_754' title='bbox 2871 4541 3130 4612; x_wconf 86' lang='lat' dir='ltr'><strong>injectum</strong></span> <span class='ocrx_word' id='word_1_755' title='bbox 3159 4557 3266 4613; x_wconf 89' lang='lat' dir='ltr'><strong>est,</strong></span> <span class='ocrx_word' id='word_1_756' title='bbox 3299 4553 3565 4620; x_wconf 91' lang='lat' dir='ltr'><strong>scopitur,</strong></span> <span class='ocrx_word' id='word_1_757' title='bbox 3593 4565 3648 4610; x_wconf 91' lang='lat' dir='ltr'><strong>et</strong></span> <span class='ocrx_word' id='word_1_758' title='bbox 3682 4559 3761 4614; x_wconf 90' lang='lat' dir='ltr'><strong>sic</strong></span> <span class='ocrx_word' id='word_1_759' title='bbox 3784 4561 3850 4613; x_wconf 89' lang='lat' dir='ltr'><strong>ad</strong></span> <span class='ocrx_word' id='word_1_760' title='bbox 3879 4564 4118 4631; x_wconf 82' lang='lat' dir='ltr'><strong>priorem</strong></span> <span class='ocrx_word' id='word_1_761' title='bbox 4150 4539 4315 4625; x_wconf 52' lang='lat' dir='ltr'><strong>muri;</strong></span> 
     </span>
    </p>
   </div>
   <div class='ocr_carea' id='block_1_106' title="bbox 2699 4630 4316 4716">
    <p class='ocr_par' dir='ltr' id='par_1_106' title="bbox 2699 4630 4316 4716">
     <span class='ocr_line' id='line_1_106' title="bbox 2699 4630 4316 4716; baseline 0.023 -35"><span class='ocrx_word' id='word_1_762' title='bbox 2699 4630 2912 4695; x_wconf 86' lang='lat' dir='ltr'><strong>ditiam,</strong></span> <span class='ocrx_word' id='word_1_763' title='bbox 2942 4635 3086 4703; x_wconf 88' lang='lat' dir='ltr'><strong>quod</strong></span> <span class='ocrx_word' id='word_1_764' title='bbox 3117 4635 3382 4696; x_wconf 55' lang='lat' dir='ltr'><strong>foedatum</strong></span> <span class='ocrx_word' id='word_1_765' title='bbox 3412 4653 3516 4708; x_wconf 88' lang='lat' dir='ltr'><strong>est,</strong></span> <span class='ocrx_word' id='word_1_766' title='bbox 3555 4630 3891 4705; x_wconf 52' lang='lat' dir='ltr'><strong>revocatum</strong></span> <span class='ocrx_word' id='word_1_767' title='bbox 3913 4656 3983 4708; x_wconf 87' lang='lat' dir='ltr'><strong>At</strong></span> <span class='ocrx_word' id='word_1_768' title='bbox 4015 4658 4060 4712; x_wconf 92' lang='lat' dir='ltr'><strong>si</strong></span> <span class='ocrx_word' id='word_1_769' title='bbox 4101 4659 4189 4714; x_wconf 88' lang='lat' dir='ltr'><strong>vel</strong></span> <span class='ocrx_word' id='word_1_770' title='bbox 4211 4662 4316 4716; x_wconf 73' lang='lat' dir='ltr'><strong>bov</strong></span> 
     </span>
    </p>
   </div>
   <div class='ocr_carea' id='block_1_107' title="bbox 2701 4722 4308 4810">
    <p class='ocr_par' dir='ltr' id='par_1_107' title="bbox 2701 4722 4308 4810">
     <span class='ocr_line' id='line_1_107' title="bbox 2701 4722 4308 4810; baseline 0.022 -36"><span class='ocrx_word' id='word_1_771' title='bbox 2701 4722 2930 4788; x_wconf 89' lang='lat' dir='ltr'><strong>micidii,</strong></span> <span class='ocrx_word' id='word_1_772' title='bbox 2957 4726 3043 4780; x_wconf 85' lang='lat' dir='ltr'><strong>vel</strong></span> <span class='ocrx_word' id='word_1_773' title='bbox 3075 4729 3407 4798; x_wconf 84' lang='lat' dir='ltr'><strong>gravissimi,</strong></span> <span class='ocrx_word' id='word_1_774' title='bbox 3450 4738 3595 4804; x_wconf 89' lang='lat' dir='ltr'><strong>quod</strong></span> <span class='ocrx_word' id='word_1_775' title='bbox 3644 4740 3819 4810; x_wconf 80' lang='lat' dir='ltr'><strong>absit,</strong></span> <span class='ocrx_word' id='word_1_776' title='bbox 3856 4743 4083 4803; x_wconf 84' lang='lat' dir='ltr'><strong>sceleris</strong></span> <span class='ocrx_word' id='word_1_777' title='bbox 4115 4765 4308 4810; x_wconf 87' lang='lat' dir='ltr'><strong>conta-</strong></span> 
     </span>
    </p>
   </div>
   <div class='ocr_carea' id='block_1_108' title="bbox 2698 4815 4312 4902">
    <p class='ocr_par' dir='ltr' id='par_1_108' title="bbox 2698 4815 4312 4902">
     <span class='ocr_line' id='line_1_108' title="bbox 2698 4815 4312 4902; baseline 0.022 -35"><span class='ocrx_word' id='word_1_778' title='bbox 2698 4815 3000 4872; x_wconf 85' lang='lat' dir='ltr'><strong>minatione</strong></span> <span class='ocrx_word' id='word_1_779' title='bbox 3047 4825 3403 4893; x_wconf 84' lang='lat' dir='ltr'><strong>respergitur,</strong></span> <span class='ocrx_word' id='word_1_780' title='bbox 3434 4828 3612 4887; x_wconf 90' lang='lat' dir='ltr'><strong>denuo</strong></span> <span class='ocrx_word' id='word_1_781' title='bbox 3641 4849 3742 4902; x_wconf 90' lang='lat' dir='ltr'><strong>per</strong></span> <span class='ocrx_word' id='word_1_782' title='bbox 3771 4839 3970 4893; x_wconf 88' lang='lat' dir='ltr'><strong>summi</strong></span> <span class='ocrx_word' id='word_1_783' title='bbox 3998 4845 4312 4902; x_wconf 83' lang='lat' dir='ltr'><strong>sacerdotis</strong></span> 
     </span>
    </p>
   </div>
   <div class='ocr_carea' id='block_1_109' title="bbox 2697 4905 4312 4996">
    <p class='ocr_par' dir='ltr' id='par_1_109' title="bbox 2697 4905 4312 4996">
     <span class='ocr_line' id='line_1_109' title="bbox 2697 4905 4312 4996; baseline 0.023 -38"><span class='ocrx_word' id='word_1_784' title='bbox 2697 4905 2932 4961; x_wconf 82' lang='lat' dir='ltr'><strong>cilicium</strong></span> <span class='ocrx_word' id='word_1_785' title='bbox 2983 4925 3205 4968; x_wconf 85' lang='lat' dir='ltr'><strong>necesse</strong></span> <span class='ocrx_word' id='word_1_786' title='bbox 3245 4927 3329 4971; x_wconf 89' lang='lat' dir='ltr'><strong>est</strong></span> <span class='ocrx_word' id='word_1_787' title='bbox 3367 4919 3726 4979; x_wconf 88' lang='lat' dir='ltr'><strong>instauretur.</strong></span> <span class='ocrx_word' id='word_1_788' title='bbox 3759 4925 3872 4984; x_wconf 85' lang='lat' dir='ltr'><strong>Nos</strong></span> <span class='ocrx_word' id='word_1_789' title='bbox 3921 4943 4070 4989; x_wconf 89' lang='lat' dir='ltr'><strong>certe</strong></span> <span class='ocrx_word' id='word_1_790' title='bbox 4116 4936 4172 4992; x_wconf 93' lang='lat' dir='ltr'><strong>in</strong></span> <span class='ocrx_word' id='word_1_791' title='bbox 4221 4940 4312 4996; x_wconf 77' lang='lat' dir='ltr'><strong>die</strong></span> 
     </span>
    </p>
   </div>
   <div class='ocr_carea' id='block_1_110' title="bbox 2696 5001 4310 5094">
    <p class='ocr_par' dir='ltr' id='par_1_110' title="bbox 2696 5001 4310 5094">
     <span class='ocr_line' id='line_1_110' title="bbox 2696 5001 4310 5094; baseline 0.021 -41"><span class='ocrx_word' id='word_1_792' title='bbox 2696 5001 2839 5054; x_wconf 85' lang='lat' dir='ltr'><strong>sacri</strong></span> <span class='ocrx_word' id='word_1_793' title='bbox 2868 5001 3212 5073; x_wconf 88' lang='lat' dir='ltr'><strong>baptismatis</strong></span> <span class='ocrx_word' id='word_1_794' title='bbox 3255 5025 3356 5080; x_wconf 85' lang='lat' dir='ltr'><strong>per</strong></span> <span class='ocrx_word' id='word_1_795' title='bbox 3403 5017 3895 5077; x_wconf 80' lang='lat' dir='ltr'><strong>sanctificationem</strong></span> <span class='ocrx_word' id='word_1_796' title='bbox 3938 5023 4177 5094; x_wconf 87' lang='lat' dir='ltr'><strong>Spiritus</strong></span> <span class='ocrx_word' id='word_1_797' title='bbox 4208 5032 4310 5087; x_wconf 90' lang='lat' dir='ltr'><strong>Dei</strong></span> 
     </span>
    </p>
   </div>
   <div class='ocr_carea' id='block_1_111' title="bbox 2698 5093 4306 5190">
    <p class='ocr_par' dir='ltr' id='par_1_111' title="bbox 2698 5093 4306 5190">
     <span class='ocr_line' id='line_1_111' title="bbox 2698 5093 4306 5190; baseline 0.021 -45"><span class='ocrx_word' id='word_1_798' title='bbox 2698 5093 2957 5163; x_wconf 90' lang='lat' dir='ltr'><strong>templum</strong></span> <span class='ocrx_word' id='word_1_799' title='bbox 2982 5112 3172 5156; x_wconf 87' lang='lat' dir='ltr'><strong>sumus</strong></span> <span class='ocrx_word' id='word_1_800' title='bbox 3205 5101 3420 5170; x_wconf 73' lang='lat' dir='ltr'><strong>effecti;</strong></span> <span class='ocrx_word' id='word_1_801' title='bbox 3448 5102 3670 5176; x_wconf 63' lang='lat' dir='ltr'><strong>quod&#39;si</strong></span> <span class='ocrx_word' id='word_1_802' title='bbox 3706 5113 3792 5167; x_wconf 90' lang='lat' dir='ltr'><strong>vel</strong></span> <span class='ocrx_word' id='word_1_803' title='bbox 3815 5093 3993 5170; x_wconf 80' lang='lat' dir='ltr'><strong>otiosi</strong></span> <span class='ocrx_word' id='word_1_804' title='bbox 4009 5124 4306 5190; x_wconf 83' lang='lat' dir='ltr'><strong>sermonis,</strong></span> 
     </span>
    </p>
   </div>
   <div class='ocr_carea' id='block_1_112' title="bbox 2695 5184 4312 5270">
    <p class='ocr_par' dir='ltr' id='par_1_112' title="bbox 2695 5184 4312 5270">
     <span class='ocr_line' id='line_1_112' title="bbox 2695 5184 4312 5270; baseline 0.022 -33"><span class='ocrx_word' id='word_1_805' title='bbox 2695 5184 2780 5239; x_wconf 92' lang='lat' dir='ltr'><strong>vel</strong></span> <span class='ocrx_word' id='word_1_806' title='bbox 2810 5186 2993 5258; x_wconf 71' lang='lat' dir='ltr'><strong>exigui</strong></span> <span class='ocrx_word' id='word_1_807' title='bbox 3043 5191 3365 5265; x_wconf 89' lang='lat' dir='ltr'><strong>cujusquam</strong></span> <span class='ocrx_word' id='word_1_808' title='bbox 3411 5209 3592 5257; x_wconf 90' lang='lat' dir='ltr'><strong>reatus</strong></span> <span class='ocrx_word' id='word_1_809' title='bbox 3639 5207 4058 5268; x_wconf 85' lang='lat' dir='ltr'><strong>attaminatione</strong></span> <span class='ocrx_word' id='word_1_810' title='bbox 4093 5217 4312 5270; x_wconf 80' lang='lat' dir='ltr'><strong>contin-</strong></span> 
     </span>
    </p>
   </div>
   <div class='ocr_carea' id='block_1_113' title="bbox 2696 5277 4310 5364">
    <p class='ocr_par' dir='ltr' id='par_1_113' title="bbox 2696 5277 4310 5364">
     <span class='ocr_line' id='line_1_113' title="bbox 2696 5277 4310 5364; baseline 0.023 -36"><span class='ocrx_word' id='word_1_811' title='bbox 2696 5277 2910 5345; x_wconf 90' lang='lat' dir='ltr'><strong>gimur,</strong></span> <span class='ocrx_word' id='word_1_812' title='bbox 2947 5280 3109 5338; x_wconf 87' lang='lat' dir='ltr'><strong>facile</strong></span> <span class='ocrx_word' id='word_1_813' title='bbox 3155 5295 3242 5340; x_wconf 90' lang='lat' dir='ltr'><strong>est</strong></span> <span class='ocrx_word' id='word_1_814' title='bbox 3281 5303 3342 5343; x_wconf 92' lang='lat' dir='ltr'><strong>ut</strong></span> <span class='ocrx_word' id='word_1_815' title='bbox 3386 5290 3520 5347; x_wconf 90' lang='lat' dir='ltr'><strong>levis</strong></span> <span class='ocrx_word' id='word_1_816' title='bbox 3563 5296 3901 5364; x_wconf 63' lang='lat' dir='ltr'><strong>paenitentia:</strong></span> <span class='ocrx_word' id='word_1_817' title='bbox 3925 5303 4310 5364; x_wconf 82' lang='lat' dir='ltr'><strong>satisfactione</strong></span> 
     </span>
    </p>
   </div>
   <div class='ocr_carea' id='block_1_114' title="bbox 2694 5375 4308 5460">
    <p class='ocr_par' dir='ltr' id='par_1_114' title="bbox 2694 5375 4308 5460">
     <span class='ocr_line' id='line_1_114' title="bbox 2694 5375 4308 5460; baseline 0.025 -41"><span class='ocrx_word' id='word_1_818' title='bbox 2694 5383 3016 5440; x_wconf 83' lang='lat' dir='ltr'><strong>purgemur.</strong></span> <span class='ocrx_word' id='word_1_819' title='bbox 3041 5375 3114 5430; x_wconf 84' lang='lat' dir='ltr'><strong>At</strong></span> <span class='ocrx_word' id='word_1_820' title='bbox 3137 5378 3181 5431; x_wconf 91' lang='lat' dir='ltr'><strong>si</strong></span> <span class='ocrx_word' id='word_1_821' title='bbox 3211 5383 3398 5450; x_wconf 88' lang='lat' dir='ltr'><strong>gravis</strong></span> <span class='ocrx_word' id='word_1_822' title='bbox 3427 5385 3600 5456; x_wconf 77' lang='lat' dir='ltr'><strong>culpa:</strong></span> <span class='ocrx_word' id='word_1_823' title='bbox 3635 5387 3846 5459; x_wconf 88' lang='lat' dir='ltr'><strong>lepram</strong></span> <span class='ocrx_word' id='word_1_824' title='bbox 3877 5408 3975 5448; x_wconf 89' lang='lat' dir='ltr'><strong>nos</strong></span> <span class='ocrx_word' id='word_1_825' title='bbox 4007 5396 4308 5460; x_wconf 74' lang='lat' dir='ltr'><strong>incurrisse</strong></span> 
     </span>
    </p>
   </div>
   <div class='ocr_carea' id='block_1_115' title="bbox 2693 5461 4301 5558">
    <p class='ocr_par' dir='ltr' id='par_1_115' title="bbox 2693 5461 4301 5558">
     <span class='ocr_line' id='line_1_115' title="bbox 2693 5461 4301 5558; baseline 0.022 -46"><span class='ocrx_word' id='word_1_826' title='bbox 2693 5461 3020 5530; x_wconf 86' lang='lat' dir='ltr'><strong>contigerit,</strong></span> <span class='ocrx_word' id='word_1_827' title='bbox 3063 5467 3313 5525; x_wconf 91' lang='lat' dir='ltr'><strong>adeunda</strong></span> <span class='ocrx_word' id='word_1_828' title='bbox 3361 5484 3446 5529; x_wconf 90' lang='lat' dir='ltr'><strong>est</strong></span> <span class='ocrx_word' id='word_1_829' title='bbox 3492 5479 3746 5547; x_wconf 85' lang='lat' dir='ltr'><strong>protinus</strong></span> <span class='ocrx_word' id='word_1_830' title='bbox 3794 5493 3972 5540; x_wconf 87' lang='lat' dir='ltr'><strong>mater</strong></span> <span class='ocrx_word' id='word_1_831' title='bbox 3997 5488 4301 5558; x_wconf 67' lang='lat' dir='ltr'><strong>,Ecclesia.</strong></span> 
     </span>
    </p>
   </div>
   <div class='ocr_carea' id='block_1_116' title="bbox 2695 5551 4305 5641">
    <p class='ocr_par' dir='ltr' id='par_1_116' title="bbox 2695 5551 4305 5641">
     <span class='ocr_line' id='line_1_116' title="bbox 2695 5551 4305 5641; baseline 0.026 -41"><span class='ocrx_word' id='word_1_832' title='bbox 2695 5551 3090 5622; x_wconf 87' lang='lat' dir='ltr'><strong>supplicandus</strong></span> <span class='ocrx_word' id='word_1_833' title='bbox 3117 5568 3204 5614; x_wconf 87' lang='lat' dir='ltr'><strong>est</strong></span> <span class='ocrx_word' id='word_1_834' title='bbox 3251 5563 3520 5634; x_wconf 80' lang='lat' dir='ltr'><strong>pontifex,</strong></span> <span class='ocrx_word' id='word_1_835' title='bbox 3556 5580 3615 5626; x_wconf 83' lang='lat' dir='ltr'><strong>ut</strong></span> <span class='ocrx_word' id='word_1_836' title='bbox 3659 5577 3860 5636; x_wconf 74' lang='lat' dir='ltr'><strong>anima:</strong></span> <span class='ocrx_word' id='word_1_837' title='bbox 3905 5551 4111 5639; x_wconf 73' lang='lat' dir='ltr'><strong>nostra:</strong></span> <span class='ocrx_word' id='word_1_838' title='bbox 4161 5551 4305 5641; x_wconf 52' lang='lat' dir='ltr'><strong>tem;</strong></span> 
     </span>
    </p>
   </div>
   <div class='ocr_carea' id='block_1_117' title="bbox 2692 5639 4308 5734">
    <p class='ocr_par' dir='ltr' id='par_1_117' title="bbox 2692 5639 4308 5734">
     <span class='ocr_line' id='line_1_117' title="bbox 2692 5639 4308 5734; baseline 0.027 -43"><span class='ocrx_word' id='word_1_839' title='bbox 2692 5639 2864 5734; x_wconf 83' lang='lat' dir='ltr'><strong>plum,</strong></span> <span class='ocrx_word' id='word_1_840' title='bbox 2889 5645 3034 5712; x_wconf 89' lang='lat' dir='ltr'><strong>quod</strong></span> <span class='ocrx_word' id='word_1_841' title='bbox 3071 5647 3333 5707; x_wconf 83' lang='lat' dir='ltr'><strong>violatum</strong></span> <span class='ocrx_word' id='word_1_842' title='bbox 3363 5665 3530 5727; x_wconf 83' lang='lat' dir='ltr'><strong>atque</strong></span> <span class='ocrx_word' id='word_1_843' title='bbox 3558 5661 3898 5724; x_wconf 78' lang='lat' dir='ltr'><strong>destructum</strong></span> <span class='ocrx_word' id='word_1_844' title='bbox 3929 5672 4153 5728; x_wconf 90' lang='lat' dir='ltr'><strong>immani</strong></span> <span class='ocrx_word' id='word_1_845' title='bbox 4183 5639 4308 5734; x_wconf 62' lang='lat' dir='ltr'><strong>see.</strong></span> 
     </span>
    </p>
   </div>
   <div class='ocr_carea' id='block_1_118' title="bbox 2695 5729 4301 5829">
    <p class='ocr_par' dir='ltr' id='par_1_118' title="bbox 2695 5729 4301 5829">
     <span class='ocr_line' id='line_1_118' title="bbox 2695 5729 4301 5829; baseline 0.029 -46"><span class='ocrx_word' id='word_1_846' title='bbox 2695 5729 2808 5784; x_wconf 83' lang='lat' dir='ltr'><strong>iere</strong></span> <span class='ocrx_word' id='word_1_847' title='bbox 2843 5741 3120 5803; x_wconf 86' lang='lat' dir='ltr'><strong>cernitur,</strong></span> <span class='ocrx_word' id='word_1_848' title='bbox 3157 5755 3254 5810; x_wconf 87' lang='lat' dir='ltr'><strong>per</strong></span> <span class='ocrx_word' id='word_1_849' title='bbox 3299 5748 3654 5810; x_wconf 86' lang='lat' dir='ltr'><strong>sacerdotalis</strong></span> <span class='ocrx_word' id='word_1_850' title='bbox 3685 5763 4034 5819; x_wconf 87' lang='lat' dir='ltr'><strong>auctoritatis</strong></span> <span class='ocrx_word' id='word_1_851' title='bbox 4059 5765 4301 5829; x_wconf 81' lang='lat' dir='ltr'><strong>oilicium</strong></span> 
     </span>
    </p>
   </div>
   <div class='ocr_carea' id='block_1_119' title="bbox 2692 5824 4303 5932">
    <p class='ocr_par' dir='ltr' id='par_1_119' title="bbox 2692 5824 4303 5932">
     <span class='ocr_line' id='line_1_119' title="bbox 2692 5824 4303 5932; baseline 0.029 -58"><span class='ocrx_word' id='word_1_852' title='bbox 2692 5833 2759 5875; x_wconf 85' lang='lat' dir='ltr'><strong>ac</strong></span> <span class='ocrx_word' id='word_1_853' title='bbox 2782 5824 3176 5886; x_wconf 79' lang='lat' dir='ltr'><strong>satisfactionis</strong></span> <span class='ocrx_word' id='word_1_854' title='bbox 3189 5832 3364 5905; x_wconf 74' lang='lat' dir='ltr'><strong>digna:</strong></span> <span class='ocrx_word' id='word_1_855' title='bbox 3387 5845 3687 5903; x_wconf 84' lang='lat' dir='ltr'><strong>remedium</strong></span> <span class='ocrx_word' id='word_1_856' title='bbox 3711 5853 3926 5912; x_wconf 85' lang='lat' dir='ltr'><strong>novitcr</strong></span> <span class='ocrx_word' id='word_1_857' title='bbox 3946 5824 4303 5932; x_wconf 53' lang='lat' dir='ltr'><strong>instauratur;</strong></span> 
     </span>
    </p>
   </div>
  </div>
