5652 6370
1015 384 1121 443 913

1015 502 1191 571 potest
1219 486 1476 546 oblivioni
1509 483 1766 541 traditum
1797 496 1827 535 a
1873 478 2205 548 cogitatione
2232 465 2598 571 deleri.ﬂNqn-
2640 472 2686 528 Α

1016 561 1144 644 nulli
1192 582 1339 637 enim
1386 580 1617 634 fratrum
1647 584 1934 646 postquam
1984 584 2044 627 se
2087 568 2371 637 aliquanto
2406 561 2612 615 diutius

1014 676 1228 734 siluisse
1258 670 1605 728 meminerint
1634 706 1649 731 ,
1684 664 1919 736 quadam
1949 658 2105 731 quasi
2137 673 2201 711 ex
2237 656 2354 725 ipso
2393 650 2612 707 silentio

1014 765 1307 824 securitate
1362 765 1730 832 prasumpta,
1782 767 1910 807 mox
1965 751 2032 805 ad
2088 744 2413 819 proferenda
2468 755 2611 795 vana

1014 856 1271 928 qualibet
1302 862 1358 908 et
1402 850 1543 905 levia
1584 846 1855 910 defluunt,
1888 852 1943 897 et
1992 856 2100 895 non
2150 838 2217 892 ad
2256 834 2612 928 necessitatis

1014 924 1277 1010 iudicia,-
1299 940 1396 997 sed
1446 937 1513 993 ad
1558 935 1855 1005 voluptatis
1899 931 2082 1003 potius
2119 926 2477 998 petulantiam
2530 924 2614 977 in-

1014 1036 1249 1091 discreta
1281 1045 1377 1087 ora
1408 1028 1700 1085 resolvunt.
1729 1025 1938 1093 Quibus
1968 1020 2213 1092 profecto
2238 1016 2391 1070 valde
2422 1016 2616 1069 timen-

1014 1125 1140 1179 dum
1169 1129 1277 1185 est,
1305 1132 1375 1173 ne
1406 1118 1579 1186 magis
1606 1116 1775 1170 Deum
1807 1112 1941 1166 vitio
1981 1108 2234 1164 vaniflua
2265 1101 2615 1160 verbositatis

1014 1212 1465 1281 oll‘endantqnam
1487 1207 1589 1262 sibi
1614 1206 1765 1275 prius
1778 1202 1948 1274 388
1962 1201 2029 1255 de
2048 1198 2250 1254 silentii
2273 1196 2355 1251 sui
2379 1208 2614 1250 censura

1012 1304 1388 1375 plaeaverant.
1442 1298 1614 1353 Deum
1656 1295 1949 1364 siquidem,
1994 1305 2156 1360 quem
2206 1296 2262 1342 et
2306 1286 2518 1341 silendo
2560 1292 2618 1339 et

1011 1393 1350 1450 orationibus
1392 1389 1690 1447 insistendo
1719 1388 1772 1442 in
1799 1401 1862 1441 se
1886 1385 2168 1452 suscipere
2200 1380 2458 1435 fortassis
2486 1385 2617 1433 ante

1011 1492 1375 1548 meruerant,
1424 1496 1568 1535 nunc
1631 1477 1879 1533 vacando
1926 1474 2126 1529 fabulis
2170 1482 2225 1527 et
2271 1471 2620 1531 sermonibus

1011 1576 1205 1630 otiosis
1240 1582 1392 1629 tanto
1445 1568 1807 1642 periculosius
1849 1574 2057 1637 quanto
2099 1563 2334 1618 vicinius
2362 1562 2617 1633 persequi

1014 1680 1123 1722 non
1154 1664 1469 1745 formidant.

1081 1756 1327 1813 Audiant
1402 1754 1585 1822 itaque
1641 1750 1773 1820 quid
1829 1747 2035 1803 Paulus
2091 1746 2345 1817 Ephesiis
2406 1745 2552 1800 dicat
2598 1761 2611 1795 :

2415 353 2650 413 ςειιιιο
2681 350 2914 407 LXXIII.

4215 320 4321 375 9N

2716 476 3007 532 peccamus
3077 456 3187 513 Sed
3231 450 3496 527 quidquid
3534 448 3590 504 in
3626 447 3866 502 humana
3900 438 4324 532 conversatione

2717 524 3051 619 delinquitur
3078 524 3374 601 fructuosa
3396 534 3739 612 panitentia
3765 532 4005 589 remedio
4028 538 4086 586 et
4108 524 4324 585 crebris

2715 641 3055 697 orationibus
3075 638 3349 707 expiatur.

2785 732 3213 789 tionsideremus
3262 742 3434 799 ergo,
3492 725 3695 779 fratres
3746 716 4103 780 cbarissimi,
4152 730 4320 788 quam

2715 842 2884 899 grave
2927 826 3000 880 sit
3047 825 3100 879 in
3148 823 3332 889 lingua
3366 818 3715 886 delinquere,
3748 828 3869 882 qua
3914 807 4231 899 compuncti
4268 816 4339 863 et,

2717 896 2889 973 amari
2917 916 3099 973 cordis
3137 916 3412 983 interpres
3436 924 3538 978 pro
3566 906 3771 961 nostris
3794 901 4010 957 delictis
4031 896 4325 951 efﬁcaciter

2717 1006 3199 1068 consuevitorare,
3232 1011 3287 1057 et
3314 1016 3435 1054 eam
3467 997 3777 1051 vanissima
3816 987 4165 1060 loquacitatis
4193 984 4328 1039 vitio

2718 1115 2868 1155 ream
2913 1106 3077 1167 atque
3123 1093 3419 1150 obnoxiam
3460 1089 3646 1143 divino
3692 1080 4007 1153 conspectui
4056 1077 4324 1137 reddere,

2718 1207 2839 1262 qua
2884 1190 3142 1244 nimirum
3189 1188 3242 1241 in
3287 1200 3399 1241 sua
3429 1180 3710 1237 munditia
3753 1176 3992 1246 puritate
4026 1169 4329 1262 persistens

2718 1260 2924 1337 nostris
2956 1278 3199 1334 reatibus
3224 1283 3441 1346 poterat
3466 1271 3681 1326 veniam
3717 1266 3988 1322 obtinere.
4024 1260 4183 1317 Unde
4220 1273 4328 1312 non

2721 1370 3000 1428 immerito
3031 1384 3129 1439 per
3178 1368 3359 1421 virum
3400 1365 3721 1434 Sapientem
3750 1358 3997 1413 dicitur:
4034 1372 4053 1405 ι
4101 1348 4329 1422 Flagelli

2719 1459 2889 1532 389
2916 1458 3074 1529 plaga
3103 1457 3329 1511 livorem
3361 1453 3527 1519 facit;
3559 1451 3715 1523 plaga
3740 1457 3924 1502 autem
3951 1446 4150 1515 lingua
4175 1456 4328 1497 com-

2721 1553 2928 1606 minuet
2952 1563 3078 1603 ossa
3100 1546 3293 1616 (Et-cli.
3322 1542 3537 1612 xxvtn).
3575 1561 3594 1594 ι
3649 1541 3788 1594 Ecce
3839 1536 4019 1607 lingua
4061 1546 4189 1587 ossa
4222 1545 4329 1585 nou

2721 1640 2915 1705 habet,
2962 1646 3020 1693 et
3062 1652 3188 1692 ossa
3218 1634 3567 1698 comminuit,
3596 1631 3725 1701 quia
3754 1644 3879 1684 cum
3926 1627 4042 1697 ipsa
4075 1638 4175 1695 per
4198 1637 4333 1677 ven-

2723 1744 2841 1790 tosa
2884 1732 3051 1789 verba
3094 1731 3288 1786 leviter
3317 1729 3487 1785 cllluit
3538 1726 3702 1781 fortia
3746 1734 3920 1793 atque
3958 1719 4188 1775 robusta
4217 1717 4332 1770 vir-

1017 1864 1039 1900 ι
1070 1807 1544 1912 ὄιῖιιιιέζίιιᾳιιῐί,
1592 1807 1773 1896 sermo
1818 1839 1993 1893 malus
2019 1853 2089 1894 ex
2132 1807 2229 1892 ore
2274 1846 2457 1891 vestro
2500 1851 2608 1891 ηοιι
2640 1832 2688 1892 Β
2719 1824 2850 1879 tutis
2880 1831 3083 1879 nostra
3106 1821 3247 1876 facta
3271 1818 3595 1912 corrumpit.
3626 1815 3761 1912 Nam
3801 1825 4110 1912 cummors
4138 1817 4195 1861 et
4218 1807 4331 1912 vita

1008 1938 1294 2010 procedat,
1327 1938 1422 1993 sed
1450 1937 1495 1991 si
1541 1935 1672 2007 quid
1713 1936 1918 1990 bonum
1958 1942 2065 1997 est,
2098 1933 2165 1987 ad
2192 1930 2613 1986 aedificationem

1011 2030 1443 2103 opportunitatis
1499 2027 1666 2094 tldei,
1718 2035 1779 2080 ut
1832 2026 1924 2081 det
1974 2024 2207 2095 gratiam
2270 2022 2617 2077 audientibus

1009 2120 1232 2195 (Ephes.
1261 2119 1358 2190 tv).
1397 2137 1417 2171 ι
1448 2117 1516 2173 Ει
1536 2118 1665 2188 quia
1697 2115 1942 2171 nonnulli
1982 2114 2150 2170 Deum
2189 2114 2341 2183 prius
2370 2112 2511 2168 bene
2537 2112 2619 2166 vi-

1008 2211 1191 2267 vendo
1225 2210 1527 2274 latificant,
1560 2209 1654 2264 sed
1686 2208 2033 2278 postmodum
2064 2204 2335 2276 superflua
2388 2220 2617 2275 quaque

1008 2311 1068 2360 et
1104 2318 1367 2374 perversa
1399 2301 1669 2372 loquendo
1693 2300 2048 2364 contristant,
2095 2298 2241 2356 illico
2289 2298 2614 2367 subjunxit:

1013 2411 1038 2447 ι
1074 2394 1144 2449 Et
1185 2393 1356 2449 nolite
1409 2391 1737 2446 contristare
1783 2388 2050 2460 Spiritum
2097 2397 2348 2442 sanctum
2399 2386 2529 2467 Dei,
2563 2387 2616 2439 in

1009 2499 1122 2554 quo
1145 2483 1344 2554 signati
1371 2484 1505 2537 estis
1551 2481 1604 2535 in
1638 2481 1725 2535 die
1754 2479 2148 2548 redemptionis
2180 2477 2395 2549 (ΗΜΛ).
2434 2496 2453 2529 ι
2480 2475 2616 2531 Per-

1010 2574 1256 2644 pendant
1283 2572 1490 2638 miseri,
1515 2587 1637 2643 qua
1661 2571 1769 2625 illis
1794 2570 1983 2624 latitia
2010 2570 2061 2624 in
2090 2570 2248 2623 vanis
2273 2570 2621 2624 sermonibus

1010 2672 1201 2734 potest
1236 2663 1609 2718 lenocinantes
1651 2660 1939 2730 obrepere,
1972 2660 2171 2728 quibus
2200 2660 2380 2714 sciunt
2420 2675 2479 2715 se
2510 2674 2618 2714 non

1010 2762 1296 2826 potentem
1322 2754 1504 2809 saculi
1524 2794 1539 2819 ,
1570 2769 1675 2807 non
1701 2755 1868 2806 etiam
1900 2750 2195 2821 quemlibet
2237 2760 2486 2805 sanctum
2524 2750 2621 2804 ho-

1012 2842 1241 2907 minem,
1286 2842 1381 2896 sed
1414 2843 1593 2911 ipsum
1641 2840 1906 2909 Spiritum
1954 2847 2239 2906 sanctum,
2290 2839 2386 2909 qui
2427 2841 2620 2910 procul

1012 2932 1184 2988 dubio
1212 2932 1357 2988 Detis
1380 2940 1486 2997 est,
1517 2934 1899 2987 constristare.

1082 3021 1299 3091 Quanto
1344 3032 1527 3078 autem
1569 3022 1798 3079 cautela
1841 3023 2023 3078 studio
2057 3023 2257 3095 lingua
2300 3024 2620 3094 procacitas

1014 3112 1287 3167 frenanda
1310 3112 1402 3177 sit,
1436 3111 1481 3166 si
1511 3111 1635 3182 quis
1663 3127 1825 3168 nosse
1855 3112 2162 3177 desiderat,
2192 3113 2335 3168 inter
2355 3130 2476 3185 qua
2513 3116 2620 3170 cri-

2721 1917 2794 1973 sit
2841 1918 2894 1971 in
2937 1930 3103 1970 manu
3138 1914 3335 1985 lingua
3379 1910 3565 1982 (Prov.
3597 1905 3786 1977 xvtu),
3822 1903 3979 1959 valde
4021 1899 4329 1957 cavendum

2720 2019 2804 2064 est
2829 2009 3022 2063 vilium
3052 2006 3198 2076 quod
3229 2014 3285 2059 et
3318 2019 3481 2058 manu
3535 2001 3603 2054 ad
3638 1998 3942 2053 feriendum
3983 1994 4060 2047 uti
4091 1992 4334 2055 dicitur,

2720 2104 2867 2159 unde
2897 2101 3138 2157 inaniter
3164 2098 3439 2168 loquentis
3476 2095 3661 2149 anima
3689 2091 4011 2146 trucidetur.
4037 2085 4196 2142 Unde
4223 2098 4333 2137 non

2721 2196 2998 2252 immerito
3042 2193 3206 2259 idem,
3239 2192 3334 2263 qui
3369 2204 3569 2259 supra,
3615 2186 3848 2256 Sapiens
3893 2182 4066 2236 dicit:
4104 2195 4123 2229 ι
4173 2174 4330 2231 Multi

2720 2293 3037 2349 ceciderunt
3062 2290 3115 2344 in
3145 2302 3242 2343 ore
3266 2285 3450 2358 gladii,
3476 2284 3571 2339 sed
3597 2297 3701 2337 non
3726 2281 3827 2344 sic,
3856 2278 4013 2349 quasi
4035 2274 4129 2346 qui
4158 2274 4333 2328 inter-

2722 2384 2903 2441 ierunt
2926 2396 3024 2453 per
3050 2379 3289 2451 linguam
3320 2393 3474 2434 suam
3506 2374 3699 2448 (Ecclt’.
3727 2374 3946 2442 xxvnt).
3987 2388 4005 2421 ι

2792 2473 2910 2528 Duo
2939 2482 3121 2527 autem
3154 2470 3449 2539 unicuique
3502 2466 3813 2524 necessaria
3866 2471 3996 2519 sunt
4047 2459 4139 2530 qui
4176 2472 4237 2512 se
4264 2456 4335 2509 ab

2722 2564 2885 2632 huius
2930 2562 3190 2633 nequitia
3231 2570 3384 2631 peste
3404 2558 3688 2614 custodire
3715 2557 4019 2618 desiderat,
4045 2560 4105 2605 ut
4132 2547 4335 2605 videli-

2722 2665 2831 2718 cet,
2866 2663 2923 2709 et
2950 2653 3230 2724 proprium
3259 2666 3322 2706 os
3348 2667 3377 2704 a
3411 2650 3769 2720 supervacuis
3804 2645 4156 2703 sermonibus
4181 2657 4336 2698 com-

2722 2744 2945 2815 primat,
2972 2755 3051 2809 et,
3076 2758 3239 2798 aures
3268 2744 3435 2810 etiam
3451 2742 3733 2811 abineptis
3758 2740 3950 2795 aliena
3976 2735 4328 2807 loquacitatis

2722 2836 3260 2894 confabulationibus
3310 2836 3552 2901 claudat,
3604 2835 3867 2905 quoniam
3911 2834 4017 2889 hoc
4052 2832 4203 2885 virus
4223 2844 4333 2884 nou

2726 2930 2901 2986 solum
2932 2943 3028 2986 eos
3050 2945 3081 2983 a
3113 2930 3314 2998 quibus
3349 2928 3529 2983 oritur
3559 2926 3837 2981 lethaliter
3892 2923 4085 2986 inlicit,
4114 2919 4211 2975 sed
4238 2934 4335 2975 eos

2722 3022 2889 3076 etiam
2926 3022 2980 3076 in
3009 3036 3147 3090 quos
3170 3019 3467 3075 effunditur
3512 3018 3819 3089 perniciosa
3852 3017 3975 3071 tabe
4004 3012 4332 3084 corrumpit.

2726 3112 2882 3169 Unde
2934 3113 3203 3182 scriptum
3255 3120 3340 3167 est
3372 3128 3385 3165 :
3418 3129 3436 3163 ι
3476 3108 3607 3181 Sepi
3654 3124 3819 3163 aures
3872 3116 3993 3162 tuas
4039 3105 4235 3176 spinis,
4274 3114 4333 3159 et

1009 3202 1162 3257 mina
1192 3201 1262 3258 ab
1287 3203 1478 3257 eodem
1513 3204 1778 3275 magistro
1804 3204 2045 3275 gentium
2077 3184 2417 3273 numeretur,
2442 3216 2616 3263 atten-
2643 3184 2692 3248 ο
2724 3206 2837 3261 noli
2865 3205 3055 3285 audire
3078 3206 3317 3275 linguam
3345 3219 3581 3274 nequam
3605 3220 3620 3269 ;
3643 3212 3699 3258 et
3728 3203 3812 3257 ori
3846 3211 3939 3255 tuo
3966 3200 4135 3255 facito
4155 3198 4325 3261 ostia.

1008 3292 1155 3348 dat:
1196 3310 1217 3345 ι
1253 3292 1602 3360 Fornicatio,
1661 3294 1873 3363 inquit,
1924 3303 1980 3348 et
2026 3295 2206 3349 omnis
2238 3296 2612 3366 immunditia,

1009 3394 1106 3440 aut
1154 3386 1416 3453 avaritia,
1471 3402 1572 3442 nec
1619 3388 1934 3442 nominetur
1960 3389 2015 3443 in
2064 3388 2258 3454 vobis,
2291 3390 2436 3444 sicut
2460 3391 2621 3455 decet

1010 3485 1259 3541 sanctos,
1290 3485 1383 3530 aut
1417 3477 1713 3546 turpitudo,
1744 3489 1834 3532 aut
1881 3478 2306 3547 stultiloquium,
2336 3490 2429 3535 aut
2459 3497 2617 3537 scur-

1013 3568 1218 3633 rilitas,
1249 3583 1370 3639 qua
1416 3569 1483 3624 ad
1514 3585 1629 3624 rem
1661 3586 1769 3625 non
1818 3572 2058 3640 pertinet
2084 3570 2306 3641 (Ephes.
2336 3573 2416 3644 v).
2458 3596 2475 3627 ι
2516 3575 2618 3631 Ubi

1011 3656 1161 3711 enim
1189 3656 1633 3723 fornicationem,
1666 3660 2091 3723 immunditiam,
2135 3674 2303 3734 atque
2331 3666 2618 3720 avaritiam

1012 3744 1207 3811 texuit,
1239 3745 1311 3800 ibi
1344 3746 1507 3801 etiam
1542 3746 1917 3803 indifferenter
1941 3752 2330 3808 scurrilitatem
2356 3794 2369 3818 ,
2400 3766 2457 3810 et
2487 3756 2621 3811 stul-

1009 3836 1302 3909 tiloquium
1346 3838 1667 3904 nominavit,
1710 3849 1769 3894 ut
1820 3840 2109 3899 manifeste
2156 3846 2319 3900 detur
2367 3848 2618 3919 intelligi,

1009 3928 1211 3997 lingua
1242 3927 1443 3983 malum
1492 3930 1831 3999 gravissimis
1876 3932 2202 3990 criminibus
2238 3936 2291 3990 in
2318 3936 2621 3994 offensione

1013 4019 1372 4087 coniunctum
1394 4061 1407 4086 ,
1452 4035 1482 4073 a
1527 4021 1727 4089 quibus
1764 4023 1818 4077 in
1869 4024 1983 4092 ipsa
2012 4040 2118 4079 non
2146 4036 2231 4089 est
2253 4030 2623 4096 prohibitione

1014 4109 1337 4165 discretum.
1368 4110 1507 4177 Quid
1537 4123 1721 4167 autem
1750 4115 2063 4184 vaniloquio
2089 4127 2271 4187 potest
2312 4134 2434 4174 esse
2469 4122 2623 4176 dete-

1013 4200 1157 4265 rius,
1183 4202 1327 4271 quod
1352 4218 1458 4257 non
1492 4204 1651 4259 modo
1674 4219 1773 4275 per
1801 4207 2157 4276 semetipsum
2192 4210 2465 4266 infelict-m
2497 4213 2619 4267 ani-

1011 4308 1161 4347 mam
1208 4293 1485 4351 lethaliter
1524 4307 1735 4365 gravat,
1782 4298 1877 4353 sed
1909 4309 1968 4354 et
2011 4301 2187 4371 ipsam
2225 4304 2467 4359 honesta
2492 4304 2620 4359 vita

1008 4383 1360 4453 religionem,
1410 4402 1534 4456 qua
1558 4389 1833 4444 hominem
1868 4391 1978 4445 Deo
2005 4388 2210 4459 iunxit,
2250 4404 2499 4460 evacuat,
2527 4395 2622 4450 Ja-

1007 4476 1151 4533 cobo
1180 4485 1431 4543 testante,
1463 4479 1555 4547 qui
1580 4480 1658 4534 ait
1686 4496 1700 4535 :
1736 4499 1755 4532 ι
1792 4481 1850 4536 Si
1879 4484 2004 4552 quis
2032 4494 2187 4553 putat
2210 4501 2269 4541 se
2296 4486 2614 4559 religiosum

2720 3307 2777 3353 et
2816 3314 2970 3353 seras
3019 3286 3249 3353 auribus
3298 3298 3439 3362 tuis;
3491 3312 3686 3349 aurum
3722 3304 3896 3360 tuum,
3924 3303 3981 3350 et
4032 3302 4328 3367 argentum

2723 3396 2876 3443 tuum
2908 3386 3104 3452 eonlla,
3134 3396 3189 3441 et
3210 3386 3393 3441 verbis
3418 3387 3526 3441 tuis
3550 3386 3718 3441 facito
3742 3394 4030 3449 stateram,
4060 3394 4115 3440 et
4141 3383 4329 3439 frenos

2720 3480 2803 3535 ori
2836 3488 2930 3534 tuo
2952 3486 3156 3544 rectos,
3188 3486 3245 3533 et
3266 3478 3512 3548 attende,
3533 3493 3601 3533 ne
3627 3476 3771 3533 forte
3797 3477 4003 3533 labaris
4029 3476 4086 3531 in
4117 3475 4329 3548 lingua,

2722 3579 2778 3624 et
2806 3570 2969 3624 cadas
3000 3568 3056 3623 in
3084 3576 3384 3639 conspectu
3408 3568 3763 3624 inimicorum
3795 3568 4176 3623 insidiantium
4206 3567 4329 3632 tibi.

2720 3674 2776 3718 et
2805 3664 2879 3719 sit
2930 3679 3091 3719 casus
3146 3674 3270 3719 tuus
3306 3664 3631 3718 insanabilis
3670 3664 3726 3717 in
3760 3671 3996 3718 mortem
4048 3660 4263 3735 (Ibid.).
4304 3682 4324 3714 ι

2723 3755 2982 3811 Salomon
3026 3766 3212 3811 autem
3241 3757 3375 3812 dicit
3409 3774 3421 3809 :
3457 3776 3475 3808 ι
3505 3756 3609 3823 Qui
3651 3755 3895 3811 custodit
3932 3769 3996 3810 os
4018 3769 4203 3820 suum,
4233 3769 4332 3810 cu-

2721 3848 2891 3903 stodit
2922 3848 3165 3902 animam
3197 3863 3351 3903 suam
3378 3865 3393 3914 ;
3426 3848 3521 3918 qui
3566 3856 3750 3902 autem
3784 3847 4223 3903 inconsideratus
4245 3856 4332 3902 est

2722 3939 2791 3993 ad
2838 3938 3193 4009 loquendum,
3244 3940 3443 3994 sentiet
3482 3938 3688 3993 malum
3747 3936 3934 4009 (Prov.
3987 3937 4132 4009 aut).
4170 3937 4329 3994 :Nec

2721 4031 2865 4085 enim
2897 4030 3228 4085 credendum
3272 4041 3381 4095 est,
3410 4028 3613 4085 fratres
3662 4030 3789 4095 mei,
3815 4038 4038 4085 sanctos
4066 4029 4319 4084 doctores

2721 4122 2857 4177 Novi
2912 4122 3123 4177 scilicet
3159 4138 3225 4176 ac
3267 4122 3482 4176 Veteris
3511 4120 3851 4177 Testamenti
3887 4129 3967 4176 tot
4012 4121 4132 4176 sine
4160 4136 4328 4176 causa

2721 4212 3024 4269 sententias
3070 4212 3334 4266 adversus
3365 4212 3565 4282 lingua
3607 4213 3802 4266 vitium
3848 4210 4166 4283 protulisse.
4210 4210 4325 4266 Nisi

2722 4304 2871 4358 enim
2912 4302 3041 4359 huic
3071 4304 3263 4358 morbo
3310 4305 3553 4359 immane
3581 4304 3885 4375 periculum
3916 4308 4096 4360 inesse
4125 4319 4327 4376 cogno-

2722 4404 2963 4460 scerent,
3004 4410 3351 4466 nequaquam
3404 4396 3672 4453 adversus
3734 4399 3880 4454 hunc
3939 4408 4050 4453 tam
4081 4409 4322 4463 austere,

2723 4494 2833 4542 tam
2862 4494 3045 4553 acute,
3107 4497 3217 4543 tam
3272 4488 3668 4559 multipliciter.
3701 4498 3811 4545 tam
3868 4490 4327 4549 uniformiterdi-

1006 4580 1155 4632 esse,
1182 4584 1292 4625 non
1317 4567 1601 4625 refrenans
1626 4571 1864 4639 linguam
1901 4589 2079 4640 suam,
2110 4577 2203 4630 sed
2226 4578 2491 4633 seducens
2520 4594 2617 4635 cor
2647 4554 2694 4614 ο
2720 4589 3029 4651 spntarent.

1006 4670 1195 4725 suum,
1230 4660 1391 4731 hujus
1419 4676 1561 4716 vana
1607 4671 1693 4717 est
1745 4663 1935 4734 religio
1967 4664 2113 4735 (Jac.
2142 4666 2203 4737 l).
2239 4685 2256 4718 ι
2285 4668 2493 4734 Quibus
2533 4670 2617 4725 ni-

1007 4750 1214 4807 mirum
1247 4753 1431 4808 verbis
1475 4753 1597 4810 luce
1635 4755 1840 4811 clarius
1867 4767 2087 4812 constat
2135 4761 2261 4829 quia
2294 4761 2348 4816 in
2381 4762 2611 4818 nihilum

1007 4840 1195 4896 omnis
1223 4852 1409 4897 nostra
1448 4844 1639 4913 religio
1684 4845 1975 4916 redigitur,
2010 4848 2113 4903 nisi
2155 4850 2389 4905 solerter
2420 4853 2618 4907 immo-

1007 4930 1217 4988 derata
1239 4932 1433 5005 lingua
1470 4935 1693 4991 lascivia
1716 4949 2115 5008 compescatur.
2147 4939 2248 5007 Qui
2276 4958 2467 4999 rursus
2496 4944 2611 5000 ait:

1011 5037 1036 5073 ι
1071 5018 1177 5088 Qui
1219 5022 1273 5077 in
1301 5025 1468 5079 verbo
1496 5040 1603 5080 non
1650 5025 1879 5082 oll'endit
1902 5069 1918 5093 ,
1968 5029 2057 5084 bic
2085 5029 2363 5100 perfectus
2420 5042 2503 5089 est
2529 5035 2615 5089 vir

1006 5108 1156 5180 (Jac.
1188 5113 1293 5181 ιιι).
1333 5134 1351 5166 ι
1387 5114 1444 5169 Si
1478 5115 1575 5169 viri
1601 5116 1867 5185 perfectio
1894 5118 1948 5173 in
1977 5119 2127 5173 verbi
2176 5121 2423 5177 custodia
2452 5125 2612 5193 poni-

1005 5210 1123 5268 tur,
1154 5203 1398 5274 profecto
1440 5216 1593 5277 patet
1627 5209 1753 5277 quia
1810 5224 1909 5278 per
1953 5208 2230 5266 eﬂ'renata
2260 5212 2612 5283 loquacitatis

1006 5294 1301 5364 incuriam,
1325 5300 1504 5355 omnis
1530 5302 1695 5355 etiam
1718 5304 1976 5371 perfecta
2002 5304 2128 5359 vita
2158 5308 2480 5375 compositio
2502 5310 2613 5366 dis-

1004 5386 1243 5457 sipatur.
1281 5390 1348 5446 Et
1376 5391 1425 5447 si
1466 5407 1581 5447 rem
1611 5393 1844 5449 velimus
1870 5395 2158 5466 diligenter
2188 5398 2481 5468 inspicere,
2513 5401 2611 5456 de-

1006 5478 1186 5533 terius
1215 5482 1738 5553 peecatplerumque
1768 5486 1947 5555 lingua
1974 5502 2135 5556 quam
2164 5489 2271 5541 vita
2295 5504 2309 5553 ;
2341 5505 2465 5544 nam
2484 5498 2540 5545 et
2562 5491 2609 5548 si

1007 5567 1258 5639 vigilanti
1285 5583 1414 5625 cura
1459 5573 1699 5628 animam
1748 5584 1993 5631 nostram
2039 5578 2316 5631 custodire
2363 5581 2613 5649 proponi-

1006 5671 1174 5723 mus,
1208 5666 1389 5715 tamen
1419 5661 1545 5731 quia
1596 5666 1875 5735 propagati
1920 5667 1985 5721 de
2013 5682 2179 5721 carne
2213 5685 2336 5722 cum
2380 5682 2609 5738 peccato

1009 5762 1221 5815 sumus,
1261 5747 1587 5820 impediente
1629 5754 1828 5825 sapius
1874 5755 1989 5827 ipsa
2030 5761 2213 5814 carnis
2247 5760 2613 5828 infirmitate.

2790 4671 2864 4728 Ut
2888 4672 3036 4725 enim
3062 4682 3259 4728 caetera
3289 4675 3600 4730 testimonia
3644 4692 3818 4732 sacra
3859 4677 4160 4749 Scriptura
4186 4694 4323 4744 pra-

2720 4770 2946 4825 teream,
2982 4777 3146 4832 quem
3190 4764 3489 4834 apostolica
3524 4766 3651 4821 tuba
3678 4767 3767 4821 illa
3793 4784 3898 4822 non
3931 4777 4160 4835 terreat,
4202 4786 4323 4838 quzn

2714 4851 2782 4907 de
2810 4852 2915 4907 hac
2938 4854 3181 4923 pernicie
3208 4854 3526 4910 terribiliter
3552 4857 3785 4923 intonat,
3810 4859 4018 4915 dicens.
4097 4878 4117 4912 ι
4158 4861 4323 4925 Ειοοο,

2714 4942 2914 5012 inquit,
2975 4956 3215 5013 quantus
3280 4946 3422 5016 ignis
3473 4962 3639 5016 quam
3690 4965 3949 5022 magnam
4014 4951 4209 5006 silvam
4241 4953 4325 5005 in-

2718 5034 2923 5098 cendit,
2951 5044 3006 5089 et
3048 5035 3234 5105 lingua
3287 5038 3429 5109 ignis
3467 5047 3573 5103 est,
3605 5041 3936 5097 universitas
3979 5039 4337 5113 iniquitatis:

2717 5121 2903 5192 lingua
2935 5126 3291 5181 constituitur
3320 5128 3377 5182 in
3429 5130 3693 5185 membris
3724 5134 3949 5199 nostris,
3975 5149 4097 5203 qua
4129 5149 4321 5191 macu-

2714 5212 2791 5267 lat
2841 5222 3014 5269 totum
3051 5232 3272 5286 corpus,
3319 5228 3375 5274 et
3432 5218 3736 5276 inflammat
3790 5232 3963 5279 rotam
4016 5223 4319 5281 nativitatis

2713 5312 2937 5371 nostra,
2966 5305 3301 5363 inﬂammata
3338 5324 3369 5364 a
3414 5312 3662 5381 gebenna
3705 5312 3850 5384 (Jac.
3884 5316 3989 5387 ιιι).
4024 5336 4042 5369 ι
4078 5316 4197 5372 Non
4222 5334 4317 5373 au-

2714 5403 2825 5449 tem
2848 5395 3126 5453 immerito
3171 5398 3352 5469 lingua
3380 5400 3521 5471 ignis
3557 5402 3781 5469 dicitur,
3820 5406 3947 5473 quia
3970 5407 4121 5462 sicut~
4143 5410 4209 5461 de
4236 5410 4316 5461 in-

2712 5490 2948 5561 sipiente
2976 5491 3236 5549 Salomon
3264 5494 3398 5549 dicit
3432 5514 3444 5550 :
3477 5516 3496 5547 ι
3535 5497 3764 5568 Apr-rtio
3789 5500 4078 5557 orisillius
4100 5500 4315 5555 inuam-

2714 5583 2887 5638 matio
2928 5583 3123 5652 (Eccli.
3166 5586 3282 5656 xx).
3320 5608 3337 5639 ι
3382 5586 3438 5641 Si
3479 5602 3611 5660 ergo
3642 5590 3823 5660 lingua
3886 5592 4024 5662 ignis
4054 5600 4160 5652 est.
4190 5607 4313 5661 qua

2712 5687 2932 5728 omnem
2959 5675 3223 5731 virtutum
3253 5686 3562 5734 nostrarum
3612 5680 3805 5735 silvam
3835 5682 4097 5746 incendit,
4121 5682 4167 5737 si
4192 5684 4313 5738 uni-

2714 5765 2949 5823 versitas
2973 5774 3058 5824 est
3090 5768 3416 5840 iniquitatis,
3441 5770 3487 5828 si
3514 5779 3683 5849 totum
3706 5789 3907 5845 corpus
3936 5790 4033 5829 sua
4064 5772 4312 5830 faditate
