4300 6384
450 383 552 440 117

452 491 747 567 Apostolus
772 488 921 546 dicat
953 503 967 541 :
1004 505 1022 540 ι
1050 484 1154 554 Qui
1195 486 1368 556 legem
1401 479 1663 552 prtetcrit,

453 590 616 640 norat
663 578 849 654 (Rom.
901 576 989 649 tt).
1034 596 1053 627 ι
1090 574 1262 629 Porro
1307 571 1501 629 otiosis
1550 568 1734 623 verbis
1772 572 2046 626 assuetus,

452 672 656 743 duplici
689 668 879 740 procul
910 666 1074 723 dubio
1095 665 1268 735 culpas
1305 663 1520 718 videtur
1545 658 1832 719 obnoxius,
1871 656 1962 723 qui
1996 662 2051 707 et

451 761 672 818 divinas
715 761 922 825 laudes,
956 759 1023 813 ad
1073 771 1209 828 quas
1262 756 1499 810 humana
1534 749 1779 805 conditio
1828 746 2050 799 assidue

451 858 811 921 provocatur,
847 848 1054 918 objicit,
1078 858 1136 903 et
1171 844 1456 915 supernum
1491 838 1835 910 loquacitati.
1870 852 1897 889 a
1937 850 2045 905 qua

452 943 800 1015 prohibetur,
854 942 1076 1005 insistit,
1134 939 1275 995 sicut
1328 936 1395 992 de
1425 933 1753 1006 quibusdam
1780 928 2048 984 Jeremias

452 1034 591 1090 dicit
627 1053 641 1089 :
680 1054 699 1086 ς
740 1035 857 1089 Duo
909 1032 1053 1087 mala
1098 1030 1230 1085 fecit
1274 1026 1503 1103 populus
1536 1039 1713 1079 meus.
1745 1020 1827 1075 Me
1852 1017 2051 1073 dereli-

451 1132 695 1192 querunt
723 1122 928 1177 fontem
955 1136 1110 1190 aqua)
1135 1121 1304 1183 vivae,
1355 1126 1408 1172 et
1447 1114 1703 1171 foderunt
1728 1111 1826 1166 sibi
1850 1111 2047 1165 cister—

448 1224 558 1267 nas
584 1211 1048 1281 dissipatas,.qu:e
1070 1208 1351 1265 continere
1374 1222 1482 1260 non
1506 1204 1691 1257 valent
1716 1216 1886 1269 aquas
1908 1195 1965 1267 (J
1970 1212 2046 1251 er.

450 1302 578 1373 att).
619 1326 638 1354 ι
688 1301 820 1370 Quae
867 1301 1127 1355 nimirum
1185 1299 1467 1369 propheta:
1517 1294 1703 1356 verba,
1759 1292 1925 1344 etiam
1984 1287 2051 1342 de

448 1394 633 1449 Otiosa
669 1392 1021 1465 loquentibus
1054 1399 1281 1461 possunt
1338 1404 1444 1443 non
1490 1384 1941 1441 inconvenienter
1969 1378 2050 1432 in-

449 1482 650 1555 telligi,
686 1483 779 1555 qui
807 1484 1067 1538 nimirum
1114 1480 1377 1536 derelicto
1402 1478 1548 1533 fonte
1571 1488 1727 1543 aquae
1755 1470 1911 1534 vitae.
1948 1468 2050 1522 1100

444 1582 557 1638 est,
584 1573 892 1645 postposito
924 1574 1091 1628 verbo
1111 1572 1365 1634 vitanora
1393 1582 1489 1622 sua
1522 1566 1789 1620 cisternas
1819 1559 2045 1623 faciunt,

442 1678 518 1720 ex
564 1665 765 1734 quibus
812 1679 921 1718 non
976 1661 1122 1726 novi,
1181 1662 1276 1717 sed
1333 1658 1535 1713 veteris
1591 1654 1830 1709 hominis
1880 1650 2046 1705 verba

440 1752 755 1824 proferunt,
810 1751 1269 1823 quemadmodum
1318 1766 1426 1805 non
1480 1758 1759 1802 recentem
1783 1745 1849 1799 de
1876 1741 2043 1802 fonte,

442 1844 544 1901 sed
588 1845 926 1900 sentinosam
986 1842 1169 1912 potius
1208 1855 1405 1911 aquam
1464 1839 1530 1892 de
1578 1836 1817 1891 cisterna
1865 1829 2046 1902 profe-

443 1942 606 2000 rant;
634 1944 694 1991 et
721 1934 848 2005 quia
878 1932 1023 1987 labia
1060 1946 1156 1986 sua
1212 1930 1491 1984 moderata
1551 1925 1803 1981 nesciunt
1834 1920 2045 1974 discre-

439 2024 597 2080 tione
621 2022 1214 2093 reprimere,cisterna:
1238 2019 1514 2090 dissipatae
1543 2030 1740 2088 aquam
1769 2016 2046 2084 nequeunt

436 2115 750 2172 continere.

510 2248 679 2321 ³92
733 2248 1042 2303 Notandum
1104 2263 1238 2303 sane
1292 2248 1418 2318 quia
1453 2247 1594 2302 sicut
1632 2246 1752 2300 avis
1781 2242 2043 2299 advolans

431 2339 669 2410 exponit
706 2354 767 2394 se
816 2354 971 2393 ramo
1014 2337 1308 2408 cujuslibet
1356 2337 1590 2401 arboris,
1618 2338 1698 2391 sic
1725 2335 2043 2406 plerumque

432 2428 717 2499 malignus
746 2428 975 2498 spiritus
1014 2428 1242 2483 veniens
1278 2426 1478 2481 insidet
1509 2425 1707 2496 linguae
1734 2424 2043 2479 inconside-

432 2527 561 2573 rate
595 2517 890 2588 loquentis,
922 2526 979 2573 ct
1009 2518 1380 2573 inordinatum
1409 2517 1539 2587 quid
1571 2517 1625 2571 in
1656 2518 1889 2572 decursu
1920 2530 2039 2570 ser-

430 2607 618 2665 monis
653 2623 751 2678 per
780 2609 1188 2680 subreptionem
1216 2609 1409 2663 suadet
1429 2605 1678 2673 eﬂluere;
1714 2610 1857 2663 unde
1885 2615 2038 2677 post-

430 2700 663 2755 modum
696 2700 922 2756 vcniens
972 2701 1126 2771 quasi
1157 2708 1417 2771 congesta
1450 2700 1747 2754 dimicandi
1782 2701 2038 2763 materia,

430 2806 536 2847 cor
565 2792 808 2848 hominis
838 2793 1019 2849 valeat
1075 2794 1417 2865 impugnare.
1462 2794 1609 2848 Intra
1641 2792 2037 2848 conscientiam

429 2896 622 2948 suam,
666 2880 868 2937 fratres
901 2882 1238 2948 cliarissimi,
1273 2883 1647 2953 unusquisque
1685 2890 1925 2935 vestrum
1955 2895 2039 2934 re-

430 2972 589 3038 deat,
617 2979 674 3027 et
702 2985 782 3037 se,
816 2970 959 3042 quod
988 2973 1241 3038 dicimus,
1293 2980 1670 3043 recognoscat.
1702 2971 1855 3042 Stepe
1882 2987 2038 3025 nam-

427 3073 542 3130 que
592 3059 936 3131 negligenter
977 3062 1110 3132 quid
1165 3062 1473 3131 loquimur;
1514 3062 1657 3117 unde
1687 3060 2034 3132 posmodum

1870 362 2103 424 sentio
2141 354 2373 413 ωιχιιι.
3340 405 3359 422 ,

1694 477 1859 533 Deum
1892 474 2041 528 inho.
2074 475 2121 531 Α
2151 459 2434 535 pendenda
2484 455 2642 511 nobis
2673 453 2931 508 videntur
2958 458 3014 505 et
3068 448 3232 510 levia,
3258 446 3353 501 sed
3386 456 3513 500 cum
3541 440 3607 497 al
3630 455 3758 495 ora-

3650 334 3756 391 9|!

2158 532 2367 607 tionum
2425 556 2636 603 secreta
2694 543 3051 605 recurrimus,
3114 539 3357 595 reducta
3392 534 3642 605 protinus
3690 532 3758 585 ad

2155 640 2503 703 memoriam,
2560 637 2696 691 dura
2761 646 2989 704 prorsus
3058 638 3113 685 et
3177 622 3543 682 intolerabilia
3612 618 3757 690 judi-

2155 748 2367 789 camus.

2227 824 2589 890 Quapropter,
2648 812 2991 870 dilectissimi
3042 811 3243 865 fratres
3276 807 3401 869 mei,
3439 803 3759 860 studeamus

2154 916 2521 984 nosmetipsos
2577 914 2717 964 intra
2772 908 2977 963 silentii
3028 907 3271 959 claustra
3326 900 3649 967 reprimere,
3702 902 3760 949 et

2155 1009 2370 1078 linguas
2416 1015 2636 1060 nostras
2670 1018 2700 1055 a
2729 1002 2888 1054 vanis
2931 1010 2985 1051 et
3031 996 3316 1052 inutilibus
3342 991 3575 1059 eloquiis
3605 986 3757 1042 cohi-

2152 1099 2303 1154 bere.
2327 1098 2521 1151 Anima
2548 1106 2783 1162 namque
2812 1100 2999 1144 nostra
3030 1086 3249 1157 superni
3305 1082 3448 1152 regis
3477 1089 3563 1135 est
3587 1090 3754 1147 spon-

2154 1204 2238 1251 sa,
2278 1201 2399 1257 qua:
2430 1197 2659 1253 accepto
2688 1182 2914 1252 pignore
2960 1177 3136 1231 sancti
3174 1173 3438 1244 Spiritus,
3471 1163 3757 1237 signaculo

2153 1281 2279 1337 ﬁdei
2329 1288 2414 1334 est
2448 1279 2653 1333 dotata.
2688 1274 2907 1327 Maneat
2945 1284 3076 1339 ergo
3130 1268 3184 1320 in
3234 1264 3352 1321 suis
3377 1258 3755 1333 penetralibus

2151 1374 2329 1443 virgo,
2353 1386 2459 1425 non
2488 1368 2810 1423 indecenter
2838 1365 2891 1418 in
2925 1361 3203 1432 publicum
3238 1357 3490 1427 prodeat,
3519 1366 3628 1407 non
3660 1363 3757 1419 per

2153 1464 2268 1518 oris
2298 1462 2461 1515 limen
2492 1472 2739 1529 egressa,
2794 1456 2846 1509 in
2880 1464 3219 1522 supervacua
3250 1461 3311 1502 se
3339 1445 3529 1507 verba,
3563 1457 3629 1497 ac
3657 1456 3760 1496 sat-

2153 1551 2360 1608 cnlaria
2395 1549 2630 1603 inaniter
2670 1544 2881 1607 fundat,
2911 1558 2981 1597 ne
3027 1542 3071 1595 si
3103 1539 3327 1593 deviare
3353 1550 3473 1591 eam
3519 1545 3755 1601 sponsus

2153 1657 2183 1695 a
2238 1640 2488 1695 modesta
2541 1635 2819 1706 pudicitia:
2879 1629 3327 1700 suae-gravitate
3381 1619 3752 1691 conspexerit,

2151 1731 2479 1802 quandoque
2532 1728 2850 1797 objurgans,
2894 1723 3077 1777 dicat:
3116 1738 3133 1770 ι
3178 1717 3239 1773 Si
3287 1718 3509 1787 ignoras
3560 1721 3634 1775 te,
3666 1711 3753 1802 in-

2077 1818 2121 1876 B
2152 1798 2431 1891 quiens,o
2472 1818 2716 1887 pulchra
2764 1815 2906 1869 inter
2960 1809 3241 1872 mulieres,
3269 1804 3553 1875 egredere,
3583 1811 3639 1857 et
3665 1798 3755 1854 abi

2152 1922 2275 1983 post
2304 1911 2532 1981 vestigia
2562 1922 2787 1980 gregum
2825 1905 3006 1973 (Cant.
3048 1904 3131 1972 ιι).
3172 1921 3188 1952 ι
3217 1900 3276 1956 ιιι
3302 1896 3557 1955 cubiculo
3587 1895 3755 1966 igitur

2150 2020 2251 2059 suo
2277 2002 2533 2073 virginali
2580 2014 2735 2055 more
2767 1998 3029 2061 resideat,
3085 1996 3197 2059 oris
3236 1992 3438 2048 ostium
3503 1989 3750 2045 clausum

2148 2102 2355 2159 teneat,
2410 2102 2467 2149 et
2514 2107 2817 2162 nunquam,
2857 2090 2962 2143 nisi
3027 2102 3149 2157 quae
3210 2086 3279 2141 ad
3325 2080 3752 2154 exSpectandum

2147 2168 2425 2259 pertinent
2478 2186 2661 2255 sponsi
2709 2182 2953 2237 caelestis
2996 2182 3313 2241 adventum,
3347 2177 3596 2232 locutura
3625 2188 3751 2243 pro-

2146 2279 2336 2344 cedat;
2372 2277 2475 2332 sub
2504 2276 2699 2331 umbra
2748 2288 2809 2329 se
2848 2272 3055 2329 silentii
3111 2270 3402 2341 reprimat.
3442 2280 3511 2321 ne
3538 2262 3757 2321 decolor

2145 2368 2425 2433 videatur;
2454 2365 2523 2421 ab
2547 2366 2694 2420 omni
2727 2380 2787 2419 se
2822 2372 2959 2419 aestu
2990 2361 3193 2431 negotii
3218 2357 3500 2414 stccularis
3528 2356 3758 2410 abscon-

2144 2460 2260 2523 dat,
2290 2467 2351 2514 ut
2402 2474 2509 2514 non
2542 2457 2818 2513 immerito
2867 2454 3040 2526 possit
3085 2451 3254 2507 alacri
3307 2462 3441 2505 voce
3482 2455 3751 2503 cantare:

2150 2571 2168 2605 ι
2206 2551 2321 2608 Sub
2346 2551 2539 2607 umbra
2569 2549 2733 2621 393
2783 2548 2927 2603 illius
2967 2561 3130 2616 quem
3178 2542 3583 2602 desiderabam.
3611 2538 3752 2601 sedi,

2143 2654 2201 2702 et
2231 2645 2442 2701 fructus
2490 2643 2609 2714 ejus
2645 2642 2820 2698 dulcis
2871 2639 3077 2711 gutturi
3123 2653 3283 2692 meo:
3315 2633 3617 2690 introduxit
3666 2646 3755 2685 me

2152 2753 2249 2795 rex
2293 2739 2345 2793 in
2394 2737 2589 2793 cellam
2621 2734 2910 2798 vinariam,
2950 2730 3228 2788 ordinavit
3272 2730 3325 2782 in
3373 2740 3462 2782 me
3504 2724 3752 2781 charito—

2146 2837 2256 2886 tem
2295 2828 2513 2900 (Ibid).
2552 2846 2571 2879 ι

2216 2918 2409 2974 Solent
2451 2926 2633 2973 autem
2659 2930 2879 2987 sponsae
2913 2914 3178 2970 nobilium
3226 2910 3475 2967 diversas
3504 2909 3756 2979 pigmen-

2143 3019 2323 3066 torum
2353 3010 2567 3081 species
2606 3007 2917 3064 mandendo
2952 3022 3052 3077 per
3078 3020 3176 3061 ora
3210 3003 3513 3069 revolvere,
3556 3010 3618 3055 ut
3655 2998 3752 3053 ad-

2140 3102 2487 3159 venientibus
2535 3103 2717 3173 procis
2750 3101 3086 3172 fragrantius
3130 3100 3375 3159 valeant,
3416 3110 3483 3151 ac
3530 3091 3755 3150 suavius

426 3152 502 3208 ⁸⁴¹
555 3152 762 3259 ‘i'fmﬁ
804 3155 1004 3259 ηοῗίτί.
1034 3156 1344 3259 ⁰¹³³¹⁰ί¹⁵³¹ἷ¹
1370 3156 1687 3258 “idem”?
1718 3165 1926 3209 “"“‘““
1953 3153 2033 3255 if"
2061 3172 2107 3234 C
2143 3152 3287 3259 sagit;’A..t....';u;.;.°...‘....mp...
3317 3152 3468 3251 una,
3498 3193 3553 3241 et
3590 3182 3754 3253 quid-

426 3242 749 3314 gruentiutn
780 3244 1180 3316 cogitationum
1220 3245 1527 3301 molestiam
1574 3246 1835 3315 patimur,
1862 3244 2028 3299 utvix

425 3332 673 3387 tolerare
716 3333 1012 3403 possimus.
1046 3333 1112 3404 Et
1140 3334 1375 3404 poenitet
1413 3334 1635 3404 quidem
1669 3335 1895 3390 omnino
1920 3343 2031 3389 tam

423 3421 653 3477 incaute
678 3425 843 3478 noxia
873 3397 1191 3494 protulisse,
1226 3424 1322 3480 sed
1361 3424 1662 3480 remedium
1692 3440 1802 3479 non
1837 3440 2033 3481 occur-

427 3512 527 3576 rit,
564 3513 695 3584 quia
743 3515 889 3584 quod
936 3514 1108 3571 semel
1134 3515 1397 3571 emissum
1447 3524 1553 3577 est.
1602 3530 1711 3571 non
1741 3530 2032 3574 Dossumus

424 3617 712 3660 revocare.
733 3604 899 3660 Juxta
929 3607 1077 3675 quod
1113 3606 1346 3663 Flaccus
1372 3607 1447 3661 ait
1478 3624 1491 3659 :

583 3714 648 3766 Et
666 3715 827 3767 semel
851 3718 1082 3768 emissum
1108 3718 1239 3769 volat
1264 3718 1588 3769 irrevocabile
1614 3719 1840 3773 verbum.

494 3827 755 3896 Oramus,
803 3830 1110 3903 psallimus,
1156 3832 1251 3889 sed
1281 3832 1516 3889 evellere
1552 3834 1619 3890 de
1645 3836 1812 3891 corde
1836 3846 2024 3891 nostro

426 3919 663 3977 infixum
692 3923 864 3993 spina:
905 3924 1052 3979 illius
1092 3924 1340 3981 aculeum
1388 3940 1497 3981 non
1554 3926 1817 3982 valemus.
1871 3929 2023 3985 Tunc

418 4020 747 4069 veternosus
791 4013 963 4070 hostis
1016 4031 1138 4070 cum
1194 4023 1432 4070 mentem
1488 4026 1733 4073 nostram
1768 4020 1822 4073 in
1869 4028 2023 4077 tanto

416 4102 633 4157 versari
669 4102 889 4159 turbine
918 4104 1210 4172 conspicit,
1239 4105 1417 4160 victor
1441 4118 1497 4161 et
1527 4105 1797 4162 insultans
1822 4109 2021 4179 gaudet

421 4207 502 4254 se.
548 4194 704 4263 quasi
753 4192 965 4249 fructus
1014 4195 1083 4249 de
1116 4211 1215 4251 suo
1271 4196 1458 4252 labore
1484 4196 1763 4269 colligere,
1806 4200 2018 4269 quosin

417 4282 563 4339 male
588 4283 757 4339 feraci
793 4293 935 4339 terra
966 4286 1165 4358 lingua;
1188 4297 1389 4343 nostra:
1413 4290 1664 4344 meminit
1694 4292 2013 4358 seminasse;

418 4374 475 4430 in
523 4390 632 4447 quo
685 4377 942 4432 videlicet
1003 4377 1147 4433 facto
1195 4380 1325 4450 quid
1375 4379 1521 4435 aliud
1549 4396 1713 4451 quam
1747 4383 2014 4439 turdelam

414 4465 729 4531 imitantur,
760 4484 882 4539 qua:
911 4483 975 4524 ex
1007 4484 1073 4524 eo
1104 4472 1250 4539 quod
1282 4471 1481 4541 digerit
1509 4474 1873 4529 moritur?Ex
1894 4476 2013 4546 ejus

2140 3287 2274 3360 quid
2307 3297 2541 3342 terrena:
2566 3285 2874 3356 prudentia:
2900 3283 3267 3337 acritudinem
3298 3279 3491 3344 fervet,
3522 3291 3751 3348 prorsus

2138 3378 2470 3444 abhorreat;
2504 3378 2737 3433 cassiam
2770 3393 2903 3431 vero
2940 3375 3176 3429 assidua:
3201 3372 3488 3439 orationis,
3530 3378 3747 3427 stacten

2138 3487 2309 3528 sacra
2356 3469 2630 3538 lectionis,
2678 3469 3105 3541 psalmodiarum
3139 3468 3396 3523 cinnama
3442 3471 3499 3520 et
3547 3472 3749 3521 cunctis

2134 3564 2477 3618 odoramenti
2503 3561 2805 3631 spiritualis
2831 3572 3082 3616 aromata
3104 3558 3311 3631 jugiter
3342 3558 3592 3630 fragrare
3612 3569 3749 3613 con-

2134 3654 2342 3709 tendat.
2367 3653 2621 3709 Chrislns
2651 3654 2721 3709 sit
2742 3668 2905 3707 omne
2927 3652 3072 3722 quod
3111 3650 3389 3721 loquitur;
3414 3662 3577 3705 omne
3598 3648 3746 3719 quod

2132 3746 2458 3811 delectatur,
2516 3761 2680 3800 omne
2740 3746 2887 3815 quod
2945 3746 3121 3815 sapit,
3176 3757 3339 3798 omne
3385 3742 3531 3813 quod
3578 3739 3743 3804 vivit;

2129 3834 2407 3889 Christum
2436 3834 2630 3905 spiret,
2654 3834 2933 3890 Christum
2956 3833 3187 3903 ﬂagitet,
3210 3832 3493 3887 Christum
3523 3839 3740 3893 aestuet,

2127 3924 2407 3981 Christum
2445 3940 2543 3981 ore
2592 3926 2928 3997 pronuntiet,
2961 3925 3242 3980 Christum
3293 3921 3527 3978 assidua
3556 3921 3743 3977 cordis

2127 4018 2483 4075 meditatione
2528 4004 2847 4087 pertractet.
2899 4016 3101 4071 Amare
3154 4014 3325 4070 alium
3373 4013 3617 4077 nesciat,
3673 4013 3742 4068 ad

2124 4109 2273 4166 hunc
2306 4108 2485 4165 solum
2518 4110 2653 4166 totis
2680 4110 2989 4165 visceribus
3029 4110 3362 4164 inardeseat.
3394 4107 3547 4161 illum
3590 4120 3741 4162 sum-

2126 4201 2232 4256 mis
2262 4200 2520 4256 desiderii
2543 4200 2773 4256 vocibus
2811 4201 3033 4263 clamet,
3066 4200 3216 4254 illum
3257 4200 3326 4253 ad
3350 4212 3410 4252 se
3436 4197 3624 4252 venire
3653 4210 3741 4251 su-

2123 4292 2307 4363 spiriis
2332 4302 2389 4349 et
2418 4294 2631 4348 crebris
2659 4293 2951 4363 gemitibus
2980 4300 3268 4362 provocet;
3306 4291 3458 4346 illum
3501 4289 3737 4347 diversis

2122 4388 2384 4443 adornata
2425 4389 2740 4455 virtutibus,
2774 4389 2889 4459 ipsa
2920 4390 3003 4443 sui
3034 4388 3457 4460 pulchritudine,
3492 4402 3552 4444 ut
3577 4388 3646 4444 ad
3671 4402 3733 4444 se

2123 4480 2479 4552 ingrediatur.
2511 4481 2741 4545 invitet;
2773 4488 3054 4551 quatenus
3096 4480 3225 4535 dum
3254 4476 3323 4534 ad
3354 4495 3416 4536 se
3451 4495 3600 4546 eum,
3644 4479 3734 4536 cui

412 4557 618 4629 quippe
667 4568 913 4615 stercore
958 4559 1143 4629 planta
1198 4561 1465 4627 nascitur,
1499 4563 1565 4618 de
1597 4565 1752 4635 cujus
1786 4566 2013 4621 humore

2126 4583 2333 4639 aestuat,
2372 4575 2460 4629 cui
2493 4574 2778 4638 anxiatur,
2808 4572 2900 4627 cui
2934 4572 3131 4637 inhiat,
3156 4572 3345 4625 venire
3373 4563 3733 4644 perseitserit.

412 4649 601 4706 viscus
650 4650 963 4716 coniicitur,
989 4666 1099 4721 quo
1129 4654 1477 4722 postmodum
1510 4666 1565 4709 et
1598 4656 1709 4722 ipsa
1739 4657 2014 4725 capiatur,

412 4747 584 4811 atque
619 4756 684 4794 ex
716 4743 993 4811 eoagitnr
1020 4742 1165 4812 quod
1205 4744 1357 4812 prius
1386 4744 1561 4800 fuerat
1588 4746 1745 4801 cibus
1773 4762 1923 4813 suus,
1958 4758 2018 4803 ut

410 4838 467 4885 et
498 4828 615 4900 ipsa
644 4831 993 4899 postmodum
1024 4831 1098 4886 sit
1128 4831 1283 4887 cibus
1311 4831 1543 4889 alienus.

484 4938 563 4995 Ita
597 4954 731 5010 ergo
767 4957 891 4995 cum
918 4942 1199 4997 immunda
1240 4960 1470 5014 quzrqne
1505 4963 1569 5001 ac
1603 4964 1740 5001 vana
1774 4947 2007 5016 proferi-

410 5046 556 5095 mus,
596 5033 727 5102 quid
792 5034 939 5087 aliud
996 5049 1159 5103 quam
1219 5034 1445 5105 laqueos
1472 5037 1880 5109 nobismetipsis
1931 5040 2008 5095 lo-

406 5120 630 5190 quendo
667 5123 1092 5194 compingimus,
1137 5124 1338 5192 quibus
1363 5126 1434 5181 ab
1454 5128 1653 5183 astutis
1682 5129 2004 5199 aucupibus,

409 5212 515 5267 hoc
538 5220 647 5281 est,
679 5212 933 5284 malignis
963 5214 1266 5283 spiritibus,
1295 5219 1642 5287 postmodum
1687 5221 2007 5291 capiamur?

406 5300 563 5373 Saepe
601 5312 785 5357 autem
809 5318 993 5359 sermo
1026 5314 1212 5360 noster
1242 5321 1346 5362 non
1376 5308 1615 5379 loquenti
1638 5310 1732 5365 sed
1762 5311 2004 5366 audienti

404 5409 646 5465 pugnam
683 5404 935 5466 generat,
966 5395 1037 5450 ita
1061 5406 1119 5450 ιιι
1152 5411 1246 5452 cor
1267 5396 1386 5466 ejus
1410 5400 1463 5454 in
1495 5400 1679 5454 odium
1710 5402 1878 5466 illius,
1908 5401 2001 5471 qui

403 5486 683 5541 cmitraria
730 5486 897 5542 verba
952 5488 1274 5557 protulerat.
1326 5492 1682 5550 vehementer
1716 5493 2000 5559 accendat,

403 5586 481 5641 et,
523 5578 567 5634 si
598 5578 831 5635 facultas
882 5582 1045 5643 adsit,
1073 5599 1179 5638 non
1234 5593 1343 5640 tam
1374 5586 1536 5641 verba
1568 5587 1751 5643 verbis
1775 5587 2002 5645 reddere

406 5683 571 5733 quam
603 5671 758 5727 male
786 5673 1164 5730 retributionis
1210 5684 1367 5747 parat
1405 5677 1617 5734 actibus
1649 5679 1997 5749 respondere.

410 5756 532 5815 "ac
556 5770 739 5819 autem
764 5762 819 5817 in
847 5763 960 5834 ipsa
1011 5766 1302 5827 verborum
1342 5768 1784 5825 confabulatione
1810 5768 1996 5841 parvi-

2122 4665 2373 4733 protinus
2410 4663 2813 4733 gratulabunda
2858 4663 3119 4718 alacriter
3153 4662 3457 4727 exclamet,
3499 4662 3731 4718 dicens:

2126 4770 2145 4805 ι
2178 4754 2294 4809 Vn:
2319 4753 2503 4808 dilecti
2540 4755 2644 4810 mei
2676 4753 2942 4823 pulsantis
2972 4772 2985 4807 :
3017 4752 3166 4825 aperi
3197 4768 3357 4807 soror
3385 4765 3526 4817 mea,
3556 4752 3731 4808 antica

2119 4860 2283 4912 mea,
2338 4847 2689 4901 immaculata
2740 4860 2892 4910 mea;
2926 4866 2945 4897 υ
3019 4862 3086 4901 ac
3142 4844 3343 4900 deinde
3402 4830 3727 4913 subjungit:

2121 4956 2139 4988 ι
2172 4939 2398 4993 Snrrexi
2432 4942 2649 5007 aperire
2678 4938 2877 4992 dilecto
2910 4953 3054 4994 meo.
3090 4935 3307 4995 nFel'tx
3333 4936 3537 5001 anima,
3570 4934 3730 5003 cujus

2115 5032 2415 5087 thalamum
2448 5031 2695 5087 ccclesiis
2726 5030 2817 5085 ille
2840 5046 3076 5101 sponsus
3105 5028 3429 5100 ingreditur,
3464 5044 3527 5083 ac
3554 5028 3724 5081 indis-

2112 5122 2326 5179 solubili
2360 5122 2466 5178 sibi
2493 5123 2745 5194 perpetui
2768 5124 2973 5177 amoris
3005 5122 3221 5177 vinculo
3245 5121 3535 5193 copulatur
3565 5135 3726 5191 :qua:

2116 5214 2371 5269 nimirum
2404 5215 2523 5269 sine
2546 5214 2956 5271 intermissione
2983 5214 3226 5270 celebrat
3265 5213 3507 5283 nuptiale
3537 5213 3723 5268 convi-

2113 5306 2284 5369 vium,
2311 5314 2368 5360 et
2398 5304 2732 5362 indeficienti
2765 5306 2920 5375 copia
2952 5305 3259 5361 cmlestium
3299 5303 3501 5359 fruitur
3529 5304 3719 5373 cpula-

2113 5419 2254 5457 rum.
2288 5402 2462 5465 Felix,
2493 5403 2741 5473 inquam,
2770 5405 2977 5467 anima,
3001 5418 3121 5473 quae
3151 5402 3280 5456 dum
3311 5400 3509 5456 divina‘
3531 5400 3723 5470 gratia

2112 5510 2235 5551 rore
2277 5493 2642 5565 perfunditur,
2694 5493 2908 5550 caelesti
2960 5509 3081 5550 mox
3134 5491 3321 5548 sobole
3368 5488 3717 5547 fecundatur.

2112 5587 2205 5643 Sic
2245 5586 2504 5641 nimirum
2534 5584 2775 5641 arefacta
2808 5585 2983 5651 carni,
3014 5585 3287 5657 germinat
3321 5583 3451 5649 sibi,
3500 5592 3718 5641 mortua

2109 5681 2335 5741 mundo,
2360 5678 2497 5733 vivit
2539 5678 2651 5735 Deo
2678 5677 2901 5743 viventi,
2939 5689 3106 5751 atque
3130 5675 3380 5748 regnanti
3421 5676 3477 5733 in
3513 5673 3714 5733 uacula

2105 5772 2447 5829 saeculorum.
2475 5771 2670 5827 Amen.
