5652 6410
71 1443 170 1512 ’-ιχ

60 1871 188 1904 τξ-ιμ
207 1871 224 1888 ει

60 1903 82 1915 ,.

2145 363 2248 418 919
2745 361 2800 418 8.
2843 359 3046 417 PETRI
3089 358 3370 416 DAMIAN]
3408 355 3562 417 οτι».
3604 357 3782 414 PARS
3823 353 3954 413 SEU
3987 347 4229 411 τοιυε
4267 357 4327 410 ΙΙ.
4367 385 4377 396 -

3149 358 3370 416 UHANI
3408 355 3562 417 οτι».
3604 357 3782 414 PARS
3823 353 3954 413 δεῖ]
3987 347 4229 411 τοιυε
4267 357 4327 410 ΙΙ.
4367 385 4434 399 -ο
4476 353 4860 412 εειιιοκεε.
5281 355 5381 411 ’ω

2668 473 2898 530 SERHO
2945 474 3179 529 LXXIV.

2529 579 2593 619 »ι
2633 581 2932 621 ιηιιιτωιι
2968 581 3292 620 εειτλιικι.

2212 656 2267 708 Si
2291 655 2574 725 diligenter
2605 658 2950 711 considerare
2973 657 3241 721 volumus,
3275 656 3471 710 fratres
3502 655 3710 709 charis—

2141 747 2280 811 simi,
2310 745 2449 800 unde
2480 747 2743 810 venimus,
2777 755 2832 800 et
2863 763 2970 815 quo
3001 762 3278 808 vocamur,
3317 746 3475 799 nulla:
3512 746 3563 797 in
3609 758 3707 796 no-

2140 842 2223 895 bis
2246 840 2386 894 vires
2413 848 2558 903 sunt,
2583 839 2780 908 quibus
2808 839 2874 892 ad
2900 839 3199 894 reddendas
3223 838 3332 891 Deo
3360 838 3565 902 gratias
3600 833 3710 890 suf-

2142 930 2301 985 licere
2346 932 2638 986 valeamus.
2695 929 2803 985 Nos
2837 933 2978 984 enim
3023 930 3116 985 lilii
3155 928 3321 982 Israel
3363 941 3568 990 sumus,
3617 925 3710 993 qui

2143 1019 2407 1075 Pharaoni
2459 1023 2512 1076 in
2565 1021 2796 1091 Egypto
2832 1022 3151 1076 servivimus
3197 1019 3394 1088 (Exod.
3449 1017 3558 1084 In),
3619 1014 3709 1084 qui

2141 1114 2463 1183 gravissimo
2528 1115 2742 1183 superbi
2806 1114 2948 1183 regis
3019 1113 3245 1180 imperio
3309 1110 3708 1179 premebamur.

2142 1203 2420 1258 Gaudebat
2452 1205 2709 1272 siquidem
2733 1204 2979 1272 princeps
3011 1203 3191 1255 mundi
3231 1202 3389 1270 lmjus
3411 1201 3510 1255 sub
3535 1199 3710 1252 ierreo

2153 1309 2250 1348 tux
2301 1295 2573 1346 servitutis
2613 1292 2743 1362 jugo
2790 1307 2888 1345 nos
2940 1292 3307 1345 indesinenter
3352 1301 3607 1346 atterere.
3658 1297 3713 1340 et

2143 1384 2415 1435 servilium
2440 1398 2660 1451 operum
2698 1398 2910 1451 semper
2935 1381 3123 1436 Oﬁciis
3157 1397 3441 1449 occupare.
3476 1379 3713 1447 Cogehat

2143 1489 2240 1526 nos
2276 1473 2472 1527 lateres
2509 1490 2760 1543 coquere,
2791 1476 2913 1542 quia
2950 1490 3056 1527 non
3085 1490 3148 1527 ex
3175 1473 3438 1541 pretiosis”
3453 1472 3713 1532 virtutum

2144 1561 2409 1632 lapidibus
2457 1565 2709 1631 templum
2753 1563 2860 1617 Deo
2907 1574 3241 1624 construere,
3301 1563 3392 1616 sed
3439 1572 3714 1614 terrenum

2142 1654 2321 1722 potius
2369 1654 2468 1707 sibi
2513 1655 2748 1707 dictabat
2781 1652 3063 1706 editicium
3105 1652 3392 1706 fabricare.
3442 1651 3546 1704 Sed
3589 1667 3714 1704 ecce

2141 1745 2252 1814 jam
2299 1744 2438 1799 Deus
2487 1743 2703 1796 Patrum
2747 1752 3072 1808 nostrorum,
3110 1743 3249 1797 Deus
3296 1742 3616 1797 benedictus
3661 1741 3714 1793 in

3733 473 3784 535 Α
3813 470 3913 524 nisi
3955 470 4043 537 qui
4087 470 4321 539 legitime
4353 469 4640 523 certaverit
4667 465 4750 534 (ll
4787 464 4919 521 Tim.
4953 467 5034 534 tt).
5063 486 5080 517 ι
5125 464 5217 522 Ba
5258 477 5386 522 sunt

3810 561 4042 628 denique
4071 570 4254 628 gentes
4306 574 4441 627 quas
4465 556 4761 612 lsraelitico
4787 556 4980 627 populo
5005 555 5212 626 Moyses
5239 571 5374 626 pr.-

3811 651 4042 717 cipicbat
4074 651 4438 717 exstinguere,
4481 657 4536 702 et
4577 664 4606 701 a
4659 647 4797 701 fa‘cie
4829 657 4987 700 terra:
5035 647 5237 716 absque
5281 647 5381 700 ulla

3811 740 4031 794 faderis
4063 741 4470 808 interpositione
4514 740 4696 794 delere
4729 757 4742 792 :
4789 759 4807 791 ι
4841 740 4975 793 Cum
5023 739 5388 794 introduxerit

3812 841 3887 894 te,
3919 833 4113 900 inquit,
4146 831 4403 884 Dominus
4429 829 4572 883 Dens
4598 840 4725 883 tuus
4755 829 4806 882 in
4837 839 5060 892 terram,
5084 843 5242 898 quam
5270 843 5388 898 pos-

3813 937 4061 976 sessurus
4098 922 4439 990 iugredieris,
4484 931 4537 975 et
4566 921 4827 975 deleverit
4864 933 5052 992 gentes
5082 920 5391 976 multasco-

3812 1028 3928 1067 ram
3962 1023 4033 1076 te,
4076 1013 4380 1075 Hetheum,
4409 1022 4463 1065 et
4490 1011 4858 1082 Gergeszum,
4890 1021 4945 1064 et
4993 1010 5388 1074 Amorrhmlsm,

3813 1103 4196 1166 Cliananmnm,
4225 1116 4276 1157 et
4323 1104 4690 1167 Pherezaum,
4728 1113 4780 1157 et
4820 1102 5092 1164 llevmum,
5130 1111 5185 1155 et
5222 1098 5389 1156 Iebu-

3816 1211 4003 1257 sa‘um,
4035 1207 4239 1264 septem
4281 1204 4464 1264 gentes
4499 1194 4666 1247 multo
4694 1194 4911 1263 majoris
4955 1193 5184 1252 numeri,
5227 1205 5392 1260 quam

3816 1299 3868 1339 tu
3898 1304 3976 1350 es,
4007 1297 4057 1338 ct
4092 1288 4422 1341 robustiores
4453 1295 4502 1339 te
4522 1327 4535 1349 ,
4582 1285 4973 1353 tradideritque
5010 1297 5104 1338 eas
5133 1282 5396 1337 Dominus

3817 1377 3959 1430 Deus
3987 1387 4109 1429 tuus
4155 1378 4271 1440 tibi,
4312 1377 4583 1446 percnties
4627 1390 4719 1428 eas
4748 1388 4916 1442 usque
4961 1373 5029 1427 ad
5062 1371 5396 1426 internecio-

3815 1490 4104 1527 nem:non
4149 1475 4309 1527 inibis
4360 1489 4479 1526 cum
4526 1473 4605 1526 eis
4653 1470 4861 1536 findus,
4903 1483 5004 1525 nec
5047 1465 5398 1523 misereberis

3815 1583 4000 1621 carum
4027 1565 4201 1632 (Deut.
4235 1565 4351 1631 vn).
4388 1583 4404 1614 ι

3889 1658 4026 1710 lii-ve
4080 1657 4304 1710 audistis
4333 1697 4345 1718 ,
4403 1654 4598 1708 fratres
4644 1649 4946 1708 cbsrissimi
4974 1689 4991 1714 ,
5034 1647 5158 1719 qui-
5209 1654 5400 1718 gentes

3821 1750 3976 1800 nobis
4028 1749 4251 1800 init-stas
4314 1746 4511 1798 nostris
4567 1743 4816 1797 manibus
4865 1739 5008 1795 Deus
5054 1737 5404 1806 omnipotens

2145 1832 2359 1896 saecula,
2390 1849 2456 1887 ex
2489 1831 2723 1903 Egypto
2751 1848 2868 1896 nos,
2907 1834 2957 1887 id
2984 1843 3064 1888 est
3102 1835 3169 1888 de
3199 1833 3433 1888 tenebris
3472 1835 3587 1885 vita:
3625 1848 3714 1884 vc-
3744 1816 3788 1874 Β
3822 1841 4062 1898 tradidit,
4099 1853 4294 1907 easque
4318 1839 4428 1906 jam
4460 1851 4489 1889 a
4518 1834 4656 1889 facie
4688 1841 4869 1887 nostra
4907 1831 4958 1885 in
4989 1845 5082 1884 sua
5113 1827 5404 1899 providen-

2144 1924 2276 1978 teris
2314 1925 2477 1988 eruit,
2513 1925 2580 1977 de
2610 1925 2824 1979 vinculo
2869 1927 3160 1993 tyrannicae
3195 1926 3578 1979 dominationis
3621 1927 3714 1978 ab-

2147 2014 2327 2079 solvit,
2372 2024 2532 2084 atque
2561 2015 2613 2068 in
2644 2024 2844 2068 terram
2873 2032 2972 2070 nos
3013 2018 3445 2086 repromissionis
3489 2017 3718 2070 ﬁdeliter

2144 2102 2463 2158 introduxit.
2503 2104 2725 2159 Terram
2769 2120 3000 2175 namque
3051 2108 3484 2174 repromissionis
3541 2123 3603 2159 ex
3654 2121 3717 2159 eo

2143 2192 2254 2263 jam
2289 2194 2514 2264 ingressi
2547 2211 2750 2260 sumus,
2781 2212 2847 2251 ex
2874 2213 2982 2266 quo
3011 2207 3192 2265 spreto
3216 2199 3398 2253 mundi
3427 2199 3717 2260 desiderio,

2148 2285 2316 2340 firma
2336 2289 2445 2357 spei
2473 2289 2719 2342 ﬁduciam
2741 2290 2809 2345 ,in
2833 2292 3131 2343 xternitate
3156 2294 3463 2360 posuimus;
3492 2292 3722 2362 clm

2149 2377 2255 2444 iam
2287 2378 2341 2432 in
2391 2394 2484 2447 spe
2523 2381 2877 2448 possidemus,
2909 2397 3069 2449 quam
3106 2383 3156 2434 in
3205 2397 3261 2435 re
3302 2382 3540 2434 habituri
3578 2393 3720 2449 post-

2151 2468 2362 2522 modum
2387 2483 2482 2538 per
2503 2469 2595 2523 Dei
2626 2470 2851 2538 gratiam
2881 2487 3084 2524 sumus.
3109 2471 3166 2524 In
3190 2472 3286 2524 hac
3307 2473 3552 2523 videlicet
3579 2483 3719 2524 terra

2150 2577 2256 2627 iam
2285 2560 2361 2616 illi
2387 2575 2483 2630 per
2515 2563 2626 2632 spei
2656 2563 2885 2632 gratiam
2928 2564 3217 2617 introducti
3261 2563 3495 2626 fuerant,
3527 2563 3722 2631 quibus

2152 2652 2342 2706 Petrus
2379 2651 2554 2706 aiebat
2584 2671 2595 2705 :
2636 2672 2653 2704 ι
2687 2653 2794 2707 Vos
2842 2663 3020 2707 autem
3053 2669 3219 2722 genus
3258 2653 3510 2712 electum,
3547 2652 3726 2718 regale

2151 2741 2534 2806 sacerdotium,
2558 2757 2689 2810 gens
2718 2750 2922 2806 sancta,
2967 2742 3192 2811 pepulus
3228 2740 3626 2808 acquisitionis,
3667 2749 3725 2791 ut

2153 2836 2382 2890 virtutes
2412 2835 2742 2888 annuntietis
2762 2835 2897 2903 ejus,
2928 2837 3018 2904 qui
3068 2835 3134 2888 de
3163 2835 3401 2887 tenebris
3429 2847 3524 2885 vos
3565 2845 3726 2885 voca—

2153 2924 2227 2979 vit
2256 2924 2310 2978 in
2336 2924 2652 2980 admirabile
2681 2924 2859 2979 lumen
2886 2941 3040 2979 suum
3073 2923 3125 2994 (1
3159 2921 3303 2976 Petr.
3335 2925 3414 2991 ιι).
3449 2941 3468 2973 ι

2224 3015 2331 3071 Sed
2372 3015 2499 3085 quia
2554 3017 2607 3070 in
2659 3017 2799 3071 hanc
2844 3025 3067 3079 terram,
3122 3014 3257 3069 duce
3304 3014 3481 3067 divina
3530 3013 3723 3083 gratia,

2155 3120 2343 3160 smnus
2377 3105 2620 3175 ingressi,
2647 3106 2758 3176 jam
2799 3121 2904 3160 non
2949 3106 3102 3160 nobis
3134 3105 3433 3157 vacandum
3480 3113 3562 3158 est
3590 3104 3724 3166 otio,

2153 3207 2259 3250 non
2291 3196 2514 3263 torpori,
2540 3194 2623 3249 vel
2653 3195 2874 3248 desidia:
2902 3195 3122 3258 cedere;
3155 3211 3260 3248 nou
3287 3209 3495 3256 somno,
3527 3193 3610 3248 vel
3651 3195 3727 3246 in-
3756 3193 3799 3217 “

2155 3293 2329 3339 cauta:
2374 3285 2654 3339 securitati
2685 3299 2872 3340 sanum
2913 3295 2994 3339 est
3025 3285 3322 3354 indulgere.
3358 3285 3581 3353 Expedit
3629 3285 3725 3337 ita-

2157 3387 2260 3441 que
2286 3382 2345 3426 ut
2372 3372 2630 3427 virtutum
2679 3374 2843 3426 armis
2885 3388 3097 3442 semper
3153 3374 3407 3436 accincti,
3441 3374 3506 3426 ad
3547 3381 3727 3427 custo-

2158 3465 2302 3518 diam
2333 3465 2720 3534 nostriiugiter
2757 3467 3100 3530 excubemus,
3144 3477 3199 3522 et
3245 3468 3506 3521 adversus
3533 3469 3726 3520 imma-

2163 3556 2416 3610 nissimos
2441 3555 2625 3610 hostes
2650 3565 2863 3611 nostros
2886 3558 3084 3611 acriter
3111 3557 3450 3611 dimicemus.
3490 3556 3591 3611 Per
3617 3557 3727 3609 bel-

2157 3644 2268 3697 lum
2319 3659 2548 3715 namque
2597 3647 2908 3716 pervenitur
2964 3647 3029 3699 ad
3079 3661 3285 3716 pacem,
3334 3662 3430 3714 per
3487 3647 3726 3700 laborem

2160 3736 2421 3790 transitur
2459 3737 2525 3791 ad
2590 3738 2850 3806 requiem.
2899 3737 3014 3792 Non
3055 3746 3138 3792 est
3184 3738 3328 3791 enim
3389 3738 3506 3790 sine
3552 3752 3730 3807 pugna

2161 3823 2406 3890 victoria,
2457 3839 2564 3879 non
2601 3826 2806 3894 absque
2837 3815 3060 3880 iictoria
3102 3826 3429 3895 pertingitur
3466 3826 3533 3878 ad
3575 3841 3732 3879 coro-

2161 3929 2306 3970 nam.
2333 3915 2621 3971 intestinos
2649 3926 2828 3971 autem
2871 3918 3054 3971 hostes
3081 3919 3360 3977 habemus,
3392 3933 3513 3970 cum
3537 3919 3737 3986 quibus

2162 4006 2207 4061 si
2237 4007 2418 4076 perire
2454 4007 2724 4072 nolumus,
2754 4007 3182 4078 infatigabiliter,
3211 4018 3266 4062 et
3299 4011 3416 4061 sine
3447 4009 3549 4060 ulla
3580 4025 3734 4077 pror-

2163 4113 2256 4154 sus
2318 4100 2721 4155 intermissione
2789 4114 3030 4170 pugnare
3088 4099 3479 4167 compellimur.
3541 4099 3734 4153 Hostes

2164 4205 2356 4262 nempe
2385 4201 2618 4256 nostros,
2648 4194 2934 4246 adversum
2962 4208 3098 4261 quos
3127 4195 3179 4246 in
3208 4193 3323 4245 acie
3353 4206 3565 4260 semper
3600 4193 3735 4246 assi-

2163 4283 2375 4349 stimus,
2405 4297 2511 4337 non
2533 4299 2563 4337 a
2597 4283 2754 4338 nobis
2784 4281 3044 4349 interiecti
3073 4298 3299 4352 aggeres
3326 4282 3589 4345 dividunt,
3629 4298 3734 4337 non

2164 4375 2364 4429 mania
2389 4375 2580 4430 turrita
2614 4382 2926 4436 secernunt,
2952 4389 3057 4428 non
3085 4373 3331 4443 profundi
3359 4388 3546 4427 amnes
3575 4375 3738 4427 inter-

3822 1934 3908 1984 tia:
3941 1931 4294 1996 dispositione
4325 1926 4543 1980 delevit.
4573 1923 4682 1979 Cur
4701 1938 4828 1991 ergo
4858 1921 5110 1991 degeneri
5144 1919 5406 1987 languore

3822 2022 4212 2090 torpeseimus?
4242 2021 4351 2073 (Zur
4379 2017 4630 2073 collatam
4672 2015 4828 2069 nobis
4858 2014 5073 2068 calitus
5113 2009 5406 2063 victoriam

3819 2132 3925 2168 non
3979 2111 4305 2181 arripimus?
4348 2125 4446 2163 cur
4483 2123 4549 2160 es
4601 2121 4686 2169 eo,
4733 2104 4874 2172 quod
4920 2104 4973 2156 in
5025 2115 5264 2168 superno
5292 2112 5406 2167 jam

3821 2205 4070 2258 examine
4118 2201 4474 2254 constitutum
4523 2205 4624 2256 est,
4680 2193 4732 2246 id
4779 2192 4949 2246 solum
4995 2191 5138 2257 quod
5194 2188 5264 2240 ad
5309 2201 5408 2239 os

3821 2271 4078 2364 pertinet,
4131 2307 4236 2344 non
4294 2285 4619 2357 implemusi
4646 2283 4778 2338 Nam
4815 2281 4858 2335 si
4900 2283 5069 2348 ipsam
5109 2275 5406 2334 verborum

3824 2390 4020 2441 seriem
4070 2391 4225 2436 caute
4256 2379 4660 2448 perpendimus,
4697 2374 4812 2442 iam
4863 2374 5004 2442 ipsas
5042 2381 5234 2442 gentes
5267 2369 5409 2434 apud

3824 2479 4061 2530 divinam
4110 2471 4436 2525 sententiam
4470 2478 4768 2536 prostratas
4795 2465 5106 2533 aspicimus,
5139 2474 5278 2529 quas
5307 2458 5409 2526 ipsi

3823 2576 4108 2636 percutere
4135 2561 4296 2633 395
4325 2569 4379 2614 et
4409 2558 4587 2613 delere
4627 2558 4902 2625 iubemur.
4939 2554 5072 2608 Cum
5099 2551 5247 2605 enim
5277 2551 5412 2603 dici-

3825 2667 3914 2710 tur
3948 2672 3959 2707 :
3997 2676 4012 2706 ι
4046 2656 4177 2708 Cum
4211 2650 4573 2706 introduxerit
4620 2657 4671 2702 te
4705 2647 4965 2700 Dominus
5007 2642 5151 2697 Deus
5193 2642 5247 2694 in
5304 2650 5412 2694 ter-

3828 2764 3942 2803 ram
4011 2762 4174 2814 quam
4225 2754 4573 2812 possessurus
4650 2735 4993 2806 iugredieris,
5045 2742 5099 2786 et
5150 2730 5416 2784 deleverit

3829 2847 4054 2909 gcntes,
4091 2854 4108 2887 ι
4166 2843 4328 2901 atque
4367 2831 4527 2900 paulo
4574 2838 4694 2899 post
4743 2825 4984 2894 adjungit
5018 2843 5032 2876 ;
5072 2843 5089 2875 ι
5129 2821 5416 2876 Percuties

3828 2943 3944 2990 eas,
3978 2948 3995 2978 ι
4033 2926 4148 2979 luce
4179 2925 4380 2977 clarius
4410 2929 4643 2986 constat,
4678 2918 4802 2988 quia
4829 2915 5167 2970 adversarios
5193 2921 5417 2964 nostros

3833 3019 3884 3071 in
3917 3032 4010 3070 sua
4045 3015 4384 3085 pra-scientia
4422 3011 4534 3079 iam
4559 3009 4904 3076 omnipotens
4932 3005 5092 3064 Deus.
5122 3000 5412 3060 esstinsit,

3831 3124 3968 3178 quos
3999 3122 4115 3164 nos.
4143 3114 4202 3157 ut
4232 3104 4720 3171 esstingueremus,
4763 3095 5015 3150 instituit.
5045 3091 5161 3162 ipse
5187 3099 5413 3159 pugnat,

3831 3212 3886 3254 et
3918 3211 3974 3252 ut
4005 3213 4100 3251 nos
4129 3199 4409 3250 vincamus
4463 3193 4689 3252 invitat;
4735 3190 4848 3257 ipse
4878 3185 5108 3240 hostium
5139 3183 5291 3234 vires
5315 3181 5410 3234 de-

3830 3293 4011 3352 struit,
4045 3299 4099 3342 et
4144 3288 4301 3341 nobis
4330 3285 4568 3339 victoria:
4615 3295 4809 3334 nomen
4855 3275 5096 3331 ascribit.
5147 3271 5276 3324 Vult
5315 3285 5418 3325 nos

3833 3386 3947 3438 fleri
3979 3399 4073 3437 sua
4102 3384 4302 3434 virtute
4333 3380 4587 3442 victores,
4633 3383 4693 3427 ut
4723 3372 4924 3429 merito
4947 3379 5207 3424 coronare
5234 3363 5419 3418 valeat

3832 3477 4249 3542 triumphantes.

3904 3569 4053 3621 Nulla
4091 3582 4186 3621 nos
4219 3580 4345 3633 ergo
4375 3559 4679 3629 desperatio
4712 3556 4948 3625 frangat,
4988 3564 5125 3621 quos
5158 3549 5223 3602 ad
5264 3547 5420 3602 fortia

3835 3672 3916 3716 ter
3948 3660 4211 3730 agendum
4249 3669 4495 3721 superna
4534 3650 4751 3704 virtutis
4789 3643 5097 3700 adhortatio
5127 3645 5416 3730 provocat.

3834 3727 4003 3805 Nulla
4040 3747 4323 3800 infirmitas
4366 3744 4615 3796 humanae
4654 3734 4980 3792 conditionis
5020 3732 5273 3792 obsistat,
5327 3727 5418 3782 ubi

3834 3844 3900 3896 ad
3928 3839 4320 3908 conﬂigendum
4368 3835 4562 3889 divina‘.
4597 3829 4861 3900 jussionis
4909 3823 5207 3879 auctoritas
5255 3819 5418 3874 robo-

3837 3941 3941 3985 rat.
3981 3931 4276 3982 Audiamus
4317 3936 4372 3978 et
4430 3939 4527 3976 nos
4566 3922 4708 3989 quod
4759 3919 4865 3972 illis
4894 3917 5094 3969 dictum
5142 3921 5272 3966 est:
5312 3931 5330 3961 ι
5361 3908 5422 3964 Si

3840 4022 4044 4075 dixeris
4079 4020 4128 4070 in
4159 4018 4318 4070 corde
4346 4025 4473 4066 tuo:
4506 4011 4694 4065 Plures
4729 4017 4855 4060 sunt
4885 4015 5069 4074 gentes
5092 4002 5210 4054 ista
5257 4013 5422 4067 quam

3838 4129 3960 4178 ego,
3994 4110 4266 4180 quomodo
4295 4117 4482 4177 potero
4514 4105 4696 4158 delere
4719 4101 4849 4155 eas?
4888 4097 5001 4151 Noli
5031 4105 5294 4152 metuere.
5325 4090 5420 4145 sed

3840 4202 4130 4258 recordare
4161 4216 4279 4267 qua:
4313 4195 4502 4249 fecerit
4525 4194 4786 4248 Dominus
4817 4191 4955 4244 Deus
4978 4197 5101 4239 tuus
5122 4182 5416 4240 Pharaoni,

3841 4304 3895 4351 et
3925 4293 4135 4346 cunctis
4165 4289 4453 4357 Egyptiis,
4480 4286 4664 4355 plagas
4711 4284 4973 4335 maximas
5001 4293 5136 4348 quas
5165 4276 5422 4329 viderunt

3842 4385 3984 4440 oculi
4028 4385 4126 4446 tui,
4158 4394 4215 4435 et
4247 4383 4398 4450 signa
4458 4387 4619 4447 atque
4649 4383 4917 4444 portenta,
4981 4381 5308 4435 manumque
5336 4380 5420 4419 ro-

2170 4462 2362 4541 ﬂuqnt,
2395 4479 2502 4518 non
2542 4465 2797 4533 praerupti
2840 4473 3072 4526 montes,
3117 4478 3183 4516 nc
3221 4465 3466 4517 cominus
3508 4478 3736 4531 congre-
3765 4494 3817 4554 ι)
3844 4479 4079 4538 bimum.
4114 4483 4167 4527 ει
4211 4480 4402 4524 mgni

3221 4465 3466 4517 οοῐοίηυθ
3508 4478 3736 4531 εοηετε-
3765 4494 3817 4554 ι)
3844 4479 4079 4538 bustam,
4114 4483 4167 4527 et
4211 4480 4487 4524 extentum
4521 4466 4824 4528 brachium,
4853 4472 4912 4515 ut
4937 4461 5190 4515 educeret
5234 4467 5289 4509 te
5319 4455 5423 4510 Do-

2169 4555 2407 4620 diantur,
2438 4555 2729 4608 obsistunt.
2759 4554 3048 4608 Nobiscum
3089 4569 3303 4623 semper
3347 4564 3497 4616 sunt,
3525 4555 3650 4623 quia
3684 4555 3738 4607 in

2166 4655 2367 4701 nostra:
2393 4647 2588 4700 mentis
2609 4646 2976 4715 penetralibus
3006 4648 3222 4716 degunt.
3267 4645 3485 4713 Septem
3511 4659 3741 4712 namque

2170 4732 2489 4802 principalia
2540 4733 2670 4787 vitia
2715 4743 2861 4797 sunt,
2910 4749 2976 4786 ex
3021 4748 3249 4802 quorum
3278 4735 3494 4803 vipereo
3537 4735 3744 4787 semine

2172 4831 2380 4877 calere
2401 4823 2655 4878 vitiorum
2678 4835 2874 4892 pestes,
2906 4823 3058 4891 quasi
3091 4833 3367 4877 venenata:
3395 4823 3744 4877 nihilominus

2173 4913 2385 4968 oObOiOS
2405 4913 2674 4975 oriuntur,
2699 4929 2817 4983 qua:
2844 4915 3098 4968 nimirum
3128 4924 3274 4977 sunt,
3303 4917 3577 4984 superbia,
3611 4932 3741 4969 ava-

2175 5006 2322 5070 ritia,
2368 5005 2546 5061 inanis
2583 5005 2776 5075 gloria,
2820 5008 2922 5067 ira,
2960 5007 3179 5069 invidia,
3222 5007 3454 5072 luxuria,
3499 5010 3740 5062 tristitia.

2176 5096 2253 5153 De
2285 5097 2481 5167 quibus
2519 5111 2618 5152 nos
2662 5096 2865 5151 idcirco
2906 5097 3189 5167 diligenter
3228 5100 3500 5168 disputare
3543 5100 3746 5153 omitti-

2179 5203 2318 5253 tuus,
2355 5189 2483 5258 quia
2513 5185 2798 5257 plerosque
2829 5187 2968 5240 sacri
3019 5197 3340 5242 tractatores
3370 5189 3567 5257 eloquii
3611 5189 3750 5243 mul-

2181 5282 2388 5353 tiplices
2412 5297 2576 5352 super
2604 5282 2690 5338 his
2718 5283 3000 5352 reliquisse
3025 5286 3320 5338 sententias
3353 5284 3673 5336 invenimus.

2250 5371 2364 5428 Hoc
2395 5380 2604 5427 tantum
2645 5387 2786 5428 nunc
2822 5371 3092 5426 aiiirmare
3139 5371 3396 5435 sumciat,
3432 5373 3554 5442 quia
3597 5374 3744 5441 quis-

2182 5465 2302 5535 quis
2336 5465 2596 5520 adversus
2624 5465 2726 5520 ista
2753 5464 3064 5536 conﬂigere,
3095 5465 3335 5534 quisquis
3366 5466 3480 5519 haec
3507 5480 3628 5519 cum
3660 5465 3749 5518 Dei

2187 5557 2456 5626 adiutorio
2484 5557 2783 5628 neglexerit
2827 5571 3103 5626 superare,
3145 5572 3418 5626 nunquam
3456 5557 3510 5610 in
3559 5556 3749 5608 militia

2194 5650 2422 5722 spiritali
2452 5648 2628 5707 victor
2662 5651 2911 5713 existere,
2960 5664 3230 5717 nunquam
3282 5650 3346 5701 ad
3388 5664 3642 5703 coronam
3675 5649 3752 5700 vi-

2193 5746 2375 5800 ctoria:
2410 5743 2610 5814 poterit
2636 5744 2959 5814 pervenire:
2997 5761 3012 5791 ι
3044 5741 3155 5797 Non
3200 5744 3342 5798 cnim
3381 5741 3749 5804 coronabitur,

3847 4568 4026 4621 minus
4076 4564 4217 4616 Deus
4253 4571 4409 4620 tuus;
4461 4559 4540 4612 sic
4588 4556 4748 4610 faciet
4788 4555 4994 4609 cunctis
5039 4549 5253 4620 papulis
5287 4562 5422 4616 quos

3847 4657 4046 4712 metuis
4084 4654 4259 4721 (Deut.
4291 4649 4409 4718 vit).
4443 4667 4459 4700 ι
4498 4646 4568 4702 Ut
4612 4646 4738 4713 quid
4782 4660 4911 4713 ergo
4950 4655 5015 4694 es
5056 4647 5239 4692 nostra
5273 4636 5422 4690 inlr-

3850 4747 4037 4801 nitate
4069 4742 4376 4802 diﬂidimus,
4405 4740 4492 4808 qui
4531 4738 4702 4806 ipsum
4730 4735 4943 4788 virtutis
4980 4740 5253 4785 auctorem
5286 4742 5416 4796 pra-

3852 4836 3998 4887 vium
4057 4849 4118 4888 ac
4166 4835 4357 4887 ducem
4391 4837 4587 4883 nostra
4617 4823 5014 4894 congressionis
5047 4821 5335 4879 habemus,
5371 4827 5426 4871 et

3850 4929 3937 4982 ille
3969 4936 4183 4980 tenetur
4205 4940 4272 4978 ex
4303 4920 4660 4991 promissione
4686 4916 4949 4978 victorias,
4978 4913 5068 4982 qui
5097 4910 5205 4964 dux
5238 4918 5294 4963 et
5335 4923 5424 4961 su-

3851 5030 3967 5075 clor
3993 5027 4073 5072 est
4101 5015 4328 5086 ρυεηωῖ

3921 5108 4260 5163 Accendatur
4290 5107 4452 5175 igitur
4477 5116 4631 5157 mens
4655 5101 4709 5155 in
4733 5112 4975 5153 amorem
5002 5092 5342 5154 certaminis,
5375 5099 5424 5143 et

3852 5202 3904 5254 in
3957 5214 4204 5266 campum
4252 5203 4587 5264 pugnaturus
4638 5189 4914 5259 procedat,
4957 5187 5022 5239 ad
5081 5181 5424 5236 debellandos

3851 5291 4084 5345 hostium
4130 5303 4332 5342 cuneos
4370 5285 4572 5338 resides
4614 5280 4777 5335 animi
4819 5278 5166 5332 incalescant.
5209 5272 5424 5326 Nullam

3852 5381 3992 5435 inter
4019 5395 4114 5432 nos
4138 5388 4297 5446 atque
4322 5373 4665 5428 adversarios
4691 5369 4865 5424 findus
4893 5365 5250 5426 interveniat;
5283 5361 5424 5415 nulla

3855 5486 3954 5524 nos
3994 5478 4286 5538 sequestra
4311 5464 4598 5536 pacisiura
4623 5468 4967 5532 componant.
5006 5455 5122 5511 Non
5157 5456 5237 5510 ire
5279 5469 5422 5506 nam-

3857 5579 3960 5633 que
3986 5564 4049 5615 ad
4077 5562 4336 5631 przlium,
4373 5558 4658 5629 inglorium
4686 5564 4793 5616 est;
4825 5554 4904 5607 ire
4933 5562 5137 5612 autem,
5171 5560 5231 5602 et
5253 5547 5418 5616 segni-

3860 5663 3942 5708 ter
3977 5666 4158 5721 agere,
4188 5651 4378 5704 mortis
4399 5659 4485 5705 est
4520 5648 4742 5702 otunino
4770 5643 5086 5715 periculum.
5122 5639 5310 5694 Helius
5344 5647 5415 5688 est

3862 5746 4002 5799 enim
4039 5759 4142 5799 non
4175 5755 4466 5814 agnoscere
4492 5741 4632 5796 viam
4659 5737 4922 5800 veritatis,
4950 5750 5114 5812 quam
5140 5742 5260 5789 eost
5285 5727 5418 5796 agni-
