5652 6422
966 412 1065 470 9!!

2357 393 2596 455 ΒΕΒΜΟ
2653 389 2893 449 LXXIV.

968 527 1170 584 tionem
1195 528 1502 579 retrorsum
1536 515 1762 574 reverti.
1793 513 2045 572 Nonnulli
2071 510 2222 569 enim
2256 519 2379 582 post
2409 524 2558 563 arre-
2587 510 2636 570 Α
2666 515 2750 564 tes
2778 509 2832 562 in
2859 522 2917 563 se
2945 513 3129 561 motus
3151 504 3336 562 carnis
3362 503 3522 562 facile
3553 506 3831 578 reprimit;
3855 505 3903 562 sl
3931 506 4268 563 tumultuan-

966 626 1059 689 pts
1087 627 1260 672 sacra:
1278 612 1582 668 rudimenta
1621 607 1848 672 militiae,
1880 607 1933 660 in
1962 613 2170 660 tantam
2194 618 2254 658 se
2273 601 2560 656 mollitiem

968 688 1148 765 animo
1169 712 1483 777 tepescente
1511 688 1815 764 resolvunt,
1859 707 1920 752 ut
1945 706 2002 752 et
2029 697 2073 750 si
2097 695 2386 752 videantur
2415 692 2559 746 mala

967 813 1076 854 non
1111 811 1293 867 agere,
1321 795 1480 848 nullis
1511 803 1694 846 tamen
1723 791 1977 845 studeant
2016 787 2212 840 anima:
2240 800 2351 838 sua:
2381 782 2561 852 profe-

965 891 1144 944 ctibus
1183 888 1454 942 insudare.
1487 884 1554 938 Hi
1586 883 1839 938 nimirum
1877 895 1983 935 non
2012 879 2209 933 famem
2243 877 2418 930 inedia
2443 876 2561 929 vin-

962 995 1111 1044 cere,
1150 994 1255 1033 non
1293 976 1492 1031 oblatis
1512 975 1797 1044 epularum
1833 972 2197 1028 suavitatibus
2228 983 2581 1039 repugnare,

962 1088 1070 1126 non
1103 1070 1320 1140 frigoris
1344 1068 1694 1138 asperitatem
1726 1065 1893 1130 ferre,
1929 1081 2038 1120 non
2061 1079 2382 1119 communes
2411 1072 2558 1116 sata-

961 1169 1095 1232 gunt
1119 1160 1329 1230 vigilias
1364 1161 1686 1229 prmvenire,
1716 1160 1806 1228 qui
1834 1159 2102 1220 videlicet,
2125 1165 2179 1211 et
2203 1157 2246 1209 si
2290 1171 2556 1226 usurpare

959 1253 1142 1309 illicita
1182 1262 1466 1323 respuunt,
1499 1253 1585 1307 bis
1613 1261 1793 1307 tamen
1822 1269 1943 1323 quae
1971 1253 2116 1306 licita
2152 1261 2279 1306 sunt
2316 1252 2563 1306 suaviter.

958 1345 1334 1414 perfruuntur.
1394 1345 1460 1400 Hi
1521 1345 1768 1417 profecto
1837 1346 1980 1400 intra
2032 1361 2246 1400 sacram
2305 1347 2552 1400 militiam

955 1437 1240 1494 constituti
1292 1449 1440 1504 sunt,
1484 1439 1580 1493 sed
1632 1438 1763 1510 quid
1803 1439 2088 1507 spirituale
2129 1447 2410 1492 certamen
2459 1439 2551 1501 sit,

952 1529 1226 1586 nesciunt.
1255 1528 1404 1583 Intra
1449 1529 1684 1582 militum
1731 1544 2019 1583 numerum
2062 1538 2358 1583 censentur
2391 1529 2555 1582 ascri-

950 1618 1054 1689 pti,
1081 1620 1176 1674 sed
1206 1617 1460 1672 militaris
1497 1617 1656 1672 oﬂicii
1697 1618 1999 1688 probantur
2037 1619 2232 1689 ignari.
2272 1618 2550 1687 Siquidem

949 1710 1096 1766 inter
1128 1721 1373 1766 armatos
1404 1725 1510 1765 non
1543 1719 1801 1764 verentur
1831 1710 2071 1764 inermes
2099 1711 2376 1773 incedere,
2411 1711 2550 1764 inter

947 1798 1209 1856 loricatos
1241 1801 1565 1854 bellatorum
1608 1799 1756 1854 acies
1789 1815 1893 1852 non
1935 1801 2270 1854 erubescunt
2294 1799 2544 1852 discincti

947 1888 1195 1961 segniter
1220 1888 1537 1954 ambulare;
1567 1897 1730 1957 atque
1753 1890 1960 1944 idcirco
1990 1890 2056 1943 ad
2087 1891 2324 1959 primum
2351 1889 2545 1943 vibrati
2581 1866 2624 1924 Β

945 1982 1238 2052 cujuslibet
1259 1982 1428 2052 jaculi
1473 1984 1640 2037 ictum
1687 1993 1984 2045 corruunt,
2013 1985 2142 2054 quia
2187 1984 2337 2036 nullo
2380 1998 2545 2037 causa

941 2073 1461 2143 circumspectionis
1488 2073 1678 2143 clypeo
1723 2074 2064 2137 muniuntur,
2105 2073 2407 2142 meliusque
2440 2075 2550 2127 fue-

939 2174 1032 2224 rat
1060 2166 1203 2220 intra
1244 2175 1394 2236 septa
1426 2165 1620 2220 domus
1659 2166 1978 2234 ignobiliter
2005 2167 2210 2233 vivere,
2241 2182 2406 2235 qttatn
2447 2165 2549 2217 im-

937 2252 1113 2316 belles
1138 2257 1282 2311 intra
1305 2255 1445 2312 bella
1471 2256 1591 2312 sine
1619 2256 1742 2311 ullis
1773 2257 2174 2328 prmconiorunt
2211 2256 2381 2312 titulis
2408 2257 2546 2310 inle-

940 2349 1074 2406 rire.

1016 2439 1309 2496 Enimvero
1343 2440 1435 2510 qui
1473 2441 1834 2496 ntonaclticbo
1865 2442 2052 2496 habitu
2083 2441 2267 2496 carnis
2307 2441 2550 2496 delecta-

943 2531 1151 2586 tionem
1175 2543 1445 2602 quatrunt,
1480 2549 1545 2589 ex
1587 2535 1742 2589 arido
1786 2535 1932 2606 ligno
1964 2551 2188 2590 succum
2231 2536 2546 2602 exprimere

939 2623 1200 2693 gestiunt.
1242 2640 1309 2679 ex
1353 2641 1458 2694 qua
1498 2627 1757 2680 nimirum
1813 2627 2062 2694 mollitie,
2113 2643 2178 2681 ac
2220 2629 2546 2682 remissione

936 2713 1155 2770 vivendi
1185 2714 1464 2786 plerisque
1489 2719 1778 2788 contingit,
1809 2728 1871 2770 ut
1897 2735 2020 2772 cum
2060 2718 2226 2773 multa
2260 2720 2454 2783 sciant,
2487 2733 2544 2771 se

935 2803 1209 2870 nesciant,
1265 2814 1321 2859 et
1375 2807 1506 2876 quid
1563 2808 1923 2863 districtionis
1973 2810 2075 2879 ipsi
2130 2811 2240 2878 pati
2295 2811 2539 2878 possint,

934 2892 1169 2966 pleniter
1196 2895 1362 2966 396
1390 2913 1494 2950 non
1538 2909 1839 2968 agnoscant
1870 2918 1883 2952 :
1914 2899 2101 2969 sicque
2133 2900 2213 2962 fit,
2248 2912 2308 2953 ut
2343 2902 2545 2968 quibus

937 2984 1126 3038 datum
1162 2996 1246 3040 est
1289 2988 1561 3042 exteriora
1614 2989 1786 3043 nmlta
1838 3006 2192 3061 cognoscere.
2244 2995 2424 3047 adhuc
2471 2994 2539 3047 ad

936 3076 1378 3145 cognoscendum
1417 3080 1742 3148 semetipsos
1771 3081 2064 3136 videantur
2095 3083 2434 3152 probationis
2465 3085 2541 3138 in-

934 3165 1140 3236 digere.
1176 3166 1474 3238 Plerosque
1503 3170 1650 3224 enim
1679 3171 1913 3226 vidimus
1937 3173 2259 3243 jamdudum
2291 3175 2341 3228 in
2373 3191 2532 3230 sacro

932 3255 1126 3311 ordine
1153 3257 1501 3322 constitutos,
1546 3260 1638 3330 qui
1671 3262 1900 3316 necdum
1941 3275 2165 3318 nossent
2197 3264 2324 3334 quid
2361 3267 2414 3320 in
2446 3265 2533 3334 je-

929 3347 1123 3418 juniis,
1147 3349 1278 3418 quid
1316 3351 1368 3404 in
1411 3351 1633 3421 vigiliis,
1662 3355 1794 3423 quid
1835 3356 1888 3409 in
1926 3356 2152 3426 reliquis
2178 3358 2419 3413 cmlestis
2451 3361 2537 3414 di-

930 3438 1175 3508 sciplinae
1203 3441 1401 3496 studiis
1431 3442 1576 3498 ferre
1617 3433 1952 3514 potuissent;
1987 3457 2043 3502 et
2079 3465 2203 3503 cum
2251 3451 2536 3519 Scriptura

929 3528 1078 3584 dicat
1105 3548 1128 3585 .:
1177 3548 1197 3582 r
1226 3531 1328 3600 Qui
1375 3534 1614 3604 ignorat,
1677 3538 2019 3608 ignorabitur
2070 3540 2123 3610 (I
2147 3541 2271 3595 Cor.
2319 3549 2467 3610 xw);
2509 3564 2529 3598 ι

927 3634 1038 3689 quo
1074 3631 1234 3690 pacto
1270 3623 1354 3678 vel
1386 3640 1414 3677 a
1458 3626 1568 3680 Deo
1607 3631 1885 3698 cognosci,
1928 3631 2010 3684 vel
2045 3633 2214 3687 Deum
2257 3645 2535 3691 mereatur

928 3708 1106 3778 ipsum
1138 3726 1494 3782 cognoscere,
1524 3717 1615 3787 qui
1643 3722 1995 3790 semetipsum
2025 3723 2078 3776 in
2113 3725 2232 3794 ejus
2264 3726 2534 3796 obsequio

926 3802 1278 3857 convincitur
1323 3805 1614 3874 ignorare?
1643 3809 1817 3865 Porro
1860 3822 2040 3867 autem
2085 3813 2328 3871 fervidus
2369 3819 2534 3872 bella-

925 3896 1036 3954 tor,
1067 3894 1158 3962 qui
1190 3897 1390 3951 moenia
1425 3899 1707 3956 obsidione
1735 3904 2061 3968 circumdat,
2095 3910 2534 3979 appropinquare

927 3985 1221 4055 aggeribus
1272 3990 1488 4056 nititur,
1541 4007 1812 4064 occupare
1849 3997 2020 4052 vallos
2061 4009 2315 4065 attentat,
2365 4014 2532 4075 atque

924 4075 1070 4132 inter
1125 4077 1272 4149 ipsas
1328 4083 1793 4140 crebrescentium
1844 4090 2131 4145 missilium
2189 4095 2527 4163 grandines,

923 4183 1206 4239 quousque
1235 4173 1507 4230 violentus
1536 4178 1840 4250 irrumpere
1870 4183 2040 4251 possit
2070 4184 2341 4253 explorat.

995 4256 1101 4325 Qui
1145 4263 1501 4333 semetipsum
1548 4282 1681 4336 ergo
1724 4270 1838 4323 vult
1878 4272 2118 4336 vincere.
2167 4275 2220 4327 in
2274 4289 2528 4332 mensura

922 4362 1146 4404 suarum
1187 4352 1388 4406 virium
1426 4367 1584 4426 turpe
1606 4367 1691 4411 est
1717 4361 1970 4414 notitiam
2006 4379 2110 4415 non
2142 4365 2362 4419 habere.
2391 4366 2528 4423 llinc

919 4449 1007 4494 est
1033 4441 1178 4495 enim
1217 4445 1360 4512 quod
1395 4447 1655 4502 Dominus
1703 4451 1871 4505 dicit:
1901 4473 1919 4503 ‹
1949 4453 2273 4511 Contendite
2320 4458 2527 4513 intrare

2671 601 2805 655 tium
2865 599 3257 671 cogitationum
3327 600 3615 668 strepitum
3671 597 3870 653 minori
3918 598 4031 666 jam
4083 598 4271 654 laboro

2665 695 2993 763 compescit;
3037 694 3084 747 si
3135 701 3425 746 nascentes
3467 691 3707 746 carnalis
3746 691 4015 753 illecebrae
4057 693 4264 763 spinas,

2664 805 2788 844 mox
2822 799 2881 842 ut
2918 788 3051 843 oriri
3085 788 3378 857 coeperint,
3410 795 3653 850 resecat;
3682 787 3729 840 si
3770 786 4032 840 tumentia
4072 800 4268 855 super-

2660 882 2786 944 bite,
2831 880 3079 944 lllelf‘liP,
3130 888 3566 947 cmterorumque
3615 878 3878 932 vitiorum
3917 875 4055 933 colla
4085 876 4270 948 gladio

2661 971 2912 1043 protinus
2944 970 3111 1023 divini
3146 969 3357 1023 timoris
3385 967 3701 1022 obtruncat.

2734 1062 3028 1128 Creteruiu,
3065 1062 3195 1131 quid
3233 1063 3457 1132 prodest
3490 1062 3580 1114 diu
3612 1075 3941 1130 quemquam
3988 1073 4161 1115 sacra
4186 1061 4270 1116 in-

2663 1163 2871 1208 teresse
2905 1153 3131 1213 ntilitim,
3164 1168 3324 1221 quem
3359 1151 3507 1204 velut
3547 1152 3648 1206 sub
3682 1152 3795 1219 ipsa
3831 1152 3992 1221 primi
4029 1151 4268 1207 tirocinii

2661 1245 2972 1300 rudimenta
2999 1244 3247 1298 remissis
3268 1241 3540 1302 manibus,
3570 1250 3624 1296 et
3648 1253 3836 1297 tenero
3863 1243 4042 1296 adhuc
4065 1241 4271 1312 poplite

2662 1336 2848 1389 videas
2877 1335 3228 1388 claudicare?
3254 1334 3298 1385 A
3342 1349 3445 1402 qua
3480 1334 3738 1386 nimirum
3780 1333 4123 1404 negligentia:
4152 1333 4266 1390 dis-

2659 1427 2929 1483 solutione
2962 1429 3291 1496 praedicator
3321 1428 3581 1496 egregius
3608 1425 3902 1494 discipulos
3925 1441 4055 1480 suos
4087 1425 4271 1495 prohi-

2658 1521 2769 1587 bet,
2821 1520 3008 1574 diccns
3041 1537 3054 1572 :
3087 1540 3102 1570 ι
3137 1519 3439 1581 Remissas,
3492 1519 3687 1588 inquit,
3735 1535 3947 1583 manus,
3991 1528 4044 1572 et
4089 1520 4268 1574 disso-

2657 1612 2766 1664 luta
2797 1627 2972 1681 genua
3005 1612 3220 1680 erigite,
3255 1620 3309 1664 et
3350 1626 3571 1678 gressus
3619 1619 3801 1664 rectos
3827 1610 3992 1663 facile
4034 1608 4266 1680 pedibus

2658 1704 2877 1765 vestris,
2909 1717 2975 1755 ne
2997 1701 3314 1756 claudicans
3342 1704 3464 1771 quis
3488 1712 3636 1756 erret
3663 1701 3851 1770 (Ilebr.
3883 1704 4006 1771 xtt).
4042 1721 4060 1754 ι
4095 1699 4267 1758 Docta

2658 1811 2851 1852 manus
2905 1797 2971 1850 ad
3006 1796 3252 1866 pra-lium
3301 1797 3459 1851 facile
3501 1796 3750 1866 pervenit
3791 1795 3858 1849 ad
3890 1795 4261 1864 triumphum;

2654 1905 2853 1958 corpus
2878 1889 3125 1943 attritum
3160 1889 3692 1960 lorica,.promptum
3725 1889 3898 1943 fertur
3927 1891 3978 1943 in
4004 1903 4263 1959 pugnam.

2653 1980 2918 2035 Monacbo
2955 1996 3168 2050 nempe,
3221 1982 3308 2035 cui
3359 1983 3538 2036 adlmc
3581 1982 3918 2051 impossibile
3965 1992 4048 2036 est
4077 1995 4268 2049 super-

2652 2071 2799 2126 biam
2847 2088 3121 2142 premere,
3178 2073 3468 2126 avaritiam
3519 2075 3801 2137 cohibere,
3854 2073 4075 2127 invidiae
4114 2071 4266 2128 faces

2663 2167 3023 2234 lxstiuguere,
3058 2165 3314 2218 tuundam
3350 2175 3591 2217 mentem
3622 2181 3648 2217 a
3690 2163 3920 2217 luxurim
3953 2161 4265 2233 petulantia

2651 2257 2959 2317 custodire;
3003 2257 3094 2324 qui
3145 2256 3294 2309 virus
3336 2255 3562 2308 malitizn
3603 2255 3866 2308 adversus
3895 2254 4261 2310 offendentem

2637 2347 2839 2418 'nequit
2863 2349 3158 2418 expellere,
3193 2350 3282 2418 qui
3325 2365 3423 2417 pro
3456 2351 3722 2402 servanda
3757 2365 3986 2402 censura
4032 2349 4263 2418 justitim

2649 2440 2957 2494 succumbit
2986 2440 3240 2509 iujuriam
3284 2441 3595 2504 sustinere;
3633 2439 3760 2508 quid
3792 2439 3936 2492 aliud
3971 2439 4262 2494 dicendum

2648 2539 2753 2591 cst,
2790 2531 2890 2582 nisi
2921 2531 3046 2599 quia
3079 2538 3344 2599 quantum
3373 2531 3440 2581 ad
3474 2529 3872 2597 professionem
3907 2530 4125 2597 quidem
4144 2526 4260 2596 jam

2649 2622 2701 2675 in
2736 2635 2895 2674 sacra
2932 2621 3122 2674 militia
3161 2637 3355 2673 nomen
3386 2622 3556 2683 dedit,
3587 2622 3681 2674 sed
3710 2621 3838 2690 quid
3873 2621 3944 2673 sit
3974 2617 4262 2688 spirituale

2647 2724 2949 2774 certamen,
2981 2713 3160 2767 adhuc
3193 2714 3411 2782 penitus
3445 2729 3552 2768 non
3593 2714 3856 2784 agnovit?
3883 2713 3993 2768 imo
4022 2715 4094 2767 ad
4135 2728 4263 2783 per-

2648 2813 2940 2867 fectionem
2974 2813 3323 2866 tendentibus
3357 2813 3459 2866 hoc
3493 2812 3620 2865 totis
3659 2823 3743 2865 est
3769 2812 3979 2865 viribus
4007 2810 4252 2866 adniten-

2647 2904 2799 2964 dum,
2826 2913 2884 2955 ut
2913 2904 3208 2956 salubriter
3241 2903 3399 2971 rigidi
3440 2903 3613 2970 magis
3637 2902 3849 2956 discant
3878 2901 3981 2955 ista
4020 2900 4256 2966 nescire,

2643 3013 2806 3067 quam
2841 2999 3079 3050 vincere.
3114 2996 3314 3050 Pudeat
3344 2998 3463 3058 hos,
3503 2997 3594 3066 qui
3621 3013 3680 3051 se
3713 3008 3959 3050 mortuos
3989 2995 4258 3065 profiten-

2644 3097 2733 3142 tur
2759 3103 2880 3143 esse
2908 3103 3029 3142 cum
3057 3089 3300 3151 Christo,
3325 3088 3560 3142 rebelles
3587 3097 3769 3141 motus
3804 3088 4010 3151 carnis,
4042 3095 4095 3141 et
4129 3101 4259 3154 pas-

2643 3180 2826 3236 siones
2877 3181 3185 3233 animorum
3242 3179 3420 3233 adhuc
3471 3179 3523 3232 in
3571 3195 3631 3233 se
3670 3179 3984 3249 procaciter
4033 3178 4253 3244 vivere;

2643 3273 2906 3327 adversus
2955 3271 3118 3341 397
3164 3287 3284 3341 qum
3338 3272 3487 3325 vclut
3534 3273 3634 3325 sub
3683 3272 3800 3341 ipso
3850 3272 4257 3340 congressionis

2643 3365 2822 3427 initio,
2867 3379 3092 3418 necesse
3142 3365 3211 3417 sit
3246 3379 3570 3435 repugnare,
3607 3378 3676 3418 ne
3719 3381 3842 3419 cum
3891 3367 3961 3419 sit
3995 3376 4250 3437 tempus;

2641 3454 2834 3522 utjam
2864 3453 2988 3522 jure
3027 3455 3311 3524 quiescere
3361 3457 3752 3523 permittantur
3778 3456 4018 3524 emeriti,
4070 3457 4254 3514 adhuc

2639 3558 2930 3602 versentur
2963 3548 3106 3600 inter
3134 3545 3269 3600 bella
3303 3548 3528 3602 tirones.

2711 3639 2893 3694 Discat
2923 3639 3088 3708 igitur
3115 3637 3270 3692 miles
3294 3638 3523 3702 Christi,
3555 3639 3684 3692 dum
3714 3639 3893 3695 adlmc
3929 3655 4106 3695 novus
4136 3649 4247 3706 est,

2638 3749 2835 3787 manus
2867 3748 3191 3798 conserere;
3225 3733 3419 3797 discat,
3472 3736 3885 3803 em'ergentibus
3937 3736 4249 3805 quibusque

2647 3827 2822 3889 vitiis,
2869 3837 3031 3896 prout
3063 3842 3150 3881 res
3201 3827 3510 3888 dictaverit,
3543 3827 3789 3882 obviare.
3841 3827 3960 3882 Huc
4013 3830 4252 3898 illucque

2636 3919 3028 3974 circumductis
3055 3920 3260 3973 vivacis
3290 3921 3646 3988 experientia:
3675 3921 3848 3975 oculis
3875 3922 4138 3991 providus
4185 3937 4246 3977 se

2635 4020 2810 4067 vertat
2838 4029 2851 4076 ;
2882 4021 2937 4066 et
2967 4012 3199 4080 singulis
3229 4014 3539 4082 quibusque
3561 4013 3786 4080 jaculis,
3839 4030 3963 4084 qua:
4012 4015 4246 4069 mittun-

2635 4112 2743 4163 tur,
2777 4103 3113 4158 defensionis
3152 4114 3362 4174 tegmen
3395 4115 3656 4174 opponat,
3692 4115 3750 4159 ut
3780 4105 4096 4175 superbiam
4143 4106 4246 4160 bu-

2635 4195 2864 4249 militate
2893 4196 3135 4263 dejiciat,
3164 4201 3344 4267 gulam
3377 4199 3675 4252 sobrietate
3715 4200 4028 4268 restringat,
4085 4215 4241 4254 man-

2633 4287 2922 4341 suetudine
2951 4288 3288 4342 iracundiam
3317 4289 3510 4352 calcet,
3544 4291 3832 4344 avaritiam
3864 4291 4116 4360 largitate
4158 4307 4246 4346 re-

2632 4377 2830 4442 frenet,
2864 4380 3112 4432 ardorem
3145 4378 3386 4433 libidinis
3415 4389 3627 4448 terrore
3676 4382 3923 4451 perpetui
3973 4383 4114 4452 ignis
4143 4397 4244 4437 ex-
4299 4423 4310 4434 κ

2632 4471 2894 4539 stinguat,
2926 4470 3034 4524 odii
3072 4471 3280 4526 trabem
3317 4470 3535 4526 ﬂamma
3569 4473 3908 4527 suavissima:
3952 4474 4246 4529 cltaritatis

919 4545 1019 4638 Per
1041 4545 1345 4638 angf’fff'm.
1370 4550 1606 4638 Ιξονίίξξη·
1639 4561 1658 4594 ³
1691 4543 1932 4599 Νθοάηηῖ
1964 4558 2144 4601 autem
2178 4553 2526 4620 εἰβονίηιοιι-
2557 4579 2605 4638 ι)
2631 4576 2848 4619 exurat.
2879 4565 3190 4620 Delectatur
3229 4575 3376 4620 certe
3421 4566 3562 4620 Deus
3610 4567 3714 4621 isto
3763 4567 4090 4629 certamine,
4147 4569 4242 4636 qui

919 4631 1037 4713 tum
1076 4627 1158 4680 sui
1191 4627 1281 4683 ille
1310 4629 1404 4684 Dei
1451 4632 1609 4688 miles
1639 4647 1952 4705 acceperat,
1987 4640 2053 4693 de
2093 4656 2203 4708 quo
2235 4643 2524 4713 Scriptura

918 4712 1094 4769 dicit:
1131 4735 1148 4769 ι
1185 4717 1322 4785 Quia
1357 4723 1611 4792 imposita
1639 4726 1791 4797 galea
1818 4743 1960 4782 terea
1992 4742 2155 4801 snper
2185 4712 2520 4806 caputiejus,

919 4813 978 4860 et
1003 4809 1237 4866 vestitus
1265 4811 1456 4881 lorica,
1486 4819 1772 4874 accinctus
1817 4823 1984 4876 etiam
2019 4825 2201 4893 gladio
2237 4843 2402 4895 super
2433 4845 2523 4884 ve-

921 4909 1062 4955 stem
1110 4917 1285 4970 suam,
1325 4910 1486 4977 cmpit
1533 4919 1744 4967 tentare
1783 4915 1830 4967 si
1865 4928 2112 4972 armatus
2154 4931 2338 4987 posset
2381 4923 2523 4978 ince-

916 4990 1089 5061 dere;
1121 5011 1227 5052 non
1270 5002 1413 5054 enim
1445 5004 1680 5060 habebat
1725 5013 2200 5077 consuetudinem,
2232 5025 2286 5068 et
2333 5018 2468 5070 dixit
2505 5037 2519 5073 :

911 5081 1034 5140 Non
1067 5102 1287 5157 possum
1329 5092 1410 5148 sic
1438 5095 1712 5158 incedere,
1741 5101 1866 5168 quia
1902 5118 1999 5156 nec
2039 5119 2194 5156 usum
2227 5105 2418 5168 habeo,
2463 5117 2519 5162 et

915 5173 1168 5247 deposuit
1211 5196 1276 5236 ea
1327 5183 1380 5253 (I
1415 5183 1544 5257 Reg.
1595 5191 1752 5259 xvtt).
1801 5214 1818 5242 ο
1870 5192 1991 5247 lam
2041 5205 2224 5249 autem
2268 5199 2407 5251 idem
2462 5216 2520 5255 se

914 5265 1074 5324 docte
1117 5274 1464 5342 probaverat,
1504 5295 1627 5335 cum
1673 5283 1910 5352 gladium
1954 5286 2170 5342 Goliatlt
2217 5289 2517 5348 Pliilisthmi

914 5357 1215 5418 involutum
1252 5367 1414 5436 pallio
1466 5381 1590 5440 post
1642 5373 1828 5442 prod
1875 5377 2118 5443 abstulit,
2149 5388 2205 5434 et
2251 5397 2436 5437 secum
2482 5401 2513 5440 a

913 5449 1053 5508 facie
1087 5460 1463 5527 persequentis
1499 5463 1628 5517 Saul
1681 5465 1935 5536 fugiendo
1976 5474 2235 5539 portavit,
2283 5476 2508 5530 dicens:

917 5540 1100 5637 «Quis
1131 5560 1266 5637 _non
1307 5559 1390 5603 est
1445 5553 1659 5622 gladius
1713 5557 1852 5612 alter
1909 5561 2105 5618 similis
2157 5564 2231 5618 illi
2290 5566 2343 5636 (Ι
2382 5566 2510 5637 Reg.

913 5631 1049 5728 x-xt).
1083 5635 1187 5728 tl-n
1220 5637 1323 5694 hoc
1348 5651 1527 5698 autem
1558 5651 1809 5715 probatio
1847 5662 1947 5715 est,
1997 5656 2123 5725 quia
2151 5659 2242 5728 qui
2277 5631 2330 5713 in
2372 5631 2512 5714 mili-

913 5719 1002 5777 tis)
1030 5723 1328 5794 spiritualis
1366 5748 1540 5804 agone
1589 5739 1902 5810 profecerit,
1951 5744 1995 5799 si
2016 5719 2137 5816 iam
2168 5719 2507 5807 debiliorem

911 5817 1100 5870 contra
1130 5829 1190 5873 se
1227 5817 1484 5879 vitiorum
1517 5832 1916 5890 contumaciam
1950 5839 2150 5908 sentit;
2201 5841 2244 5897 si
2279 5859 2508 5918 surgen—

2633 4655 2908 4709 subtiliter
2935 4670 2999 4709 ac
3027 4654 3295 4724 profunde
3322 4656 3636 4709 considerat
3670 4664 3840 4709 totum
3873 4655 4139 4725 quidquid
4175 4656 4239 4709 il-

2635 4746 2724 4802 Iud
2759 4756 2841 4800 est
2874 4747 3020 4817 quod
3071 4756 3321 4801 versatur
3354 4749 3407 4802 in
3440 4759 3641 4802 mente.
3672 4747 4034 4803 Gratulantur
4064 4748 4242 4821 augell

2632 4841 2699 4892 ad
2735 4839 2838 4893 tale
2868 4841 3264 4908 spectaculum,
3304 4842 3552 4896 videntes
3581 4844 3724 4910 quod
3757 4844 3994 4896 humana
4025 4853 4241 4896 natura

2631 4932 2684 4985 in
2714 4946 2779 4984 eo
2808 4934 2951 5000 quod
2980 4943 3168 4986 contra
3202 4933 3550 5001 semetipsam
3585 4944 3811 5004 pugnat,
3855 4933 3921 4988 ad
3955 4948 4145 4986 eorum
4179 4947 4242 4988 se

2629 5024 2989 5086 consortium,
3021 5025 3164 5077 unde
3192 5022 3372 5076 fuerat
3404 5024 3600 5092 ejecta,
3635 5025 3926 5088 reformat;
3957 5034 4010 5078 ct
4051 5039 4237 5079 secum

2628 5117 2858 5168 rixando
2889 5117 2954 5169 ad
2989 5131 3170 5169 verant
3201 5117 3387 5186 procul
3415 5118 3581 5172 dubio
3609 5135 3798 5188 pacem
3832 5120 4026 5182 tendit,
4072 5133 4237 5189 quam

2627 5207 2756 5260 olim
2787 5207 3006 5263 sibimet
3041 5210 3182 5263 male
3210 5211 3629 5278 consemiendo,
3664 5213 3791 5282 quia
3826 5229 3933 5267 non
3968 5229 4238 5286 repugna-

2624 5299 2723 5364 vit,
2758 5301 2959 5354 amisit.

2699 5391 2811 5447 Nec
2835 5410 3264 5464 conqueramur,
3295 5395 3500 5453 fratres
3531 5398 3660 5463 mei,
3694 5399 3738 5453 si
3773 5399 3840 5454 ad
3872 5409 4061 5455 votum
4107 5415 4233 5457 mox

2625 5497 2820 5540 cuncta
2849 5501 2955 5541 non
2987 5487 3279 5555 vincimus,
3309 5489 3352 5544 si
3388 5491 3438 5543 itt
3473 5491 3633 5560 hujus
3664 5490 4068 5548 conflictatione
4105 5507 4232 5547 cer-

2625 5578 2870 5639 laminis,
2902 5595 3194 5645 aerumnas,
3231 5581 3466 5646 labores,
3506 5584 3808 5652 angustias,
3863 5594 3917 5638 et
3966 5584 4229 5655 gravissi-

2621 5684 2768 5723 mum
2799 5685 2942 5739 smpe
2973 5670 3287 5728 fluctuantis
3314 5675 3512 5728 animm
3541 5675 3759 5730 taedium
3787 5676 4144 5732 sustinemus.
4173 5676 4228 5734 In

2622 5759 2726 5815 boc
2761 5761 2907 5816 enim
2936 5764 3118 5817 divina
3153 5765 3308 5819 nobis
3338 5765 3748 5836 dispensatione
3776 5768 4130 5840 prospicitur,
4159 5784 4229 5825 ne

2620 5852 2688 5908 de
2722 5853 3005 5925 repentina
3041 5855 3266 5912 victoria
3300 5857 3352 5914 in
3387 5861 3762 5931 arrogantiam
3790 5867 3983 5919 noster
4012 5860 4228 5920 animus
