5652 6410
191 1337 206 1346 .

165 1415 180 1424 .

163 1441 208 1470 ι..-

163 1505 214 1572 5,:

167 1567 204 1604 ζ.

143 1621 146 1626 ,
179 1613 196 1622 -

110 1737 218 1802 l1.

111 1861 120 1870 ³
143 1863 194 1888 ,ιιι

2241 316 2348 377 923

2700 315 2759 372 8.
2801 313 3003 370 PETRI
3045 313 3325 369 DANIANI
3364 312 3515 370 OPP.
3552 310 3731 367 PARS
3771 307 3903 366 εεις
3934 307 4171 365 TOIUS
4208 309 4269 365 ll.
4310 338 4379 353 --
4414 304 4839 366 SANCTORUI
4880 304 4932 363 Vl

3262 313 3325 368 Nl
3364 312 3515 370 OPP.
3552 310 3731 367 PARS
3771 307 3903 366 εεις
3934 307 4171 365 TOIUS
4208 309 4269 365 ll.
4310 338 4379 353 --
4414 304 4839 366 SANCTORUI
4880 304 5089 364 νιτε.
5408 308 5494 365 κι

2242 429 2553 492 extollatur,
2582 436 2638 482 et
2663 426 2729 481 de
2758 426 3044 482 altitudine
3073 442 3171 482 sua
3218 426 3537 496 profundius
3581 433 3822 486 corruat.
3851 423 3900 484 Α
3930 424 4283 492 prasutnentl
4329 421 4531 494 prabet
4580 421 4885 487 audaciam,
4928 432 4984 478 et
5027 420 5301 494 pugnanti
5348 422 5499 479 victo-

2240 524 2414 578 sinon
2446 518 2653 575 auctori
2686 518 2817 580 Deo,
2851 518 2945 573 sed
2975 519 3078 573 sibi
3109 519 3349 573 victoria!
3397 535 3508 573 sua
3552 520 3695 574 vires
3736 533 3815 571 as-

2240 617 2436 672 cribat.
2479 612 2618 667 Hinc
2650 622 2733 666 est
2758 612 3094 678 enim,quod
3140 610 3436 664 Israelitico
3483 610 3679 680 populo
3728 624 3825 677 per

2239 705 2458 776 Moysen
2488 704 2724 758 dicitur:
2763 722 2781 754 ι
2817 702 3112 771 Postquam
3139 701 3324 756 aﬁlixit
3356 711 3407 756 te
3444 701 3721 764 Dominus,
3768 709 3826 756 et

2238 795 2506 868 probavit.
2546 794 2613 847 ad
2642 802 2945 847 extremum
2976 793 3235 847 misertus
3277 802 3363 847 est
3388 792 3482 853 tui,
3516 806 3581 844 ne
3609 792 3823 847 diceres

2239 891 2293 944 in
2322 888 2486 945 corde
2515 897 2607 941 tuo
2632 904 2646 939 :
2675 885 2965 941 Fortitudo
2991 901 3135 950 utea,
3164 896 3216 941 et
3252 886 3415 938 robur
3439 900 3632 937 manus
3666 898 3819 946 meae,

2239 979 2353 1034 hac
2378 976 2559 1032 omnia
2588 977 2717 1032 mihi
2748 978 3135 1046 prastiternnt,
3163 974 3255 1029 sed
3281 975 3583 1029 recorderis
3608 974 3819 1028 Domini

2240 1068 2334 1123 Dei
2367 1069 2465 1137 tui,
2494 1068 2636 1137 quod
2662 1068 2775 1137 ipse
2799 1067 2892 1119 tibi
2927 1069 3069 1120 vires
3094 1068 3381 1135 prrcbneri;
3416 1066 3589 1135 (Deut.
3626 1068 3760 1133 vin).
3796 1082 3815 1116 ι

2237 1157 2376 1212 ltinc
2398 1168 2484 1212 est
2513 1158 2698 1221 etiam,
2728 1157 2871 1225 quod
2904 1172 3044 1225 sepe
3074 1172 3247 1221 mens,
3277 1173 3396 1225 qua:
3438 1158 3601 1210 multa
3654 1158 3704 1210 in
3739 1173 3817 1221 se,

2235 1257 2289 1304 et
2346 1250 2506 1303 fortia
2556 1258 2813 1317 superat,
2848 1264 3011 1302 unum
3061 1251 3189 1317 quid
3232 1251 3461 1304 fortasse
3512 1252 3816 1310 minimum.

2235 1344 2486 1413 quamvis
2514 1343 2741 1399 solerter
2774 1343 3040 1412 invigilet,
3068 1360 3173 1397 non
3202 1356 3490 1412 expugnat.
3535 1344 3687 1409 Quod
3739 1344 3819 1396 di-

2235 1434 2359 1487 vina
2394 1435 2648 1488 nimirum
2680 1433 3085 1503 dispensatione
3120 1436 3315 1501 agitur,
3347 1450 3411 1487 ne
3440 1436 3676 1485 humana
3695 1450 3819 1485 con-

2233 1522 2365 1577 ditio
2393 1525 2628 1593 undique
2653 1524 2942 1578 virtutibus
2972 1524 3278 1594 splendens,
3308 1525 3358 1576 in
3384 1526 3613 1578 elatione
3644 1525 3823 1577 suble-

2232 1623 2412 1676 vetur,
2450 1616 2595 1669 utin
2646 1630 2712 1669 eo
2759 1617 2900 1683 quod
2945 1632 3002 1669 se
3048 1631 3331 1684 superasse
3384 1616 3542 1670 fortia
3594 1633 3821 1686 qumque

2229 1703 2559 1764 considerat,
2583 1702 2711 1756 dum
2734 1720 2959 1773 parvum
2988 1719 3093 1757 non
3123 1716 3297 1773 potest
3319 1706 3405 1758 diu
3430 1710 3672 1759 conando
3692 1708 3817 1759 Sull-

3929 516 4088 579 riam,
4121 526 4177 571 et
4206 517 4507 571 vincentem
4543 515 4791 585 provehit
4821 515 4887 569 ad
4914 529 5212 579 coronam;
5245 516 5375 586 quin
5416 532 5497 586 po-

3928 608 4034 662 tius
4064 608 4174 676 ipse
4205 617 4288 661 est
4316 607 4671 661 militantibus
4693 606 5028 669 donativum.
5058 606 5313 661 emeritis
5341 608 5499 659 muni-

3925 700 4145 769 cipium,
4183 699 4643 767 triumphantibus
4674 697 4954 768 premium
4978 698 5383 766 sempiternum
5420 699 5497 752 le-

3924 805 4017 845 sus
4062 791 4308 845 Christus
4340 790 4480 855 heri,
4511 802 4565 845 et
4596 790 4778 855 ltodic,
4817 790 4931 861 ipse
4994 790 5139 846 Deus
5197 790 5502 846 benedictus

3926 886 3978 938 in
4004 885 4218 940 Stecula.
4252 886 4443 939 Amen.

4474 974 4709 1031 SERSIO
4744 974 4954 1031 LXXV.

4143 1085 4400 1125 δεκιιοκις
4440 1085 4584 1124 1⁵1111
4626 1086 4909 1125 εγειοοιιιε
4954 1084 5301 1128 ηιςιιιιτλ.

3997 1161 4165 1215 Sicuti
4192 1164 4240 1213 in
4266 1170 4447 1213 monte
4470 1160 4617 1214 Sinai
4644 1159 4899 1215 Dominus
4922 1159 5235 1216 Israelitica:
5251 1160 5394 1230 plebi
5420 1175 5503 1229 per

3924 1250 4139 1323 Moysen
4175 1253 4305 1321 legis
4335 1252 4510 1306 edicta
4541 1254 4820 1324 preposuit
4868 1251 5067 1317 (Exod.
5115 1270 5209 1309 ιιι
5245 1265 5294 1308 ιι
5325 1258 5504 1323 ωσι),

3925 1347 3994 1398 ita
4020 1358 4066 1397 et
4094 1348 4145 1399 in
4174 1357 4359 1399 sancta
4377 1345 4623 1399 Ecclesia
4650 1362 4746 1414 per
4775 1347 5138 1402 ministerium
5162 1347 5501 1403 sacerdotum

3926 1435 4065 1488 idem
4098 1434 4377 1503 lcgislator
4428 1444 4481 1489 et
4511 1436 4677 1505 judex
4708 1435 5023 1490 Christiano
5048 1434 5256 1505 populo
5300 1434 5501 1489 vivendi

3924 1526 4175 1577 mandata
4208 1524 4500 1593 depromit.
4552 1522 4703 1578 Sinai
4747 1525 4945 1594 quippe
4986 1523 5383 1591 interpretatur
5424 1538 5503 1576 rn-

3922 1617 4043 1681 bus,
4076 1617 4188 1671 sive
4218 1618 4466 1671 teutatio.
4517 1616 4592 1671 De
4624 1613 4761 1669 rubo
4807 1613 5075 1685 siquidem
5123 1611 5413 1673 Dominus,
5454 1619 5505 1663 ut

3923 1708 4205 1777 Scriptura
4238 1718 4491 1771 testatur,
4521 1706 4791 1777 apparuit,
4821 1716 4874 1760 et
4899 1703 5064 1776 Moysi
5094 1704 5161 1758 ad
5192 1701 5503 1758 ﬁlioslsrael

2229 1792 2398 1863 igere,
2425 1809 2528 1847 non
2559 1796 2687 1858 sibi,
2720 1771 2814 1850 sed
2843 1796 2915 1850 illi
2951 1771 3236 1850 victoriam
3265 1799 3490 1859 tribuat,
3521 1800 3673 1866 cujus
3702 1818 3816 1852 tnu-
3850 1771 3891 1830 Β
3922 1771 4133 1851 deferre
4162 1799 4414 1850 mandata
4446 1771 4732 1865 praecpit;
4765 1805 4823 1850 et
4851 1796 4902 1849 in
4931 1771 5173 1850 Ecclesia
5208 1793 5355 1848 Deus
5394 1806 5505 1862 pro-

2229 1897 2359 1937 nere
2393 1885 2565 1953 potuit
2590 1901 2710 1955 qua
2740 1886 2976 1963 subacta.
3006 1898 3132 1941 sunt
3174 1904 3451 1956 superare.
3514 1889 3661 1943 Unde
3712 1892 3817 1941 llllC

2230 1970 2466 2027 dicitur:
2499 1991 2518 2024 ι
2555 1972 2651 2028 Ila:
2681 1984 2808 2029 sunt
2829 1988 3035 2045 gentes,
3065 1994 3198 2046 quas
3229 1978 3485 2031 Dominus
3512 1980 3815 2047 dereliquit,

2232 2071 2291 2116 ut
2314 2064 2555 2117 erudiret
2584 2064 2635 2117 in
2659 2066 2739 2119 eis
2764 2066 3014 2121 lsraelem
3046 2068 3245 2135 (ludic.
3276 2074 3379 2131 tu).
3419 2089 3437 2121 ι
3472 2069 3634 2123 Israel
3666 2088 3696 2122 n
3722 2088 3817 2122 un-

2231 2164 2333 2219 que
2364 2156 2652 2207 reservatis
2682 2156 2934 2224 gentibus
2966 2160 3235 2221 ernditur,
3269 2160 3394 2212 dum
3428 2178 3579 2212 tnens
3630 2172 3813 2212 nostra

2232 2238 2286 2291 in
2313 2240 2497 2308 parvis
2524 2242 2623 2296 sibi
2655 2247 3032 2302 resistentibus
3073 2250 3252 2313 discit,
3305 2266 3430 2319 qum
3474 2267 3817 2320 nequaquam

2231 2344 2295 2383 ea
2325 2346 2383 2385 se
2412 2331 2614 2400 majora
2647 2335 2894 2403 subjecit.

2299 2420 2397 2477 llic
2424 2424 2588 2478 totius
2621 2428 2819 2496 negotii
2854 2443 3065 2484 summa
3108 2442 3211 2494 est.
3245 2430 3443 2487 fratres
3480 2436 3812 2495 cliarissiini,

2229 2523 2397 2581 quare
2429 2512 2687 2568 tnundum
2716 2516 3070 2586 reliquimus;
3122 2520 3208 2576 hic
3239 2531 3345 2576 tota
3390 2526 3597 2577 versati
3654 2528 3812 2578 ilebet

2224 2604 2481 2669 intentio,
2511 2606 2642 2674 quid
2666 2607 2732 2660 ad
2760 2624 2976 2663 sacrum
3013 2612 3259 2665 ordinem
3304 2630 3403 2667 nos
3444 2618 3655 2669 venisse
3686 2636 3814 2683 gau-

2229 2692 2449 2760 demus,
2493 2695 2742 2752 videlicet
2797 2708 2856 2752 ut
2908 2715 3061 2755 incus
3104 2713 3292 2758 nostra
3342 2706 3600 2758 virtutum
3649 2710 3815 2763 armis

2226 2784 2487 2846 accincta,
2520 2785 2573 2839 in
2602 2789 2831 2855 spiritali
2864 2794 3160 2847 certamine
3186 2810 3244 2848 se
3274 2809 3491 2864 semper
3537 2809 3809 2861 exerceat,

2224 2880 2278 2925 et
2309 2873 2559 2928 vitiorum
2593 2887 2865 2945 portenta,
2904 2897 3024 2948 qua:
3053 2884 3196 2937 circa
3229 2900 3331 2939 nos
3379 2888 3664 2940 mitescere
3715 2903 3811 2941 ne-

2223 2963 2420 3030 sciunt,
2446 2964 2652 3037 fervido
2672 2969 2861 3037 spiritu
2876 2971 3145 3026 debellare
3168 2977 3477 3029 contendat.
3504 2977 3640 3043 Quid
3666 2980 3807 3033 enim

2222 3053 2517 3122 profuisset
2544 3055 2844 3113 lsraelitico
2869 3064 3064 3130 populo
3095 3062 3408 3134 Egyptiaca
3438 3070 3808 3123 tantummodo

2223 3158 2347 3197 rura
2373 3144 2701 3217 relinquere,
2750 3152 2853 3204 nisi
2906 3156 3149 3209 cervices
3184 3157 3421 3210 hostium
3458 3158 3647 3213 bellica
3701 3162 3807 3214 fer-

2222 3234 2465 3291 buissent
2495 3249 2677 3308 strage
2708 3255 3091 3311 percutere,‘ut
3120 3258 3319 3302 terram
3341 3251 3598 3318 optimam
3626 3256 3809 3323 quieto

2220 3329 2563 3397 postmodum
2594 3344 2816 3403 possent
2860 3338 2970 3391 otio
3015 3354 3112 3407 pos
3144 3341 3517 3415 idere?398
3561 3344 3663 3411 Qui
3717 3347 3809 3400 de-

2221 3424 2384 3486 nique
2413 3421 2689 3487 profectus
2716 3435 2881 3487 esset,
2914 3427 2957 3481 si
2990 3426 3289 3485 Pharaonis
3312 3433 3525 3501 jngnm,
3554 3435 3655 3488 sub
3698 3452 3809 3506 quo

2224 3508 2672 3581 qualitercunque
2736 3518 2920 3571 vivere
2990 3520 3324 3585 sinebantur,
3377 3524 3694 3595 effugerent,
3760 3530 3806 3582 si

2223 3595 2650 3656 Cbanameorum
2681 3618 2839 3660 enses
2866 3608 2917 3661 in
2955 3614 3205 3681 proprios
3230 3615 3449 3685 jugulos
3493 3632 3591 3687 per
3623 3628 3805 3689 torpo-

2222 3690 2298 3745 ris
2329 3691 2594 3747 incuriam
2626 3704 3024 3765 provocarent?
3600 3722 3607 3729 '

2288 3781 2637 3841 Exeutiamus
2672 3804 2822 3858 ergo,
2850 3782 3051 3849 fraires
3102 3798 3430 3864 clmrissimt,
3478 3802 3801 3870 degenerem

2220 3872 2471 3927 marcida:
2491 3874 2855 3935 dissolutionis
2883 3882 3154 3951 inertiam,
3182 3889 3273 3956 qui
3312 3905 3406 3958 per
3435 3891 3802 3948 fortitudinem

2218 3970 2439 4017 strenue
2472 3966 2765 4023 dimicandi
2819 3977 3103 4041 pervenire
3136 3982 3380 4035 volumus
3423 3984 3488 4036 ad
3520 4000 3802 4044 coronam.

2219 4049 2404 4109 Parati
2428 4057 2598 4113 simus
2624 4075 2841 4131 semper
2865 4065 3136 4125 irruentes
3162 4073 3415 4128 vitiorum
3466 4091 3690 4141 cuneos,
3737 4096 3801 4133 ac

2219 4142 2511 4201 frementes
2540 4150 2738 4207 beStias
2760 4153 2829 4209 de
2859 4172 2990 4226 agro
3019 4162 3189 4215 nostri
3220 4165 3399 4218 cordis
3428 4165 3648 4231 ejicere,
3682 4168 3803 4221 nul-

2224 4232 2436 4325 lumque
2464 4239 2545 4293 eis
2568 4240 2620 4294 in
2648 4257 2709 4296 ea
2737 4258 2857 4312 qua:
2886 4250 3053 4301 nostri
3081 4248 3221 4319 juris
3246 4264 3391 4321 sunt,
3421 4261 3799 4325 permittamus

3921 1888 4005 1942 cul
4032 1888 4193 1942 dubio
4221 1891 4483 1951 cernitur,
4512 1888 4651 1941 sicut
4679 1886 4855 1941 eidem
4878 1885 5045 1956 onsi
5078 1883 5297 1955 roganti
5328 1892 5505 1953 quate-

3920 1992 4019 2030 nus
4053 1980 4152 2031 sibi
4181 1980 4531 2047 semetipsum
4558 1976 4893 2040 ostenderet,
4942 1972 5253 2045 pollicetur,
5286 1973 5501 2029 dicens:

3924 2090 3942 2121 ι
3984 2072 4118 2125 Ecce
4157 2074 4304 2125 locus
4345 2073 4485 2138 apud
4542 2086 4630 2126 me
4671 2079 4773 2133 est,
4822 2068 4994 2123 stabis
5047 2081 5215 2136 supra
5267 2074 5503 2136 petram:

3917 2177 4149 2230 Cumque
4179 2162 4453 2214 transierit
4484 2160 4652 2230 gloria
4704 2173 4844 2221 mea,
4896 2166 5023 2210 tunc
5073 2153 5292 2209 videbis
5336 2163 5509 2224 poste-

3920 2256 4061 2306 riora
4095 2270 4210 2307 mea
4242 2254 4439 2317 (Exod.
4472 2252 4689 2319 xum).
4726 2270 4743 2302 ι
4772 2249 4925 2316 Quod
4956 2257 5136 2302 autem
5168 2245 5328 2300 Sinai
5352 2245 5508 2299 etiam

3921 2346 4146 2398 teutatio
4174 2345 4392 2403 dicitur,
4427 2342 4555 2411 quid
4586 2358 4682 2411 per
4721 2341 4823 2395 boc
4850 2337 4993 2392 aliud
5045 2337 5209 2391 debet
5261 2335 5505 2403 intelligi,

3918 2440 4015 2489 nisi
4048 2437 4169 2502 quia
4204 2436 4256 2487 in
4286 2434 4523 2487 Ecclesia
4552 2434 4640 2486 ubi
4673 2431 4757 2485 lex
4796 2431 4976 2492 datur,
5006 2428 5080 2483 ibi
5128 2428 5369 2481 tentatio
5404 2440 5509 2479 Ina-

3916 2528 4043 2595 ligni
4074 2528 4293 2595 spiri:us
4329 2524 4619 2594 aliquando
4644 2521 4959 2594 pestilenter
4993 2518 5290 2575 oboritur?
5326 2516 5403 2572 Ut
5448 2518 5507 2569 ad

3918 2620 4230 2669 violandam
4262 2616 4393 2669 recti
4418 2614 4607 2682 judicii
4639 2612 4880 2683 regulam
4912 2610 5071 2665 modo
5097 2623 5227 2680 spes
5272 2617 5509 2678 questu

3915 2714 4162 2778 obrepat,
4194 2710 4350 2762 modo
4390 2710 4623 2775 rigorem
4664 2706 4892 2779 justiti:
4938 2705 5071 2765 laus.
5126 2704 5211 2759 vel
5259 2702 5509 2758 human:

3916 2805 4101 2870 gratim.
4134 2803 4287 2856 favor
4312 2800 4570 2863 emolliat,
4603 2799 4765 2853 modo
4795 2800 4862 2851 ad
4910 2795 5215 2851 nocendum
5262 2795 5385 2857 ira,
5432 2792 5511 2847 vel

3912 2896 4020 2947 odii
4044 2895 4181 2947 livor
4203 2893 4465 2961 impellat,
4496 2890 4657 2945 modo
4680 2897 4859 2944 metus
4886 2903 4916 2942 a
4946 2887 5199 2941 libertate
5230 2896 5386 2942 recte
5424 2884 5508 2953 ja-

3914 2983 4127 3037 dicandi
4161 2999 4257 3037 cor
4290 2982 4576 3053 reprimat,
4610 2979 4774 3034 modo
4800 2977 5098 3034 crudelitas
5123 2977 5309 3045 digna:
5342 2976 5503 3031 ultio-

3913 3076 3998 3130 nis
4033 3090 4342 3130 mensuram
4365 3074 4613 3130 excedat.

3954 3168 4122 3235 !Ecce
4152 3170 4303 3222 locus
4332 3168 4474 3238 apud
4507 3181 4594 3223 me
4616 3174 4719 3230 est,
4755 3174 4812 3220 et
4857 3163 5028 3220 stabis
5054 3176 5222 3233 super
5268 3172 5501 3235 petram.

3910 3271 3965 3313 et
3992 3271 4117 3314 tunc
4151 3260 4357 3314 videbis
4380 3259 4680 3329 posteriora
4714 3273 4854 3313 mea.
4888 3255 5019 3324 Quis
5061 3265 5248 3310 autem
5296 3256 5404 3311 iste
5433 3257 5503 3309 lo-

3910 3365 4025 3411 cus,
4059 3351 4147 3403 ubi
4179 3352 4367 3403 statim
4400 3353 4561 3418 super
4586 3346 4799 3421 [supra]
4830 3358 5039 3417 petram
5087 3345 5357 3401 Dominus
5386 3362 5498 3400 cer-

3910 3443 4082 3505 nitur,
4118 3443 4223 3495 nisi
4256 3451 4447 3495 sancta
4478 3439 4799 3511 intelligitur
4824 3438 5089 3502 Ecclesia,
5120 3437 5211 3491 ubi
5254 3438 5388 3492 dum
5418 3454 5502 3508 po

3909 3544 4007 3591 tra:
4056 3535 4177 3589 ﬁdei
4216 3543 4533 3589 constanter
4579 3533 4849 3597 innititur,
4883 3529 5043 3586 simul
5072 3544 5193 3584 cum
5242 3532 5500 3599 Apostoto

3908 3626 4118 3680 Domini
4152 3627 4381 3696 gloriam
4419 3624 4806 3696 speculamur?
4843 3623 4967 3679 ﬂare
4995 3624 5137 3677 enim
5167 3629 5254 3676 est
5302 3624 5371 3677 de
5398 3636 5499 3689 qua

3906 3719 4142 3773 dicitur:
4180 3739 4197 3771 ι
4236 3719 4411 3791 Super
4450 3720 4594 3774 hanc
4622 3726 4835 3790 petram
4866 3714 5146 3770 :ediﬂcabo
5194 3712 5497 3769 Ecclesiam

3905 3826 4079 3865 meam
4112 3811 4328 3879 (Matth.
4362 3814 4494 3881 xvi).
4535 3832 4555 3864 ι

3977 3902 4145 3957 Terra
4212 3917 4387 3971 usque
4450 3901 4516 3956 ad
4559 3900 4851 3965 fenestras,
4893 3910 4949 3954 et
4998 3898 5255 3952 fencstrm
5302 3898 5503 3952 clausa

3907 3994 4124 4055 (Haedi.
4168 3998 4301 4063 xu).
4342 3994 4432 4047 Ait
4462 3992 4751 4063 Apostolus
4785 4009 4797 4044 :
4840 4009 4859 4043 ι
4904 3987 5186 4059 Templum
5217 3986 5320 4041 Dei
5373 4004 5499 4041 sau-

3904 4094 4051 4137 ctum
4082 4094 4187 4147 est,
4218 4085 4361 4152 quod
4391 4083 4526 4137 estis
4552 4097 4647 4137 vos
4678 4080 4728 4152 (1
4760 4079 4884 4135 Cor.
4916 4080 5019 4147 ut).
5054 4098 5073 4129 ι
5108 4074 5286 4144 Huius
5318 4089 5499 4131 autem

3903 4175 4083 4242 templi
4115 4172 4365 4227 fenestra:
4393 4173 4706 4228 sacerdotes
4751 4169 4918 4243 399
4941 4178 5086 4233 sunt,
5120 4168 5214 4238 qui
5250 4168 5499 4223 ﬁdelium

3899 4266 4098 4333 populo
4126 4264 4306 4318 lumen
4335 4272 4540 4318 sancta:
4568 4260 4975 4333 prmdicationis
5017 4257 5340 4313 infundunt.
5390 4257 5499 4313 Sed

2217 4322 2703 4431 locum-perversa:
2742 4336 3115 4431 damnationis
3144 4344 3366 4400 habere.
3416 4348 3531 4403 Non
3580 4352 3799 4407 videant
3897 4322 4019 4409 cuiu
4048 4368 4192 4411 terra
4221 4371 4391 4425 usque
4420 4354 4488 4409 ad
4519 4322 4788 4409 fenestras
4818 4352 5110 4424 aggeritur.
5161 4349 5376 4408 clausis
5422 4350 5497 4405 fec

2218 4430 2317 4471 nos
2346 4423 2550 4533 inunita
2585 4426 2777 4533 nostri,
2810 4428 2952 4496 quod
2978 4431 3137 4495 absit,
3170 4437 3444 4491 enerviter
3465 4441 3677 4505 cedere,
3731 4458 3797 4496 ne
3832 4478 3875 4533 Β
3904 4447 4100 4500 uestris
4133 4423 4391 4515 templum
4420 4460 4450 4499 c

3262 4437 3444 4491 srviter
3465 4441 3677 4505 cedere,
3731 4458 3797 4496 ne
3832 4478 3875 4533 Β
3904 4447 4100 4500 uestris
4133 4423 4391 4515 templum
4420 4446 4679 4499 continuo
4710 4423 5038 4498 tentebiratur.
5066 4440 5134 4495 Et
5158 4455 5287 4495 eum
5321 4450 5494 4495 terre-

2214 4520 2340 4563 ntox
2370 4509 2589 4567 sibimet
2615 4515 3021 4585 applaudentes,
3055 4524 3122 4577 de
3149 4527 3350 4580 nostris
3381 4528 3592 4585 valeant
3621 4548 3799 4587 reces-

2213 4596 2360 4653 sibus
2386 4602 2682 4659 exsultare.
2706 4608 2965 4675 Invictum
2992 4627 3225 4684 namque
3255 4617 3458 4672 militiae
3481 4630 3678 4675 nostra:
3700 4622 3797 4674 du-

2213 4702 2327 4743 cem
2360 4692 2641 4762 babemus,
2668 4700 2755 4753 eui
2804 4700 3129 4759 fiducialiter
3173 4706 3404 4763 dicimus
3452 4726 3467 4764 :
3506 4730 3523 4763 ι
3581 4712 3790 4773 Julica,

2212 4776 2457 4848 Domine,
2500 4797 2759 4845 nocentes
2811 4808 2921 4857 me,
2972 4810 3218 4868 expugna
3269 4801 3643 4871 impugnantes
3686 4823 3790 4869 me,

2216 4873 2557 4964 apprehende
2585 4892 2736 4933 arma
2788 4892 2841 4937 et
2870 4894 3101 4952 scutum,
3132 4901 3189 4943 et
3213 4906 3444 4964 exsurge
3494 4896 3544 4950 in
3573 4896 3791 4963 adjuto—

2212 4960 2347 5057 rium
2380 4967 2510 5021 mihi
2551 4966 2724 5041 (Ρεαι,
2758 4978 2853 5045 ις).
2896 4996 2914 5029 ι
2948 4978 3093 5034 Felix
3120 4960 3401 5051 spiritalis-
3424 4988 3508 5041 ille
3539 4960 3786 5057 bellator,

2210 5054 2299 5121 qui
2336 5057 2493 5150 talem
2523 5064 2769 5133 sequitur
2798 5068 2850 5121 in
2880 5072 3061 5140 prtelio
3086 5074 3297 5142 ducem,
3343 5082 3433 5150 qui
3468 5084 3625 5137 talem
3678 5054 3787 5137 me;

2214 5151 2362 5200 retur
2398 5147 2598 5209 habere
2644 5171 2756 5212 sua:
2801 5166 3201 5231 congressionis
3247 5147 3542 5235 auctorem.
3593 5177 3682 5243 qui
3734 5188 3787 5231 et

3904 4554 3967 4590 na
4029 4539 4245 4607 negotia
4310 4535 4623 4590 sacerdotes
4672 4534 4972 4604 implicant,
5023 4532 5182 4602 quasi
5238 4530 5498 4588 fenestra

3900 4631 4097 4684 clause
4125 4628 4404 4699 templum,
4436 4627 4579 4698 quod
4630 4626 4835 4682 amittit
4881 4625 5086 4688 lumen,
5137 4624 5492 4680 obscuratur.

3902 4722 4007 4776 Nos
4037 4738 4167 4791 ergo
4195 4736 4419 4775 necesse
4445 4730 4552 4784 est,
4582 4728 4846 4790 quantum
4875 4730 5207 4788 possumus,
5239 4717 5313 4773 ab
5365 4718 5493 4771 acti-

3898 4812 3996 4866 bus
4042 4828 4237 4866 vacare
4293 4810 4551 4876 terrenis,
4581 4820 4641 4864 nt
4682 4808 4857 4864 sacris
4893 4808 5100 4878 jugiter
5144 4807 5492 4878 invigilemus

3897 4904 4147 4972 eloquiis.
4173 4903 4327 4957 Sicut
4353 4917 4551 4971 sponsa
4581 4900 4716 4955 dicit
4745 4902 4799 4955 in
4824 4898 5069 4954 Canticis
5111 4916 5125 4952 :
5165 4918 5184 4949 ι
5235 4897 5393 4956 Oculi
5418 4900 5489 4953 tui

3898 4998 4036 5050 sicut
4068 4995 4331 5050 columba:
4356 5009 4519 5065 super
4548 4993 4693 5047 rivos
4715 5007 5006 5062 aquarum,
5042 5006 5169 5062 qua:
5194 4990 5345 5049 laete
5371 5000 5487 5048 sunt

3898 5088 4039 5151 lotze,
4067 5096 4120 5140 ct
4145 5085 4374 5141 resident
4395 5085 4550 5154 juxta
4577 5082 4776 5140 ﬂuenta
4807 5084 5129 5155 plenissima
5153 5082 5344 5155 (Cum.
5364 5090 5436 5141 vi.
5466 5102 5481 5129 ι
