5652 6380
2269 341 2427 396 νιτΑ
2471 340 2528 395 S.
2565 339 2906 397 ODlLONlS.

4134 339 4242 392 030

948 465 1324 541 supputatione
1349 463 1626 536 colligeret
1652 477 1772 533 quae
1799 469 1985 532 posset
2012 474 2131 514 esse
2161 473 2371 514 summa
2401 457 2534 512 mis-
2564 462 2613 519 Λ
2641 453 3055 524 promulgandis
3096 465 3260 521 porro
3303 450 3548 522 judiciis,
3597 465 3661 506 ac
3694 449 3871 505 modis
3909 449 4246 520 ρωιιίιειιιίω

949 574 1150 620 sarum,
1195 570 1331 625 quas
1377 553 1672 609 celebravit
1722 568 1818 622 per
1864 551 2096 620 spatium
2137 549 2533 617 quinquaginta

948 662 1038 703 sex
1055 659 1342 705 annorum,
1366 642 1562 712 quibus
1584 639 1972 694 monasterium
1999 639 2158 692 rexit.
2185 638 2239 691 ltt
2265 651 2372 706 quo
2389 636 2536 690 facto

949 732 1610 805 liquidodeprehenditur,
1637 745 1798 799 quam
1830 729 2107 790 diuturna,
2134 743 2294 796 quam
2339 725 2533 780 indeli-

949 827 1092 880 ciens
1118 824 1285 879 divini
1312 823 1515 878 amoris
1542 820 1757 874 flamma
1784 819 1923 873 beati
1949 819 2048 871 viri
2079 827 2266 886 pectus
2291 817 2534 882 excoxit,

947 913 1085 983 quod
1142 913 1398 967 nimirum
1453 910 1521 963 ab
1568 908 1862 962 afferendis
1915 906 2159 976 quotidie
2206 904 2535 958 salutaribus

948 1005 1138 1060 hostiis
1164 1006 1421 1059 cohibere
1446 1011 1524 1054 tot
1543 1015 1825 1061 curarum,
1856 1007 1936 1051 tot
1967 996 2336 1066 ingruentium
2369 1009 2536 1064 nego-

947 1096 1140 1150 tiorum
1167 1091 1472 1148 sollicitudo
1508 1107 1612 1143 non
1642 1090 1837 1158 potuit.

1015 1187 1069 1240 ln
1093 1173 1383 1252 erogandis
1407 1192 1667 1251 praeterea
1695 1177 2059 1249 elecmosynis
2089 1177 2160 1230 ita
2183 1175 2368 1244 largus
2392 1179 2532 1238 erat,

946 1287 1002 1332 nt
1031 1275 1268 1332 nonnulli
1294 1273 1420 1328 dum
1449 1289 1572 1327 eum
1600 1271 1780 1326 omnia
1814 1272 2211 1340 dispergentetn
2245 1268 2364 1321 sine
2399 1282 2534 1320 cnn-

943 1368 1180 1424 ctatione
1222 1364 1618 1432 conspicerent,
1646 1378 1752 1416 non
1785 1361 2236 1430 dispensatorem,
2283 1357 2376 1409 sed
2403 1370 2532 1424 pro-

943 1456 1120 1527 dignm
1147 1455 1459 1524 judicarent
1485 1469 1499 1517 ;
1529 1452 1829 1521 praesertim
1858 1450 2092 1517 quodam
2131 1459 2375 1516 tempore
2404 1447 2530 1498 dum

941 1545 1110 1601 futiles
1137 1546 1313 1599 valida
1349 1544 1653 1614 Aquitaniae
1684 1543 1820 1596 fines
1849 1543 2202 1594 vehementer
2245 1537 2531 1608 affligeret,

938 1653 1005 1693 ac
1032 1638 1289 1708 plurimas
1311 1635 1607 1692 Galliarum
1647 1633 1960 1702 provincias
1988 1631 2308 1700 pestilenter
2351 1637 2533 1681 arcta-

941 1743 1044 1796 ret,
1070 1731 1350 1786 exhaustis
1368 1730 1482 1800 jam
1505 1730 1556 1781 in
1584 1741 1880 1795 pauperum
1912 1739 2043 1776 usus
2065 1723 2296 1785 aerariis,
2327 1729 2381 1774 et
2406 1720 2533 1774 lior-

2639 544 3002 616 praefigendis,
3062 553 3172 596 tam
3223 543 3347 611 pius
3401 551 3541 604 erat,
3577 551 3634 595 et
3684 548 3834 594 tanta
3889 543 4248 598 maerentibus

2638 634 2986 688 humanitate
3013 633 3374 703 compaticns,
3401 641 3460 686 ut
3489 647 3832 701 nequaquam
3861 630 4029 703 505.
4058 633 4247 688 distrio

2637 732 2783 776 ctum
2828 724 2998 792 patris
3046 723 3358 791 imperiunm,
3390 723 3484 776 sed
3534 730 3840 776 maternum
3883 723 4062 789 potius
4091 723 4251 777 enhi-

2636 812 3078 867 heretaffectum.
3112 814 3264 869 Unde
3289 829 3347 867 se
3372 811 3917 882 reprehendentibus,
3937 813 4246 882 hujusmodi

2636 903 2821 955 verbis
2851 902 3060 956 solebat
3080 901 3360 971 eleganter
3388 901 3632 955 alludere
3667 919 3678 953 :
3715 899 3944 954 Etiamsi
3982 906 4249 957 damnau-

2635 992 2735 1045 dns
2757 995 2877 1057 sim,
2913 993 3108 1061 inquit,
3142 993 3284 1045 malo
3331 1003 3508 1046 tamen
3534 992 3599 1043 de
3641 991 4030 1055 misericordia,
4083 1008 4245 1062 quam

2635 1098 2701 1135 ex
2728 1083 2930 1135 duritia
2955 1082 3030 1136 vel
3061 1082 3373 1136 crudelitate
3411 1083 3679 1134 damnari.
3721 1082 3868 1135 Inter
3892 1091 4120 1136 czelcros
4151 1099 4246 1137 an-

2638 1181 2746 1227 tem
2785 1183 3005 1227 sanctos
3055 1173 3202 1227 circa
3245 1173 3463 1226 beatam
3498 1173 3591 1225 Dei
3620 1171 3955 1226 Genitricem
3990 1180 4101 1225 tam
4153 1188 4242 1226 ar-

2636 1264 2954 1318 tlentissima
3007 1265 3296 1319 devotione
3352 1261 3642 1333 ﬂagrabat,
3691 1273 3750 1316 ut
3803 1267 4136 1319 constitutus
4191 1266 4243 1319 in

2636 1358 2804 1412 choro
2835 1358 3204 1426 psallentium,
3231 1373 3354 1426 cum
3380 1358 3446 1410 ad
3491 1356 3641 1409 illum
3684 1356 3897 1412 veniret
3931 1372 4000 1412 ex
4047 1357 4241 1412 modu-

2635 1442 2866 1502 lantinm
2906 1449 3266 1503 alternatione
3292 1449 3620 1504 versiculum
3655 1465 3669 1500 :

2758 1561 2833 1626 In
2859 1561 2917 1626 ad
2943 1562 3250 1626 liberandum
3274 1569 3598 1626 sttsceptnrus
3624 1562 3906 1626 hominem,

2763 1623 2870 1672 Non
2898 1625 3128 1673 borrulsti
3155 1624 3373 1683 Virginis
3395 1635 3615 1685 uterum,

2637 1727 2692 1782 in
2719 1735 2921 1782 terram
2953 1744 3011 1782 se
3035 1737 3437 1798 prosterneret;
3479 1730 3668 1798 sicque
3688 1744 3786 1799 per
3813 1744 4015 1798 corpus
4053 1739 4243 1786 osten-

939 1828 1050 1882 reis
1107 1835 1556 1894 quorumcnnque
1612 1828 1969 1888 proventum"
2023 1832 2128 1869 non
2187 1814 2537 1868 mediocriter
2570 1805 2612 1864 Β
2642 1819 2816 1880 deret,
2854 1817 3052 1886 quibus
3107 1818 3366 1873 desiderii
3417 1819 3656 1874 caleszis
3703 1819 3760 1874 in
3811 1801 3995 1874 metite
4035 1819 4248 1876 facibus

933 1917 1249 1989 profligatis,
1310 1931 1434 1968 ntox
1473 1914 1634 1968 etiam
1667 1911 1898 1981 plurima
1939 1907 2167 1962 sacrarii
2217 1921 2353 1986 .vasa
2405 1920 2532 1959 con~

937 1999 1118 2078 fregit,
1143 2006 1373 2075 insignia
1393 2003 1637 2058 ecclesne
1662 2007 1982 2055 ornamenta
2013 1997 2286 2058 distraxit,
2311 2007 2528 2050 coronae

935 2113 1173 2170 quoque,
1206 2113 1368 2166 quam
1406 2095 1506 2149 sibi
1542 2094 1840 2162 imperator
1868 2089 2018 2160 (127)
2045 2089 2312 2142 Henricus
2345 2085 2416 2139 ob
2447 2083 2533 2138 sui

936 2188 1258 2244 memoriam
1310 2185 1717 2246 destinaverat,
1777 2195 1883 2235 non
1933 2177 2196 2249 pepercit.
2248 2176 2319 2230 Ut
2368 2175 2534 2244 igitur

939 2290 1046 2332 tam
1072 2279 1282 2334 acerba:
1309 2275 1433 2330 fami
1461 2273 1634 2345 (ηε),
1663 2273 1715 2325 in
1745 2271 1943 2339 quibus
1980 2267 2167 2330 valuit,
2203 2271 2533 2335 temperaret

940 2370 1175 2438 inopiam
1207 2408 1222 2435 ,
1297 2365 1555 2440 quidquid
1616 2365 1741 2417 hinc
1817 2360 1940 2414 inde
2004 2358 2292 2412 corradere
2357 2354 2533 2426 potuit

937 2462 1276 2526 facultatum,
1309 2460 1362 2514 in
1393 2456 1813 2513 snstentationes
1841 2463 1896 2508 et
1920 2451 2175 2505 alimenta
2203 2447 2531 2503 eontradidit

933 2562 1248 2618 egenorum.

1005 2638 1248 2704 Quodam
1277 2651 1410 2692 sane
1433 2637 1540 2700 die,
1573 2636 1700 2690 dum
1729 2649 1825 2704 per
1851 2633 2126 2704 publicum
2166 2631 2290 2702 pius
2317 2629 2530 2698 equita-

934 2741 1020 2784 tor
1047 2730 1268 2794 incedit,
1297 2729 1431 2783 duos
1477 2729 1528 2781 in
1563 2727 1757 2781 itinere
1786 2740 1983 2795 pueros
2023 2722 2166 2777 fame
2215 2729 2530 2792 peremptos

933 2819 1159 2889 reperit.
1193 2817 1312 2871 Mox
1358 2834 1498 2886 equo
1526 2817 1803 2878 desiliens,
1863 2815 2093 2878 laneam,
2143 2828 2248 2880 qua
2305 2811 2529 2863 indutus

931 2919 1072 2975 erat,
1092 2911 1158 2964 ad
1174 2926 1390 2964 carnem
1415 2907 1666 2963 subduxit
1693 2909 1792 2961 sibi
1820 2907 2133 2969 interulam,
2170 2919 2344 2973 eaque
2367 2910 2528 2971 prout

935 2997 1212 3050 velaminis
1237 2997 1514 3064 quantitas
1556 2995 1929 3064 permittebat,
1960 3001 2251 3061 utrumque
2289 2991 2528 3044 cadaver

932 3088 1247 3150 obvolvens,
1307 3087 1527 3142 exhibet
1581 3087 1810 3139 mortuis
1873 3083 2229 3153 sepulturam.
2295 3081 2430 3134 Nam
2471 3088 2528 3135 et

2638 1917 2920 1961 aestuaret.

2709 1995 2808 2050 Vir
2844 1997 3011 2066 igitur
3031 2005 3254 2053 sanctus
3281 2013 3404 2052 eum
3437 1998 3489 2052 in
3514 1997 3673 2053 bonis
3709 1998 3950 2054 moribus
3978 2014 4077 2068 per
4113 2015 4248 2069 quo.

2640 2086 2843 2142 tidiana
2876 2091 2976 2156 pia:
3003 2088 3434 2142 conversationis
3467 2089 3804 2142 incrementa
3842 2099 4240 2154 succresceret,

2635 2193 2866 2247 seseque
2895 2180 3138 2248 quotidie
3169 2180 3361 2234 melior
3387 2183 3456 2235 ad
3501 2180 3856 2250 perfecﬁonis
3891 2182 4106 2238 culmen
4135 2183 4250 2238 fer-

2636 2267 2856 2322 ventius
2903 2267 3208 2334 anhelaret,
3243 2270 3409 2338 coepit
3439 2271 3713 2324 nonnullis
3743 2286 4038 2327 coruscare
4083 2273 4250 2327 mita-

2633 2355 2802 2418 culis;
2848 2356 3026 2425 utqui
3061 2355 3244 2411 clarus
3283 2367 3401 2411 erat
3452 2359 3503 2410 in
3550 2360 3821 2428 probitate
3851 2375 4085 2421 morum,
4131 2362 4245 2416 cla-

2633 2454 2875 2500 resceret
2906 2447 3073 2500 etiam
3125 2446 3180 2499 in
3235 2447 3556 2503 ostensione
3596 2449 3912 2518 signorum;
3954 2461 4008 2505 et
4052 2452 4144 2521 qui
4191 2452 4249 2505 in

2634 2538 3322 2607 obtutibusomnipotentis
3345 2539 3437 2594 Dei
3454 2549 3575 2594 erat
3601 2539 3824 2595 lucerna
3848 2544 4071 2608 ardens,
4089 2543 4245 2598 ﬁeret

2631 2629 2800 2682 etiam
2855 2644 3043 2683 coram
3102 2630 3416 2685 hominibus
3477 2631 3666 2686 lucens
3714 2631 3899 2702 (Joan.
3951 2634 4029 2704 v).
4097 2633 4249 2690 Unde

2631 2717 2816 2770 divino
2847 2719 3171 2788 disponente
3189 2717 3398 2786 judicio
3420 2719 3623 2774 factum
3650 2729 3755 2782 est.
3794 2730 3855 2774 ut
3880 2723 4005 2790 quia
4038 2722 4103 2776 de
4141 2724 4248 2779 illis

2635 2819 2779 2871 erat,
2805 2810 3004 2877 quibus
3026 2810 3230 2862 dictum
3254 2821 3368 2863 est:
3403 2807 3508 2864 Vos
3535 2811 3660 2863 estis
3687 2809 3779 2864 lux
3803 2813 3991 2865 mundi
4023 2812 4244 2883 (Matth.

2631 2899 2708 2968 v),
2737 2901 2973 2967 primum
3007 2899 3075 2954 de
3106 2899 3226 2953 luce
3249 2900 3571 2954 miraculum
3599 2900 3906 2956 exhiberet.
3937 2903 4245 2972 Aliquando

2631 2988 2902 3057 siquidem
2942 2988 3071 3041 dum
3099 2999 3246 3043 esset
3274 2990 3330 3042 in
3376 2991 3615 3060 quadam
3659 2991 3741 3045 sui
3775 2989 3918 3058 juris
3942 2993 4092 3057 villa,
4126 3007 4250 3062 quas

2632 3078 3018 3132 Bersoniacutn
3047 3079 3269 3145 dicitur,
3302 3080 3450 3134 videt
3480 3095 3732 3149 puerum,
3781 3092 4073 3136 venustum
4128 3085 4249 3152 qui-

933 3177 1258 3246 vespillones
1294 3177 1541 3232 mercede
1569 3174 1851 3238 conduxit,
1898 3181 1954 3228 et
1997 3172 2204 3226 funeris
2232 3184 2402 3240 usque
2450 3170 2518 3224 ad
2553 3160 2596 3221 C
2631 3171 2753 3226 dem
2787 3170 2981 3235 forma,
3010 3171 3106 3225 sed
3135 3187 3342 3226 caecum
3373 3188 3404 3226 a
3431 3171 3740 3226 nativitate.
3773 3172 3950 3243 Super
3977 3188 4087 3242 quo
4117 3190 4249 3228 con-

933 3267 1200 3320 tumulum
1248 3277 1565 3336 persecutus
1605 3264 1900 3334 exsequiis,
1948 3261 2217 3318 defunctis
2264 3261 2526 3316 fratribus

929 3360 1168 3413 debitum
1199 3361 1445 3413 humana:
1467 3360 1684 3428 pietatis
1708 3359 1963 3411 exsolvit.

997 3450 1058 3502 In
1088 3451 1275 3502 eadem
1306 3464 1520 3519 quoque
1546 3450 1822 3518 gestoru‘m
1852 3446 2522 3516 ejusreperiturhistoria,

928 3541 1060 3610 quia
1109 3556 1306 3610 corpus
1354 3557 1532 3604 suum,
1589 3555 1696 3593 non
1750 3539 1911 3592 modo
1953 3538 2107 3592 duris
2161 3545 2526 3592 consueverat

929 3641 1216 3684 attenuare
1255 3629 1496 3699 jejuniis,
1539 3629 1856 3697 asperrimis
1902 3629 2159 3682 edomare
2187 3629 2402 3689 ciliciis,
2433 3627 2528 3682 sed

925 3723 1256 3791 quibusdam
1289 3722 1481 3775 ferreis
1508 3722 1735 3775 nexibus
1766 3721 2099 3774 coarctabat.
2135 3720 2190 3772 In
2218 3719 2525 3788 percipien-

930 3815 1018 3866 dis
1040 3824 1216 3866 autent
1247 3812 1320 3866 ita
1369 3827 1427 3865 se
1475 3811 1855 3864 moderabatur
1902 3809 2116 3871 eduliis,
2171 3819 2230 3862 ut
2279 3810 2526 3877 appOsita

929 3917 1160 3971 qumque
1183 3903 1524 3972 contingens,
1554 3916 1614 3954 ac
1647 3899 1877 3954 naturali
1910 3901 2175 3952 duntaxat
2212 3900 2529 3954 necessitati

928 3996 1297 4062 dispensative
1321 3994 1687 4056 subserviens,
1715 4001 1770 4046 et
1798 3993 2090 4045 vanitatem
2125 3993 2529 4060 superstitionis

927 4083 1213 4156 effugeret,
1244 4096 1300 4141 et
1340 4086 1653 4141 sobrietatis
1696 4084 2032 4141 continentia
2090 4093 2417 4139 reservaret.
2471 4083 2529 4138 In

2632 3263 2842 3329 sulcus,
2879 3263 3069 3318 didicit
3111 3263 3237 3331 quia
3269 3261 3411 3316 filius
3440 3271 3589 3316 esset
3613 3261 3799 3326 villici,
3827 3273 3883 3316 et
3912 3264 4042 3338 quia
4069 3263 4248 3324 νὶειιπι

2633 3355 2854 3424 penitus
2903 3368 3179 3422 nunquam
3212 3351 3510 3404 habuisset.
3561 3350 3659 3403 Cui
3707 3369 3832 3410 mox
3877 3359 3963 3426 pia
4000 3358 4248 3425 benigni.

2634 3455 2746 3499 tate
2778 3446 3137 3513 compatiens,
3182 3453 3237 3496 et
3267 3444 3410 3510 apud
3454 3456 3514 3495 se
3554 3446 3736 3500 tacitis
3769 3449 4022 3516 precibus
4073 3449 4248 3502 laten-

2634 3547 2716 3591 ter
2756 3538 3039 3600 insistens,
3089 3545 3149 3589 ut
3192 3544 3320 3606 puta
3349 3535 3477 3606 quia
3509 3538 3635 3591 talia
3686 3541 3926 3593 nonduin
3965 3551 4246 3609 expertus,

2637 3631 2870 3684 advocat
2923 3629 3140 3683 tandem
3201 3629 3514 3698 parvulum,
3571 3631 3786 3697 signum
3834 3630 3908 3683 illi
3955 3630 4254 3686 sztlutifertn

2639 3721 2824 3775 crucis
2851 3720 2904 3773 in
2938 3720 3120 3772 fronte
3147 3719 3410 3788 depingit,
3451 3728 3505 3774 et
3538 3719 3828 3775 confestim
3860 3721 4060 3785 visum,
4089 3736 4254 3791 quem

2641 3819 2836 3863 natura
2861 3818 3173 3878 negaverat,
3205 3823 3339 3877 puer
3365 3811 3598 3877 accepit.

2711 3901 2834 3954 Alio
2861 3916 3080 3970 quoque
3110 3909 3354 3969 tempore
3379 3902 3507 3955 dum
3531 3911 3676 3957 esset
3696 3902 3780 3955 vir
3806 3902 3900 3956 Dei
3926 3902 4068 3971 apud
4090 3917 4250 3957 suum

2639 3991 2912 4060 quoddam
2962 3992 3356 4045 monasterium
3412 3991 3595 4062 (ηρ),
3651 3991 3794 4062 qttod
3861 3989 4025 4044 Vallis
4072 3989 4253 4044 Aurea

2639 4092 2890 4150 vocatur,
2927 4091 3127 4152 quarta
3169 4083 3424 4138 videlicet
3464 4083 3600 4138 feria
3650 4083 3844 4154 prima:
3889 4083 4250 4154 quadragesi-

1887 4217 2196 4273 ΑΜ)ῐίεῶ
2235 4217 2506 4274 CllESle
2546 4216 2636 4273 ET
2675 4216 2993 4274 ANONYMI
3025 4217 3259 4275 ΝΟΤᾹΞ.

1007 4334 1157 4406 (127)
1181 4334 1351 4403 Hujus
1375 4333 1590 4390 llenrici
1622 4332 2005 4388 liberalitatem
2038 4334 2088 4385 in
2122 4331 2532 4406 Cluniacenscs,

928 4405 1034 4462 etsi
1066 4405 1171 4498 n'on
1196 4414 1696 4488 expressdcorona:
1727 4405 2358 4498 tinnitum.DOIItIlIClldttl.
2393 4421 2528 4472 qno-
2560 4440 2607 4498 D

929 4494 1042 4548 que
1094 4475 1913 4548 Letnovicensis_monachus_in
1966 4475 2188 4527 historia
2221 4475 2525 4548 Aquitano-

929 4544 1054 4602 runt
1106 4547 1188 4600 his
1217 4547 1397 4600 verbis
1442 4565 1453 4598 :
1509 4544 1770 4596 Henricus
1830 4544 2118 4611 inperator
2170 4547 2338 4596 multa
2387 4546 2528 4598 dona

929 4618 1152 4670 contulit
1175 4617 1404 4671 canobio
1426 4614 1778 4669 Cluniacensi.
1816 4613 1935 4668 Fuit
1961 4625 2142 4668 autem
2185 4615 2230 4667 is
2268 4617 2531 4670 llenrieus

931 4689 972 4740 ll
1009 4685 1407 4749 mmtine,lllins
1438 4685 1694 4747 Conradi,
1718 4685 1798 4738 vel
1823 4686 2120 4739 secundum
2154 4683 2288 4738 alios
2319 4701 2484 4754 gener
2513 4703 2526 4739 :

929 4758 1026 4826 qui
1077 4767 1129 4812 et
1169 4756 1396 4811 Odtlone
1439 4755 1910 4826 defunctotsieut
1967 4756 2135 4826 refert
2188 4755 2531 4809 llildebertns

931 4824 1222 4896 episcopus
1249 4824 1694 4886 Cenomanensis,
1722 4824 1778 4896 S.
1813 4825 2052 4894 llugonis
2074 4825 2191 4895 ejus
2225 4827 2276 4877 itt
2310 4826 2530 4896 ahhatia

935 4895 1314 4950 lilnniacensis
1344 4896 1681 4949 successoris
1717 4895 1904 4962 [aciem
1932 4897 2123 4957 ridere,
2163 4905 2210 4947 et
2246 4895 2532 4962 familiari-

933 4978 1097 5020 tatem
1122 4969 1342 5034 adipisci
1379 4967 1708 5034 desiderans,
1734 4976 1790 5016 nt
1820 4968 1992 5018 uenire
2019 4966 2325 5034 dignaretur
2351 4966 2420 5018 ad
2454 4983 2527 5028 se,

929 5036 1157 5106 supplici
1179 5033 1294 5089 voce
1309 5037 1612 5106 postulavit.
1647 5033 2010 5088 l’ostuluntem
2037 5033 2157 5104 pius
2185 5034 2349 5089 Pater
2368 5053 2532 5088 exnuo

930 5108 1066 5169 diit;
1113 5108 1324 5159 intravit
1383 5105 1696 5173 Saxoniam,
1747 5121 1950 5157 summa
1997 5106 2196 5173 pariter
2230 5115 2278 5158 et
2335 5107 2532 5158 honore

931 5185 1208 5245 susceptus
1237 5187 1310 5228 est
1343 5185 1390 5228 et
1421 5174 1637 5245 gaudio.
1674 5172 1872 5245 Paucis
1921 5172 2005 5227 ibi
2043 5175 2225 5228 diebus
2280 5177 2530 5241 peractis,

932 5261 1002 5299 ea:
1041 5242 1292 5313 petitione
1321 5242 1454 5314 regis
1482 5242 1652 5310 ﬁlium
1697 5243 1812 5312 ejus
1850 5261 2002 5297 sacro
2048 5245 2112 5297 de
2143 5248 2286 5312 [ante
2321 5246 2530 5310 levavit,

933 5331 1102 5384 puero
1131 5329 1315 5367 nomen
1340 5316 1505 5382 patris
1537 5314 1826 5384 imponens.
1860 5314 2150 5384 Celebravit
2199 5325 2374 5384 autem
2425 5314 2532 5367 Pa-

932 5381 1060 5436 scha
1089 5399 1206 5435 cum
1231 5385 1540 5451 imperatore
1587 5382 1640 5434 in
1670 5384 1956 5452 Agrippina
1984 5381 2217 5436 Colonia:
2235 5401 2253 5449 ;
2305 5383 2531 5436 Teutho—

933 5454 1071 5505 uicis
1120 5453 1433 5505 mirantibus
1482 5453 1536 5504 in
1579 5453 1800 5519 juvenili
1862 5455 2035 5506 adhuc
2085 5465 2240 5506 relate
2285 5456 2532 5506 canitiem

932 5539 1164 5585 morum,
1216 5523 1623 5592 conversationis
1670 5525 2141 5585 mansuetudinem,
2191 5525 2362 5576 vultus
2411 5541 2533 5592 gra-

930 5595 1085 5649 tiam,
1116 5591 1388 5643 uerborum
1432 5590 1718 5643 lenitatem.
1764 5593 1966 5656 Quibus
2013 5599 2245 5660 pro/ceto
2278 5590 2531 5646 virtutum

928 5659 1168 5722 indiciis,
1217 5660 1290 5710 ita
1321 5676 1435 5712 cum
1476 5676 1560 5722 eo,
1604 5671 1652 5712 et
1688 5678 1805 5714 cum
1831 5661 2168 5715 Cluniacensi
2213 5665 2531 5715 monasterio

930 5744 1070 5797 regis
1098 5739 1175 5781 est
1202 5730 1378 5780 anima
1418 5732 1688 5799 colligata,
1721 5749 1781 5783 ac
1827 5734 1871 5784 si
1925 5748 2014 5784 rc:
2068 5733 2174 5799 ipse
2227 5743 2528 5800 perpetuam

2634 4351 2754 4387 cum
2783 4335 2857 4387 eis
2883 4334 3174 4388 amicitiam
3203 4333 3500 4403 pepigisset.
3540 4332 3760 4389 llenrici
3796 4331 3957 4396 filius,
3985 4331 4252 4391 Henricus

2638 4407 2832 4458 tettius
2860 4406 3058 4467 dictus,
3096 4403 3386 4475 llenricntn
3411 4414 3673 4471 quartum
3697 4405 3908 4475 genuit,
3941 4405 4034 4472 qui
4057 4414 4113 4458 et
4139 4407 4253 4474 ipse

2638 4477 2879 4536 tandem,
2921 4474 3353 4544 veluti_qnidant
3385 4476 3574 4529 dicunt
3611 4473 3753 4544 apud
3802 4473 4095 4527 Martinam
4147 4473 4254 4531 Po-

2635 4544 2819 4596 lonnnt
2859 4546 2954 4598 lib.
3003 4561 3054 4599 tv
3084 4542 3368 4608 Chronici,
3421 4542 3662 4612 imperia
3688 4545 3907 4597 dimisso
3959 4547 4250 4600 monac/tus

2634 4614 2999 4669 Cluniacensis
3029 4626 3103 4668 est
3126 4615 3364 4682 effertus.
3393 4614 3622 4669 Coronae
3667 4631 3833 4683 porro
3883 4629 4046 4682 quant
4086 4630 4247 4670 avum

2634 4686 2752 4752 ejus
2797 4686 3010 4739 Udiloni
3045 4690 3351 4740 destinasse
3397 4687 3590 4738 scribit
3624 4685 3940 4747 Damianus,
3991 4687 4244 4740 meminit

2636 4756 2764 4826 item
2796 4772 3100 4826 anonytnus
3132 4755 3411 4808 Silviniaci
3445 4757 3746 4809 monachus
3773 4758 3823 4808 in
3852 4753 3971 4807 Vita
3995 4753 4238 4826 ejusdem

2635 4825 2901 4890 0dilonis,
2931 4824 3020 4879 ulti
3061 4827 3159 4889 ait,
3195 4828 3336 4895 quod
3368 4826 3422 4878 in
3477 4843 3603 4878 usus
3632 4841 3924 4894 pauperum
3989 4824 4248 4895 confregit

2633 4897 2864 4965 plurima
2892 4913 3014 4950 vasa
3060 4893 3314 4958 ecclesia’,
3347 4905 3394 4948 et
3427 4893 3757 4965 ornamenta
3802 4894 4058 4961 insignia,
4110 4893 4249 4948 inter

2634 4964 2752 5035 qua:
2809 4967 2968 5018 etiam
3025 4965 3350 5035 imperialem
3389 4964 3631 5018 llenrici
3692 4965 4026 5034 imperatoris
4094 4982 4250 5018 coro-

2636 5053 2780 5088 nant.
2820 5037 3087 5092 Ducuesx.

2707 5123 2857 5208 ί
2894 5125 3166 5208 Exstat-in
3211 5135 3358 5208 torno
3386 5125 3429 5208 ll
3457 5123 3735 5195 Spicilegii
3790 5123 4043 5208 D‘at-herii
4102 5123 4247 5179 beati

2635 5193 2882 5250 0dilonis
2914 5197 3142 5265 epistola
3174 5197 3241 5250 ad
3273 5193 3524 5250 Garsiam
3573 5193 3754 5263 regem
3799 5193 4092 5266 Navarrae,
4137 5211 4243 5266 qua

2634 5266 2880 5336 ejusdem
2940 5264 3100 5336 opem
3171 5267 3426 5335 implorat
3493 5276 3738 5334 tempore
3812 5264 3994 5318 famis.
4063 5264 4246 5331 Quare

2635 5335 2990 5392 Mabillonius
3040 5353 3105 5392 ea
3160 5340 3449 5391 occasione
3499 5337 3674 5404 ipsam
3734 5336 4000 5405 scriptam
4049 5336 4242 5390 credit.

2635 5407 2886 5460 Anon“.

2708 5497 2858 5568 (HQ)
2902 5497 2976 5551 De
2998 5513 3105 5565 quo
3137 5506 3191 5550 et
3221 5497 3334 5565 ipse
3359 5495 3654 5550 Damianus
3689 5503 3874 5563 postea
3907 5514 3918 5547 :
3957 5494 4241 5568 Prteterea,

2636 5566 2980 5636 inquit,cum
3016 5571 3093 5619 vir
3124 5569 3430 5636 venerabilis
3474 5569 3614 5631 apud
3641 5568 3925 5636 quamdam
3966 5566 4236 5617 ecclesiam

2635 5634 2965 5760 rgoitrtsterii,
2999 5638 3140 5692 quod
3169 5637 3368 5690 dicitur
3398 5634 3561 5689 Vultis
3594 5637 3791 5698 Aurea,
3815 5635 3986 5686 cibum
4015 5647 4234 5702 careret.

2685 5722 2904 5760 C(lBEsN.

2685 5722 2904 5761 CCIIESN.
