5652 6420
2233 431 2327 486 931
2688 429 2742 484 3.
2784 429 2982 485 PETRI
3026 426 3308 482 D.\.\fl.-\Nl
3350 425 3496 480 OPP.
3551 422 3729 478 PARS
3767 421 3896 478 εει]
3942 420 4180 476 ’1⁸0Μῦ8
4222 421 4279 475 Π.
4323 452 4387 460 —
4425 420 4461 473 S

3266 427 3308 478 ιι
3350 425 3496 480 OPl‘.
3551 422 3729 478 PARS
3767 421 3896 478 εει]
3942 420 4180 476 TOMUS
4222 421 4279 475 ll.
4323 452 4387 460 —
4425 415 4851 475 SANCTORUH
4894 413 5097 472 ητις.
5407 409 5498 468 Β]

2231 543 2390 598 malis
2417 541 2787 603 hebdomade,
2841 556 2960 610 qua
2992 549 3155 608 caput
3197 538 3384 605 jejunii
3433 537 3651 602 dicitur,
3694 553 3816 592 κυτ-
3845 545 3892 599 Α
3924 553 4122 606 equum
4177 538 4265 591 cui
4319 535 4630 603 specialiter
4676 534 4789 604 ipse
4855 531 5092 586 insidere
5155 537 5497 583 consueverat

2227 632 2478 706 gentibus
2521 647 2550 684 a
2599 645 2781 684 mensa
2830 630 3109 692 fratribus,
3171 630 3258 682 ille
3310 629 3567 698 pugillum
3613 629 3814 683 cineris

2229 723 2458 779 latenter
2487 722 2749 792 implevit,
2781 731 2836 775 et
2865 723 3111 791 apposito
3142 737 3278 790 pane
3309 722 3600 775 discubuit.
3654 720 3817 775 Cum-

2225 829 2329 885 que
2355 814 2592 868 cinerem
2619 823 2877 881 tanquam
2913 828 3102 881 panem
3138 814 3512 873 manducaret,
3549 822 3604 863 ut
3631 822 3813 880 potum

2223 917 2455 974 quoque,
2507 902 2658 969 juxta
2713 902 3075 971 Prophetain,
3131 918 3254 954 cum
3311 902 3435 954 fletu
3491 908 3815 969 temperaret

2223 992 2516 1066 (ἰδίωμα),
2544 994 2718 1047 innuit
2745 994 2897 1046 fratri
2927 1004 2979 1046 ut
3000 995 3136 1045 clam
3163 994 3263 1045 sibi
3294 1010 3490 1057 aquam
3518 994 3814 1045 nulloteste

2222 1083 2478 1140 deferret.
2530 1085 2661 1148 llle,
2711 1085 2852 1154 quod
2902 1095 3020 1136 erat
3052 1084 3254 1151 jussus.
3296 1085 3577 1152 implevit;
3616 1100 3811 1151 aquam

2222 1173 2384 1249 ωδ
2424 1176 2624 1238 attulit,
2657 1192 2794 1245 quin,
2835 1176 2960 1227 dum
2986 1175 3143 1227 labiis
3174 1176 3481 1236 alhibetur,
3526 1178 3813 1228 ansteri:a-

2223 1270 2463 1326 Mttivini
2504 1270 2741 1323 redolere
2781 1269 3030 1322 sentitur.
3078 1268 3341 1336 Reprituit
3381 1286 3510 1333 ergo
3569 1285 3808 1330 mamnn,

2222 1364 2389 1434 abigit
2411 1363 2683 1432 poculum,
2707 1373 2869 1429 atque
2901 1371 2956 1413 ut
2981 1361 3081 1413 sibi
3117 1377 3312 1428 aquam
3346 1362 3595 1412 minister
3618 1360 3809 1412 alTerat

2221 1455 2390 1524 signis
2413 1455 2750 1509 evidentibus
2779 1456 3027 1522 imperat.
3057 1455 3134 1505 Ad
3166 1455 3306 1519 quod
3342 1454 3589 1505 minister
3621 1455 3806 1506 obstu-

2219 1546 2366 1614 puit;
2397 1554 2453 1598 et
2484 1545 2669 1598 vinum
2701 1559 2760 1597 se
2804 1560 2831 1596 a
2865 1560 3048 1597 mensa
3082 1543 3286 1596 referre
3317 1545 3406 1611 qui
3450 1545 3642 1609 aquain
3686 1559 3808 1610 pro-

2217 1635 2501 1705 pinaverat
2541 1637 2842 1689 admiratus
2880 1638 3116 1703 expavit.
3157 1637 3413 1689 Gemiuat
3463 1647 3639 1687 tamen
3694 1635 3806 1687 olli-

2217 1726 2386 1790 cium,
2419 1727 2604 1779 viuum
2638 1727 2874 1794 projicit,
2902 1733 3157 1778 convasat
3190 1741 3406 1793 aquam,
3452 1729 3627 1776 denuo
3677 1741 3804 1791 por-

2217 1816 2344 1885 rigit
2380 1817 2762 1870 discumbenti.
2802 1816 2905 1868 Sed
2935 1832 3083 1877 ecce,
3111 1816 3238 1866 dum
3272 1832 3407 1884 aqua
3443 1819 3674 1884 potanda
3724 1831 3805 1866 rc-

2214 1908 2434 1976 pctitur,
2465 1908 2648 1959 vinum
2683 1922 2866 1960 rursus
2896 1908 2946 1959 in
2979 1906 3170 1975 poculo
3204 1911 3490 1974 reperitur.
3538 1906 3654 1959 Jattt
3703 1907 3802 1957 ita-
3834 1893 3880 1952 Β

2214 2012 2319 2067 que
2355 1999 2438 2050 vir
2473 2008 2718 2061 sanctus,
2748 2000 2945 2052 divinae
2974 2013 3103 2068 erga
3134 2014 3190 2051 se
3221 2000 3439 2066 pietatis
3483 2001 3804 2051 benehcium

2213 2103 2631 2160 recognoscens,
2657 2092 2800 2159 quod
2835 2091 2998 2143 Deum
3037 2092 3138 2144 sibi
3176 2093 3603 2143 misericorditer
3635 2092 3806 2144 indul-

2213 2196 2339 2253 gere
2365 2183 2674 2237 considerat
2694 2199 2814 2236 cum
2838 2183 3136 2252 gratiarum
3165 2185 3378 2236 actione
3401 2185 3682 2252 percipere
3699 2197 3804 2235 non

2215 2282 2448 2326 τοοιιεςιῑ.

2282 2359 2572 2425 Praeterea,
2601 2377 2722 2416 cum
2771 2364 2852 2415 vir
2901 2361 2995 2417 Dei
3051 2379 3172 2416 cum
3226 2364 3461 2417 Henrico
3491 2380 3614 2433 rege
3645 2408 3657 2430 ,
3711 2366 3801 2435 qui

2211 2453 2551 2523 postmodum
2582 2452 2755 2507 factus
2787 2465 2871 2508 est
2902 2455 3213 2523 imperator,
3258 2456 3310 2506 in
3339 2454 3612 2507 Ticincnsi
3647 2457 3802 2509 simul

2212 2543 2347 2598 urbe
2373 2545 2719 2606 consisteret,
2771 2555 2826 2598 et
2878 2545 3171 2598 Dominica:
3215 2548 3517 2599 nativitatis
3573 2548 3801 2616 gloriam

2209 2634 2504 2692 celebraret
2535 2677 2548 2698 ,
2587 2638 2811 2706 contigit
2843 2646 2902 2689 ut
2941 2638 3185 2691 velamen
3218 2655 3416 2690 mense
3444 2638 3559 2704 ejus
3585 2681 3597 2702 ,
3631 2641 3804 2691 artifi-

2209 2725 2356 2778 ciosa
2394 2727 2612 2778 textrini
2644 2727 2842 2780 laboris
2873 2728 3188 2795 operatione
3217 2732 3588 2796 conspicuum,
3631 2734 3803 2784 sacri-

2207 2811 2325 2882 lega
2359 2811 2547 2867 fuisset
2587 2814 2776 2868 fraude
2813 2817 3108 2869 sublatum.
3143 2816 3436 2885 Postquam
3487 2831 3666 2870 autem
3723 2822 3802 2871 vir

2205 2901 2300 2958 Dei
2325 2919 2448 2959 cum
2479 2921 2602 2974 rege
2626 2908 2892 2970 discessit,
2922 2910 3005 2961 fur
3030 2910 3120 2977 qui
3152 2921 3405 2977 rapuerat
3435 2910 3545 2976 jam
3577 2928 3801 2964 securus

2205 2999 2483 3068 preposuit
2515 2999 2755 3053 velamen
2800 3002 2851 3053 in
2898 2999 3015 3053 foro
3044 3001 3247 3052 venale.
3280 3000 3384 3052 Sed
3423 3002 3547 3053 dum
3585 3003 3655 3052 illi
3691 3004 3801 3054 dis-

2203 3091 2403 3161 positio
2434 3091 2674 3144 cazlestis
2720 3091 2956 3154 obsistit,
2990 3103 3177 3145 saneta
3211 3094 3442 3145 distrahi
3473 3096 3650 3162 pra-da
3691 3111 3796 3147 non

2204 3186 2397 3254 potuit.
2429 3185 2536 3239 Ter
2567 3187 2731 3254 igitur
2774 3187 2915 3254 quod
2962 3188 3293 3240 subduxerat
3342 3188 3483 3240 inter
3531 3190 3798 3240 nundina-

3922 638 4082 682 cante
4109 629 4383 681 subduxit.
4402 625 4507 680 Sed
4537 626 4662 695 quia
4695 624 4798 678 illis
4823 623 4876 677 in
4909 622 5155 691 partibus
5180 617 5496 689 deprehendi

3922 723 4009 776 fur
4037 723 4331 788 sacrilegus
4356 721 4552 784 timuit,
4578 719 4823 773 concitus
4847 717 4913 770 ad
4939 714 5196 784 oppidum
5227 710 5499 765 Laudense

3920 815 4176 884 profugit.
4212 817 4448 868 Securus
4476 814 4658 883 itaque
4689 809 5187 877 recognoscentium
5209 850 5222 870 ,
5256 807 5500 874 proponit

3919 925 4146 976 equum,
4199 918 4472 974 emptores
4528 906 4754 970 imitat,
4784 903 5087 957 vehiculum
5121 901 5330 962 laudat,
5360 915 5500 953 coin-

3920 1004 4180 1054 merrium
4216 1001 4438 1070 flagitat.
4473 998 4578 1053 Sed
4610 999 4688 1052 sic
4716 997 4984 1050 hominem
5013 996 5191 1048 divina
5219 992 5499 1061 dispositio

3918 1094 4324 1161 pra~pedivit.ut
4354 1107 4450 1144 nec
4479 1106 4600 1144 cum
4624 1088 4863 1158 quolibet
4891 1096 5131 1156 emptore
5159 1099 5497 1152 componere,

3919 1201 4018 1236 nec
4053 1183 4249 1236 animal
4284 1184 4548 1249 potuisset
4595 1180 4820 1250 pecunia
4863 1188 5190 1249 permutare.
5223 1176 5501 1230 Postremo

3917 1284 4096 1325 autem
4152 1288 4400 1325 reversus
4453 1273 4518 1325 ad
4550 1287 4607 1324 se
4661 1280 4716 1325 et
4761 1269 5075 1340 penitentia
5109 1266 5276 1339 ιω
5314 1267 5500 1320 duczus

3917 1365 4143 1417 bestiam
4177 1368 4240 1415 ad
4277 1367 4453 1417 locum
4482 1365 4562 1417 sui
4597 1364 4845 1418 criminis
4871 1361 5150 1417 conscium
5181 1370 5423 1418 revocat,
5452 1367 5499 1410 et

3915 1456 4040 1523 quil
4074 1455 4175 1506 sihi
4225 1454 4511 1523 Contigerit
4535 1454 4601 1506 ad
4643 1453 4725 1508 sui
4757 1452 5129 1506 confusionem
5158 1459 5215 1503 et
5260 1449 5499 1520 omnipo-

3915 1545 4077 1595 tentis
4110 1546 4199 1597 Dei
4244 1543 4468 1613 gloriam
4503 1560 4608 1596 non
4641 1544 4896 1597 occultat.

3987 1635 4078 1687 Vir
4126 1635 4264 1687 idem
4299 1635 4622 1689 venerabilis
4651 1634 4776 1686 dum
4806 1641 4951 1686 esset
4981 1631 5033 1685 in
5075 1631 5276 1685 Itinere
5304 1631 5500 1684 consti-

3915 1737 4060 1778 tutus
4085 1767 4097 1786 ,
4130 1727 4255 1794 quia
4295 1742 4457 1778 causa
4491 1726 4768 1788 dictabat,
4805 1722 5051 1776 Ticinum
5083 1720 5416 1776 festinanter
5444 1737 5500 1775 ac

3913 1820 4028 1870 sine
4082 1833 4229 1870 mora
4284 1818 4516 1870 transire
4566 1814 4962 1886 cupiebat,sed
5014 1815 5502 1868 intumescentibus

3909 1910 4062 1977 aquis
4091 1949 4102 1968 ,
4131 1908 4293 1959 etiam
4327 1909 4600 1977 navigium
4650 1908 4856 1962 deerat.
4889 1905 5143 1960 Protinus
5171 1919 5308 1975 ergo
5344 1905 5503 1959 conli-

3912 2015 4002 2051 Sus
4041 2000 4090 2050 in
4130 1999 4294 2051 Deam
4324 2038 4338 2062 ,
4371 2014 4535 2050 unum
4583 2012 4613 2049 e
4654 1997 4870 2052 famulis
4899 2006 5075 2055 vocat.
5111 2010 5286 2065 seque
5316 1998 5373 2050 in
5411 2013 5501 2050 uo-

3912 2091 4053 2142 mine
4077 2090 4273 2142 Christi
4307 2093 4611 2158 przrcedere
4639 2105 4736 2159 per
4758 2088 4964 2143 alveum
4987 2088 5226 2141 fluminis
5255 2089 5499 2158 imperat.

3910 2182 4102 2235 Ohetlit
4151 2182 4291 2234 illico
4324 2181 4554 2234 famulus
4581 2221 4595 2242 ,
4631 2189 4945 2249 spumantes
4974 2179 5366 2249 prolluentium
5413 2196 5503 2233 un-

3909 2275 4098 2326 (larum
4148 2272 4393 2326 cmnulos
4427 2273 4633 2341 ingredi
4690 2287 4795 2324 non
4830 2282 5112 2332 moratur,
5169 2270 5379 2326 deinde
5427 2271 5504 2322 vir

3908 2377 4127 2418 sanctus
4159 2381 4279 2417 eum
4311 2371 4457 2416 onmi
4487 2363 4908 2416 commeantium
4936 2363 5088 2414 turba
5124 2361 5500 2429 subsequitur,

3908 2467 3961 2509 ct
3991 2459 4067 2508 sic
4101 2472 4290 2509 omnes
4325 2457 4375 2508 in
4417 2455 4730 2508 ulteriorem
4761 2454 4897 2506 alvei
4926 2452 5266 2521 crepidinem
5303 2454 5502 2521 absque

3909 2549 4016 2599 nllo
4073 2563 4295 2615 prorsus
4355 2545 4816 2598 incommoditatis
4871 2542 5196 2598 oﬂ'endiculo
5255 2554 5503 2613 transpo-

3907 2649 4124 2691 nuntnr.
4161 2636 4313 2702 Quod
4345 2636 4470 2689 dum
4519 2635 4758 2688 nonnulli
4792 2635 4884 2705 qui
4944 2634 5171 2687 aderant
5234 2635 5498 2688 miraren-

3908 2739 4015 2788 tur,
4051 2728 4193 2779 velut
4229 2727 4405 2778 :emuli
4437 2725 4879 2793 prtecedcntium,
4911 2733 5195 2791 cmperunt
5227 2733 5500 2777 attentare

3908 2829 4141 2870 meatum
4164 2859 4176 2881 ,
4202 2819 4294 2870 sed
4328 2833 4450 2870 mox
4479 2828 4537 2870 ut
4564 2815 4738 2870 adorti
4773 2825 4899 2870 sunt
4925 2825 5200 2870 extremos
5227 2815 5499 2869 citerioris

3908 2911 4035 2977 iipce
4067 2910 4259 2962 fluctus
4290 2911 4557 2978 attingere
4580 2951 4594 2973 ,
4624 2910 4726 2962 nisi
4775 2923 4948 2978 equos
4980 2908 5079 2962 sub
5106 2906 5398 2961 celeritate
5422 2922 5499 2961 re-

3905 3003 4272 3067 pressissent,
4326 2999 4645 3068 profluentis
4704 3014 4857 3068 aqua:
4909 2997 5172 3050 submersi
5236 2999 5499 3067 voragine

3905 3089 4092 3157 ptocul
4143 3089 4308 3141 dubio
4344 3088 4683 3154 naufragium
4731 3087 5100 3155 pertulissent.
5133 3082 5290 3139 Unus
5318 3096 5497 3139 autem

3901 3196 3966 3233 ev
4006 3182 4087 3233 his
4113 3181 4201 3248 qui
4236 3191 4362 3233 tunc
4394 3181 4638 3238 aderant,
4672 3185 4728 3229 ut
4768 3187 4874 3229 tam
4914 3177 5122 3246 insigne
5167 3176 5496 3230 miraculum

2204 3291 2324 3330 rum
2351 3290 2561 3330 merces
2584 3278 2851 3342 exposuit,
2881 3278 3041 3330 tertio
3065 3279 3337 3330 subtiliter
3365 3281 3671 3341 attentavit,
3703 3280 3794 3332 sed
3827 3269 3869 3327 C
3903 3273 4051 3330 \‘iilil.
4082 3269 4360 3338 obstupuit
4387 3269 4772 3337 hominemque
4805 3266 4896 3321 Dei
4926 3277 4982 3321 υι
5010 3281 5120 3321 sum
5150 3267 5350 3320 domus
5375 3267 5497 3321 sub-

2203 3381 2327 3420 cum
2379 3368 2716 3435 emptoribus
2765 3367 2832 3419 de
2879 3368 3053 3436 pretio
3098 3370 3311 3437 penitus
3356 3371 3646 3423 convenire
3691 3386 3797 3423 non

2201 3457 2400 3527 potuit,
2452 3471 2550 3511 nec
2601 3458 2745 3510 inter
2793 3457 3188 3512 distrahentem
3239 3470 3293 3512 et
3324 3472 3662 3514 coementcm
3705 3477 3800 3530 pa-

2201 3546 2333 3602 cisci
2381 3547 2553 3600 valuit
2581 3546 2770 3602 venale
2793 3550 3204 3612 commercium,
3236 3553 3362 3618 quia
3394 3552 3575 3606 divina
3608 3555 3798 3621 dispo-

2201 3637 2328 3692 sitio
2373 3637 2657 3692 conatibus
2705 3639 2982 3692 hominum
3020 3642 3236 3711 negavit
3267 3639 3538 3697 effectum.
3587 3643 3796 3697 Interea

2205 3726 2434 3783 sceleris
2466 3728 2623 3796 hujus
2652 3736 2933 3783 auctorem
2987 3728 3120 3782 ultio
3171 3731 3352 3784 divina
3403 3733 3708 3802 corripuit,
3743 3741 3798 3786 et

2199 3831 2392 3872 manus
2413 3859 2428 3882 ,
2454 3833 2573 3886 qua:
2601 3818 2942 3882 sacrilegium
2976 3831 3424 3888 perpetraverant
3449 3865 3464 3886 ,
3494 3839 3559 3877 ac
3591 3827 3753 3891 pedes
3782 3866 3795 3885 .

2199 3906 2398 3975 quibus
2450 3917 2634 3976 raptor
2681 3906 3009 3976 aufugerat,
3061 3910 3406 3973 arefaciens,
3465 3913 3793 3968 intolerabili

2198 3994 2383 4051 dolore
2412 3998 2756 4052 constrinxit.
2795 3997 2915 4052 Mox
2954 3999 3139 4068 itaque
3165 4001 3480 4070 compulsus
3534 4001 3794 4070 languore

2198 4085 2265 4140 ad
2288 4087 2586 4141 ecclesiam‘
2603 4089 2743 4142 beati
2777 4087 2952 4143 Maioli
2987 4092 3239 4145 manibus
3265 4091 3456 4145 alienis
3483 4095 3792 4158 advehitur,

2198 4175 2421 4228 mantile
2459 4175 2730 4229 sublatum
2762 4180 2827 4230 ad
2862 4187 3045 4232 reatus
3077 4179 3336 4232 indicium
3369 4197 3555 4235 coram
3582 4187 3796 4237 cunctis

2200 4265 2546 4335 appenditur,
2571 4275 2626 4318 et
2656 4267 2834 4319 divina
2867 4267 3155 4322 clementia
3182 4269 3251 4322 ab
3278 4274 3422 4323 omni
3452 4274 3669 4340 populo,
3701 4274 3792 4343 qui

2196 4355 2431 4425 percitus
2470 4355 2628 4422 hujus
2671 4355 2828 4409 fama:
2875 4372 3092 4411 rumore
3123 4358 3493 4424 confluxerat,
3537 4363 3793 4432 implora-

2197 4453 2305 4501 tur.
2341 4448 2435 4503 Sic
2467 4447 2648 4516 itaque
2679 4449 2824 4502 beati
2859 4448 3034 4503 Maioli
3075 4452 3285 4506 meritis
3312 4468 3376 4506 ac
3406 4454 3655 4520 precibus
3683 4455 3790 4509 fra-

2196 4543 2339 4591 trum
2395 4536 2499 4590 sibi
2551 4539 2899 4591 servientium
2959 4556 3123 4594 sanus
3171 4552 3225 4595 et
3279 4543 3566 4599 incolumis
3611 4545 3787 4601 factus

3905 3363 3981 3413 ire
4017 3363 4332 3427 dignaretur
4379 3359 4674 3429 hospitium
4732 3357 4865 3411 fusis
4915 3357 5194 3410 humiliter
5242 3357 5498 3426 precibus

3905 3451 4235 3518 impetravit.

3975 3539 4314 3608 Intempesta:
4359 3539 4495 3593 alias
4532 3539 4706 3593 noctis
4756 3538 4972 3594 silentio
5008 3539 5088 3593 vis
5131 3537 5281 3592 venti
5335 3538 5498 3591 τοδε

3904 3632 4140 3683 mentior
4178 3630 4338 3682 irruit
4377 3639 4434 3682 et
4490 3630 4788 3690 lucernam,
4840 3644 4960 3697 qua:
5007 3629 5059 3682 in
5106 3626 5496 3680 dormientium

3903 3720 4153 3775 cubiculo
4176 3720 4533 3788 dependebat,
4558 3721 4835 3774 exstinxit.
4869 3717 5294 3789 Expergefactus
5314 3731 5494 3772 autem

3901 3813 4288 3875 cubicularius,
4318 3829 4441 3867 cum
4473 3813 4656 3865 lumen
4705 3811 5014 3882 agnovisset
5041 3810 5396 3872 castinctam,
5431 3809 5497 3864 ad

3903 3905 4221 3971 abigendam
4252 3905 4430 3956 noctis
4460 3903 4755 3957 tenebrosa:
4786 3901 5092 3972 caliginem,
5128 3901 5304 3954 divini
5338 3901 5496 3954 lumi-

3901 3995 3982 4047 nis
4044 3994 4307 4063 inlulgcre
4366 3994 4605 4063 postulat
4665 3993 4989 4046 claritatem.
5047 3991 5228 4054 Deus,
5297 3994 5494 4060 inquit,

3899 4087 4274 4152 omnipotens,
4307 4087 4397 4154 qui
4448 4086 4628 4138 lumen
4656 4099 4716 4136 es
4749 4099 4934 4137 verum
4956 4123 4971 4147 ,
5002 4099 5100 4154 pro
5132 4098 5323 4137 amore
5351 4085 5493 4138 servi

3899 4179 3975 4229 tui
4003 4177 4269 4239 ()dilonis,
4301 4178 4366 4228 ab
4401 4177 4500 4229 hac
4530 4179 4687 4230 domo
4722 4177 4973 4231 tenebras
5010 4177 5224 4230 dimove
5264 4191 5494 4246 eamque

3899 4268 4085 4334 gratim
4119 4275 4222 4319 tua:
4257 4265 4374 4320 luce
4420 4266 4702 4335 perfunde.
4747 4266 5043 4321 Confestim
5099 4266 5166 4319 de
5225 4267 5373 4321 cmlo
5403 4282 5494 4321 co-

3897 4373 4070 4411 τιιεςω
4107 4357 4242 4410 lucis
4271 4356 4530 4426 splendor
4571 4357 4831 4420 emicuit,
4860 4367 4916 4410 ct
4945 4366 5109 4410 totam
5140 4357 5368 4412 Maium
5398 4373 5492 4412 sn-

3895 4450 4046 4518 periti
4107 4449 4412 4517 splendoris
4466 4448 4693 4503 claritas
4741 4449 5048 4502 illustravit.
5102 4447 5158 4500 Si
5211 4465 5348 4520 ergo
5395 4450 5490 4504 hoc

3898 4543 4090 4608 agebat
4110 4541 4266 4594 Odilo
4293 4549 4421 4594 tunc
4448 4555 4642 4610 sopore
4669 4540 4980 4608 depressus,
5006 4540 5133 4609 quid
5160 4553 5326 4609 putas
5351 4555 5492 4595 nunc

2197 4628 2444 4684 velamen
2502 4630 2736 4684 reddidit
2787 4631 3021 4684 alienum
3050 4673 3065 4695 ,
3098 4641 3154 4687 et
3184 4635 3388 4701 recepit
3416 4639 3787 4704 semetipsum.
3822 4610 3869 4667 D
3898 4635 4038 4701 apud
4088 4634 4256 4686 Deum
4292 4641 4473 4701 potest
4501 4632 4740 4687 carnalis
4768 4633 4996 4687 sarcina!
5024 4632 5380 4702 corruptione
5409 4649 5492 4686 so-

2195 4715 2452 4773 Prnbavit
2483 4734 2612 4788 ergo
2641 4733 2750 4786 quo
2780 4721 3002 4789 praemio
3046 4722 3242 4792 dignus
3281 4732 3423 4778 esset
3453 4725 3546 4794 qui
3574 4725 3788 4782 beatum

2192 4807 2488 4864 odenderet
2517 4809 2821 4864 0dilonem.

2259 4897 2414 4954 Alius
2441 4915 2657 4970 quoque
2706 4899 2813 4965 fur,
2865 4915 2986 4957 cum
3036 4903 3122 4958 vir
3159 4904 3252 4960 Dei
3307 4905 3362 4960 in
3416 4907 3607 4962 eadem
3656 4909 3789 4965 urbe

2193 4988 2550 5053 consisteret,
2597 4989 2868 5046 stabulum
2919 4990 3038 5060 ejus
3090 5005 3388 5051 nocturnus
3439 4997 3672 5066 irrupit,
3734 5011 3789 5053 et

3897 4722 4079 4777 lutus?

3966 4817 4134 4871 Paulo
4170 4827 4297 4872 ante
4350 4817 4689 4872 nativitatem
4739 4815 4988 4881 Domini,
5022 4831 5115 4885 per
5169 4817 5489 4872 hiemalium

3895 4911 4296 4965 inclementiam
4327 4912 4580 4965 imbrium
4620 4920 4840 4965 sanctus
4869 4924 5032 4964 senex
5072 4911 5140 4961 ait
5170 4911 5319 4964 beati
5351 4910 5488 4963 Har-

3894 5000 4016 5055 celli
4049 5002 4305 5060 martyris
4344 5002 4734 5056 monasterium
4783 5000 4929 5065 (150)
4957 4999 5269 5054 festinabat.
5315 5001 5488 5054 Vene-

3187 5125 3495 5182 ΑΝΒΒΕᾸΞ
3536 5129 3806 5185 CHESNII
3847 5133 3934 5186 ΕΤ
3973 5130 4288 5186 ANONYII
4326 5130 4560 5187 ΝΟἸΑΕ.

2258 5256 3377 5336 (130)Quod‘fiuntchramnusBargundim
3392 5283 3485 5322 rex
3502 5269 3655 5336 juxta
3680 5268 3783 5323 Ca-

2191 5326 2421 5408 bilouem
2457 5329 2720 5408 condidit,
2753 5341 2812 5384 ut
2835 5342 2982 5408 notat
3009 5326 3362 5408 l-‘_red€g_arius
3393 5339 3444 5390 in
3470 5326 3782 5408 A'ppendice

2191 5399 2256 5451 ad
2281 5396 2600 5480 Gregorium
2653 5401 2737 5480 his
2766 5401 2988 5480 verbis:
3021 5396 3267 5480 Αηῃρῖι
3285 5409 3439 5480 regni
3463 5396 3579 5474 καῖ’,
3607 5410 3782 5461 divino

2189 5483 2369 5545 amore
2409 5471 2679 5545 ecclesiam
2720 5472 2857 5525 beati
2909 5471 3186 5538 Marcelli,
3239 5478 3326 5529 ubi
3354 5471 3484 5545 'ipse
3523 5471 3780 5544 pretiosus

2188 5537 2458 5657 repuiescit
2491 5542 2542 5592 in
2583 5557 2825 5609 corpore,
2862 5559 2977 5612 qua:
3011 5545 3063 5595 in
3097 5537 3404 5600 suburbano
3432 5537 3641 5615 quidem
3674 5554 3774 5600 (Αι-

2190 5606 2237 5656 bi
2260 5608 2470 5657 attenxi-
2502 5610 2592 5657 sed
2618 5622 2789 5657 tamen
2822 5613 2876 5657 in
2912 5612 3155 5657 ςεσιωιη
3191 5627 3264 5657 ni
3300 5620 3565 5657 iuriian
3627 5621 3770 5657 ..ὴ-ί-

2190 5610 2470 5673 bilauensi,
2502 5610 2592 5662 sed
2618 5622 2789 5664 tamen
2822 5610 2882 5666 in»
2912 5612 3155 5682 Sequano
3191 5627 3264 5669 est
3300 5610 3595 5680 territorio,
3627 5621 3770 5670 miri-

2189 5674 2285 5739 ﬁce
2308 5687 2356 5730 et
2375 5680 2592 5755 solerter
2616 5681 2881 5755 ludiﬁcare
2915 5683 3076 5750 jussit
3103 5727 3116 5742 ,
3147 5687 3317 5755 ibique
3349 5691 3621 5742 monachis
3648 5705 3776 5741 con-

2190 5751 2413 5832 ﬂigam.
2459 5754 3138 5832 monasteriumfoudidit,
3191 5751 3460 5825 ipsamque
3499 5759 3774 5832 ecclesiam

2193 5814 2340 5866 rebus
2361 5816 2598 5883 plurimis
2621 5820 2824 5875 ditauit.
2848 5823 3030 5894 Longe
3053 5814 3180 5878 vero
3202 5814 3385 5894 postea
3421 5829 3774 5883 nobilissimus

3891 5286 4060 5322 comes
4093 5270 4454 5325 Cabiloneruis
4485 5270 4787 5341 Cir-[rdiis
4813 5313 4830 5335 ,
4883 5275 5060 5340 inquit
5115 5273 5485 5334 Theobaidns,

3891 5351 3944 5391 et
3974 5342 4084 5413 ipse
4122 5358 4307 5413 comes
4331 5344 4706 5397 Cabilonensis
4735 5345 4788 5397 in
4814 5353 5080 5413 prazceptn
5123 5347 5269 5412 quod
5302 5362 5360 5413 ρ.
5387 5347 5486 5399 3U

3892 5415 3967 5530 hin
3992 5411 4238 5463 Bibliotlt.
4265 5411 4532 5493 Cluniae.)
4557 5411 4825 5483 integrum
4855 5411 5153 5493 ιιρςιιίιηιιςέ
5171 5411 5398 5469 accessit
5421 5421 5484 5466 ad

3925 5493 4056 5530 cata!
4090 5485 4469 5530 recordationis
4513 5485 4750 5530 abbate.
4785 5483 5039 5530 Hmalmn
5078 5496 5127 5530 et
5153 5488 5482 5530 canendi-ni

3925 5493 4056 5533 cata:
4090 5485 4469 5535 recordationis
4513 5485 4750 5536 abbatem
4784 5483 5039 5536 Irtiolam
5078 5496 5127 5535 et
5153 5488 5482 5538 contendam

3891 5551 3968 5600 illi
4004 5556 4379 5604 monasterium
4422 5554 4518 5607 hoc
4544 5597 4558 5618 ,
4596 5559 4650 5606 in
4678 5555 4928 5606 saburbio
4972 5556 5338 5606 Cabtloaeuris

3886 5623 4008 5671 tutis
4032 5639 4062 5672 a
4091 5621 4487 5676 Guntchramuo
4525 5625 4780 5690 pradicto
4808 5624 5128 5677 nobilissimo
5162 5635 5210 5676 et
5242 5627 5479 5693 religiose

3887 5705 4000 5756 rege
4060 5693 4337 5761 magniﬁce
4381 5704 4774 5756 constructum,
4830 5695 4916 5746 ubi
4975 5696 5249 5762 requiescit
5293 5711 5478 5762 corpu

3886 5757 4025 5834 beati
4060 5760 4295 5834 μαντειιὲ
4337 5767 4586 5834 martyris
4615 5805 4628 5827 ,
4655 5781 4714 5817 σο
4754 5776 4928 5834 tenore
4955 5777 5010 5817 ut
5041 5764 5348 5833 religionis
5382 5781 5477 5816 ina-

3889 5830 4075 5884 nastici
4109 5832 4312 5886 ordinis
4335 5873 4350 5899 ,
4383 5830 4501 5904 qua}
4526 5851 4652 5902 pett:
4679 5833 4872 5888 abolita
4902 5835 5096 5894 fuerat,
5132 5830 5472 5898 refertum.
