5652 6428
994 399 1098 456 935

2335 394 2365 443 κ
2383 394 2491 448 lTA
2537 393 2594 448 S.
2640 393 2979 450 ODlLONIS.

4207 393 4312 450 951

998 537 1123 576 run.
1152 526 1335 574 autem
1363 515 1431 570 ad
1461 511 1732 582 quoddam
1765 512 1965 566 flumen
1991 552 2006 576 ,
2056 509 2201 581 quod
2235 511 2308 564 ita
2340 510 2594 566 fluetibus
2625 514 2670 572 Α
2701 519 2785 564 est
2813 550 2827 571 ,
2858 511 3078 564 omnino
3129 508 3233 564 tale
3278 509 3463 564 vinum
3507 510 3723 565 deesset
3764 515 3913 580 quod
3962 517 4152 564 saneto
4196 512 4314 566 viro

995 607 1400 666 exundantibus
1432 605 1784 658 inhorruerat
1811 643 1825 668 ,
1855 612 1914 656 ut
1946 617 2172 671 prorsus
2221 602 2595 654 intransmea-

996 700 1104 757 bile
1131 697 1426 752 videretur.
1481 693 1733 750 Confisus
1780 703 1962 747 autem
2015 692 2067 746 in
2120 692 2351 746 Domino
2408 692 2598 762 dirigit

995 791 1281 862 przcvium,
1312 787 1405 857 qui
1451 788 1585 841 vada
1622 793 1929 855 prietcntet,
1971 793 2028 836 ct
2059 785 2170 853 ipse
2199 798 2322 836 mox
2355 798 2479 837 cum
2506 797 2597 836 co-

999 882 1217 939 mitibus
1247 881 1608 948 subsequens,
1641 877 1994 946 pet-transivit
2023 876 2242 930 illmsns.
2271 873 2377 929 Sed
2408 877 2462 928 in
2494 875 2596 928 hoc

995 971 1308 1027 vadantium
1360 969 1594 1024 transitu
1625 969 1755 1022 illud
1807 967 2056 1022 mirabile
2117 967 2239 1033 fuit,
2300 967 2424 1037 quia
2469 978 2604 1020 enin

995 1064 1208 1120 exteris
1247 1075 1386 1130 aqua
1418 1059 1754 1130 pertingcrct
1779 1073 1952 1128 usque
1981 1057 2048 1112 ad
2079 1057 2286 1111 femora
2308 1096 2322 1122 ,
2353 1057 2472 1110 viro
2502 1055 2594 1111 Dei

997 1169 1097 1209 nec
1125 1153 1355 1222 corrigia
1388 1152 1608 1220 quidem
1641 1149 1793 1219 pedis
1818 1166 2092 1219 aquarum
2125 1160 2207 1204 cst
2238 1150 2595 1204 inundatione

997 1243 1233 1313 perfusa.
1290 1242 1342 1295 In
1392 1240 1480 1294 illo
1526 1238 1737 1293 scilicet
1791 1240 1910 1294 solo
1961 1239 2200 1294 madoris
2239 1239 2320 1293 sui
2355 1240 2594 1308 perdidit

995 1334 1136 1388 unda
1184 1332 1372 1386 vires:
1403 1331 1453 1384 in
1489 1329 1712 1399 reliquis
1758 1340 1942 1384 autem
1992 1329 2296 1384 naturalem
2341 1331 2595 1400 ingeniun

992 1423 1127 1478 viris
1167 1422 1318 1493 (l5!)
1352 1420 1602 1476 exhibuit
1632 1419 1964 1476 facultatem.
1994 1420 2158 1474 lstnm
2193 1437 2332 1490 aqua
2369 1431 2593 1490 tangere

991 1516 1206 1586 potuit,
1260 1514 1546 1569 liumidare
1596 1529 1702 1567 non
1752 1515 1960 1582 potuit;
1992 1511 2156 1585 407
2192 1513 2311 1567 illos
2361 1523 2543 1566 autem
2572 1553 2589 1579 ,

987 1607 1132 1678 quod
1162 1616 1351 1661 natura
1376 1606 1699 1669 dictaverat,
1734 1604 1976 1674 undique
2003 1603 2314 1657 madefecit.

1063 1698 1332 1754 Praeterea
1400 1699 1526 1753 dum
1578 1697 1662 1750 vir
1715 1695 1931 1752 Domini
1983 1700 2124 1766 apud
2195 1697 2588 1751 monasterium

987 1789 1131 1845 beati
1161 1789 1398 1852 Martini,
1429 1789 1578 1859 quod
1608 1789 1674 1842 ad
1706 1788 1984 1844 Publicam
2019 1788 2166 1861 (l52)
2197 1800 2422 1843 Stratam
2445 1789 2587 1844 dici-

2700 603 2916 671 saporis
2943 602 3225 656 habilitate
3252 611 3598 671 congrueret.
3624 600 3859 670 lnqnirit
3884 616 4016 672 ergo
4051 601 4313 658 abbatem

2701 692 2802 745 loci
2833 702 3014 744 ntruut
3050 690 3246 746 melius
3297 692 3513 746 habeat.
3557 690 3658 757 Qui
3689 705 3746 744 se
3779 689 4070 745 confestim
4097 699 4156 745 et
4182 706 4310 760 pro-

2702 783 2886 836 litetur
2915 784 3136 847 habere,
3167 790 3221 836 et
3249 791 3515 852 quantum
3563 782 3679 850 ipse
3715 781 4039 852 prmeeperit
4070 780 4308 835 libenter

2701 873 2919 926 afferre.
2955 872 3051 925 Vir
3099 881 3282 926 autem
3319 871 3535 926 Domini
3583 872 3883 941 modicum,
3913 869 4057 939 quod
4094 881 4220 924 ante
4250 885 4312 926 se

2697 973 2818 1020 erat
2861 963 3183 1029 vasculum,
3227 963 3406 1028 dedit;
3461 971 3518 1016 ut
3568 962 3670 1016 sibi
3725 963 3945 1032 plenum
4002 961 4310 1018 deferretur

2697 1057 2944 1125 expetiit.
2973 1055 3213 1108 Allatnm
3245 1069 3376 1124 ergo
3403 1065 3530 1108 ante
3574 1071 3628 1108 se
3659 1054 3884 1124 posuit,
3908 1062 3967 1106 et
3995 1054 4112 1122 ipse.
4141 1054 4310 1123 potis-

2698 1150 2895 1203 simum
2924 1165 3072 1202 more
3117 1149 3390 1216 pincernre
3423 1147 3522 1201 sibi
3568 1148 3838 1199 duntaxat
3872 1155 3926 1201 et
3954 1145 4135 1200 abbati
4165 1185 4181 1212 ,
4214 1145 4309 1216 qui

2691 1243 2844 1312 juxta
2903 1255 2961 1294 se
3021 1242 3421 1303 discumbebat,
3479 1241 3755 1308 expendit.
3809 1240 4058 1309 Cumque
4107 1238 4221 1308 jam
4275 1254 4307 1294 ι

2698 1347 2884 1386 mensa
2935 1331 3262 1399 surgendum
3327 1331 3555 1384 refectio
3606 1330 3877 1398 completa
3929 1330 4210 1397 dictaret,
4250 1337 4308 1386 et

2696 1420 2973 1490 paululum
3022 1421 3203 1475 adhuc
3252 1421 3361 1474 vini
3421 1421 3471 1474 in
3519 1421 3739 1474 vasculo
3773 1433 4108 1489 superesset,
4133 1419 4300 1477 Pater

2695 1523 2916 1567 sanctus
2939 1512 3134 1567 blande
3158 1513 3451 1566 subridens
3477 1531 3490 1565 :
3523 1511 3664 1576 Non,
3691 1512 3889 1581 inquit,
3915 1511 4116 1566 fratres
4135 1511 4304 1584 {‘08

2696 1605 2825 1667 mei,
2852 1603 3009 1674 plene
3047 1605 3195 1659 circa
3226 1618 3323 1657 vos
3347 1602 3584 1657 officium
3617 1605 3904 1658 charitalis
3929 1604 4176 1669 exhibui,
4209 1603 4303 1674 qui

2695 1697 2879 1750 vinum
2908 1737 2921 1760 ,
2959 1697 3102 1764 quod
3147 1696 3276 1748 mihi
3309 1695 3507 1765 sapuit,
3540 1695 3820 1750 vobiscum
3854 1697 4185 1764 participare
4210 1711 4305 1751 ne-

2694 1787 2858 1857 glexi.
2896 1788 3179 1855 Arripiens
3204 1800 3333 1855 ergo
3363 1786 3618 1856 cyathqu
3648 1827 3661 1848 ,
3693 1786 3890 1841 infudit
3919 1802 4154 1862 merum,
4187 1787 4301 1842 sin-

988 1887 1098 1944 tur,
1154 1888 1404 1949 receptus
1434 1887 1578 1933 esst
1625 1878 1860 1948 hospitio
1885 1919 1900 1944 ,
1933 1881 2076 1934 sicut
2121 1881 2292 1934 moris
2341 1889 2494 1944 erat,
2530 1888 2590 1933 ut
2620 1863 2667 1925 Β
2694 1878 2834 1947 gulis
2862 1878 3133 1946 singultim
3168 1894 3266 1948 pro
3290 1878 3672 1932 benedictione
3698 1878 3944 1949 largitur.
3981 1879 4089 1934 [tes
4118 1881 4255 1934 mira
4283 1897 4298 1935 :

983 1969 1293 2039 ubicunque
1323 1978 1570 2023 maneret
1617 1985 1943 2039 quocunque
1988 1985 2048 2025 se
2081 1980 2311 2025 verteret
2342 2010 2358 2035 ,
2392 1985 2586 2024 mona-

981 2062 1209 2117 chorum
1250 2061 1396 2117 illieo
1446 2060 1751 2130 frequentia
1798 2078 1905 2116 non
1956 2063 2209 2121 deesset.
2245 2079 2352 2116 non
2385 2076 2588 2133 parvus

979 2154 1031 2209 ci
1061 2164 1234 2208 cetus
1278 2153 1509 2208 fratrum
1553 2154 1780 2207 allluxit.
1815 2154 1961 2222 Quos
2001 2154 2089 2209 ille
2129 2171 2252 2208 eum
2299 2154 2587 2209 alacritate

981 2243 1309 2313 suscipiens,
1340 2253 1396 2298 et
1430 2244 1582 2312 prius
1609 2243 1689 2298 eis
1736 2243 2021 2297 ineffabilis
2051 2244 2249 2313 eloquii
2298 2243 2584 2297 familiari-

983 2345 1098 2390 tate
1147 2336 1514 2390 connuunicat
1544 2345 1599 2390 et
1627 2337 1996 2405 postmodum,
2031 2346 2090 2391 ιιι
2119 2337 2219 2389 sibi
2260 2351 2360 2406 pro
2402 2337 2586 2390 chari-

984 2435 1094 2481 tale
1114 2436 1511 2481 convcscautur
1536 2427 1749 2480 invitat.
1778 2426 1883 2481 Sed
1906 2427 2033 2480 dum
2062 2429 2113 2481 in
2145 2427 2365 2496 longum
2399 2441 2582 2480 sermo

982 2521 1358 2586 protrahitur,
1409 2526 1658 2578 semotim
1715 2526 1982 2594 quosdam
2035 2540 2101 2578 ex
2151 2525 2356 2577 familia
2391 2538 2581 2580 servos

979 2607 1207 2678 accipit;
1239 2621 1420 2665 utrum
1456 2613 1527 2665 sit
1551 2615 1690 2667 unde
1722 2614 1869 2667 refici
1895 2611 2095 2668 fratres
2127 2613 2344 2667 valeant
2369 2614 2580 2668 invitati

980 2699 1212 2756 solerter
1247 2703 1489 2773 inquirit.
1522 2705 1624 2772 Qui
1665 2706 1734 2760 de
1781 2707 1995 2761 cmteris
2038 2707 2256 2776 quidem
2303 2708 2581 2765 alimentis

980 2799 1236 2846 Constare
1267 2794 1556 2862 perhibent
1586 2797 1949 2864 quantitatem
1981 2837 1995 2860 ,
2030 2798 2097 2852 de
2130 2798 2370 2866 piscibus
2396 2809 2577 2854 autem

979 2897 1114 2953 pene
1145 2885 1277 2939 nihil
1304 2900 1424 2941 esse
1452 2888 1595 2955 quod
1627 2890 1692 2942 ad
1722 2899 1928 2944 tantam
1966 2891 2249 2945 hominum
2292 2895 2580 2962 perveniat

979 2976 1401 3031 multitudinem.
1429 2979 1510 3032 Ad
1536 2994 1673 3047 quos
1701 2980 1810 3047 ille,
1838 2981 1890 3035 in
1923 2983 2164 3046 nomine,
2200 2983 2398 3051 inquit,
2433 2985 2577 3039 illius

975 3067 1068 3135 qui
1102 3068 1256 3144 novit
1297 3069 1540 3137 quinque
1588 3070 1754 3122 millia
1786 3071 2064 3124 hominum
2093 3087 2158 3124 ex
2187 3089 2328 3142 pane
2361 3075 2575 3128 modico

974 3163 1030 3210 et
1073 3156 1290 3224 gemino
1336 3159 1486 3227 pisce
1537 3159 1762 3214 reficere
1810 3159 1963 3226 (Luc.
1993 3178 2083 3226 ix;
2115 3163 2276 3216 Joan.
2314 3165 2392 3236 v1)
2420 3205 2434 3229 ,
2464 3181 2570 3220 non

975 3245 1130 3315 quasi
1167 3247 1301 3302 nilnl
1328 3287 1341 3312 ,
1374 3257 1430 3302 ut
1459 3249 1659 3316 dicitis,
1719 3251 1812 3304 sed
1845 3253 2175 3306 uberrimam
2203 3256 2360 3310 nobis
2388 3266 2443 3311 et
2477 3257 2570 3311 ho~

972 3339 1206 3409 spitibus
1261 3342 1462 3396 nostris
1503 3343 1731 3412 piscium
1791 3345 2002 3412 copiam
2051 3347 2380 3402 ministrate.
2436 3348 2572 3403 Cum

970 3429 1137 3499 igitur
1164 3445 1365 3486 mensa:
1384 3433 1839 3488 discumbentium
1862 3438 2016 3504 pauci
2036 3439 2125 3506 qui
2149 3438 2376 3494 aderant
2394 3442 2572 3510 pisces

969 3534 1000 3574 a
1031 3520 1291 3590 dapiferis
1327 3521 1633 3578 inferuntur
1658 3565 1672 3590 ,
1701 3528 1869 3596 ccepit
1904 3543 2029 3582 esca
2079 3530 2132 3583 in
2182 3533 2432 3587 manibus
2457 3535 2570 3588 dis-

968 3612 1338 3668 cumbentium
1369 3632 1652 3682 crescere,
1696 3629 1750 3673 et
1791 3636 1900 3689 quo
1932 3623 2106 3690 magis
2156 3639 2183 3678 a
2233 3641 2571 3682 convescen-

972 3701 1105 3756 tium
1138 3704 1291 3760 turba
1321 3709 1660 3763 consumitur
1685 3712 2079 3768 exuberantius
2103 3716 2405 3780 abundare,
2433 3719 2569 3772 adeo

968 3799 1028 3846 ut
1067 3795 1280 3851 satiatis
1306 3799 1560 3855 omnibus
1593 3801 1823 3869 plurima
1875 3815 2262 3873 superessent,
2308 3823 2429 3877 qum
2461 3823 2567 3863 non

968 3883 1131 3940 modo
1158 3884 1514 3944 servitoribus
1544 3894 1778 3957 cunctis,
1830 3896 1925 3949 sed
1957 3905 2012 3949 et
2039 3897 2159 3951 aliis
2185 3939 2197 3959 .
2229 3899 2273 3952 si
2304 3915 2568 3969 superve-

967 3978 1170 4044 nirent,
1199 3981 1380 4036 oblata
1409 3983 1740 4038 sufliccrent.
1766 3985 1863 4040 Cui
1895 3989 2142 4055 protinus
2183 3990 2388 4055 famuli,
2413 4007 2565 4058 ecce,

969 4065 1154 4132 Pater,
1183 4071 1617 4143 inquiunt,qnod
1641 4077 2064 4144 pusillanimitas
2087 4091 2273 4134 nostra
2306 4097 2411 4136 non
2447 4097 2566 4138 cre-

966 4157 1121 4225 didit,
1153 4172 1347 4216 vcstrm
1369 4162 1491 4219 fidei
1517 4165 1770 4220 meritum
1797 4169 2058 4224 divinitus
2080 4171 2418 4240 impetravit.
2444 4174 2563 4228 Jam

965 4263 1072 4305 non
1111 4251 1359 4308 dubitare
1401 4255 1690 4312 didicimus
1719 4298 1732 4320 ,
1763 4259 1807 4311 si
1857 4261 2276 4328 promissionem
2326 4274 2564 4322 vestram

965 4338 1022 4395 in
1062 4343 1293 4398 articulo
1329 4345 1614 4413 cujuslibet
1664 4349 1997 4405 difiicultatis
2033 4354 2305 4408 audimus.
2337 4355 2523 4411 Atille
2546 4398 2561 4420 ,

963 4439 1024 4487 ut
1058 4447 1274 4502 semper
1299 4446 1419 4490 erat
1448 4439 1594 4491 mitis
1623 4449 1677 4493 et
1716 4441 1958 4507 humilis,
1987 4459 2091 4498 non
2122 4460 2232 4498 suzc
2262 4446 2382 4501 fidei
2416 4448 2560 4517 quod

2693 1971 2828 2026 Cum
2855 1969 3052 2024 fratres
3080 1979 3266 2024 essent
3297 1968 3410 2024 fere
3433 1970 3755 2035 duodecim,
3787 1980 3842 2024 et
3875 1973 3954 2025 eis
3982 1972 4300 2027 bibentibus

2694 2072 2852 2134 potus
2875 2062 3030 2131 copia
3069 2078 3175 2117 non
3199 2061 3418 2125 defecit,
3451 2071 3506 2116 et
3541 2078 3733 2116 eorum
3765 2063 4038 2130 completo
4066 2077 4299 2118 numero

2692 2156 2768 2211 nil
2793 2156 3016 2209 omnino
3046 2153 3335 2223 superfuit.
3367 2154 3476 2208 lllis
3501 2155 3853 2223 itaque'quod
3886 2153 4090 2208 fartum
4120 2154 4302 2210 fuerat

2691 2247 3097 2301 admirantibus
3127 2286 3142 2312 ,
3190 2247 3276 2298 vir
3315 2261 3460 2299 vene
3507 2246 3834 2299 humilitatis
3874 2254 4098 2309 custos,
4145 2254 4206 2300 ut
4243 2247 4300 2300 in

2690 2338 2857 2392 alium
2904 2338 3103 2392 divina:
3129 2338 3318 2408 gratia:
3358 2351 3554 2390 .nnnus
3585 2337 3889 2405 impelleret
3918 2347 3973 2392 et
4005 2338 4120 2405 ipse
4146 2338 4300 2391 favo-

2691 2430 2767 2482 ris
2799 2429 3026 2483 humani
3070 2430 3300 2499 gloriam
3339 2429 3662 2491 declinaret,
3713 2429 3971 2483 charitati
4028 2430 4300 2484 duntaxat

2688 2521 2833 2574 illius
2860 2522 2951 2593 qui
2999 2522 3184 2575 vinum
3232 2522 3382 2576 dedit
3431 2521 3756 2576 miraculum
3805 2537 4054 2591 superum
4085 2522 4301 2579 benedi-

2688 2614 2884 2667 ctionis
2921 2614 3206 2682 appiicuit.
3415 2603 3422 2606 ἤ

2759 2703 2968 2758 Dehinc
2997 2707 3124 2758 dum
3154 2721 3410 2775 egressus
3451 2706 3624 2760 Roma
3669 2714 4046 2761 reverteretur
4073 2705 4140 2761 ad
4168 2719 4297 2776 pro-

2684 2795 2840 2862 pria,
2892 2795 3114 2863 quidam
3167 2797 3310 2850 intra
3365 2795 3761 2851 Taurincnsem
3817 2797 4007 2852 urbem
4065 2797 4294 2852 nimium

2684 2885 2851 2940 febris
2877 2888 3188 2957 patiebatur
3214 2890 3489 2943 ardorem.
3525 2890 3624 2943 llic
3653 2891 3854 2943 fur;ive
3886 2905 3981 2958 per
4009 2891 4294 2946 ministros

2682 2993 2918 3045 aquam,
2954 2995 3061 3047 qua
3096 2980 3180 3031 vir
3210 2981 3422 3035 Domini
3464 2996 3657 3035 manus
3707 2981 4002 3045 abluebat,
4041 2981 4292 3050 accepit,

2682 3068 2914 3122 fideliter
2946 3071 3105 3133 bibit,
3137 3080 3192 3124 et
3223 3071 3304 3124 sic
3347 3071 3556 3138 abSque
3602 3087 3755 3125 mora
3787 3072 4033 3140 deposita
4067 3087 4294 3140 prorsus

2679 3158 2825 3212 omni
2852 3158 3252 3214 febrieitatinne
3278 3161 3576 3214 convaluit.

2751 3251 2984 3321 Jamque
3009 3252 3187 3306 Jovini
3227 3253 3429 3306 montis
3468 3263 3743 3321 prierupta
3784 3254 4162 3308 conscendens
4193 3254 4291 3309 ob-

2680 3344 2796 3397 vios
2848 3345 3038 3397 habuit
3084 3359 3348 3412 pauperes
3375 3386 3389 3408 ,
3421 3360 3533 3411 prie
3559 3343 3793 3398 difficilis
3820 3347 3922 3397 via:
3967 3345 4289 3400 lassitudine

2678 3445 2862 3501 potum
2903 3433 3153 3485 :cstnanti
3205 3433 3480 3486 desiderio
3531 3432 3860 3502 ﬂagitantes.
3922 3433 4051 3488 Pius
4105 3435 4288 3504 itaque

2675 3522 2838 3577 Pater
2867 3525 2948 3578 sui
2979 3525 3278 3593 negligens,
3307 3524 3430 3579 aliis
3469 3525 3522 3578 in
3558 3526 3888 3580 necessitate
3918 3525 4282 3596 compatieus,

2669 3615 2831 3684 jussit
2859 3623 2917 3667 ut
2949 3615 3212 3684 quidquid
3248 3614 3359 3667 vini
3394 3616 3628 3684 propriis
3659 3615 3955 3670 haberetur
3993 3616 4045 3670 in
4093 3631 4286 3672 vascu-

2675 3706 2740 3760 lis
2792 3706 3000 3775 absque
3058 3707 3163 3760 ulla
3216 3708 3611 3761 reservationis
3662 3707 3960 3771 industria,
3993 3717 4076 3762 vel
4129 3719 4289 3778 potus

2674 3795 2986 3860 diffidentia,
3023 3797 3360 3866 pr.eberetur
3387 3798 3595 3866 egenis.
3643 3798 3811 3854 Paulo
3853 3808 3996 3867 post,
4030 3799 4276 3853 necessi-

2675 3901 2780 3946 tate
2809 3901 3017 3945 naturze
3045 3902 3272 3962 cogente
3300 3932 3314 3957 ,
3344 3891 3696 3947 discumbunt
3737 3901 3930 3947 omnes
3963 3903 4021 3945 ut
4059 3891 4282 3962 capiant

2671 3984 2872 4039 cibum.
2907 3985 2973 4037 Et
3000 4000 3125 4038 ecce
3158 3996 3337 4046 utres,
3387 3985 3476 4053 qui
3512 3984 3694 4039 studio
3738 3983 3958 4039 fuerant
4001 3985 4102 4053 piae
4135 3999 4285 4039 com-

2671 4076 2939 4144 passionis
2992 4076 3266 4139 exhausti,
3313 4077 3441 4129 vino
3505 4077 3874 4145 reperiuntur,
3932 4076 4042 4129 Deo
4072 4075 4282 4130 sciicet

2671 4150 2911 4219 debitum
2959 4166 3302 4234 persolventc
3328 4207 3343 4230 ,
3379 4165 3594 4234 repleti.
3625 4163 3782 4229 Nam,
3832 4165 3988 4233 juxta
4025 4164 4276 4233 Scriptu-

2671 4272 2783 4309 ram
2805 4271 2818 4308 :
2838 4254 2941 4321 Qui
2961 4257 3050 4308 dat
3081 4257 3323 4325 pauperi,
3354 4255 3581 4308 Domino
3605 4257 3898 4325 [sciter/itur
3918 4253 4106 4325 (Prov.
4136 4255 4276 4325 xu).

2666 4348 2723 4403 In
2759 4349 2862 4403 hoc
2893 4365 3023 4418 ergo
3053 4348 3192 4402 felici
3228 4348 3560 4402 commercio
3593 4388 3606 4410 ,
3636 4348 3726 4402 ubi
3775 4347 4040 4401 Dominus
4065 4347 4280 4401 debitor

2669 4439 2903 4492 famulus
2953 4439 3131 4493 fuerat
3179 4437 3508 4502 licuerator,
3561 4437 3706 4506 quod
3744 4453 3774 4489 a
3824 4453 3985 4491 servo
4043 4435 4278 4493 ﬁdeliter

962 4523 1226 4620 divinitus
1271 4525 1473 4581 faetum
1506 4540 1622 4584 erat
1654 4534 1930 4602 ascripsit,
1981 4537 2077 4590 sed
2130 4537 2345 4592 illorum
2380 4543 2561 4610 potius
2592 4562 2639 4620 D
2668 4541 2751 4584 εει
2783 4531 3090 4600 ἀενοείιυιιι
3121 4545 3150 4583 ³
3184 4530 3194 4583 ¹

2047 4537 2077 4590 d
2130 4537 2345 4592 illorum
2380 4543 2561 4610 νοιίυε
2592 4562 2639 4620 D
2668 4541 2751 4584 est
2783 4531 3090 4600 depositum
3121 4545 3150 4583 a
3184 4530 3326 4583 bono
3351 4529 3597 4584 debitore
3627 4543 3736 4582 non
3776 4530 4017 4598 segniter
4061 4538 4148 4583 est
4187 4542 4276 4582 so-

962 4609 1285 4670 obedientia:
1329 4631 1385 4671 et
1429 4631 1742 4676 sanctorum
1792 4623 2066 4694 hospitum
2124 4630 2336 4685 meritis
2384 4609 2562 4701 impu-

963 4701 1119 4756 tavit.

1040 4790 1179 4849 lluic
1207 4797 1369 4851 etiam
1403 4799 1530 4855 illud
1578 4818 1684 4857 non
1715 4804 1978 4861 dissimile
2007 4818 2089 4863 est
2117 4811 2240 4878 quia
2272 4797 2436 4874 ,cum
2466 4814 2563 4868 Dei

963 4877 1200 4937 fanmlns
1225 4885 1276 4938 in
1313 4886 1556 4942 Romana
1588 4893 1722 4947 urbe
1746 4897 2072 4952 consisteret
2095 4877 2149 4952 et
2181 4899 2473 4969 hospitium
2511 4904 2562 4958 in

961 4982 1145 5027 monte
1170 4975 1440 5036 Aventino
1481 4984 1622 5050 apud
1652 4990 2039 5042 monasterium
2074 4991 2246 5044 beatae
2278 4993 2369 5046 Dei
2399 4994 2563 5048 Geni-

959 5059 1116 5119 u'icis
1146 5066 1391 5135 haberet,
1419 5075 1642 5144 contigit
1672 5086 1748 5141 ut,
1777 5079 1914 5132 sicut
1943 5079 2087 5134 illius
2113 5083 2263 5138 urbis
2292 5083 2560 5140 familiare

2670 4622 2864 4676 lutum.

2740 4715 3048 4784 Aliquando
3066 4714 3364 4782 imperator
3383 4713 3647 4766 llenricus
3667 4711 3794 4764 dum
3820 4711 4066 4782 apposita
4083 4725 4270 4766 mensa

2668 4808 3036 4862 discumberet
3062 4848 3076 4871 ,
3119 4821 3215 4861 vas
3264 4806 3338 4858 illi
3374 4805 3734 4859 holovitreum
3768 4803 3922 4856 valde
3971 4802 4271 4872 pretiosum

2666 4909 2721 4954 et
2749 4899 3104 4953 Alexandrini
3154 4899 3339 4968 aperis
3388 4910 3508 4951 arte
3551 4897 3940 4965 compositum,
3973 4910 4095 4948 cum
4127 4893 4270 4947 tritis

2666 5002 2746 5048 est
2773 4993 3065 5061 pigmentis
3088 4991 3334 5044 allatum.
3369 4990 3487 5045 Mox
3519 4990 3749 5042 advocat
3782 4990 3916 5041 duos
3941 4985 4078 5040 aula:
4106 4985 4271 5056 regite

2663 5083 3009 5153 capellauos,
3068 5081 3380 5136 Alberieum
3433 5080 3685 5134 videlicet
3739 5090 3794 5134 et
3839 5076 4269 5149 Landulphnm,

1964 5214 2270 5271 ANDIiEzE
2311 5219 2582 5276 CllESNll
2624 5222 2711 5276 ET
2751 5217 3069 5274 A‘NONYMI
3110 5215 3342 5271 NOTAE.

949 5313 1080 5396 jura
1108 5323 1155 5369 el
1183 5320 1533 5396 possessiones
1570 5323 1639 5374 ad
1669 5324 1838 5389 ipsum
1887 5325 2060 5380 locum
2100 5331 2416 5396 pertinentes
2457 5349 2552 5387 ex-

955 5385 1169 5465 celleret,
1208 5398 1254 5438 et
1288 5399 1341 5440 ut
1389 5393 1498 5465 ipse
1538 5403 1605 5465 et_
1636 5385 1960 5450 successores
2015 5385 2128 5465 eju's
2180 5385 2552 5456 (.‘luniacenses

957 5455 1173 5538 abitu-tes
1195 5455 1565 5538 psrpelunliter
1587 5463 1832 5517 haberent
1848 5477 1894 5518 et
1917 5455 2260 5535 possiderent.
2282 5455 2548 5526 Ducuesx.

1215 5524 1600 5608 ‘Viriso'idetur
1630 5524 1927 5608 usurpasse
1950 5553 2049 5606 pro
2076 5524 2314 5607 genitivo
2336 5524 2382 5593 ad
2402 5524 2493 5594 mi

1031 5594 1182 5660 (ηδ)
1214 5594 1270 5648 In
1323 5596 1696 5674 Vita_J_otsaldi
1738 5594 1963 5674 téguur,’
1990 5594 2102 5660 uti.“
2136 5625 2198 5671 ιι,
2252 5613 2401 5664 c.8:
2458 5612 2554 5666 Eu

955 5679 1117 5740 Lit-ape
1152 5676 1387 5740 sanetum
1438 5668 1751 5740 Dionysium
1791 5668 2220 5731 iuomisterioluni
2263 5682 2315 5733 in
2357 5683 2554 5737 honors

958 5728 1282 5820 illiut-Vtin}.
1306 5728 1662 5820 consecratum
1688 5783 1702 5805 ,
1743 5755 1792 5796 et
1819 5728 2232 5820 _u_utg}.r’ue'r7&.i

955 5800 1193 5856 Sumam
1228 5805 1443 5861 dictum.
1475 5800 1698 5873 Quibus
1721 5815 1898 5870 verbis
1918 5800 2042 5872 iure
2066 5800 2551 5876 adnotaviiert—idi;

2668 5333 2913 5386 tissimus
2972 5330 3320 5385 Mabillonins
3367 5348 3380 5383 :
3437 5329 3683 5383 Subsistil
3745 5328 3999 5396 hodieque
4046 5326 4268 5380 ecclesia

2666 5402 2723 5458 S.
2757 5402 2996 5470 Dionysii
3024 5402 3087 5453 de
3122 5400 3303 5454 Strata
3323 5440 3335 5460 .
3371 5403 3522 5470 eu'go
3550 5398 3899 5470 Saiut-Deuis
3921 5399 3989 5470 de
4017 5397 4267 5470 I‘Estrée,

2664 5475 2753 5526 ubi
2802 5467 3041 5525 visuntur
3082 5467 3721 5538 vetustissima'iepuicm
3764 5467 3867 5522 SS.
3926 5468 4166 5536 Dionysii
4219 5474 4267 5518 et

2664 5546 2948 5596 sociorum.
2971 5540 3123 5593 Nulli
3146 5541 3214 5592 ibi
3236 5542 3478 5592 lmbilan!
3505 5541 3773 5600 monachi,
3797 5541 4037 5606 quamvis
4067 5538 4265 5591 reditus

2665 5614 2996 5682 pinguissimi
3039 5613 3168 5672 sint,
3214 5612 3303 5678 qui
3331 5629 3360 5660 (ι
3397 5615 3572 5676 priore
3601 5609 4055 5682 commendarario
4099 5609 4261 5682 percit

2663 5675 2901 5758 piuiimr.
2932 5681 3098 5758 (tanta
3120 5675 3259 5758 Itunlr
3285 5696 3368 5731 ρει·
3393 5675 3567 5758 esimn
3584 5677 3693 5758 alin
3726 5677 3948 5758 {iubetur
3970 5675 4266 5758 permitiali

2660 5746 2816 5804 titulo
2858 5752 3105 5822 insignita
3155 5751 3248 5803 sub
3295 5755 3465 5803 suum
3516 5749 3736 5802 Martini
3776 5746 4090 5817 patrocinio.
4125 5746 4263 5797 Axo-

2658 5837 2851 5876 κῖκυς.
