5652 6380
987 427 1087 495 ut

2316 416 2474 471 VITA
2513 415 2574 471 S.
2604 410 2950 471 ODILONIS.

4219 403 4333 464 9-H

988 543 1284 618 hospitium
1298 542 1796 611 subeunt,corpora
1823 535 1970 592 fessa
1993 531 2268 597 reficiunt,
2294 527 2352 586 et
2375 537 2598 586 noctur-
2626 537 2678 594 Α
2707 525 2818 580 rire
2861 529 3172 618 creaturam
3219 532 3379 618 suam
3409 516 3516 618 sub
3542 514 3710 585 huius
3739 515 3946 571 furoris
3973 514 4198 618 insania

988 650 1062 693 no
1085 635 1330 708 soporati
1369 633 1594 692 silentio
1623 631 1974 702 quieverunt.
2003 625 2164 680 Mane
2217 632 2403 679 autem
2427 621 2594 687 facto,

986 722 1205 784 mature
1225 735 1539 798 surgentes,
1569 725 1639 778 ad
1668 723 1850 778 locum
1880 721 2036 775 illum
2060 717 2318 773 celeriter
2345 715 2598 779 redeunt,

984 829 1042 875 et
1063 819 1338 876 curiosius
1359 830 1591 887 quaque
1642 811 1970 870 diverticula
2024 809 2448 880 perlustrantes,
2477 817 2599 862 om;

987 905 1079 965 nia
1104 904 1233 982 qua
1257 905 1491 982 periisse
1519 907 1948 978 auspicabantur
1976 902 2267 958 inveniunt
2291 918 2306 953 :
2341 914 2480 954 vasa
2509 897 2600 956 ni-

983 998 1188 1057 mirum
1240 999 1418 1056 vitrea
1468 999 1822 1068 reperiuntur
1850 994 2056 1060 illaesa;
2109 993 2406 1048 deauratus
2431 990 2599 1045 etiarn

983 1087 1146 1158 liber.
1176 1092 1314 1152 .cum
1365 1097 1584 1160 tempus
1621 1087 1838 1144 scilicet
1879 1084 2224 1141 imbriferum
2257 1084 2602 1138 inhorresce-

983 1186 1088 1246 ret,
1126 1195 1164 1235 a
1187 1179 1340 1236 nulla
1367 1182 1599 1252 prorsus
1623 1188 1709 1236 est
1728 1177 2043 1249 pluviarum
2071 1175 2435 1229 inundatione
2462 1189 2599 1229 con-

983 1275 1184 1327 tactus.
1217 1269 1314 1328 Sic
1331 1271 1517 1343 itaque
1541 1269 1690 1326 beati
1726 1270 1834 1324 viri
1865 1269 2104 1335 meritis,
2129 1276 2185 1323 et
2211 1268 2417 1322 vitrum
2444 1266 2601 1332 frau-

981 1373 1112 1432 (ere
1157 1377 1408 1434 praceps
1437 1361 1599 1418 ruina
1641 1377 1751 1416 non
1778 1361 1977 1432 potuit,
2008 1371 2065 1414 et
2090 1354 2427 1431 perfundere
2447 1358 2605 1414 codi-

980 1461 1101 1506 cem
1131 1452 1519 1508 inundantium
1537 1451 1795 1508 imbrium
1823 1450 2073 1506 densitas
2101 1449 2397 1522 ignoravit.

1049 1537 1264 1598 Nobilis
1284 1541 1507 1612 quidam
1551 1542 1659 1614 vir,
1691 1543 1823 1596 dum
1839 1541 2053 1612 jaceret
2089 1541 2193 1596 sub
2229 1541 2450 1608 arbore,
2477 1556 2601 1611 par-

983 1627 1151 1686 ticula
1177 1631 1411 1688 corticis
1447 1631 1505 1687 in
1537 1630 1658 1700 eius
1684 1632 1906 1687 oculum
1934 1631 2156 1698 cecidit,
2189 1631 2280 1686 cui
2301 1647 2411 1687 non
2437 1632 2602 1686 modo

978 1716 1164 1777 lumen
1191 1721 1420 1779 omnino
1452 1723 1713 1789 turbavit,
1738 1725 1836 1779 sed
1866 1734 1925 1778 et
1945 1723 2182 1778 aliarum
2209 1723 2598 1778 calamitatum

976 1809 1265 1882 multiplex
1292 1811 1510 1884 pondus
1547 1813 1776 1868 invexit.
1817 1812 1958 1868 Nam
1984 1829 2112 1869 cum
2153 1813 2210 1868 id
2243 1815 2394 1883 quod
2437 1813 2600 1868 oculo

2703 617 3013 689 permittat.
3045 615 3185 671 Hine
3214 613 3284 669 ab
3307 613 3562 668 oratione
3586 625 3950 680 consurgens,
3983 609 4051 665 ad
4082 627 4213 667 eum
4235 613 4335 682 qui

2704 711 3020 784 patiebatur
3043 708 3278 773 accedit,
3307 721 3451 777 aqua
3474 704 3936 761 sanctificationis
3959 704 4230 775 aspergit,
4253 714 4338 759 at-

2703 820 2842 875 que,
2886 813 2946 858 ut
2983 818 3052 857 ex
3103 816 3168 856 ea
3198 799 3377 863 bibat,
3418 796 3704 853 suadendo
3732 795 4032 865 compellit.
4072 796 4178 862 Qui
4222 812 4335 852 non

2671 922 2676 925 ~
2704 893 2878 948 multo
2909 901 3036 962 post
3078 889 3494 946 adCluniacum
3540 903 3712 944 sanus
3751 895 3808 943 et
3833 886 4128 942 incolumis
4159 887 4332 953 venit,

2704 982 2870 1037 xenia
2899 981 3137 1052 piscium
3160 979 3381 1046 detulit,
3417 988 3476 1034 et
3500 979 3632 1049 quia
3659 977 3766 1033 sibi
3800 977 4120 1048 plenissime
4143 977 4334 1034 reddi-

2705 1084 2994 1143 tusesset,
3015 1073 3242 1146 gratias
3268 1071 3539 1137 referens,
3576 1071 3861 1127 indicavit.

2775 1169 2936 1226 Alius
2972 1182 3193 1242 quoque
3246 1165 3410 1223 miles
3465 1164 3772 1222 eﬂicaciam
3815 1164 4016 1221 edendi
4056 1165 4340 1228 sentietis

2705 1263 2987 1318 amiserat.
3043 1261 3147 1317 llic
3185 1274 3286 1331 per
3329 1258 3602 1314 visionem
3655 1257 3975 1313 admonitus
4021 1267 4111 1313 est
4166 1265 4231 1313 ut
4279 1255 4337 1313 si

2702 1369 2904 1425 aquam
2937 1370 3045 1426 qua
3069 1361 3270 1409 manus
3297 1351 3442 1408 beati
3478 1351 3730 1408 0dilonis
3749 1349 4118 1406 abluebantur
4147 1351 4338 1425 hauri:

2702 1457 2811 1515 ret,
2834 1447 2941 1504 hac
2958 1446 3065 1503 sibi
3088 1439 3350 1518 loquendi
3371 1445 3519 1500 vires
3541 1451 3598 1499 et
3619 1443 3842 1498 amissa
3865 1441 4333 1515 lingu:c‘ollieium

2702 1539 2896 1612 procul
2923 1538 3092 1595 dubio
3118 1537 3473 1593 reformaret.
3503 1535 3662 1606 Aqua
3710 1534 3881 1605 igitur
3923 1550 4025 1605 per
4044 1534 4333 1592 ministros

2703 1629 2850 1685 ﬁdeli
2879 1629 3030 1686 furto
3055 1629 3385 1700 subripitur,
3421 1626 3598 1682 altera
3637 1625 3808 1680 etiam
3838 1640 3980 1695 aqua
4025 1642 4056 1678 a
4083 1625 4205 1679 viro
4231 1624 4333 1681 Dei

2701 1721 2993 1777 benedicta
3014 1720 3084 1777 de
3107 1720 3283 1777 calice
3307 1719 3486 1776 sancti
3514 1717 3698 1773 Maioli
3723 1728 3875 1773 muto
3913 1719 4329 1774 transmittitur.

2706 1815 2856 1883 Quas
2904 1815 2994 1872 ille
3044 1830 3173 1873 cum
3208 1814 3381 1870 nimia
3418 1811 3717 1869 devotione
3743 1812 4073 1882 suscipiens,
4104 1814 4333 1869 mutatis

979 1903 1151 1960 semel
1179 1905 1468 1962 insederat
1502 1906 1654 1963 nullo
1696 1908 1862 1964 modo
1899 1908 2172 1979 potuisset
2203 1909 2427 1979 expelli,-
2459 1909 2597 1980 fugit
2629 1922 2677 1982 Β
2705 1909 2953 1965 vestibus
2982 1910 3270 1981 ingressus
3295 1906 3614 1971 ecclesiam,
3661 1906 3792 1976 quia
3823 1904 4007 1977 lingua
4035 1909 4145 1962 bon
4177 1916 4335 1975 pote-

975 2006 1204 2054 somnus
1230 1998 1302 2056 ab
1325 1997 1542 2066 oculis;
1603 2007 1659 2054 et
1680 2015 1792 2056 non
1821 2000 2114 2069 modojam
2145 2001 2310 2056 homo
2331 2016 2441 2056 non
2469 2003 2596 2056 dor-

976 2086 1137 2154 mire,
1187 2089 1287 2144 sed
1325 2102 1431 2144 nec
1476 2080 1644 2163 ‘15
1698 2091 1952 2147 ciborum
1992 2091 2214 2162 quidem
2247 2091 2465 2148 valebat
2495 2092 2594 2147 ali-

975 2180 1160 2233 menta
1189 2179 1500 2251 percipere.
1555 2179 1730 2248 Quem
1777 2196 2029 2237 seorsum
2057 2183 2143 2236 vir
2163 2190 2392 2238 sanctus
2421 2181 2595 2237 addu-

970 2276 1127 2336 cens,
1147 2270 1370 2342 signum
1398 2269 1504 2326 sibi
1524 2275 1708 2328 crucis
1730 2270 2037 2344 impressit,
2062 2287 2128 2327 ac
2151 2287 2278 2328 mox
2303 2271 2589 2328 insumans

970 2359 1138 2433 super
1163 2365 1351 2421 locum
1379 2365 1586 2423 doloris
1637 2367 1885 2433 balavit;
1921 2367 2122 2423 deinde
2157 2368 2491 2438 promittens
2529 2378 2592 2423 se

969 2452 1246 2513 Salutares
1269 2472 1371 2528 pro
1403 2471 1473 2513 eo
1515 2457 1772 2513 victimas
1821 2457 2162 2526 oblaturum,
2191 2458 2350 2513 abiit.
2381 2459 2592 2514 Absce-

969 2544 1155 2603 dente.
1184 2548 1374 2619 itaque
1407 2549 1528 2605 viro
1575 2550 1699 2616 Dei,
1731 2551 1987 2620 protinus
2011 2551 2178 2606 homo
2205 2551 2457 2608 suaviter
2490 2553 2590 2608 ob-

969 2629 1272 2697 dormivit:
1301 2642 1568 2714 evigilans
1616 2652 1828 2710 autem,
1869 2643 2203 2714 particulam
2251 2644 2480 2700 corticis
2516 2645 2587 2701 ab

966 2730 1128 2789 Oculo
1157 2750 1268 2790 non
1291 2735 1414 2790 sine
1443 2737 1703 2806 lanugine
1730 2737 1972 2807 quadam
1999 2735 2257 2807 proiecit,
2280 2747 2338 2793 et
2360 2754 2392 2794 e
2416 2739 2586 2794 vesti-

966 2821 1056 2891 gio
1081 2823 1266 2881 factus
1291 2825 1606 2894 incolumis,
1635 2826 1840 2882 nullam
1865 2827 1936 2883 de
1969 2836 2171 2883 caetero
2199 2827 2405 2884 doloris
2423 2828 2590 2900 bujus

964 2915 1278 2975 molestiam
1308 2919 1502 2975 sensit.

974 3038 984 3066 ι
1037 3005 1275 3090 Quidam
1304 3009 1646 3068 Turonensis
1671 3011 1932 3068 Ecclesim
1961 3012 2166 3069 clerico
2196 3012 2402 3070 letbale
2423 3002 2586 3072 ulcus

962 3099 1020 3155 in
1045 3099 1277 3158 brachio
1321 3104 1649 3174 pestilenter
1697 3112 2048 3172 excreterat,
2083 3114 2144 3162 ut
2163 3106 2272 3162 sibi
2297 3105 2416 3176 jam
2470 3123 2586 3165 non

963 3188 1252 3264 languoris
1281 3197 1687 3268 rgritudinem,
1717 3197 1812 3252 sed
1841 3193 2016 3268 ipsam
2043 3199 2227 3268 potius
2254 3199 2586 3255 intermina-

2704 2008 2814 2064 rat,
2857 2013 2958 2054 ore
3006 1999 3191 2054 cordis
3240 1998 3463 2063 oravit;
3496 2006 3554 2052 et
3575 1996 3660 2052 sic
3699 1996 3898 2066 poculo
3926 1997 4334 2053 benedictionis

2701 2099 2954 2162 accepto,
2987 2098 3307 2160 reparatum
3333 2089 3439 2145 sibi
3468 2087 3768 2144 locutionis
3797 2086 4036 2143 officium
4061 2104 4332 2159 recogno-

2699 2184 2797 2239 vit.
2835 2183 2961 2239 llox
2990 2183 3162 2238 etiam
3193 2183 3450 2254 expedite
3504 2181 3756 2253 loquens,
3792 2181 3996 2241 mirum
4028 2183 4099 2238 de
4121 2198 4183 2238 se
4205 2199 4333 2256 spe-

2694 2278 2973 2344 ctaculum
3025 2277 3384 2334 cernentibus
3433 2276 3604 2349 ιιε
3659 2276 3832 2342 dedit,
3889 2285 3946 2331 et
3970 2277 4104 2346 quid
4127 2279 4330 2335 beatus

2696 2371 2856 2428 0dilo
2882 2372 3027 2443 apud
3057 2371 3230 2427 Deum
3251 2379 3440 2442 posset
3459 2370 3750 2425 evidenter
3779 2369 4040 2425 innotuit.

2767 2464 3046 2520 Przeterea
3077 2478 3205 2520 eum
3235 2463 3325 2518 vir
3363 2461 3701 2518 venerabilis
3730 2462 3877 2533 apud
3906 2460 4208 2531 quamdam
4233 2472 4328 2512 ec-

2693 2557 2922 2614 clesiam
2953 2556 3280 2613 monasterii
3310 2555 3458 2626 quod
3484 2553 3694 2610 dicitur
3719 2552 3895 2610 Vallis
3919 2553 4105 2608 Aurea
4137 2551 4324 2607 cibum

2692 2659 2940 2719 caperet,
2967 2648 3067 2702 sed
3110 2646 3295 2702 locum
3317 2659 3517 2716 magna
3556 2643 3673 2698 vini
3703 2641 3961 2699 laborare
3987 2641 4222 2715 penuria
4242 2639 4330 2695 di-

2693 2739 2940 2807 dicisset,
2998 2751 3068 2793 ne
3125 2746 3385 2808 gravaret
3424 2736 3655 2792 fratrem
3682 2736 3778 2807 qui
3813 2751 3940 2790 eum
3970 2751 4097 2791 cum
4127 2733 4327 2789 alacri-

2694 2840 2807 2886 tate
2826 2839 3167 2900 susceperat,
3195 2829 3302 2884 hoc
3323 2829 3381 2884 in
3401 2841 3700 2884 commune
3720 2826 3978 2897 pr:efixit,
4005 2833 4066 2879 nt
4084 2824 4326 2896 quisque

2691 2921 3145 2977 deeumbentium
3195 2934 3308 2976 uno
3334 2927 3551 2974 tantum
3581 2919 3794 2990 scypho
3821 2925 4119 2974 contentus
4146 2927 4321 2978 esset,

2689 3014 2824 3070 solis
2860 3024 3048 3070 autem
3077 3011 3369 3068 monachis
3394 3012 3663 3082 pincerna
3705 3009 3960 3084 poculum
3984 3007 4317 3080 geminaret.

2689 3105 2946 3162 Mensura
3004 3115 3188 3162 tamen
3239 3105 3549 3170 exceditur,
3605 3112 3662 3158 et
3704 3103 3890 3174 largus
3916 3103 3986 3156 ad
4020 3101 4319 3157 bibendum

2689 3209 2854 3269 pctus
2881 3197 3097 3254 cunctis
3124 3195 3480 3267 epulantibus
3515 3195 3830 3251 exhibetur.
3865 3193 4168 3249 Enimvero
4189 3209 4316 3247 cum

965 3279 1198 3342 returet
1219 3289 1474 3344 nionem.
1497 3289 1744 3362 Cumque
1763 3290 1850 3344 vir
1872 3289 1967 3344 Dei
1991 3289 2224 3347 Lucensi
2249 3292 2402 3365 (H5)
2425 3303 2584 3350 teae-
2612 3295 2660 3356 C
2692 3306 2790 3346 vas
2823 3289 2957 3346 illud
2987 3284 3266 3344 vinarium
3328 3297 3384 3344 et
3414 3303 3584 3342 unum
3628 3288 3902 3342 duntaxat
3923 3295 4073 3342 esset
4115 3294 4174 3341 et
4201 3301 4314 3340 mo-

961 3379 1117 3433 retur
1165 3379 1424 3450 hospitio,
1481 3382 1697 3436 aceedit
1748 3381 2008 3448 clericus,
2031 3393 2106 3452 et
2134 3384 2440 3453 periculum
2468 3395 2584 3442 tam
2688 3385 2900 3450 dicum,
2922 3399 3046 3444 non
3081 3382 3248 3436 modo
3276 3390 3358 3435 tot
3388 3381 3692 3436 indiscrete
3727 3379 4047 3434 bibentibus
4090 3394 4202 3434 non
4223 3379 4319 3433 de-

960 3469 1236 3536 peStiferze
1264 3470 1598 3528 calamitatis
1618 3473 1880 3529 ostendit.
1909 3473 2065 3541 Quod
2090 3474 2182 3530 ille
2211 3477 2371 3546 quasi
2393 3477 2583 3534 videre
2684 3475 2839 3542 fecit,
2885 3475 2983 3530 sed
3022 3483 3078 3529 et
3126 3473 3236 3527 illis
3263 3472 3674 3536 recedentibus,
3705 3471 3914 3542 absque
3937 3469 4049 3524 ulla
4071 3469 4316 3548 diminu-

958 3558 1335 3631 dissimulans,
1363 3563 1602 3619 latenter
1621 3565 1911 3620 brachium
1937 3568 2324 3636 apprehendit,
2348 3570 2581 3626 vivillca:
2685 3566 2839 3620 tione
2878 3572 3162 3636 repertum
3211 3571 3298 3618 est
3340 3561 3590 3632 plenum,
3617 3571 3677 3616 ut
3704 3576 3804 3633 per
3836 3562 3941 3616 hoc
3965 3558 4317 3615 evidentibus

958 3654 1144 3710 crucis
1200 3645 1545 3726 signaculum
1589 3656 1881 3728 imprimit,
1921 3669 2161 3728 euntque
2185 3659 2490 3726 dimittens,
2519 3675 2582 3718 ut
2683 3658 2957 3714 clarescat
2999 3655 3220 3712 indiciis
3270 3655 3400 3726 quia
3461 3655 3550 3709 vir
3603 3653 3820 3708 Domini
3867 3668 3977 3708 non
4007 3660 4226 3708 tantum
4260 3653 4312 3706 id

957 3734 1065 3802 sibi
1119 3756 1280 3804 caute
1320 3749 1607 3820 provideat
1633 3751 1901 3822 prtecipit.
1938 3750 2041 3818 Qui
2088 3752 2252 3822 paulo
2277 3763 2423 3825 post,
2446 3755 2578 3811 dum

955 3835 1134 3894 locum
1161 3840 1363 3896 ulceris
1388 3843 1662 3897 curiosius
1680 3845 1966 3899 attendere
1992 3845 2222 3912 studuit,
2246 3847 2398 3901 nulla
2416 3863 2578 3918 pror-

952 3946 1047 3988 sus
1067 3935 1297 4005 vestigia
1329 3936 1495 3991 deleti
1508 3935 1792 4008 languoris
1819 3939 2049 3992 invenit.
2087 3938 2448 4010 Stupcfactus
2476 3944 2576 4016 igi-

953 4034 1043 4080 tur
1062 4028 1308 4083 novitate
1330 4019 1607 4095 miraculi,
1631 4027 1698 4083 ad
1712 4018 2004 4087 hominem
2032 4030 2129 4087 Dei
2153 4045 2357 4103 pnesto
2384 4045 2572 4108 regre-

947 4116 1128 4186 ditur;
1170 4121 1302 4191 quid
1332 4121 1437 4177 sibi
1467 4123 1785 4194 contigerit,
1829 4139 1938 4178 non
1972 4133 2083 4178 tam
2121 4125 2388 4180 relatione
2418 4128 2570 4184 verbi

947 4225 1117 4281 quam
1134 4213 1454 4270 ostensione
1471 4215 1556 4270 sui
1574 4216 1787 4271 brachii
1811 4217 2224 4272 evidentissime
2250 4221 2568 4278 conﬁtetur.

945 4301 1105 4368 Quod
1129 4303 1220 4360 ille
1252 4306 1390 4360 satis
1417 4306 1660 4361 molestc-
1703 4307 1846 4374 tulit,
1887 4324 2127 4379 eumque
2148 4324 2180 4363 a
2211 4325 2313 4365 suo
2341 4328 2571 4383 conspe-

945 4405 1038 4449 ctu
1068 4403 1194 4451 cu'm
1236 4397 1613 4468 indigua‘tionc
1655 4400 1993 4455 exturbavit.
2028 4399 2167 4455 Nam
2191 4409 2453 4474 tanquam
2481 4421 2569 4461 ve-

944 4503 1087 4544 nena
1137 4492 1493 4561 serpentium,
1546 4493 1627 4547 sic
1670 4507 1922 4548 rumores
1980 4494 2262 4550 hominum
2298 4495 2564 4569 fugiebat.

941 4582 1246 4638 Asserebat
1292 4585 1440 4638 enim
1491 4585 1621 4654 quia
1671 4585 2076 4655 quantumlibet
2114 4587 2351 4643 sublime
2383 4592 2563 4646 sancti

2681 3751 2828 3820 apud
2853 3748 3026 3804 Deum
3051 3748 3231 3817 potuit
3255 3747 3557 3816 impetrare
3584 3747 3732 3815 quod
3752 3745 3935 3816 petiit,
3962 3745 4062 3799 scd
4086 3755 4143 3800 et
4171 3761 4309 3800 non-

2680 3841 2829 3895 nulla
2853 3855 2952 3911 per
2979 3854 3108 3894 eum
3140 3838 3405 3892 virtutum
3433 3837 3590 3907 signa
3617 3836 3888 3892 divinitus
3904 3843 4132 3890 ostensa
4153 3846 4305 3897 sunt.

2679 3935 2802 4003 qua:
2831 3931 3084 3986 nescivit.
3117 3930 3186 3984 Et
3214 3931 3283 3984 de
3320 3929 3495 4000 signis
3545 3928 3772 4000 quidem
3808 3936 3977 3999 atque
4010 3928 4311 3984 virtutibus

2676 4041 2818 4099 quas
2839 4026 2928 4082 vir
2953 4035 3181 4082 sanctus
3215 4025 3396 4080 adhuc
3419 4024 3474 4078 in
3494 4038 3731 4094 corpore
3752 4023 4088 4078 constitutus
4114 4031 4304 4078 osten-

2674 4119 2759 4174 dit
2789 4119 2897 4176 ista
2919 4117 3228 4184 suﬂiciunt;
3261 4133 3411 4173 nunc
3435 4117 3507 4173 ad
3528 4117 3917 4189 explicandum
3939 4115 4160 4172 felicem
4184 4115 4308 4186 ejus

2673 4212 2907 4279 obitum,
2938 4212 3240 4268 auxiliante
3260 4212 3517 4276 Domino,
3549 4211 4002 4284 propinquemus.

2746 4307 3044 4362 Enimvero
3099 4322 3421 4379 quanquam
3476 4307 3642 4361 homo
3695 4307 3790 4362 Dei
3819 4305 4300 4362 sublimitcrscin

2672 4399 3047 4470 spiritualibus
3065 4398 3263 4454 studiis
3285 4405 3340 4453 et
3367 4398 3558 4452 divina
3580 4398 4050 4469 contemplatione
4067 4415 4301 4469 snspen-

2671 4492 2838 4558 derit,
2869 4492 2924 4546 in
2949 4505 3182 4562 corpore
3212 4500 3399 4546 tamen
3428 4490 3690 4545 utilitatis
3738 4491 4012 4546 industria
4035 4505 4146 4545 non
4183 4505 4300 4545 me-

2671 4587 2939 4648 diocriter
2983 4585 3280 4640 laboravit.
3333 4580 3670 4640 Honasteria
3719 4584 3934 4640 SCiIl:Cl
3970 4585 4233 4640 nonnulla
4262 4586 4297 4640 tl

940 4675 1126 4745 operis
1158 4674 1452 4730 editicium
1498 4691 1597 4748 per
1621 4691 1778 4733 vana
1799 4677 1988 4749 gloria:
2021 4679 2207 4736 subito
2231 4682 2444 4737 corruit
2464 4698 2562 4753 ap-
2594 4677 2640 4734 Ii
2670 4675 3042 4732 fundamentis
3071 4677 3283 4744 erexit;
3337 4676 3444 4730 alia
3479 4676 3564 4732 vel
3598 4675 3716 4747 jam
3755 4678 4049 4744 semiruta,
4075 4676 4164 4734 vel
4189 4679 4296 4733 rui-

941 4767 1200 4834 petitum.

1013 4859 1299 4916 Praeterea
1330 4862 1737 4934 milesquidam
1773 4874 1885 4919 tam
1919 4867 2119 4922 mentis
2148 4867 2307 4938 inops
2333 4877 2456 4923 erat
2482 4867 2561 4924 ef-

938 4952 1141 5019 fectus,
1192 4961 1252 5008 ut
1273 4957 1576 5027 postposita
1609 4958 1829 5028 penitus
1858 4961 2011 5015 omni
2041 4977 2173 5016 cura
2225 4963 2440 5032 privata
2475 4961 2560 5016 vel

936 5044 1176 5115 publica,
1226 5061 1328 5117 per
1375 5047 1535 5104 devia
1593 5051 1869 5122 solivagus
1918 5061 1974 5106 et
2002 5052 2182 5108 nudus
2202 5062 2440 5119 erraret,
2470 5055 2557 5108 in-

932 5137 1188 5192 conditas
1223 5153 1388 5194 voces
1425 5140 1724 5206 emitteret,
1755 5150 1812 5196 et
1855 5152 2120 5214 tanquam
2148 5145 2553 5201 daemoniacum

2666 4784 2794 4825 nam
2822 4772 2965 4826 forte
2989 4771 3281 4837 minantia,
3308 4770 3607 4841 reparavit.
3637 4769 3898 4824 Dilatavit
3926 4770 4034 4826 illis
4054 4771 4288 4841 prandia,

2666 4864 2948 4920 nonnullis
3007 4864 3175 4919 etiam
3228 4863 3465 4936 insignia
3505 4863 3742 4920 contulit
3769 4875 4121 4919 ornamenta.
4153 4864 4291 4932 Quae

2666 4970 2796 5013 vero
2845 4957 3182 5012 monasteria
3225 4971 3366 5012 nova
3407 4958 3740 5024 condiderit,
3781 4958 3984 5028 quibus
4008 4958 4287 5029 parietina

2666 5062 2902 5116 tantum,
2931 5061 2988 5106 et
3007 5060 3157 5107 sarta
3193 5059 3335 5106 tecta
3361 5051 3580 5104 collatis
3605 5051 3918 5122 sumptibus
3940 5052 4287 5107 instauravc-

2665 5146 2759 5212 rit,
2804 5159 3136 5201 enumerare
3189 5157 3288 5213 per
3332 5144 3584 5198 ordinem
3626 5143 3835 5197 idcirco
3873 5147 4281 5215 postponiuzus.

929 5241 993 5284 se
1023 5229 1444 5298 perinordinati
1483 5243 1670 5304 gestus
1711 5235 1982 5290 insaniam
2006 5236 2314 5293 exhiberet.
2338 5238 2437 5294 Cui
2465 5240 2554 5296 vir
2662 5253 2733 5292 ne
2785 5235 3100 5307 prolixitate
3149 5234 3276 5306 styli
3333 5235 3564 5290 lacinias
3617 5246 3919 5290 contexere
3971 5237 4277 5300 videamur,

931 5317 1152 5394 Domini
1183 5331 1410 5391 paterna
1438 5323 1641 5394 pietate
1676 5327 2043 5397 compatiens,
2085 5329 2250 5385 simul
2275 5345 2401 5384 cum
2432 5330 2550 5386 fra-

2661 5329 2966 5400 prarsertim
3020 5342 3148 5391 cum
3203 5327 3257 5379 in
3311 5326 3444 5396 ipsis
3492 5327 3632 5381 vivis
3684 5327 3947 5397 operibus
3990 5337 4279 5397 gesturum

933 5412 1117 5468 tribus
1141 5424 1269 5483 ante
1297 5416 1473 5472 altare
1502 5421 1679 5474 sancti
1707 5420 1854 5474 Petri
1883 5423 2276 5490 prosternitur,
2306 5424 2548 5478 divinam
2658 5420 2824 5475 tidem
2882 5419 3054 5473 multo
3095 5417 3298 5473 clarius
3341 5419 3704 5488 experiantur
3748 5417 3919 5485 oculi,
3958 5435 4126 5490 quam
4167 5422 4280 5476 ullo

931 5506 1287 5563 clementiam
1313 5526 1440 5566 cum
1470 5513 1700 5584 psalmis
1736 5524 1793 5570 et
1819 5515 2026 5571 litaniis
2055 5515 2332 5588 implorat,
2361 5525 2422 5572 ut
2447 5532 2547 5587 pe-
2658 5527 2916 5569 sermone
2940 5511 3164 5566 valeant
3193 5512 3433 5566 narrari.
3468 5511 3909 5583 Dispensatiouis
3936 5528 4159 5582 quoque
4184 5528 4280 5584 ge-

1865 5631 2175 5690 ANDREE
2217 5633 2492 5690 CHESNU
2531 5634 2622 5689 ET
2657 5627 2975 5688 ANONYIII
3018 5625 3260 5685 NOTE.

995 5737 1162 5819 μς»)
1193 5738 1427 5794 Licetne
1445 5741 1629 5819 _dix_it,
1659 5745 1805 5819 quod
1846 5745 2050 5802 Glaber
2103 5746 2449 5819 Rodulphus,
2492 5758 2551 5819 et

2663 5753 2846 5799 tamen
2899 5742 3249 5798 Mabillonius
3295 5741 3707 5814 intelligendum
3756 5745 3845 5798 hic
3903 5757 4026 5800 esse
4067 5747 4134 5801 de
4164 5747 4279 5802 ιιι-

939 5805 1029 5890 alii
1075 5805 1342 5890 Lucem;
1374 5805 1627 5890 anLucis,
1655 5805 1750 5890 seu
1778 5814 2002 5890 latebis,
2050 5820 2172 5888 pagi
2205 5805 2545 5872 Turonensis
2654 5817 2805 5890 censi
2846 5817 2980 5890 urbe
3007 5855 3022 5874 ,
3059 5829 3183 5882 quae
3230 5805 3534 5885 respublica
3586 5826 3667 5869 est
3713 5816 3766 5868 in
3813 5816 4063 5882 Etruria,
4115 5820 4279 5890 Vulgo

939 5879 1074 5935 urbe
1107 5897 1122 5935 :
1153 5895 1278 5952 qua
1302 5880 1508 5937 Gallice
1542 5881 1741 5939 Laches
1780 5879 2002 5944 dicitur.
2035 5879 2307 5947 Ducum.
2337 5919 2410 5933 -—-
2451 5889 2548 5945 At-

2661 5887 2861 5943 Laccn.
2893 5887 3141 5941 Anon".
