5652 6378
1036 348 1142 407 915

2425 339 2584 396 VITA
2627 337 2686 394 S.
2726 335 2819 398 MA
2831 333 2965 392 CIII.

4249 313 4350 370 9J6

1032 515 4278 557 _______________________________.___

1957 707 2310 825 VITA
2397 703 2925 822 SANCTI
3010 701 3468 819 MAURI

1414 948 1688 995 IPISCOI‘I
1733 944 2092 994 CBSENATIS
2138 947 2218 990 ΕΤ
2260 945 2703 1002 CONFBSSORIS,
2750 947 2828 990 Εἰ
2878 945 3120 990 οιωιΝΒ
3164 947 3218 991 8.
3266 944 3606 989 BBNEDIC'I‘I
3652 941 3984 986 ASSL‘MP'I‘I.

2535 1094 2637 1172 (20
2663 1094 2830 1170 Jan.)

2125 1261 2278 1322 Cum
2315 1261 2490 1322 notis
2521 1257 2796 1319 Joannis
2834 1255 3136 1318 Bollandi
3161 1256 3230 1319 S.
3266 1257 3331 1318 Ι.

1661 1576 1934 1634 PBOLOG
1945 1576 2050 1633 US.

1123 1674 1424 1750 Cupientes
1455 1670 1657 1742 aliquid
1686 1670 1931 1726 scribere
1978 1669 2047 1725 ad
2079 1667 2309 1738 gloriam
2346 1669 2441 1725 Dei
2477 1666 2653 1723 nostri

1051 1774 1122 1829 de
1173 1768 1234 1823 Β.
1296 1764 1484 1822 Mauro
1529 1761 1817 1833 pontiﬁce,
1863 1760 1942 1818 sic
2001 1759 2311 1815 auditorum
2383 1757 2656 1814 desiderio

1050 1860 1378 1920 satisfacere
1431 1854 1716 1924 cupimus,
1770 1861 1831 1908 ut
1874 1851 2032 1921 juxta
2101 1851 2329 1923 digesta:
2371 1850 2657 1906 relationis

1051 1952 1305 2015 modum,
1345 1947 1563 2003 veritati
1612 1960 1710 2016 per
1736 1942 1920 1998 omnia
1971 1942 2345 1998 consulamus.
2396 1940 2658 1997 Contem-

1050 2043 1272 2101 nendus
1301 2039 1502 2111 quippe
1528 2038 1788 2107 pincerna
1820 2041 1904 2090 est
1943 2033 2061 2114 qui,
2107 2033 2236 2088 dum
2279 2032 2390 2087 vini
2444 2031 2658 2100 copiam

1047 2135 1252 2206 jactat,
1289 2129 1475 2186 faecem
1505 2142 1720 2197 quoque
1743 2127 2016 2198 punienda
2043 2125 2352 2181 temeritate
2383 2125 2656 2194 pr0pinat..

1051 2222 1344 2295 Improbus
1388 2218 1639 2291 Opipator
1681 2225 1786 2283 est,
1848 2217 1939 2286 qui
1994 2223 2146 2271 tanta
2192 2214 2490 2270 ambitione
2540 2213 2660 2269 aliis

1055 2314 1378 2374 convivium
1428 2319 1737 2382 praeparat,
1779 2317 1839 2363 ut
1888 2309 1943 2363 in
1984 2305 2339 2376 semetipsum
2384 2306 2664 2362 aestuantis

1059 2406 1230 2465 famis
1255 2402 1564 2459 incendium
1589 2401 1780 2455 saevire
1810 2399 2110 2468 permittat.
2145 2397 2497 2454 Temerarius
2520 2397 2663 2452 nihi-

1056 2495 1306 2553 lominus
1353 2498 1608 2547 narrator
1634 2496 1720 2544 est
1766 2489 1879 2559 qui,
1925 2489 2050 2543 dum
2103 2487 2324 2543 laudum
2377 2491 2664 2558 praeconiis

1056 2581 1204 2642 alios
1229 2583 1491 2640 extollere
1529 2581 1743 2644 nititur.
1793 2583 1907 2650 ipse
1935 2581 2104 2649 mergi
2137 2580 2188 2634 in
2223 2579 2479 2635 falsitatis
2505 2581 2665 2635 bara-

1058 2677 1253 2732 thrum
1301 2687 1408 2729 non
1461 2680 1699 2729 veretur.
1729 2669 1982 2725 Nonnulli
2016 2669 2159 2725 enim
2208 2668 2319 2724 Deo
2360 2685 2418 2724 se
2452 2671 2666 2728 deferre

1060 2769 1404 2837 existimant,
1457 2767 1524 2832 si,
1558 2754 1626 2821 tu
1682 2764 1973 2821 deferenda
2014 2764 2194 2819 laudis
2246 2763 2364 2836 ejus
2403 2764 2664 2834 insignia,

1061 2859 1324 2914 falsitatis
1374 2865 1688 2928 argumenta
1736 2865 2100 2925 componant;
2159 2854 2250 2924 qui
2313 2853 2569 2907 nimirum
2620 2852 2666 2906 si

2681 1575 2736 1636 Α
2761 1571 3008 1630 materia:
3052 1569 3388 1627 abundantia
3437 1569 3696 1641 suppetit,
3737 1572 3854 1642 ipsa
3907 1569 4033 1642 styli
4077 1568 4367 1640 prolixitas

2758 1663 3012 1734 prohibet
3059 1661 3116 1718 in
3175 1662 3377 1717 talibus
3427 1660 3728 1716 immorari.
3781 1659 3880 1717 Hic
3932 1669 4136 1729 autem,
4166 1662 4260 1719 ubi
4300 1664 4369 1720 de

2759 1755 2905 1811 beati
2955 1755 3062 1811 viri
3101 1754 3408 1810 Virtutibus
3485 1768 3658 1824 pauca
3722 1769 3846 1826 qua
3895 1755 4064 1817 scribi
4121 1756 4367 1813 debeant

2758 1855 2960 1918 pnesto
3009 1857 3156 1913 sunt,
3192 1846 3382 1902 utilius
3430 1845 3767 1901 arbitramur
3825 1847 3894 1902 ad
3940 1847 4368 1904 aedificationem

2761 1939 3095 1994 audientium
3123 1979 3137 2005 ,
3188 1939 3256 1993 ad
3310 1953 3476 2008 quam
3505 1937 3682 1992 omnis
3711 1936 4082 1994 ecclesiastica
4137 1939 4376 1994 intendit

2763 2029 3068 2100 Scriptura,
3123 2029 3176 2084 in
3223 2030 3492 2100 prooemio
3527 2037 3720 2084 contra
3737 2029 4077 2084 mendacium
4107 2031 4371 2096 scribere,

2763 2136 2928 2192 quam
2959 2135 3060 2192 pro
3083 2121 3415 2176 narrationis
3435 2121 3617 2191 inopia
3632 2121 3806 2193 ipsam
3831 2122 4118 2178 historiam
4143 2120 4372 2179 menda-

2763 2212 2978 2278 ciorum
3009 2210 3211 2267 finibus
3242 2211 3534 2282 protelare.

2837 2305 3024 2376 Igitur.
3054 2316 3176 2373 quae
3205 2304 3271 2358 de
3310 2304 3420 2358 vita
3449 2302 3536 2359 vel
3564 2302 3842 2358 miraculis
3871 2302 3931 2357 Β.
3966 2301 4139 2357 Mauri
4170 2301 4240 2357 ad
4272 2317 4368 2357 no-

2766 2405 2938 2454 stram
2951 2396 3201 2452 notitiam
3228 2397 3518 2466 pervenire
3547 2403 3863 2465 potuerunt,
3883 2393 4039 2463 juxta
4061 2395 4207 2464 quod
4234 2407 4376 2464 quo-

2767 2491 3020 2545 rnmdam
3046 2488 3445 2544 monachorum
3477 2501 3585 2542 non
3616 2487 3842 2543 omnino
3877 2483 4371 2555 contemptibilium

2767 2583 3040 2652 conjicere
3070 2581 3388 2636 narratione
3417 2580 3717 2651 potuimus,
3751 2577 4000 2634 ﬁdelibus
4019 2575 4223 2634 Christi
4248 2574 4382 2630 tide-

2767 2675 2893 2730 liter
2929 2673 3262 2729 intimamus.

3289 2760 3522 2819 CAPUT
3561 2759 3854 2816 PRIMUM.

3055 2853 3114 2910 S.
3145 2853 3326 2909 Mauri
3354 2856 3704 2923 episcopatus.
3742 2851 3809 2905 In
3838 2866 3900 2905 eo
3931 2858 4097 2919 gesta.

1061 2950 1277 3021 egregii
1316 2949 1694 3020 praedicatoris
1746 2949 1910 3003 verba
1953 2946 2665 3017 diligenter.attendercnt,
2705 2930 2746 2987 Β
2845 2947 2924 3003 Eo
2952 2949 3140 3018 itaque
3172 2955 3419 3017 tempore
3470 2961 3596 3001 cum
3640 2945 3824 3000 adhuc
3853 2944 4104 2998 Romana
4137 2939 4386 2996 Ecclesia

1064 3040 1200 3096 talia
1234 3052 1339 3094 non
1379 3037 1666 3093 sentirent.
1712 3037 1803 3092 Ait
1849 3037 1994 3092 enim
2024 3037 2323 3092 Corinthiis
2355 3053 2368 3090 :
2400 3036 2462 3092 Si
2491 3046 2668 3088 autem

1063 3127 1314 3185 Christus
1359 3145 1463 3183 non
1512 3130 1820 3195 resurrexit,
1867 3129 2045 3182 inanis
2092 3145 2215 3198 ergo
2246 3138 2321 3182 est
2361 3127 2670 3195 pra'dicntio

1065 3228 1275 3284 nostra,
1297 3234 1432 3274 vana
1457 3229 1531 3272 est
1559 3218 1690 3285 ﬁdes
1712 3228 1915 3283 vestra;
1943 3219 2238 3272 invenimur
2264 3227 2440 3270 autem
2475 3229 2521 3271 et
2547 3215 2672 3282 falsi

1067 3318 1226 3365 testes
1280 3307 1396 3373 Dei,
1447 3310 1696 3380 quoniam
1742 3303 2098 3363 testimonium
2151 3308 2383 3362 diximus
2423 3309 2672 3361 adversus

1066 3399 1267 3462 Deum,
1295 3400 1436 3470 quod
1479 3399 1808 3453 suscitaverit
1847 3398 2136 3462 Christum,
2182 3415 2336 3468 quem
2366 3396 2533 3468 419
2571 3415 2677 3452 non

1070 3492 1345 3546 suscitavit
1373 3489 1422 3561 (Ι
1457 3491 1579 3547 Cor.
1608 3475 1715 3561 ιιι).
1751 3491 2062 3547 Secundum
2093 3491 2210 3546 haec
2225 3506 2356 3562 ergo
2377 3491 2675 3560 apostolica

1071 3583 1247 3637 verba
1273 3579 1442 3637 falsus
1469 3582 1623 3648 testis
1648 3584 1758 3638 Deo
1782 3583 1978 3637 merito
2006 3583 2206 3637 dicitur
2232 3583 2348 3651 qui,
2384 3583 2680 3638 indiscrete

1076 3687 1206 3728 eum
1238 3673 1462 3744 cupiens
1501 3672 1746 3738 laudare,
1795 3673 2086 3737 mentitur;
2117 3681 2171 3726 et
2216 3657 2477 3726 adversus
2511 3673 2677 3726 Deum

1075 3762 1268 3834 procul
1301 3762 1464 3818 dubio
1494 3763 1747 3832 perhibet
1799 3763 2170 3818 testimonium
2201 3761 2451 3832 quisquis
2475 3763 2527 3816 in
2563 3761 2681 3831 ejus

1077 3852 1240 3908 laude
1274 3868 1533 3923 perversa
1563 3854 1784 3909 molitur
1823 3863 1939 3908 arte
1981 3863 2370 3907 commentum.
2405 3853 2678 3924 PrOpheta

1078 3958 1300 4026 quoque
1347 3944 1664 4001 terribiliter
1715 3947 1946 4010 intonat,
2003 3945 2233 3999 dicens:
2284 3944 2458 3999 Odisti
2504 3962 2680 4000 omnes

1079 4037 1172 4106 qui
1204 4047 1487 4105 operantur
1511 4037 1859 4107 iniquitatem,
1907 4038 2093 4106 perdes
2135 4053 2222 4091 eos
2251 4039 2340 4108 qui
2393 4037 2683 4109 loquuntur

1081 4127 1414 4179 mendacium
1443 4123 1620 4193 (Psal.
1652 4127 1724 4197 v).
1761 4126 2025 4180 Nimirum
2073 4126 2364 4202 manifeste.
2395 4127 2683 4182 declarans

1083 4219 1232 4286 quia,
1265 4217 1405 4271 sicut
1433 4217 1607 4274 levius
1645 4229 1729 4273 est
1753 4220 1905 4274 odire
1927 4235 2089 4289 quam
2122 4219 2372 4289 perdere,
2405 4219 2476 4274 ita
2516 4220 2680 4275 etiam

1086 4281 1421 4363 tolerabilius
1468 4316 1553 4362 est
1584 4309 1924 4378 iniquitatem
1945 4281 2024 4363 ex
2057 4281 2372 4364 infirmitate
2395 4309 2680 4381 perficere,
2710 4281 2756 4343 Ο

1086 4412 1251 4466 quam
1278 4412 1344 4452 cx
1377 4398 1557 4454 studio
1582 4401 1862 4456 mendacia
1896 4400 2188 4457 fabricare.

1144 4487 1530 4561 Hincestquod
1557 4506 1654 4559 per
1676 4489 1968 4546 Jeremiam
1983 4493 2048 4547 de
2065 4493 2416 4549 mendacibus
2444 4494 2642 4548 dicitur
2667 4511 2679 4546 :

1090 4579 1392 4637 ﬂoruerunt
1422 4583 1632 4652 linguas
1660 4600 1784 4636 suas
1826 4583 1970 4654 loqui
2005 4585 2374 4651 mendacium;
2414 4594 2468 4639 ut
2510 4587 2686 4656 inique

1090 4683 1300 4742 agerent
1352 4673 1720 4728 laboraverunt
1770 4674 1906 4745 (Jer.
1937 4676 2036 4747 Ix).
2068 4675 2169 4744 Qui
2209 4677 2353 4732 enim
2379 4679 2684 4749 simplicem

1091 4767 1375 4822 veritatem
1413 4767 1557 4822 ultro
1615 4768 1850 4823 oblatam
1898 4769 2144 4839 proferre
2190 4770 2348 4826 facile
2391 4781 2684 4839 poterant,

1093 4867 1366 4929 satagunt,
1394 4867 1454 4912 ut
1485 4860 1764 4915 mendacia
1815 4877 1938 4915 cum
1980 4861 2166 4917 labore
2187 4861 2523 4933 confingant.
2564 4862 2685 4927 Hic,

1091 4954 1134 5006 si
1173 4952 1293 5021 quis
1325 4967 1422 5006 nos
1453 4953 1623 5022 longa:
1657 4952 1992 5022 prtefationis
2020 4953 2162 5010 forte
2190 4954 2499 5025 redarguat,
2527 4963 2690 5026 atque

1089 5045 1144 5099 id
1182 5044 1325 5114 quod
1363 5043 1415 5097 in
1451 5045 1884 5100 Machabmornm
1916 5045 2054 5100 libro
2092 5045 2358 5116 scripturn
2383 5055 2485 5102 est
2515 5059 2691 5102 auste-

1086 5149 1180 5191 rus
1219 5149 1414 5192 censor
1461 5143 1700 5204 opponat
1741 5151 1754 5189 :
1805 5136 2041 5191 Stultum
2081 5147 2178 5202 est,
2235 5137 2514 5207 inquiens,
2569 5149 2689 5192 ante

1084 5227 1367 5284 historiam
1417 5229 1659 5300 eﬂluere,
1704 5231 1760 5284 in
1797 5231 1912 5298 ipsa
1960 5240 2138 5285 autem
2192 5232 2414 5286 historia
2457 5233 2689 5300 succingi

1085 5315 1172 5388 (Il
1207 5317 1454 5378 Hachab.
1487 5320 1587 5391 ll);
1622 5321 1762 5378 lianc
1791 5322 2066 5378 reddimus
2099 5325 2394 5391 rationem,
2423 5325 2572 5395 quia,
2599 5324 2690 5377 ubi

2773 3040 3072 3108 spatiosius
3099 3038 3272 3093 multo
3303 3052 3466 3107 quam
3501 3052 3647 3092 nunc
3675 3034 4082 3106 possessionum
4113 3033 4238 3104 jura
4264 3047 4390 3102 pro-

2775 3133 3044 3195 tenderet,
3097 3139 3152 3186 et
3204 3132 3349 3185 inter
3408 3139 3605 3186 caetera
3681 3128 3963 3184 Caesenate
4008 3126 4176 3181 etiam
4229 3124 4387 3194 oppi-

2775 3225 2901 3279 dum
2934 3223 3082 3294 (150)
3111 3222 3442 3294 possideret,
3467 3220 3699 3290 contigit
3731 3229 3790 3274 ut
3810 3218 4000 3274 eadem
4030 3216 4254 3272 Caesena
4285 3230 4387 3270 suo

2777 3318 3083 3388 privaretur
3105 3315 3382 3384 episcopo.
3408 3313 3654 3382 Cumque
3670 3311 3951 3365 Romanus
3972 3307 4219 3378 pontifex
4237 3305 4389 3378 (151)

2777 3415 3026 3462 cerneret
3051 3414 3305 3474 nepotem
3359 3418 3515 3458 suum
3535 3442 3549 3467 ,
3577 3403 3796 3456 beatum
3828 3400 4082 3454 videlicet
4117 3398 4388 3463 Maurum,

2777 3496 3043 3550 virtutum
3087 3484 3346 3566 gradibus
3375 3494 3438 3547 ad
3470 3493 3580 3546 alta
3629 3491 4036 3554 conscendere,
4087 3500 4142 3545 et
4176 3489 4228 3543 in
4262 3503 4392 3543 san-

2781 3595 2881 3640 ctae
2905 3585 3340 3642 conversationis
3357 3583 3540 3637 studio
3563 3597 3670 3636 non
3696 3581 3938 3652 segniter
3960 3581 4186 3651 vigilare
4207 3581 4390 3651 (152),

2780 3689 3080 3745 congruum
3106 3673 3262 3728 duxit
3291 3681 3349 3726 ut
3380 3672 3540 3727 talem
3571 3673 3749 3726 virum
3785 3671 3854 3725 ad
3887 3670 4248 3726 sacerdotalis
4273 3669 4392 3724 oili—

2781 3765 2852 3819 cii
2888 3765 3100 3834 apicem
3145 3773 3536 3838 promoveret,
3571 3771 3841 3832 quatenus
3896 3761 4118 3817 lucerna
4153 3761 4394 3830 Spiritus

2783 3855 2956 3909 sancti
2987 3870 3094 3909 non
3125 3854 3226 3909 sub
3250 3854 3431 3909 modio
3461 3853 3827 3917 delitesceret,
3859 3853 3978 3920 sed,
4003 3868 4169 3922 super
4197 3853 4395 3908 caude-

2783 3947 2997 4001 labrum
3029 3946 3236 4018 posita,
3265 3961 3457 4001 omnes
3497 3946 3589 4016 qui
3639 3947 3692 3999 in
3734 3946 3897 4000 domo
3934 3945 4027 3999 Dei
4063 3953 4193 4000 sunt
4222 3960 4396 4000 sacra:

2782 4038 3048 4095 doctrinas
3069 4037 3239 4094 radiis
3265 4037 3576 4092 illustraret.
3612 4036 3750 4104 Quid
3767 4037 3919 4107 plura
3942 4037 3966 4090 ?
3990 4036 4233 4094 Tandem
4267 4033 4392 4092 bea-

2787 4141 2873 4186 tus
2904 4130 3124 4186 Maurus
3158 4129 3457 4186 Caesenatis
3501 4129 3758 4186 Ecclesia:
3799 4129 4117 4184 cathedram
4146 4170 4160 4194 ,
4211 4129 4398 4184 divina

2787 4223 3128 4294 providentia
3153 4223 3508 4292 disponente,
3546 4221 3807 4291 suscepit.
3861 4218 4066 4274 Idcirco
4098 4229 4280 4274 autem
4313 4220 4400 4275 vel

2790 4317 2936 4388 regis
2964 4316 3056 4386 qui
3081 4325 3209 4371 tunc
3239 4317 3564 4386 imperabat,
3589 4324 3681 4367 aut
3702 4314 3875 4383 ipsius
3910 4312 4194 4382 apostolici
4227 4312 4396 4384 ἀπο

2787 4407 3036 4482 praesidis
3082 4407 3172 4463 hic
3225 4407 3576 4478 interponere
3640 4407 3862 4462 nomina
3918 4403 4393 4474 prastermisimus,

2789 4499 2914 4568 quia
2940 4514 3064 4554 cum
3092 4498 3226 4569 ipsis
3248 4499 3341 4568 qui
3373 4497 3530 4553 nobis
3565 4496 3776 4566 reliqua
3801 4495 4033 4559 dictant,
4052 4497 4167 4550 haec
4189 4496 4397 4566 pariter

2790 4593 3126 4662 ignoramus.
3180 4591 3383 4646 Eorum
3436 4605 3672 4659 namque
3721 4589 3986 4644 vocabula
4039 4588 4090 4642 in
4148 4589 4394 4658 antiquis

2790 4684 3009 4754 quidem
3049 4683 3210 4738 tomis
3248 4682 3399 4754 (153)
3438 4695 3498 4735 se
3536 4679 3739 4734 vidisse
3789 4686 4246 4740 commemorant,
4303 4679 4398 4734 sed

2792 4788 2913 4829 cum
2942 4774 3138 4829 civitas
3168 4782 3294 4828 ante
3323 4773 3438 4828 haec
3462 4771 3694 4826 ﬂammis
3716 4770 3906 4826 fuisset
3932 4780 4150 4837 exusta,
4200 4785 4391 4826 monu-

2791 4875 2976 4921 menta
3003 4881 3220 4937 quoque
3250 4866 3537 4936 perhibent
3561 4864 3721 4920 simul
3748 4863 3917 4920 fuisse
3949 4874 4291 4935 consumpta.

2864 4956 3000 5014 Cum
3029 4958 3196 5028 igitur
3239 4958 3325 5012 vir
3367 4957 3580 5012 Domini
3627 4957 3848 5013 Maurus
3899 4963 4009 5010 tam
4039 4957 4224 5011 ardua:
4251 4971 4398 5010 cura:

2794 5049 2896 5104 sibi
2951 5050 3328 5119 conspexisset
3366 5064 3506 5104 onus
3549 5051 3862 5120 impositura
3890 5091 3903 5114 ,
3946 5048 4091 5104 sicut
4128 5048 4194 5104 de
4242 5049 4403 5105 beato

2798 5141 2963 5204 Paulo
3000 5141 3196 5211 legitur
3231 5137 3374 5212 (Gal.
3434 5140 3506 5212 ι),
3536 5156 3883 5210 nequaquam
3937 5141 4211 5210 acquievit
4245 5139 4401 5194 carni

2799 5244 2854 5287 et
2879 5233 3170 5301 sanguini,‘
3192 5232 3285 5289 sed
3317 5232 3485 5304 cmpit
3518 5247 3577 5288 se
3608 5233 3661 5286 in
3686 5232 3886 5288 divinis
3935 5232 4220 5302 obsequiis
4249 5240 4400 5286 tanto

2800 5326 3202 5396 vigilantiorem
3239 5326 3468 5382 reddere
3495 5367 3508 5394 ,
3540 5334 3750 5396 quanto
3800 5326 3903 5381 sibi
3945 5335 4172 5382 noverat
4215 5335 4269 5381 et
4327 5334 4405 5382 t0t

2365 5438 2415 5494 J.
2458 5439 2678 5494 BOLLA
2690 5437 2802 5494 NDI
2846 5439 3078 5496 NOTAE.

1166 5525 1315 5599 (150)
1364 5525 1607 5600 Leander
1636 5529 1937 5600 Albertus;
1986 5528 2282 5600 Camenam
2311 5528 2682 5600 Langobardo-

1099 5611 1212 5648 rum
1263 5597 1580 5665 temporibus
1609 5601 1664 5652 in
1688 5601 1792 5668 ﬁde
1822 5599 1966 5652 urbis
2007 5597 2189 5654 Romae
2230 5597 2531 5654 constanter
2568 5602 2678 5655 qu-

1096 5681 1227 5718 sere.

1168 5734 1316 5806 (151)
1344 5736 1605 5793 Joannem
1637 5736 1719 5793 Μ’
1746 5739 1888 5795 hunc
1917 5739 2084 5796 fuisse
2113 5740 2277 5796 tradit
2307 5739 2612 5807 Ferrarius,
2640 5753 2698 5796 ut

2791 5543 2918 5586 ante
2947 5532 3230 5652 scriqtum.

2861 5601 3009 5652 (I52)
3038 5600 3066 5652 Β
3092 5617 3230 5652 ρηιινι

2861 5600 3329 5683 (152)_§Ienardus
3365 5603 3490 5656 hinc
3522 5603 3754 5672 probare
3790 5609 4038 5665 conatur,
4069 5601 4401 5658 monachum

2803 5669 2972 5726 fuiSSe
2992 5669 3274 5724 Maurum.

2879 5742 3028 5812 (153)
3065 5743 3185 5794 Sur.
3201 5783 3214 5806 ,
3247 5741 3534 5796 codicibus.
