5652 6424
2142 412 2247 471 N7

2597 413 2657 470 8.
2699 414 2901 469 ιιι-ῖτηι
2940 413 3223 470 DAIIANI
3260 410 3409 470 OPP.
3450 407 3633 468 PARS
3669 411 3803 470 εει]
3844 410 4081 480 TOIUS
4117 409 4180 467 ll.
4213 443 4281 452 —
4319 407 4745 468 SANCTOBUI
4784 407 4992 489 νιτι,

635 0 5271 114 Μὴν-ῃ-

2139 525 2483 584 subditorum
2508 526 2810 586 custodiam
2855 527 3160 591 iminerc.
3193 525 3545 598 Per-pendens
3576 543 3729 587 nam:-
3756 534 3805 591 Α
3833 529 3927 584 sed
3957 527 4032 582 ita
4078 537 4197 582 erat
4245 540 4485 595 congruo
4529 533 4723 580 tenore
4763 524 4816 578 in
4858 523 5094 595 quodam
5129 522 5422 581 merlitaiiin

2137 631 2248 688 que
2277 616 2407 685 quia
2453 630 2546 670 ars
2582 625 2669 672 est
2720 618 2921 672 artium
2947 620 3191 687 regimen
3225 620 3534 674 aimarum
3555 661 3571 684 ,
3601 637 3733 676 con-

2138 719 2332 778 grum
2362 706 2645 776 judicabat
2673 722 2774 762 nec
2801 707 3137 766 internorurn
3170 725 3362 768 curam
3398 710 3732 772 exterion

2135 800 2494 870 occupatione
2517 801 2767 854 minuere
2789 840 2804 863 ,
2837 815 2939 853 nec
2975 816 3166 857 rursus
3190 801 3527 857 exterion
3559 802 3735 868 provi-

2135 890 2379 946 dentiam
2411 891 2750 946 internorum
2768 892 3136 947 sollicitudine
3157 891 3398 947 funditus
3421 893 3730 948 declinare:

2135 997 2205 1035 ne
2231 981 2485 1036 videlicet
2503 991 2600 1036 aut
2626 982 2992 1037 exterioribus
3020 981 3258 1047 deditus.
3278 984 3347 1038 ab
3371 984 3579 1040 intimis
3608 1001 3729 1040 om-

2135 1071 2267 1127 nino
2309 1081 2610 1139 corrueret,
2662 1083 2756 1127 aut
2799 1073 2930 1130 solis
2977 1075 3329 1131 interioribus
3391 1087 3729 1146 occupatus,

2132 1177 2255 1231 qua:
2286 1159 2424 1218 foris
2447 1163 2679 1219 debebat
2715 1166 3002 1234 proximis,
3035 1166 3395 1238 negligentius
3422 1169 3729 1222 exhiberet.

2203 1252 2360 1324 Sape
2386 1269 2622 1326 namque
2655 1257 2922 1324 nonnulli,
2951 1257 3097 1312 velut
3123 1258 3273 1314 obliti
3303 1260 3446 1330 quod
3470 1259 3728 1315 fratribrn

2132 1343 2438 1399 animam
2470 1360 2634 1401 causa
2659 1347 2866 1416 praiati
2911 1357 3062 1415 sunt,
3102 1359 3253 1404 tanto
3306 1352 3488 1406 cordis
3531 1352 3726 1406 annisn

2129 1437 2482 1494 semitaribus
2498 1439 3008 1505 curis'inserviunt,
3030 1442 3173 1512 quod
3200 1442 3323 1508 bas,
3350 1459 3475 1498 cu
3505 1443 3725 1509 adsunt,

2127 1543 2188 1583 sc
2214 1542 2378 1599 agere
2406 1529 2682 1584 exsultant
2707 1549 2720 1583 :
2747 1530 2814 1585 ad
2854 1531 2953 1590 bas
2975 1533 3166 1597 etiam,
3205 1549 3328 1589 cu
3359 1534 3578 1599 desunt,
3615 1545 3729 1590 tur-

2124 1620 2362 1676 bulentis
2385 1622 2778 1703 cogitationum
2805 1624 3030 1679 tatibus
3057 1625 3334 1680 anhelant.
3365 1626 3612 1697 Cumque
3657 1629 3727 1681 ab

2122 1713 2493 1780 bis,cessaule
2512 1713 2743 1770 forsitan
2769 1718 3199 1786 opportunitate,
3221 1719 3390 1788 quieti
3418 1730 3565 1783 sunt,
3608 1720 3723 1796 ipsa

2121 1807 2362 1863 dcta-ius
2384 1822 2481 1861 sua
2525 1809 2710 1877 quiete
2749 1806 3064 1879 fatigantur.
3098 1808 3442 1879 Voluptatem
3488 1826 3723 1881 namque

3836 619 4183 682 constitutus,
4225 627 4278 671 ut
4327 625 4383 674 et
4427 630 4593 687 super
4622 630 4680 670 se
4717 614 4906 687 positis
4937 614 5161 672 liberam
5189 613 5420 672 visenda

3838 713 4002 774 totius
4029 724 4165 780 pene
4193 709 4446 768 dia-cesi:
4481 706 4796 762 facultatem
4835 707 5120 773 tribueret,
5155 722 5215 763 se
5241 716 5418 761 autem

3835 802 4191 857 ascendentes
4219 814 4564 870 nequaquam
4594 796 4864 853 excelsior
4901 798 5126 854 declivis
5153 799 5421 870 pm

3835 895 3935 948 bus
3961 892 4235 963 fatigaret.
4277 891 4406 945 Erat
4436 891 4582 945 enim
4610 905 4768 944 mons
4808 889 4899 966 ille
4935 904 5221 946 nemorosa
5247 892 5420 946 river-

3834 1000 4019 1040 sarum
4047 984 4302 1040 arborum
4345 982 4617 1038 densitate
4649 981 4898 1036 vestitus.
4935 979 5034 1036 llic
5058 981 5242 1051 itaque
5264 995 5422 1046 mnus

3833 1078 3906 1132 ita
3935 1077 4076 1132 beati
4109 1076 4208 1136 viri
4235 1076 4545 1146 aspectibus
4585 1073 4809 1145 placuit,
4847 1089 4911 1130 ac
4945 1073 4990 1129 si
5039 1082 5277 1129 munem
5308 1071 5424 1130 Oli-

3831 1168 3938 1222 veti
3979 1167 4229 1236 adjacere
4257 1166 4377 1222 urbi
4411 1164 4750 1222 llierusale
4781 1175 5051 1232 cerneret,
5086 1174 5250 1237 atque
5276 1166 5422 1223 bne

3829 1259 4096 1328 psalmum
4129 1275 4237 1316 non
4271 1259 4542 1318 immerito
4567 1273 4690 1330 cum
4718 1256 4986 1332 Propheta
5011 1257 5296 1328 eandm
5323 1273 5422 1327 po:

3831 1351 4064 1402 uisset:
4100 1347 4326 1412 leuior,
4363 1348 4558 1418 inquit,
4600 1364 4690 1402 πο
4739 1349 4839 1413 tui,
4882 1345 5128 1414 Domine,
5176 1348 5244 1401 de
5278 1357 5420 1418 terra

3827 1438 4083 1492 Iordanis
4112 1448 4161 1493 et
4195 1438 4548 1503 Hermoniim,
4589 1455 4622 1492 s
4658 1448 4835 1492 ments
4866 1438 5071 1492 medico
5096 1435 5270 1508 (Plat.
5305 1451 5421 1504 nl,

3827 1527 3914 1596 7);
3943 1542 4105 1595 quem
4142 1527 4393 1600 videlicet
4434 1536 4673 1594 montem
4716 1527 4868 1596 prius
4894 1541 4926 1581 a
4957 1526 5202 1584 hunc
5244 1526 5424 1597 penti-

3829 1615 3951 1680 ﬂce,
3983 1616 4084 1671 sub
4112 1616 4268 1689 cujus
4284 1616 4410 1686 jure
4438 1618 4805 1688 detinebatur,
4835 1619 5010 1696 petiit,
5039 1618 5236 1679 deinde
5257 1617 5424 1674 cellu-

3827 1705 3934 1760 lam
3972 1707 4077 1761 sibi
4132 1707 4242 1762 illic
4287 1723 4410 1762 cum
4466 1709 4665 1780 exigua
4704 1707 4936 1764 ecclesia
4986 1706 5300 1776 ωτὶαγίι,
5327 1708 5422 1763 ubi

3825 1797 4293 1870 Quadragesimali
4357 1809 4598 1870 tempore
4655 1815 5041 1870 perseverans.
5365 1807 5424 1855 et

2119 1898 2443 1964 decernat,
2473 1899 2520 1954 si
2561 1899 2871 1955 actionibus
2914 1899 3305 1971 deprimantur,
3337 1901 3579 1956 laborem
3622 1899 3720 1972 pu-
3751 1903 3796 1963 B
3822 1890 4162 1944 οηιιὶοιιίδιη
4212 1905 4351 1964 ορατ

3190 1911 3305 1965 ιιηιι.
3337 1901 3579 1956 “bona.
3622 1899 3720 1972 po.
3751 1903 3796 1963 Β
3822 1890 4162 1944 orationibus
4212 1905 4434 1964 operam
4481 1891 4669 1957 dabat,
4710 1901 4765 1947 et
4807 1891 4852 1946 si
4880 1891 5099 1968 quando
5138 1891 5207 1947 de

2116 1998 2254 2055 tant,
2279 1990 2326 2046 si
2358 1989 2416 2044 in
2442 1990 2674 2046 terrenis
2700 1989 2931 2062 negotiis
2966 2005 3077 2046 non
3105 1990 3377 2047 laborant.
3407 1991 3480 2047 At
3500 2003 3716 2064 contra,

2115 2081 2361 2136 nonnulli
2405 2082 2588 2153 gregis
2627 2082 2846 2152 quidem
2882 2099 3071 2139 curam
3121 2085 3446 2156 suscipiunt,
3494 2084 3589 2140 sed
3637 2084 3720 2139 sic

2113 2173 2333 2228 sibimet
2357 2188 2555 2230 vacare
2578 2175 2645 2229 ad
2668 2175 2971 2245 spiritalia
3000 2187 3282 2248 appetunt,
3300 2186 3360 2232 ut
3383 2177 3544 2254 rebus
3559 2186 3714 2250 exte—

2113 2263 2352 2319 rioribus
2373 2262 2683 2320 nullatenus
2710 2275 3063 2336 occupentur.
3090 2266 3194 2334 Qui
3217 2283 3342 2322 cu
3372 2283 3569 2322 curare
3593 2282 3716 2322 eor-

2114 2353 2323 2424 poralia
2343 2353 2588 2411 funditus
2610 2355 2913 2429 negligunt,
2933 2359 3276 2413 subdiwrum
3300 2361 3716 2416 necessitatibus

2116 2444 2342 2500 minime
2396 2455 2730 2512 occurrunt;
2787 2462 3020 2518 quoru
3079 2449 3339 2504 nimirum
3398 2451 3716 2519 pradicatio

2118 2533 2440 2605 plerumque
2488 2537 2804 2608 despicitur,
2883 2540 3032 2609 quia,
3098 2539 3227 2594 dum
3280 2540 3712 2610 delinquentium

2109 2627 2254 2682 facta
2274 2629 2601 2698 corripiunt,
2637 2629 2733 2685 sed
2764 2639 2945 2685 nmen
2973 2631 3054 2687 eis
3087 2633 3398 2687 necessaria
3425 2629 3711 2703 praemis

2111 2721 2370 2775 vitanon
2407 2721 2670 2788 tribunt,
2718 2738 3062 2795 nequaquam
3109 2723 3342 2780 libenter
3392 2726 3707 2782 audiuntur.

2108 2808 2332 2878 Egentis
2384 2811 2584 2865 etenim
2620 2819 2862 2866 mentem
2890 2813 3154 2868 doctrina:
3190 2829 3373 2869 sermo
3401 2829 3505 2869 non
3538 2830 3708 2885 pene-

2106 2907 2237 2965 trat,
2259 2899 2307 2954 si
2336 2899 2482 2955 hunc
2509 2901 2652 2970 apud
2678 2901 2801 2970 ejus
2825 2902 3068 2958 animum
3095 2920 3288 2960 manus
3323 2904 3712 2962 misericordia:

2105 3004 2216 3043 non
2267 2991 2630 3045 commendat.
2687 2990 2842 3047 'l'nnc
2880 3002 3062 3048 autem
3106 2995 3258 3050 verbi
3305 3011 3492 3051 semen
3546 2997 3710 3052 facile

2104 3081 2400 3151 germinat,
2429 3083 2647 3152 quado
2693 3083 2798 3139 hoc
2844 3085 2900 3140 iu
2945 3086 3219 3142 audientis
3259 3096 3481 3156 pectore
3529 3090 3707 3158 pietas

2104 3172 2460 3242 'p'redicantis
2509 3174 2668 3244 rigat.
2719 3172 2848 3229 liae
2895 3183 3073 3230 autem
3109 3176 3317 3232 idcirco
3356 3177 3425 3231 de
3472 3177 3705 3233 diversis

3823 1979 4060 2034 siasticis
4104 1980 4337 2049 negotiis
4379 1978 4551 2034 furari
4592 1987 4830 2050 poterat,
4869 1980 4939 2036 sd
4973 1980 5223 2036 eamdem
5251 1980 5424 2054 cellu-

3823 2069 3950 2132 lam,
3978 2069 4126 2124 velut
4159 2070 4229 2124 ad
4256 2069 4498 2125 dulcium
4554 2070 4839 2140 epularum
4863 2071 5196 2138 convivium,
5225 2087 5419 2128 recur-

3821 2163 3997 2217 rebat.
4045 2163 4159 2218 Illic
4197 2163 4435 2234 denique
4475 2161 4736 2219 ﬂuentum
4765 2163 4964 2220 divina
5004 2166 5422 2236 conta-plauo-

3818 2253 3907 2308 nis
3931 2255 4106 2309 avidis
4133 2255 4334 2309 mentis
4357 2269 4471 2308 sum
4498 2252 4748 2309 faucibus
4775 2253 5080 2320 hauriebat,
5104 2255 5250 2312 unde
5271 2267 5420 2327 poste

3817 2349 4039 2403 modum
4072 2350 4282 2403 arentia
4311 2348 4685 2419 proximorum
4723 2358 4943 2424 pectora
4978 2357 5182 2422 sanet:
5217 2349 5414 2420 pradi-

3816 2441 4050 2496 cationis
4085 2440 4282 2510 poculo
4317 2441 4622 2496 recreabat.
4666 2439 4761 2494 flio
4793 2439 4950 2510 plane
4977 2439 5098 2508 loco
5129 2440 5287 2511 quasi
5315 2454 5419 2512 pro

3813 2530 4010 2586 balneo
4046 2531 4320 2586 utebatur.
4353 2530 4428 2585 ibi
4469 2532 4616 2585 eni
4640 2532 4870 2586 curabat
4905 2532 5147 2596 abluere,
5171 2533 5218 2588 si
5245 2549 5416 2604 quam

3812 2636 3878 2677 ex
3908 2621 4254 2676 molarium
4286 2623 4569 2680 hominum
4593 2621 4978 2688 coliocutione.
5000 2633 5091 2678 aut
5117 2624 5292 2687 verbi,
5318 2631 5419 2688 aut

3811 2715 4162 2785 cogitationis
4179 2714 4446 2777 maculam
4467 2714 4863 2780 contraxisset;
4881 2723 4936 2770 et
4958 2714 5236 2784 pulverem
5255 2731 5416 2787 mrtu-

3811 2807 3968 2862 dana:
4001 2808 4456 2873 conversationis,
4485 2809 4605 2864 sine
4638 2824 4748 2880 quo
4783 2808 4897 2864 lite
4925 2808 5173 2864 humana
5205 2818 5416 2884 morta-

3811 2900 3982 2962 litatis
4028 2902 4113 2956 via
4159 2916 4265 2956 non
4310 2901 4591 2971 carpitur.
4634 2900 4845 2955 crebris
4885 2900 4995 2956 illic
5043 2900 5412 2984 iacrvmarum

3809 2989 4054 3048 fontibus
4077 2992 4351 3062 expiabat.
4381 2992 4474 3049 llle
4513 2993 4676 3064 igitur
4720 2992 4896 3059 locus,
4941 2992 5035 3063 qui
5074 3001 5268 3053 sancto
5290 2991 5412 3048 vim

3808 3084 3863 3138 in
3895 3085 4001 3137 vita
4035 3096 4144 3138 tam
4177 3085 4405 3140 dilectus
4433 3094 4489 3139 et
4516 3083 4802 3158 familiaris
4838 3085 5070 3150 exstitit,
5100 3094 5222 3155 post
5263 3099 5412 3146 mor-

3809 3183 3916 3229 tem
3951 3191 4172 3246 quoque
4207 3176 4326 3246 ejus
4367 3178 4646 3247 sepultura
4694 3179 4893 3232 meruit
5270 3177 5410 3243 Nam

2102 3271 2385 3333 psstorum
2401 3265 2645 3319 moribus
2673 3265 2964 3334 loquimur.
2985 3277 3044 3320 ut
3065 3282 3226 3335 quam
3256 3271 3699 3338 prudens,quam
3727 3263 3774 3326 C
3805 3282 4005 3336 corpus
4051 3269 4189 3337 ejus,
4221 3269 4275 3323 in
4327 3285 4490 3324 saxea
4538 3286 4668 3324 arca
4700 3271 5060 3332 reconditum.
5086 3269 5243 3339 juxta
5281 3286 5414 3341 pars

2105 3352 2386 3408 moderata
2423 3353 2476 3406 in
2523 3354 2686 3408 beato
2728 3353 2914 3408 lauro
2957 3354 3119 3409 fuerit
3168 3357 3447 3417 discretio,
3480 3358 3704 3412 demon-

2101 3454 2358 3499 szremus.
2405 3443 2504 3508 Qui
2557 3442 2834 3506 nimirum,
2859 3444 2986 3497 dum
3040 3461 3218 3516 neque
3268 3447 3705 3515 contemplativa:

2104 3533 2231 3588 vita
2273 3529 2448 3588 Otium
2509 3529 2814 3593 sectanda,
2865 3532 3098 3586 activam
3169 3535 3392 3588 omnino
3440 3535 3703 3602 deseruit,

2106 3633 2283 3689 teque
2342 3635 2440 3688 per
2497 3619 2691 3673 activae
2744 3619 3118 3675 lassitudinem
3174 3623 3326 3690 (154)
3375 3621 3546 3678 libere
3594 3625 3702 3679 dis-

2102 3708 2398 3773 ttttrlmdo,
2442 3724 2472 3761 a
2503 3710 2968 3778 contemplatione
2998 3712 3246 3772 recessit.
3272 3721 3345 3773 et,
3364 3722 3422 3764 ut
3448 3713 3522 3766 ita
3551 3713 3701 3768 dixe-

2102 3803 2227 3858 rim.
2262 3815 2360 3870 per
2395 3815 2614 3854 auream
2649 3801 2792 3853 viam
2841 3802 3083 3856 celestis
3130 3804 3281 3871 regni
3321 3803 3698 3859 celsitudinem

2105 3890 2430 3958 penetrarit.

2172 3981 2417 4050 Denique
2479 3983 2606 4035 dum
2678 3983 2732 4036 in
2799 3983 3076 4053 episcopio
3145 4000 3244 4037 suo
3307 3986 3532 4056 degeret
3558 4028 3574 4051 ,
3646 3999 3699 4042 et

2102 4072 2450 4128 commissam
2512 4073 2614 4128 sibi
2682 4074 2981 4128 Ecclesiam
3048 4084 3269 4130 strenue
3326 4078 3696 4148 gubernaret,

2100 4166 2268 4233 t-mpit
2323 4164 2486 4220 talem
2548 4165 2726 4220 locum
2787 4166 3016 4221 sollicita
3084 4170 3282 4222 mentis
3354 4171 3700 4241 indagatione

2100 4257 2440 4325 perquirere,
2487 4255 2577 4312 ubi
2619 4257 2687 4311 ad
2739 4267 2948 4328 tempus
2994 4268 3048 4312 ct
3083 4275 3113 4312 a
3166 4260 3510 4316 secularium
3577 4273 3696 4318 tur-

2098 4350 2164 4398 bu
2220 4345 2479 4400 secedere
2523 4356 2576 4403 et
2631 4346 2731 4402 soli
2779 4347 2890 4403 Deo
2943 4359 3128 4417 posset
3179 4352 3472 4420 specialius
3517 4354 3698 4410 adlim-

2100 4452 2265 4500 ret'e;
2327 4437 2539 4490 Domini
2597 4439 2682 4491 sui
2731 4438 2940 4494 scilicet
2997 4455 3103 4494 non
3160 4443 3345 4512 segnis
3411 4445 3695 4510 imitator,

2096 4525 2258 4598 ul
2291 4529 2383 4597 qui
2422 4542 2520 4598 per
2554 4528 2699 4583 diem
2749 4529 2803 4583 in
2848 4529 3087 4584 urbibus'
3121 4533 3478 4602 pradicahat.
3533 4546 3696 4591 noctu

3809 3375 3933 3414 vam
3966 3361 4250 3417 basilicam
4285 3378 4450 3432 quam
4492 3363 4610 3434 ipse
4633 3370 5016 3422 constarent
5053 3371 5139 3418 est
5169 3361 5416 3426 colina-

3808 3456 3948 3505 tum.

4434 3543 4669 3600 CAPUT
4706 3545 4769 3601 ll.

4135 3649 4434 3705 Trsnslatio
4465 3655 4700 3719 corporis
4716 3670 4734 3715 ;
4771 3653 5050 3706 animis.

3877 3759 4002 3814 liae
4031 3760 4212 3830 igitur,
4241 3777 4363 3829 quze
4396 3761 4464 3816 de
4493 3762 4602 3816 vita
4629 3762 4772 3816 beati
4800 3763 4902 3816 viri
4937 3765 5006 3817 ad
5035 3771 5282 3817 nostram
5309 3778 5410 3833 po:

3807 3858 4024 3905 tulerunt
4044 3852 4327 3917 pervenire
4348 3850 4619 3916 notitiam,
4638 3866 4745 3905 non
4767 3852 4984 3921 quidem
4999 3861 5127 3906 sunt
5141 3867 5172 3905 a
5196 3855 5407 3920 nostris

3805 3941 4132 3996 relatoribus
4183 3944 4333 4007 visa,
4386 3944 4484 3998 sed
4526 3944 4936 3999 succedentium
4983 3945 5404 4015 generatis-usu

3804 4033 4006 4098 celebri
4033 4035 4299 4090 memoria
4330 4035 4627 4104 divulgata.

3871 4148 4105 4215 Quidam
4140 4158 4324 4204 autem
4351 4149 4611 4220 antiquus
4640 4149 4930 4206 admodum
4965 4165 5156 4214 series.
5186 4159 5244 4206 et
5277 4165 5406 4206 enr-

3799 4256 3931 4310 pore
3969 4252 4345 4297 marcescente
4371 4231 4498 4312 jam.
4518 4244 4801 4310 tremulus,
4834 4247 5035 4300 nostris
5061 4261 5236 4314 nuper
5262 4254 5404 4304 tem-

3800 4335 4026 4406 poribus
4072 4335 4317 4400 exstitit,
4362 4337 4456 4404 qui
4516 4352 4576 4391 se
4629 4337 4833 4391 vidisse
4886 4336 5048 4405 bjus
5107 4337 5170 4390 Β.
5221 4336 5400 4408 lauri

3801 4437 4073 4495 nepotem,
4105 4425 4484 4481 Constantium
4517 4428 4768 4482 videlicet
4803 4429 5046 4492 nomine,
5080 4428 5399 4498 episcopum

3798 4518 4099 4574 Gesenatis
4147 4518 4404 4573 Ecclesia:
4451 4519 4770 4576 testabatur.
4795 4518 4958 4592 ω
4987 4517 5094 4573 Sed
5137 4519 5398 4587 quoniam

2097 4635 2229 4674 vero
2276 4619 2334 4675 in
2389 4628 2572 4674 monte
2625 4620 2964 4676 orationibus
3013 4622 3303 4679 insistebat
3344 4623 3513 4695 (Luc.
3543 4626 3688 4695 xxi).
3723 4627 3772 4686 D
3800 4610 3867 4663 de
3905 4609 4015 4662 νεα
4041 4610 4102 4662 Β·
4129 4610 4329 4664 lauri"

3167 4624 3303 4679 εδει
3344 4623 3513 4695 (ιη,
3543 4626 3688 4695 ιιι),
3723 4627 3772 4686 ι)
3800 4610 3867 4663 de
3905 4609 4015 4662 vita
4041 4610 4102 4662 Β.
4129 4610 4387 4664 Iauriea
4417 4627 4538 4681 qu:
4561 4612 4719 4666 nobis
4746 4613 4936 4664 audire
4983 4610 5212 4679 contigit
5253 4610 5399 4681 style

2099 4710 2345 4782 Dumque
2367 4711 2421 4764 in
2443 4711 2561 4765 dies
2590 4710 2749 4779 liuius
2771 4713 3061 4767 anxietatis
3087 4715 3259 4785 magis
3287 4730 3351 4769 ac
3367 4717 3538 4789 magis
3565 4733 3695 4771 cura

2099 4814 2493 4869 succresceret,
2531 4805 2750 4860 tandem
2778 4806 2974 4875 adjecit
2995 4807 3210 4863 oculum
3237 4809 3306 4866 ad
3335 4809 3500 4866 breve
3524 4812 3694 4882 quod-

2097 4895 2222 4949 dam
2253 4897 2711 4966 promontorium,
2748 4907 2986 4968 quatuor
3023 4898 3135 4954 fere
3179 4903 3371 4959 stadiis
3397 4904 3468 4958 ab
3496 4905 3694 4978 exigua

2100 4989 2233 5043 urbe
2280 4997 2572 5053 semotum.
2627 4987 2938 5045 Vocabatur
2984 5000 3165 5047 autem
3211 4993 3384 5048 saltus
3420 4993 3690 5064 Spatiani,

2098 5080 2248 5133 locus
2287 5080 2496 5135 scilicet
2539 5097 2637 5135 uec
2672 5083 2963 5152 praruptis
3004 5083 3381 5146 cacuminibus
3404 5086 3691 5143 sublimius

2094 5169 2162 5224 ad
2192 5169 2300 5223 alta
2330 5179 2637 5240 porrectus,
2674 5187 2776 5226 nec
2801 5173 3024 5228 omnino
3062 5173 3356 5244 depressus
3383 5175 3438 5230 in
3466 5176 3591 5237 ima,
3627 5179 3694 5231 ad

2097 5261 2300 5320 arvalis
2324 5249 2482 5318 lania:
2510 5263 2660 5339 (155)
2692 5265 2976 5323 videbatur
2995 5266 3316 5337 planitatcm
3348 5277 3692 5338 οοειιιιδιιιδὶ

3801 4710 4062 4754 currente
4089 4699 4436 4774 digessimus,
4466 4717 4611 4756 nunc
4634 4701 4870 4770 qualiter
4889 4700 5234 4770 omnipotens
5253 4700 5401 4756 Da

3798 4794 3866 4847 ad
3919 4794 4146 4862 gloriam
4196 4795 4280 4848 sui
4342 4794 4581 4850 nominis
4634 4793 4755 4864 ejus
4806 4792 5001 4847 merita
5065 4792 5400 4850 revelava'it

3798 4883 4043 4940 breviter
4070 4887 4428 4958 explicemus.

3867 4998 4015 5066 (l56)
4055 4999 4150 5053 Est
4203 5008 4382 5054 autem
4424 5014 4570 5054 nunc
4627 4996 4840 5054 celebre
4891 4998 5284 5052 monasterium
5342 5000 5396 5052 in

3799 5090 4060 5158 pnedicto
4092 5102 4277 5145 monte
4333 5091 4388 5145 in
4427 5105 4536 5160 quo
4569 5091 4654 5143 vir
4681 5088 4776 5143 Dei
4813 5103 4977 5143 orare
5009 5099 5394 5151 consueverat,

3804 5180 3870 5232 ad
3905 5182 4168 5236 honorem
4211 5182 4271 5236 li.
4317 5183 4410 5236 Dei
4443 5181 4737 5236 Genitricis
4769 5189 4826 5234 et
4857 5177 5096 5249 Virginis
5126 5178 5398 5232 cnstitu-

3805 5281 3938 5337 tum,
3968 5276 4056 5328 ubi
4082 5291 4237 5329 mons
4261 5275 4428 5330 Mauri
4455 5293 4523 5330 ex
4553 5275 4773 5345 antiqua
5000 5272 5394 5327 consuetudine

3381 5379 3433 5437 J.
3471 5380 3811 5441 BOLLANDI
3855 5388 4089 5445 ΝΟΤίΕ.

2167 5487 2318 5555 (154)
2342 5487 2469 5542 Sur.
2480 5529 2495 5553 ,
2521 5489 2876 5549 latitudinem.

2166 5558 2318 5633 αξξ)
2341 5558 2536 5633 ἰαππα,
2562 5559 2755 5633 lacuna
2791 5573 2892 5627 est,
2920 5563 3038 5620 sive
3059 5577 3322 5633 aquarum
3349 5564 3617 5622 collectio.

2164 5630 2606 5705 (l56)__L_-rauder.
2641 5631 2795 5705 littus
2817 5635 2888 5688 ad
2917 5630 3220 5697 £miliam,
3253 5637 3493 5704 inprimis
3519 5641 3686 5705 Apert-

2098 5702 2206 5776 nini
2236 5701 2481 5776 collibus,
2512 5704 2601 5770 qui
2631 5704 2753 5776 rite,
2798 5705 2929 5773 ﬁcu,
2979 5705 3115 5769 oleo,
3164 5701 3469 5775 ceterisque
3501 5701 3688 5776 {ricti-

2097 5773 2125 5836 f
2152 5771 2222 5822 ris
2250 5771 2521 5825 arboribus
2570 5771 2968 5840 conferti'sunt,
3012 5793 3171 5843 prope
3211 5771 3687 5832 Cressia-Vcenn-

2097 5843 2240 5903 ῥάκια
2261 5850 2334 5895 est
2362 5854 2720 5912 sumptuosum
2744 5862 2859 5900 tum
2877 5848 2990 5900 trde
3019 5843 3247 5902 ca'lt'tuttt
3263 5845 3506 5920 .Ilrgimr,
3527 5867 3682 5919 quam

3797 5501 3881 5555 Itic
3918 5503 3981 5556 ι).
4028 5503 4254 5562 Uarium
4311 5504 4622 5557 lentatum
4670 5513 4999 5570 "manu,
5031 5519 5208 5554 serra.
5258 5500 5387 5553 Loco

3798 5589 3983 5627 nomen
4037 5585 4110 5629 est
4163 5591 4319 5628 mons
4374 5575 4566 5638 Hauri,
4608 5593 4640 5626 ι
4691 5574 4757 5628 D.
4817 5571 5009 5628 lauro
5037 5571 5382 5625 (lucustis.

3795 5645 4053 5707 antistite,
4081 5649 4170 5714 qui
4194 5647 4276 5698 Itir
4302 5647 4631 5699 sanctissime
4653 5647 4808 5700 vitam
4831 5645 4930 5712 egit
4955 5660 4974 5706 ;
5001 5647 5320 5714 ori-idcuth
5339 5655 5380 5692 α

3793 5711 4191 5779 septentrionem
4239 5729 4454 5785 metu,
4494 5727 4671 5785 estque
4707 5711 5083 5770 monachorum
5117 5713 5184 5768 υ.
5223 5711 5378 5768 Brut-

3793 5785 3917 5836 ώτιά
3950 5787 4227 5836 habitatio.
5000 5801 5013 5812 '

3829 5787 3917 5837 δίη
3950 5787 4227 5842 habitatio.
5000 5801 5013 5812 ’
