5652 6400
1069 364 1174 423 049

2445 361 2604 419 VlTA
2662 363 2701 421 S
2771 363 2864 418 MA
2877 362 2916 418 ιι
2927 361 3015 419 Μ.

4281 341 4401 412 ’950

1066 480 1288 548 dicitur,
1335 482 1464 551 quia
1511 484 1666 534 locus
1714 475 1803 534 ille
1853 492 1960 533 non
2013 478 2294 535 immerito
2338 479 2516 536 sancti
2572 480 2674 536 viri
2705 484 2755 544 Α
2783 483 3052 546 luberent,
3083 484 3171 536 vel
3209 479 3354 536 beati
3404 475 3743 534 confessoris
3787 472 4224 532 misericordiam
4261 472 4401 531 fusis

1063 571 1331 632 vocabulo
1361 573 1672 628 decoratur.

1133 664 1271 721 Cum
1311 664 1481 736 igitur-
1515 678 1646 719 arca
1698 662 1787 718 illa
1831 663 1925 719 ubi
1960 663 2104 719 beati
2142 663 2243 718 viri
2290 663 2675 735 corpusculum

1064 755 1440 820 claudebatur,
1460 752 1618 824 juxta
1647 753 1932 824 praefatam
1964 752 2256 809 ecclesiam
2275 795 2290 821 ,
2321 763 2480 810 terra:
2514 755 2670 810 undi-

1062 863 1170 920 que
1220 853 1506 905 crescente
1554 845 1832 918 congerie,
1898 843 2268 912 delitesceret,
2329 854 2389 902 et
2426 847 2517 902 vix
2555 845 2676 903 saxi

1063 939 1239 1011 ipsius
1295 938 1588 996 summitas
1635 938 1752 994 solo
1783 945 1941 994 tenus
1993 937 2297 1004 emineret,
2330 939 2583 1011 contigit
2615 947 2674 995 ut

1058 1033 1227 1092 homo
1258 1033 1486 1103 quidam
1519 1047 1645 1088 cum
1676 1030 1882 1087 litaniis
1920 1029 2250 1098 adveniens,
2281 1031 2458 1088 soluta
2485 1031 2675 1104 caligae

1057 1128 1251 1200 ligula,
1275 1134 1500 1198 repente
1522 1125 1634 1182 illic
1659 1125 1862 1197 pedem,
1880 1132 2127 1196 poneret,
2156 1133 2232 1192 et,
2257 1124 2332 1181 nil
2356 1125 2460 1180 tale
2485 1125 2675 1181 existi-

1057 1234 1252 1288 mans,
1293 1233 1488 1278 secure
1532 1218 1750 1290 ligaret.
1794 1217 1991 1274 Vincta
2029 1217 2197 1289 igitur
2235 1217 2368 1285 talo,
2409 1233 2532 1273 cum
2557 1215 2671 1287 jam

1053 1309 1223 1366 villet
1253 1309 1572 1376 abscedere,
1596 1308 1795 1380 pedem
1824 1307 1973 1363 nullo
1996 1307 2158 1364 modo
2183 1308 2362 1380 potuit
2391 1323 2668 1364 amovere.

1058 1400 1308 1474 Cumque
1332 1401 1428 1460 diu
1447 1410 1774 1468 conaretur,
1797 1409 1876 1468 et,
1894 1400 2082 1457 omnia
2113 1409 2358 1468 tentans,
2379 1402 2484 1456 huc
2513 1400 2672 1456 illuc-

1057 1509 1167 1565 que
1209 1508 1272 1551 se
1313 1502 1573 1559 verteret,
1627 1509 1728 1565 pes
1780 1492 2141 1550 nihilominus
2189 1493 2372 1551 stabat
2412 1493 2674 1549 immotus

1058 1594 1114 1640 et
1145 1585 1473 1657 quibusdam
1516 1584 1858 1642 clavissaxo
1897 1586 2188 1659 tenebatur
2231 1583 2445 1642 aﬂixus.
2479 1583 2672 1641 Stabat

1056 1677 1228 1734 miser
1271 1676 1443 1749 ignoti
1489 1677 1735 1734 criminis
1770 1692 1929 1743 reus,
1985 1684 2042 1733 et
2085 1680 2178 1747 qui
2223 1677 2327 1733 sibi
2374 1677 2670 1749 corrigiam

1056 1769 1228 1842 ligare
1257 1767 1526 1837 voluerat,
1559 1768 1917 1840 semetipsum
1956 1767 2137 1841 potius
2166 1783 2301 1826 saxo
2340 1768 2540 1841 ligasse
2575 1769 2670 1825 do-

2783 571 3163 629 tantummodo
3212 570 3472 642 precibus
3529 567 3929 640 implorarent,
3977 566 4097 621 sani
4150 574 4206 621 et
4249 563 4403 621 inco-

2781 667 2955 720 lumes
2998 665 3067 720 ad
3106 663 3328 735 prOpria
3369 669 3499 718 sunt
3529 660 3765 726 reversi,
3803 672 4134 731 quocunque
4166 656 4404 714 fuissent

2779 759 2998 815 vinculo
3046 755 3390 829 aegritudinis
3437 753 3686 825 obligati.
3727 752 3958 809 Videres
3999 748 4402 808 miserabilium

2777 850 3158 922 languidorum
3197 847 3378 905 soluta
3429 847 3701 903 cadavera
3764 843 3946 901 alieno
3978 843 4134 916 prius
4167 841 4409 898 admini—

2777 943 2901 1000 culo
2938 949 3283 999 sustentante
3313 938 3538 1005 deferri,
3565 937 3658 1008 qui
3692 953 3818 993 mox
3849 951 3976 992 cum
3999 949 4199 1007 magna
4220 931 4409 990 exsul-

2779 1035 2986 1092 tatione
3033 1043 3200 1105 atque
3257 1031 3494 1105 tripudio
3554 1031 3878 1088 remeabant
3928 1030 4090 1088 saluti
4148 1027 4406 1103 pristinae

2779 1127 3038 1200 mparati.

2849 1215 3098 1292 Cumque
3141 1226 3222 1275 tot
3264 1217 3545 1276 miraculis
3598 1217 4019 1298 coruscantibus
4060 1214 4233 1288 magis
4261 1227 4405 1287 prte-

2778 1314 2925 1370 etura
2964 1313 3026 1368 Β.
3062 1312 3236 1369 Mauri
3268 1311 3416 1368 fama
3457 1312 3856 1376 crebresceret,
3899 1317 3954 1365 et
4001 1309 4235 1364 virtutes
4262 1320 4402 1383 quas

2777 1421 2876 1480 per
2911 1421 3036 1463 eum
3065 1405 3334 1462 Dominus
3363 1405 3713 1471 ostendebat,
3767 1419 3875 1459 non
3916 1403 4094 1463 solum
4139 1399 4398 1474 contigua

2777 1512 3032 1572 qumque,
3065 1497 3161 1555 sed
3190 1505 3246 1554 et
3277 1496 3576 1554 remotiora
3614 1495 3863 1552 locorum
3915 1492 4094 1565 spatia
4136 1503 4404 1564 persona-

2779 1599 2926 1656 rent,
2943 1588 3189 1655 tandem,
3205 1587 3525 1646 convocatis
3547 1586 3822 1659 episcopis
3844 1584 4152 1641 vicinarum
4176 1579 4399 1638 urbium

2777 1682 3074 1755 multisque
3100 1680 3427 1754 papulorum
3473 1679 3649 1736 turbis
3690 1679 3932 1748 undique
3970 1675 4398 1740 conﬂuentibus,

2777 1776 3032 1834 certatim
3073 1790 3200 1831 arca
3227 1773 3316 1830 illa
3347 1773 3399 1829 in
3428 1787 3535 1845 qua
3566 1772 3713 1829 beati
3737 1772 3841 1827 viri
3871 1769 4176 1842 patrocinia
4210 1782 4401 1825 recon-

1054 1863 1223 1920 lebat.
1261 1861 1493 1922 Volebat
1533 1874 1717 1930 stare,
1767 1861 1867 1920 sed
1902 1878 2011 1919 una
2057 1861 2281 1920 innixus
2321 1862 2510 1935 planta
2561 1877 2669 1920 non
2699 1853 2750 1916 B
2779 1873 3004 1941 dum“,
3057 1869 3336 1940 modum,
3396 1877 3475 1937 οι,
3525 1867 3806 1925 terebrato
3854 1849 4067 1938 parie'tc
4127 1862 4396 1928 ecclesiae,

1054 1963 1308 2031 poterat;
1356 1956 1581 2028 optabat
1623 1955 1830 2028 jacere,
1873 1953 1970 2012 sed
2019 1968 2052 2010 a
2083 1969 2182 2012 suo
2220 1953 2362 2027 pede
2407 1969 2670 2012 corruere

1052 2068 1163 2109 non
1206 2051 1442 2110 valebat.
1494 2051 1760 2120 Tandem,
1807 2051 2094 2125 repentino
2121 2049 2303 2124 populi
2337 2050 2669 2106 adventante

1050 2159 1363 2214 concursu,
1423 2142 1516 2200 alii
1567 2144 1816 2212 malleis,
1863 2145 1954 2201 alii
2004 2144 2292 2202 securibus
2371 2143 2668 2214 gestientes

1051 2248 1264 2310 partem
1290 2237 1490 2311 lapidis
1519 2239 1908 2311 praeciderunt,
1944 2248 1999 2295 et
2029 2247 2149 2309 post
2173 2237 2344 2294 multa
2371 2239 2462 2294 vix
2493 2239 2668 2294 bomi-

1050 2346 1177 2388 nem
1221 2332 1290 2387 de
1341 2345 1477 2387 saxo
1531 2331 1828 2402 exculpere
1887 2339 2203 2403 potuerunt.
2258 2329 2378 2386 Mox
2430 2330 2669 2388 laetantis

1050 2425 1226 2480 turba:
1247 2423 1458 2481 clamor
1487 2425 1756 2492 exoritur,
1785 2424 2052 2504 mira‘Dei
2086 2424 2260 2480 virtus
2291 2423 2586 2494 attollitur,
2612 2434 2669 2483 et

1047 2517 1111 2573 Β.
1134 2516 1313 2574 Mauri
1347 2517 1587 2574 tumulus
1614 2518 1811 2591 dignus
1840 2519 2148 2576 reverentia
2166 2519 2470 2590 judicatur.

1122 2608 1268 2665 Idem
1283 2610 1528 2681 praedicti
1552 2609 1784 2666 ctenobii
1812 2611 2132 2678 monachus,
2149 2610 2500 2684 Teuzo(l57)
2518 2612 2667 2669 vide-

1048 2699 1176 2757 licet
1201 2701 1443 2766 nomine,
1468 2702 1792 2773 grandaevus
1815 2703 1927 2773 jam
1955 2713 2010 2758 et
2031 2703 2146 2775 ipsa
2165 2705 2368 2760 canitie
2394 2720 2665 2761 veneran-

1048 2794 1175 2859 dus,
1215 2781 1372 2864 cujus
1413 2793 1530 2849 lizec
1570 2793 1838 2850 relatione
1881 2795 2195 2863 didicimus,
2243 2797 2388 2853 aliud
2422 2801 2662 2855 miracu-

1053 2885 1166 2940 lum
1211 2885 1397 2943 retulit
1444 2887 1592 2958 quod
1638 2902 1985 2959 nequaquam
2029 2889 2250 2947 silentio
2293 2893 2661 2962 praeterimus.

1046 2977 1354 3048 Aliquando
1381 2980 1496 3051 ipse
1521 2981 1818 3050 pmdictus
1846 2980 2018 3037 frater
2043 2984 2316 3040 acerrima
2343 2985 2392 3039 vi
2420 2984 2664 3042 febrium

1045 3069 1364 3140 urgebatur.
1419 3069 1668 3142 Cumque
1723 3072 1869 3128 nulla
1935 3073 2248 3130 medicinali
2297 3091 2472 3143 cura,
2515 3077 2663 3134 nullo

1041 3174 1275 3231 prorsus
1300 3160 1541 3216 humano
1570 3163 1752 3219 studio
1787 3166 1857 3220 ad
1901 3165 2295 3223 incolumitatis
2333 3177 2534 3224 statum
2569 3186 2660 3226 re-

1041 3250 1164 3304 dire
1207 3251 1511 3321 potuisset,
1559 3253 1778 3308 cuidam
1825 3270 1941 3311 sua:
1987 3265 2298 3314 matertera:
2349 3259 2655 3332 religiosae,
2688 3240 2733 3302 C

1043 3341 1300 3398 videlicet
1336 3344 1762 3412 sanctimoniali,
1793 3357 2063 3404 nocturno
2092 3350 2314 3405 silentio
2343 3351 2405 3405 B.
2438 3351 2660 3409 Maurus

1042 3433 1324 3503 apparuit,
1355 3434 1519 3507 eique
1549 3437 1688 3492 dixit
1717 3457 1730 3492 :
1766 3438 1826 3494 Si
1855 3441 1960 3509 vis,
1985 3441 2191 3513 inquit,
2221 3453 2474 3514 nepotem
2507 3454 2659 3500 tuum

1041 3542 1111 3581 ex
1141 3544 1204 3582 ea
1230 3545 1394 3601 quam
1421 3533 1628 3602 patitur
1652 3533 1977 3605 aegritudine
2003 3536 2411 3602 convalescere,
2441 3538 2658 3594 denun-

1041 3623 1117 3675 tia
1165 3623 1215 3679 ei
1264 3631 1326 3679 ut
1366 3640 1533 3696 super
1576 3627 1916 3699 sepulturam
1960 3645 2138 3686 meam
2183 3631 2401 3704 signum
2455 3641 2661 3688 sancta:

1040 3718 1226 3773 crucis
1273 3717 1489 3791 infigat,
1521 3729 1747 3792 totoque
1788 3737 1935 3777 anno
1969 3722 2380 3780 solemnitatem
2420 3725 2554 3780 mihi
2601 3740 2660 3781 se

1038 3809 1324 3866 celebrare
1346 3811 1632 3868 devoveat.
1663 3812 1912 3885 Cumque
1934 3813 2025 3871 ille
2043 3811 2194 3872 beati
2220 3816 2324 3871 viri
2347 3816 2656 3883 oraculum,

1037 3903 1184 3970 quod
1242 3903 1645 3960 sanctimoniali
1705 3903 1980 3964 referente
2025 3908 2319 3982 cognovit,
2373 3919 2660 3981 gratanter

1038 3997 1314 4069 impleret,
1363 4014 1488 4056 mox
1529 4010 1587 4055 ut
1621 3999 1859 4056 ferream
1906 4017 2125 4058 crucem
2170 4018 2335 4075 super
2387 4005 2656 4059 tumulum

1037 4088 1203 4158 tisit;
1261 4090 1458 4147 deinde
1519 4093 1812 4148 commotis
1874 4093 2182 4151 visceribus
2249 4097 2660 4167 prmeipitanter

1034 4182 1300 4247 evomuit,
1333 4189 1498 4253 atque
1542 4183 1616 4238 ita
1663 4183 1916 4254 protinus
1949 4199 2169 4242 omnem
2206 4186 2348 4257 ignei
2377 4186 2658 4259 languoris

1034 4271 1378 4341 molestiam,
1430 4275 1580 4330 velut
1625 4275 1746 4348 ipso
1790 4278 1999 4333 vomitu
2051 4288 2334 4350 “gerente,
2393 4281 2652 4354 projecit;

1027 4363 1525 4439 jamquespristinaa
1560 4369 1783 4426 sanitati
1807 4369 2094 4444 integriter
2123 4374 2433 4441 restitutus,
2459 4375 2655 4447 dignas

1032 4460 1310 4518 Salvatori
1336 4461 1448 4518 Deo
1471 4463 1677 4535 gratias
1704 4465 1912 4534 retulit,
1936 4476 1992 4522 et
2017 4465 2078 4520 Β.
2103 4466 2277 4523 Mauri
2306 4471 2649 4538 miraculum,

1030 4554 1181 4626 quod
1209 4555 1265 4611 in
1303 4570 1363 4613 se
1390 4566 1654 4627 expertus
1694 4557 1895 4628 fuerat,
1930 4559 1998 4616 ad
2027 4560 2258 4633 gloriam
2284 4564 2525 4620 nominis
2557 4565 2649 4620 Dei

1029 4646 1222 4703 multis
1251 4647 1499 4704 iudicare
1531 4651 1766 4706 curavit.

1104 4738 1268 4812 423
1294 4739 1415 4795 Jam
1445 4741 1612 4813 igitur
1650 4742 1853 4800 celebri
1883 4727 2171 4817 utriusque
2202 4747 2345 4818 signi
2385 4747 2526 4803 fama
2558 4767 2650 4804 vo-

1029 4832 1227 4889 litante
1255 4849 1355 4904 per
1379 4835 1657 4906 populum,
1691 4845 1980 4907 cmperunt
2005 4837 2159 4893 multi
2187 4841 2256 4896 ad
2282 4856 2470 4896 sacras
2499 4843 2646 4897 beati

1028 4926 1135 4982 viri
1166 4927 1425 5000 reliquias
1451 4930 1648 4987 devote
1669 4947 2023 4999 concurrere,
2052 4934 2266 5005 piisque
2286 4935 2404 5003 ejus
2433 4938 2647 4993 meritis

1030 5024 1169 5076 suas
1188 5022 1406 5078 animas
1441 5022 1707 5079 attentius
1743 5027 2166 5091 commendare;
2199 5027 2444 5083 nonnulli
2472 5029 2640 5084 etiam

1030 5112 1260 5171 diversis
1308 5115 1680 5176 valetudinum
1725 5119 2263 5198 incommoditatibus
2304 5121 2640 5190 laborantes,

1030 5208 1161 5264 dum
1200 5209 1287 5266 vel
1327 5210 1585 5268 detritam
1630 5214 1950 5285 sepulcralis
1993 5205 2290 5274 marmoris
2328 5219 2641 5275 limaturam

2775 1963 2920 2021 inter
2969 1963 3215 2021 absidam
3270 1971 3325 2020 et
3373 1961 3549 2019 altare
3599 1976 3723 2018 cum
3776 1959 3996 2032 hymnis
4040 1967 4096 2013 et
4146 1956 4400 2012 laudibus

2774 2074 2986 2116 summa
3035 2058 3315 2130 diligentia
3366 2055 3689 2113 collocatur.
3739 2053 4009 2108 Processu
4074 2065 4204 2105 vero
4261 2057 4401 2105 tem-

2773 2154 2925 2225 poris
2948 2151 3141 2210 eadem
3177 2151 3403 2208 basilica
3455 2147 3630 2218 major
3677 2147 3820 2201 facta
3869 2155 3974 2212 est,
4028 2154 4214 2216 atque,
4237 2151 4299 2198 ut
4343 2141 4398 2198 in

2773 2243 3191 2316 prmsentiarum
3227 2241 3496 2306 cernitur,
3549 2238 3798 2294 festivius
3848 2237 4129 2300 decorata,
4184 2234 4298 2301 ubi,
4329 2233 4416 2288 ad.

2771 2335 3103 2395 declaranda
3134 2334 3194 2388 Β.
3242 2331 3577 2395 confessoris
3602 2330 3819 2392 merita,
3856 2329 4026 2389 multa
4067 2325 4400 2399 Puntusque

2772 2431 2826 2486 in
2876 2435 3205 2500 praesentem
3258 2425 3423 2490 diem,
3478 2424 3589 2479 Deo
3647 2430 3929 2494 operante,
3985 2416 4276 2484 miracula,
4327 2430 4397 2472 ex

2771 2523 2970 2595 quibus
3001 2536 3103 2580 nos
3151 2534 3322 2591 pauca
3373 2517 3821 2590 perstringimus,
3873 2530 3998 2587 quae
4047 2510 4397 2574 nimirumbi

2771 2619 2865 2690 qui
2898 2616 3058 2674 nobis
3098 2614 3349 2674 referunt
3377 2628 3435 2671 se
3461 2613 3666 2669 vidisse
3696 2620 3992 2668 testantur.

3033 2704 3037 2708 ’
3407 2703 3641 2761 CAPUT
3683 2703 3769 2760 Ill.

3157 2798 3326 2856 Varia
3358 2799 3428 2854 ad
3458 2797 3710 2870 reliquias
3740 2794 4026 2852 miracula.

2839 2899 2986 2970 Papa
3017 2895 3320 2956 Gerbertus
3349 2894 3499 2968 (l58)
3523 2895 3681 2966 juxta
3716 2891 4001 2950 Cazsenam
4035 2899 4394 2952 castrameta-

2768 3001 2856 3048 tus
2885 3001 3026 3058 erat,
3055 2990 3284 3063 ejusque
3314 2989 3575 3062 oppidum
3596 2985 3917 3044 circumfusi
3944 2987 4224 3044 exercitus
4247 2985 4396 3043 obsi-

2765 3084 2929 3140 dione
2957 3083 3229 3139 vallabant
3254 3082 3427 3154 (159).
3455 3081 3613 3138 Tunc
3631 3080 3893 3151 temporis
3917 3079 3986 3137 ad
4009 3079 4071 3139 Β.
4099 3080 4273 3136 Mauri
4305 3090 4393 3136 tu-

2766 3177 2975 3235 mulum
3009 3178 3226 3236 delatus
3255 3187 3340 3235 est
3367 3178 3593 3249 quidam
3652 3179 3912 3245 rusticus,
3963 3179 4182 3251 gemina
4240 3193 4391 3235 inor-

2766 3274 2961 3328 borum
3016 3271 3272 3344 passione
3303 3275 3617 3344 depressus,
3665 3281 3986 3329 contractus
4029 3272 4285 3328 videlicet
4329 3289 4395 3328 ac

2765 3379 2943 3421 cretus
2967 3383 2980 3428 ;
3007 3364 3100 3420 sed
3135 3373 3425 3436 postquam
3451 3374 3538 3420 est
3585 3375 3824 3430 oratum,
3873 3375 3930 3421 et
3955 3363 4047 3420 lux
4083 3365 4286 3422 amissa
4323 3367 4393 3422 ad

2764 3459 2953 3514 oculos
2991 3458 3174 3524 rediit,
3199 3468 3255 3514 et
3285 3457 3460 3530 rigida
3499 3459 3744 3513 membra
3779 3458 4003 3529 fugatus
4031 3457 4269 3528 languor
4295 3459 4395 3528 ab-

2765 3549 2945 3604 solvt.
2978 3549 3236 3606 Protinus
3287 3549 3478 3604 videns
3522 3564 3582 3604 se
3613 3549 3776 3604 homo
3802 3548 4029 3606 sanitati
4061 3557 4169 3604 tam
4225 3551 4392 3605 mira-

2765 3645 2948 3700 ωηεν
2976 3644 3276 3710 redditum,
3303 3653 3495 3714 utpote
3537 3658 3676 3713 quas
3708 3642 3924 3698 valebat
3949 3643 4158 3714 gratias
4199 3658 4389 3717 agens,

2767 3738 2928 3792 beato
2979 3752 3040 3791 se
3081 3735 3271 3792 Mauro
3303 3752 3526 3792 servum
3578 3745 3842 3807 perpetuo
3882 3736 4008 3808 jure
4030 3737 4388 3805 contradidit,

2765 3841 3198 3897 mansurumque
3247 3842 3307 3883 se
3346 3827 3400 3882 in
3456 3825 3574 3896 ejus
3621 3826 3908 3897 obsequio,
3941 3825 4118 3884 donec
4171 3829 4390 3891 advive—

2764 3931 2869 3987 ret,
2904 3921 3200 3978 devotavit.
3255 3919 3382 3989 Qui,
3415 3930 3690 3993 perceptae
3737 3921 3933 3977 salutis
3965 3935 4196 3978 munere
4247 3937 4388 3995 pene

2762 4031 2860 4088 per
2883 4017 3211 4073 decennium
3239 4015 3448 4080 fruens,
3482 4014 3829 4085 postmodum
3879 4013 4388 4086 fragilitati-caruis

2761 4109 3043 4164 cucrvitcr
3095 4109 3285 4172 cessit,
3319 4121 3658 4178 uxoremque
3699 4107 3800 4161 sibi
3855 4122 3963 4163 non
4015 4104 4196 4164 fausto
4249 4121 4384 4165 con-

2756 4200 2909 4273 jugio
2960 4200 3258 4272 copulavit.
3317 4199 3442 4255 Mox
3492 4201 3636 4256 enim
3672 4209 3732 4256 ut
3764 4199 4074 4254 luxuriandi
4113 4199 4388 4269 voluptate

2761 4293 2966 4364 potitus
3012 4301 3121 4359 est,
3162 4290 3448 4347 oculorum
3500 4290 3682 4346 lumen
3734 4291 3978 4348 funditus
4022 4291 4278 4362 perdidit,
4330 4302 4386 4347 et

2759 4387 2927 4462 424
2977 4386 3224 4460 quandiu
3263 4386 3423 4450 vixit,
3460 4386 3511 4439 in
3547 4385 3738 4440 eadem
3771 4384 4021 4439 cmcilate
4057 4385 4380 4455 permansit.

2761 4481 2828 4534 Et
2867 4488 3018 4536 certe
3061 4479 3286 4550 dignum
3325 4477 3507 4533 fuerat
3557 4488 3615 4533 ut
3664 4478 3791 4548 qui,
3843 4493 3872 4531 a
3918 4476 4043 4546 jure
4068 4476 4129 4532 Β.
4179 4475 4378 4541 Mauri,

2759 4570 2848 4624 cui
2882 4585 2940 4627 se
2987 4569 3422 4639 mancipaverat,
3453 4584 3513 4624 se
3560 4569 3895 4624 subtrahens
3918 4567 4090 4641 (160),
4130 4568 4377 4625 libidinis

2750 4665 2881 4736 jugo
2925 4663 3160 4735 turpiter
3211 4661 3352 4718 colla
3411 4662 3718 4733 supposuit,
3771 4663 3972 4717 donum
4027 4677 4201 4732 quoa
4235 4661 4380 4718 bono

2758 4757 2994 4813 Domino
3033 4755 3218 4812 fuerat
3263 4755 3472 4812 ditatus
3525 4755 3840 4813 amitteret:
3875 4764 3932 4811 et
3981 4755 4073 4826 qui
4126 4755 4178 4811 in
4233 4755 4375 4812 inte-

2755 4850 2927 4907 riores
2951 4857 3145 4920 sponte
3178 4827 3480 4914 ceciderat:
3528 4848 3732 4904 invitus
3779 4849 4086 4904 exteriores
4117 4850 4378 4905 tenebras

2753 4942 3100 4998 incurrisset.

2822 5037 2941 5092 Alio
2963 5051 3183 5108 quoque
3205 5044 3452 5109 tempore
3473 5035 3810 5092 dtetnoniaca
3836 5035 4086 5106 quadam
4110 5035 4177 5090 ad
4200 5034 4372 5090 altare

2751 5135 2892 5190 beati
2928 5135 3028 5191 viri
3062 5134 3298 5191 deducta
3348 5145 3453 5198 est,
3484 5149 3649 5204 quam
3693 5141 3844 5188 tanto
3871 5130 4101 5204 pestifer
4141 5131 4369 5202 spiritus

2751 5225 2934 5284 furore
2969 5227 3278 5299 repleverat
3310 5235 3390 5293 ut,
3422 5241 3548 5283 eam
3601 5225 3707 5283 sibi
3756 5225 3914 5297 quasi
3964 5239 4231 5296 organum
4284 5222 4361 5278 fa-

2338 5353 2389 5408 J.
2422 5354 2767 5418 BOLLANDI
2804 5363 3040 5422 ΝΟΤᾸΞ.

1107 5455 1256 5528 (157)
1297 5456 1446 5528 Sun.
1480 5459 1674 5514 Temo.

1103 5526 1251 5598 (158)
1293 5526 1574 5585 Cerberum
1624 5533 1859 5601 primum
1893 5532 2240 5602 Bhemensis,
2275 5537 2471 5594 deinde
2515 5539 2626 5594 Ra-

1029 5613 1234 5682 vennae
1264 5602 1708 5682 arcliiepis’cOpus
1741 5603 1886 5682 fuit,
1907 5621 1999 5661 an.
2168 5607 2449 5682 Romanus
2491 5628 2625 5682 pon-

1029 5669 1161 5723 tifex
1202 5670 1379 5725 factus
1409 5684 1462 5725 et
1486 5669 1810 5728 Silvésterll
1838 5678 2016 5731 dictus
2041 5677 2178 5734 obiit
2199 5696 2326 5734 ann.
2357 5669 2512 5736 1003'.

1101 5739 1248 5820 (150)
1294 5741 1531 5806 Rubcus,
1564 5743 1656 5820 lib.
1683 5761 1714 5798 v
1750 5765 1762 5800 ε
1797 5744 2208 5816 Sequentianno
2239 5751 2422 5820 (1000)
2454 5751 2624 5806 Silve-

1029 5810 1136 5865 ειμι
1181 5810 1454 5893 Gratianum
1507 5810 2004 5893 admolerxcrcim
2063 5810 2467 5876 circumsedit]:
2521 5843 2623 5893 qua

1028 5897 1192 5937 causa
1242 5885 1538 5952 pontiﬁcem
1592 5889 1853 5956 impulerit
1915 5892 2194 5946 incertum.
2243 5894 2497 5962 Sigonius
2535 5885 2616 5949 'De

2751 5489 2910 5546 regno
2939 5476 3119 5532 Italica
3151 5476 3247 5532 lib.
3280 5491 3387 5543 vn,
3429 5477 3622 5532 eodem
3679 5489 3824 5546 anno
3857 5493 3870 5530 :
3903 5474 4155 5532 Silvester
4201 5473 4367 5530 Urbe»

2737 5537 2909 5609 vet'um
2941 5548 3234 5617 profectus,
3277 5537 3441 5618 remp.
3497 5547 3615 5615 ejus
3660 5537 3889 5603 clientis
3927 5547 4110 5602 multis
4158 5546 4364 5618 saluta-

2739 5619 2883 5673 ribus
2919 5620 3119 5703 legibus
3167 5621 3334 5674 vinxit
3365 5617 3411 5674 et
3443 5618 3720 5674 C(vsenam
3751 5618 3969 5674 admoto
4001 5618 4236 5673 exercitu
4261 5617 4368 5671 cir-

2735 5694 3233 5833 “moliturum
3278 5760 3588 5818 desiderari
3621 5778 3676 5818 se
3705 5759 4042 5824 subtraham,
4095 5768 4192 5816 aut
4229 5760 4359 5831 quid

2735 5834 2935 5900 simile,
2983 5834 3194 5889 monuit
3217 5833 3437 5890 Surius.
