  <div class='ocr_page' id='page_1' title='image "/cluster/home/n/w/nwhite01/storage/ocr_20150623/144-145/uc1.31175001639262/484.png"; bbox 0 0 5652 6372; ppageno 0'>
   <div class='ocr_carea' id='block_1_1' title="bbox 983 395 1087 453">
    <p class='ocr_par' dir='ltr' id='par_1_1' title="bbox 983 395 1087 453">
     <span class='ocr_line' id='line_1_1' title="bbox 983 395 1087 453; baseline -0.019 0"><span class='ocrx_word' id='word_1_1' title='bbox 983 395 1087 453; x_wconf 76' lang='lat'><strong>955</strong></span> 
     </span>
    </p>
   </div>
   <div class='ocr_carea' id='block_1_2' title="bbox 1040 582 3778 626">
    <p class='ocr_par' dir='ltr' id='par_1_2' title="bbox 1040 582 3778 626">
     <span class='ocr_line' id='line_1_2' title="bbox 1040 582 3778 626; baseline -0.004 -17"><span class='ocrx_word' id='word_1_2' title='bbox 1040 582 3778 626; x_wconf 73' lang='lat'><strong>_______________________________________.________.._..</strong></span> 
     </span>
    </p>
   </div>
   <div class='ocr_carea' id='block_1_3' title="bbox 2300 376 3012 448">
    <p class='ocr_par' dir='ltr' id='par_1_3' title="bbox 2300 376 3012 448">
     <span class='ocr_line' id='line_1_3' title="bbox 2300 376 3012 448; baseline -0.008 -10"><span class='ocrx_word' id='word_1_3' title='bbox 2300 380 2460 438; x_wconf 77' lang='lat' dir='ltr'><strong>VITA</strong></span> <span class='ocrx_word' id='word_1_4' title='bbox 2504 380 2564 438; x_wconf 88' lang='lat' dir='ltr'><strong>S.</strong></span> <span class='ocrx_word' id='word_1_5' title='bbox 2607 376 3012 448; x_wconf 71' lang='lat' dir='ltr'><strong>ROMUALDI..</strong></span> 
     </span>
    </p>
   </div>
   <div class='ocr_carea' id='block_1_4' title="bbox 4210 371 4321 431">
    <p class='ocr_par' dir='ltr' id='par_1_4' title="bbox 4210 371 4321 431">
     <span class='ocr_line' id='line_1_4' title="bbox 4210 371 4321 431; baseline 0 -1"><span class='ocrx_word' id='word_1_6' title='bbox 4210 371 4321 431; x_wconf 67' lang='grc' dir='ltr'><strong>θδι</strong></span> 
     </span>
    </p>
   </div>
   <div class='ocr_carea' id='block_1_5' title="bbox 1727 744 3544 876">
    <p class='ocr_par' dir='ltr' id='par_1_5' title="bbox 1727 744 3544 876">
     <span class='ocr_line' id='line_1_5' title="bbox 1727 744 3544 876; baseline -0.008 -4"><span class='ocrx_word' id='word_1_7' title='bbox 1727 756 2086 872; x_wconf 83' lang='lat' dir='ltr'><strong>VITA</strong></span> <span class='ocrx_word' id='word_1_8' title='bbox 2173 749 2532 866; x_wconf 85' lang='lat' dir='ltr'><strong>SANC</strong></span> <span class='ocrx_word' id='word_1_9' title='bbox 2553 750 2701 876; x_wconf 85' lang='lat' dir='ltr'><strong>TI</strong></span> <span class='ocrx_word' id='word_1_10' title='bbox 2796 744 3544 862; x_wconf 84' lang='lat' dir='ltr'><strong>ROMUALDI</strong></span> 
     </span>
    </p>
   </div>
   <div class='ocr_carea' id='block_1_6' title="bbox 989 1005 4322 1084">
    <p class='ocr_par' dir='ltr' id='par_1_6' title="bbox 989 1005 4322 1084">
     <span class='ocr_line' id='line_1_6' title="bbox 989 1005 4322 1084; baseline -0.009 -1"><span class='ocrx_word' id='word_1_11' title='bbox 989 1031 1248 1084; x_wconf 64' lang='grc' dir='ltr'><strong>ΑΒΕΔΤῙβ</strong></span> <span class='ocrx_word' id='word_1_12' title='bbox 1279 1032 1360 1077; x_wconf 77' lang='grc' dir='ltr'><strong>ΒΤ</strong></span> <span class='ocrx_word' id='word_1_13' title='bbox 1398 1027 1848 1082; x_wconf 63' lang='grc' dir='ltr'><strong>ροκιτεεεοιυε,</strong></span> <span class='ocrx_word' id='word_1_14' title='bbox 1882 1019 2328 1068; x_wconf 69' lang='grc' dir='ltr'><strong>ιΝδτιτυΤοιιιε</strong></span> <span class='ocrx_word' id='word_1_15' title='bbox 2373 1017 2933 1066; x_wconf 61' lang='grc' dir='ltr'><strong>αοδιριιηϐλτιοπιε</strong></span> <span class='ocrx_word' id='word_1_16' title='bbox 2969 1011 3529 1068; x_wconf 66' lang='grc' dir='ltr'><strong>οΔιιΑιυυιιεΝεη,</strong></span> <span class='ocrx_word' id='word_1_17' title='bbox 3564 1009 3826 1063; x_wconf 66' lang='grc' dir='ltr'><strong>οιωιηιε</strong></span> <span class='ocrx_word' id='word_1_18' title='bbox 3855 1013 3909 1055; x_wconf 77' lang='grc'><strong>8.</strong></span> <span class='ocrx_word' id='word_1_19' title='bbox 3949 1005 4322 1053; x_wconf 61' lang='lat' dir='ltr'><strong>MN‘EDXCTI.</strong></span> 
     </span>
    </p>
   </div>
   <div class='ocr_carea' id='block_1_7' title="bbox 2201 1185 3097 1269">
    <p class='ocr_par' dir='ltr' id='par_1_7' title="bbox 2201 1185 3097 1269">
     <span class='ocr_line' id='line_1_7' title="bbox 2201 1185 3097 1269; baseline -0.008 -16"><span class='ocrx_word' id='word_1_20' title='bbox 2201 1192 2346 1269; x_wconf 86' lang='lat' dir='ltr'><strong>(An.</strong></span> <span class='ocrx_word' id='word_1_21' title='bbox 2385 1190 2540 1253; x_wconf 88' lang='lat' dir='ltr'><strong>Chr.</strong></span> <span class='ocrx_word' id='word_1_22' title='bbox 2576 1189 2762 1261; x_wconf 79' lang='grc'><strong>1027,</strong></span> <span class='ocrx_word' id='word_1_23' title='bbox 2796 1188 2876 1250; x_wconf 81' lang='grc'>19</span> <span class='ocrx_word' id='word_1_24' title='bbox 2911 1185 3097 1265; x_wconf 85' lang='lat' dir='ltr'><strong>Jun.)</strong></span> 
     </span>
    </p>
   </div>
   <div class='ocr_carea' id='block_1_8' title="bbox 2116 1373 3179 1458">
    <p class='ocr_par' dir='ltr' id='par_1_8' title="bbox 2116 1373 3179 1458">
     <span class='ocr_line' id='line_1_8' title="bbox 2116 1373 3179 1458; baseline -0.008 -14"><span class='ocrx_word' id='word_1_25' title='bbox 2116 1381 2276 1458; x_wconf 71' lang='lat' dir='ltr'><strong>Cum</strong></span> <span class='ocrx_word' id='word_1_26' title='bbox 2301 1378 2602 1458; x_wconf 78' lang='lat' dir='ltr'><strong>anonymt&#39;</strong></span> <span class='ocrx_word' id='word_1_27' title='bbox 2630 1373 3179 1444; x_wconf 73' lang='lat' dir='ltr'><strong>adnotationibus,</strong></span> 
     </span>
    </p>
   </div>
   <div class='ocr_carea' id='block_1_9' title="bbox 1490 1719 2093 1804">
    <p class='ocr_par' dir='ltr' id='par_1_9' title="bbox 1490 1719 2093 1804">
     <span class='ocr_line' id='line_1_9' title="bbox 1490 1719 2093 1804; baseline -0.017 -21"><span class='ocrx_word' id='word_1_28' title='bbox 1490 1729 1659 1804; x_wconf 62' lang='lat'><strong>523</strong></span> <span class='ocrx_word' id='word_1_29' title='bbox 1695 1719 2093 1782; x_wconf 76' lang='lat' dir='ltr'><strong>rnomcus.</strong></span> 
     </span>
    </p>
   </div>
   <div class='ocr_carea' id='block_1_10' title="bbox 1058 1810 2604 1892">
    <p class='ocr_par' dir='ltr' id='par_1_10' title="bbox 1058 1810 2604 1892">
     <span class='ocr_line' id='line_1_10' title="bbox 1058 1810 2604 1892; baseline -0.014 -8"><span class='ocrx_word' id='word_1_30' title='bbox 1058 1827 1366 1887; x_wconf 75' lang='lat' dir='ltr'><strong>Adversum</strong></span> <span class='ocrx_word' id='word_1_31' title='bbox 1391 1831 1444 1882; x_wconf 92' lang='lat' dir='ltr'><strong>te</strong></span> <span class='ocrx_word' id='word_1_32' title='bbox 1465 1835 1689 1892; x_wconf 80' lang='lat' dir='ltr'><strong>prorsus</strong></span> <span class='ocrx_word' id='word_1_33' title='bbox 1715 1817 1889 1888; x_wconf 87' lang='lat' dir='ltr'><strong>(l66),</strong></span> <span class='ocrx_word' id='word_1_34' title='bbox 1911 1812 2192 1870; x_wconf 90' lang='lat' dir='ltr'><strong>immundc</strong></span> <span class='ocrx_word' id='word_1_35' title='bbox 2219 1810 2444 1874; x_wconf 89' lang='lat' dir='ltr'><strong>munde,</strong></span> <span class='ocrx_word' id='word_1_36' title='bbox 2467 1822 2604 1864; x_wconf 90' lang='lat' dir='ltr'><strong>con-</strong></span> 
     </span>
    </p>
   </div>
   <div class='ocr_carea' id='block_1_11' title="bbox 987 1902 2608 1994">
    <p class='ocr_par' dir='ltr' id='par_1_11' title="bbox 987 1902 2608 1994">
     <span class='ocr_line' id='line_1_11' title="bbox 987 1902 2608 1994; baseline -0.015 -16"><span class='ocrx_word' id='word_1_37' title='bbox 987 1921 1297 1994; x_wconf 85' lang='lat' dir='ltr'><strong>querimur,</strong></span> <span class='ocrx_word' id='word_1_38' title='bbox 1330 1915 1457 1988; x_wconf 85' lang='lat' dir='ltr'><strong>quia</strong></span> <span class='ocrx_word' id='word_1_39' title='bbox 1506 1911 1675 1968; x_wconf 80' lang='lat' dir='ltr'><strong>habes</strong></span> <span class='ocrx_word' id='word_1_40' title='bbox 1722 1905 2131 1967; x_wconf 71' lang='lat' dir='ltr'><strong>intolerabilem</strong></span> <span class='ocrx_word' id='word_1_41' title='bbox 2179 1902 2476 1994; x_wconf 75' lang='lat' dir='ltr'><strong>stultorum</strong></span> <span class='ocrx_word' id='word_1_42' title='bbox 2513 1914 2608 1955; x_wconf 87' lang='lat' dir='ltr'><strong>sa-</strong></span> 
     </span>
    </p>
   </div>
   <div class='ocr_carea' id='block_1_12' title="bbox 987 1991 2608 2085">
    <p class='ocr_par' dir='ltr' id='par_1_12' title="bbox 987 1991 2608 2085">
     <span class='ocr_line' id='line_1_12' title="bbox 987 1991 2608 2085; baseline -0.012 -19"><span class='ocrx_word' id='word_1_43' title='bbox 987 1991 1261 2085; x_wconf 83' lang='lat' dir='ltr'><strong>pientium</strong></span> <span class='ocrx_word' id='word_1_44' title='bbox 1293 2009 1508 2065; x_wconf 87' lang='lat' dir='ltr'><strong>turbam</strong></span> <span class='ocrx_word' id='word_1_45' title='bbox 1541 2005 1638 2059; x_wconf 92' lang='lat' dir='ltr'><strong>tibi</strong></span> <span class='ocrx_word' id='word_1_46' title='bbox 1665 2001 1978 2064; x_wconf 80' lang='lat' dir='ltr'><strong>facundam,</strong></span> <span class='ocrx_word' id='word_1_47' title='bbox 2005 1999 2118 2052; x_wconf 89' lang='lat' dir='ltr'><strong>Deo</strong></span> <span class='ocrx_word' id='word_1_48' title='bbox 2150 2003 2377 2050; x_wconf 88' lang='lat' dir='ltr'><strong>mutam.</strong></span> <span class='ocrx_word' id='word_1_49' title='bbox 2405 1991 2608 2056; x_wconf 76' lang='lat' dir='ltr'><strong>Habes,</strong></span> 
     </span>
    </p>
   </div>
   <div class='ocr_carea' id='block_1_13' title="bbox 981 2085 2610 2178">
    <p class='ocr_par' dir='ltr' id='par_1_13' title="bbox 981 2085 2610 2178">
     <span class='ocr_line' id='line_1_13' title="bbox 981 2085 2610 2178; baseline -0.015 -17"><span class='ocrx_word' id='word_1_50' title='bbox 981 2106 1076 2178; x_wconf 80' lang='lat' dir='ltr'><strong>qui</strong></span> <span class='ocrx_word' id='word_1_51' title='bbox 1109 2119 1211 2176; x_wconf 90' lang='lat' dir='ltr'><strong>per</strong></span> <span class='ocrx_word' id='word_1_52' title='bbox 1238 2115 1438 2158; x_wconf 88' lang='lat' dir='ltr'><strong>vanam</strong></span> <span class='ocrx_word' id='word_1_53' title='bbox 1474 2093 1846 2166; x_wconf 87' lang='lat' dir='ltr'><strong>eloquentiam</strong></span> <span class='ocrx_word' id='word_1_54' title='bbox 1877 2099 1934 2147; x_wconf 93' lang='lat' dir='ltr'><strong>et</strong></span> <span class='ocrx_word' id='word_1_55' title='bbox 1959 2090 2178 2145; x_wconf 91' lang='lat' dir='ltr'><strong>inanem</strong></span> <span class='ocrx_word' id='word_1_56' title='bbox 2205 2085 2610 2158; x_wconf 81' lang='lat' dir='ltr'><strong>philosophiam</strong></span> 
     </span>
    </p>
   </div>
   <div class='ocr_carea' id='block_1_14' title="bbox 985 2177 2611 2266">
    <p class='ocr_par' dir='ltr' id='par_1_14' title="bbox 985 2177 2611 2266">
     <span class='ocr_line' id='line_1_14' title="bbox 985 2177 2611 2266; baseline -0.015 -10"><span class='ocrx_word' id='word_1_57' title='bbox 985 2215 1046 2266; x_wconf 72' lang='lat' dir='ltr'><strong>se</strong></span> <span class='ocrx_word' id='word_1_58' title='bbox 1074 2199 1261 2254; x_wconf 73' lang='lat' dir='ltr'><strong>sciunt</strong></span> <span class='ocrx_word' id='word_1_59' title='bbox 1287 2195 1342 2250; x_wconf 92' lang='lat' dir='ltr'><strong>in</strong></span> <span class='ocrx_word' id='word_1_60' title='bbox 1373 2191 1645 2262; x_wconf 66' lang='lat' dir='ltr'><strong>superbia:</strong></span> <span class='ocrx_word' id='word_1_61' title='bbox 1673 2187 1936 2244; x_wconf 90' lang='lat' dir='ltr'><strong>cornibus</strong></span> <span class='ocrx_word' id='word_1_62' title='bbox 1964 2190 2292 2252; x_wconf 73' lang='lat' dir='ltr'><strong>arroganter</strong></span> <span class='ocrx_word' id='word_1_63' title='bbox 2321 2177 2611 2244; x_wconf 81' lang='lat' dir='ltr'><strong>extollere,</strong></span> 
     </span>
    </p>
   </div>
   <div class='ocr_carea' id='block_1_15' title="bbox 988 2270 2613 2357">
    <p class='ocr_par' dir='ltr' id='par_1_15' title="bbox 988 2270 2613 2357">
     <span class='ocr_line' id='line_1_15' title="bbox 988 2270 2613 2357; baseline -0.015 -11"><span class='ocrx_word' id='word_1_64' title='bbox 988 2304 1097 2346; x_wconf 90' lang='lat' dir='ltr'><strong>non</strong></span> <span class='ocrx_word' id='word_1_65' title='bbox 1129 2287 1307 2345; x_wconf 81' lang='lat' dir='ltr'><strong>habes</strong></span> <span class='ocrx_word' id='word_1_66' title='bbox 1328 2283 1421 2357; x_wconf 92' lang='lat' dir='ltr'><strong>qui</strong></span> <span class='ocrx_word' id='word_1_67' title='bbox 1457 2281 1803 2353; x_wconf 87' lang='lat' dir='ltr'><strong>profuturum</strong></span> <span class='ocrx_word' id='word_1_68' title='bbox 1825 2273 2029 2344; x_wconf 86' lang='lat' dir='ltr'><strong>aliquid</strong></span> <span class='ocrx_word' id='word_1_69' title='bbox 2053 2271 2398 2328; x_wconf 72' lang='lat' dir='ltr'><strong>auliticationi</strong></span> <span class='ocrx_word' id='word_1_70' title='bbox 2425 2270 2613 2340; x_wconf 56' lang='lat' dir='ltr'><strong>proxi.»</strong></span> 
     </span>
    </p>
   </div>
   <div class='ocr_carea' id='block_1_16' title="bbox 986 2360 2614 2448">
    <p class='ocr_par' dir='ltr' id='par_1_16' title="bbox 986 2360 2614 2448">
     <span class='ocr_line' id='line_1_16' title="bbox 986 2360 2614 2448; baseline -0.015 -12"><span class='ocrx_word' id='word_1_71' title='bbox 986 2362 1209 2436; x_wconf 77' lang='lat' dir='ltr'><strong>morum</strong></span> <span class='ocrx_word' id='word_1_72' title='bbox 1234 2393 1298 2433; x_wconf 93' lang='lat' dir='ltr'><strong>ac</strong></span> <span class='ocrx_word' id='word_1_73' title='bbox 1316 2384 1663 2448; x_wconf 87' lang='lat' dir='ltr'><strong>posterorum</strong></span> <span class='ocrx_word' id='word_1_74' title='bbox 1689 2367 1823 2424; x_wconf 86' lang='lat' dir='ltr'><strong>velit</strong></span> <span class='ocrx_word' id='word_1_75' title='bbox 1849 2365 2172 2421; x_wconf 85' lang='lat' dir='ltr'><strong>memoriam</strong></span> <span class='ocrx_word' id='word_1_76' title='bbox 2212 2361 2360 2433; x_wconf 73' lang='lat'><strong>(167)</strong></span> <span class='ocrx_word' id='word_1_77' title='bbox 2380 2360 2614 2416; x_wconf 88' lang='lat' dir='ltr'><strong>schedu-</strong></span> 
     </span>
    </p>
   </div>
   <div class='ocr_carea' id='block_1_17' title="bbox 988 2451 2614 2544">
    <p class='ocr_par' dir='ltr' id='par_1_17' title="bbox 988 2451 2614 2544">
     <span class='ocr_line' id='line_1_17' title="bbox 988 2451 2614 2544; baseline -0.015 -14"><span class='ocrx_word' id='word_1_78' title='bbox 988 2476 1060 2544; x_wconf 81' lang='lat' dir='ltr'><strong>lis</strong></span> <span class='ocrx_word' id='word_1_79' title='bbox 1094 2474 1388 2542; x_wconf 73' lang='lat' dir='ltr'><strong>adnotare.</strong></span> <span class='ocrx_word' id='word_1_80' title='bbox 1422 2467 1624 2528; x_wconf 81' lang='lat' dir='ltr'><strong>llabes,</strong></span> <span class='ocrx_word' id='word_1_81' title='bbox 1658 2463 1908 2533; x_wconf 88' lang='lat' dir='ltr'><strong>inquam,</strong></span> <span class='ocrx_word' id='word_1_82' title='bbox 1943 2458 2037 2529; x_wconf 89' lang='lat' dir='ltr'><strong>qui</strong></span> <span class='ocrx_word' id='word_1_83' title='bbox 2090 2457 2144 2511; x_wconf 90' lang='lat' dir='ltr'><strong>in</strong></span> <span class='ocrx_word' id='word_1_84' title='bbox 2177 2451 2614 2526; x_wconf 68' lang='lat' dir='ltr'><strong>prattoriisjudi-</strong></span> 
     </span>
    </p>
   </div>
   <div class='ocr_carea' id='block_1_18' title="bbox 989 2545 2613 2636">
    <p class='ocr_par' dir='ltr' id='par_1_18' title="bbox 989 2545 2613 2636">
     <span class='ocr_line' id='line_1_18' title="bbox 989 2545 2613 2636; baseline -0.017 -12"><span class='ocrx_word' id='word_1_85' title='bbox 989 2545 1116 2623; x_wconf 87' lang='lat' dir='ltr'><strong>cum</strong></span> <span class='ocrx_word' id='word_1_86' title='bbox 1147 2562 1495 2636; x_wconf 87' lang='lat' dir='ltr'><strong>negotiorum</strong></span> <span class='ocrx_word' id='word_1_87' title='bbox 1526 2555 1872 2636; x_wconf 59' lang='lat' dir='ltr'><strong>saecularium</strong></span> <span class='ocrx_word' id='word_1_88' title='bbox 1902 2553 2028 2607; x_wconf 87' lang='lat' dir='ltr'><strong>lites</strong></span> <span class='ocrx_word' id='word_1_89' title='bbox 2071 2559 2151 2636; x_wconf 37' lang='lat' dir='ltr'><strong>et‘</strong></span> <span class='ocrx_word' id='word_1_90' title='bbox 2172 2562 2465 2604; x_wconf 76' lang='lat' dir='ltr'><strong>causarum</strong></span> <span class='ocrx_word' id='word_1_91' title='bbox 2490 2545 2613 2615; x_wconf 89' lang='lat' dir='ltr'><strong>jur-</strong></span> 
     </span>
    </p>
   </div>
   <div class='ocr_carea' id='block_1_19' title="bbox 991 2631 2613 2726">
    <p class='ocr_par' dir='ltr' id='par_1_19' title="bbox 991 2631 2613 2726">
     <span class='ocr_line' id='line_1_19' title="bbox 991 2631 2613 2726; baseline -0.015 -13"><span class='ocrx_word' id='word_1_92' title='bbox 991 2657 1081 2726; x_wconf 88' lang='lat' dir='ltr'><strong>g-ia</strong></span> <span class='ocrx_word' id='word_1_93' title='bbox 1117 2631 1400 2712; x_wconf 74' lang='lat' dir='ltr'><strong>continuis</strong></span> <span class='ocrx_word' id='word_1_94' title='bbox 1445 2633 1627 2703; x_wconf 82' lang='lat' dir='ltr'><strong>valeat</strong></span> <span class='ocrx_word' id='word_1_95' title='bbox 1657 2631 2155 2701; x_wconf 70' lang='lat' dir='ltr'><strong>declamationibus</strong></span> <span class='ocrx_word' id='word_1_96' title='bbox 2186 2652 2469 2710; x_wconf 83' lang='lat' dir='ltr'><strong>perorare,</strong></span> <span class='ocrx_word' id='word_1_97' title='bbox 2503 2652 2613 2703; x_wconf 22' lang='lat' dir='ltr'><strong>titan</strong></span> 
     </span>
    </p>
   </div>
   <div class='ocr_carea' id='block_1_20' title="bbox 992 2727 2616 2812">
    <p class='ocr_par' dir='ltr' id='par_1_20' title="bbox 992 2727 2616 2812">
     <span class='ocr_line' id='line_1_20' title="bbox 992 2727 2616 2812; baseline -0.015 -7"><span class='ocrx_word' id='word_1_98' title='bbox 992 2757 1178 2804; x_wconf 79' lang='lat' dir='ltr'><strong>autem</strong></span> <span class='ocrx_word' id='word_1_99' title='bbox 1205 2744 1398 2805; x_wconf 86' lang='lat' dir='ltr'><strong>habes,</strong></span> <span class='ocrx_word' id='word_1_100' title='bbox 1433 2741 1524 2812; x_wconf 90' lang='lat' dir='ltr'><strong>qui</strong></span> <span class='ocrx_word' id='word_1_101' title='bbox 1555 2737 1729 2808; x_wconf 87' lang='lat' dir='ltr'><strong>possit</strong></span> <span class='ocrx_word' id='word_1_102' title='bbox 1750 2736 1804 2790; x_wconf 92' lang='lat' dir='ltr'><strong>in</strong></span> <span class='ocrx_word' id='word_1_103' title='bbox 1833 2741 2025 2790; x_wconf 86' lang='lat' dir='ltr'><strong>sancta</strong></span> <span class='ocrx_word' id='word_1_104' title='bbox 2050 2729 2302 2786; x_wconf 84' lang='lat' dir='ltr'><strong>Ecclesia</strong></span> <span class='ocrx_word' id='word_1_105' title='bbox 2344 2729 2430 2782; x_wconf 86' lang='lat' dir='ltr'><strong>vel</strong></span> <span class='ocrx_word' id='word_1_106' title='bbox 2455 2727 2616 2780; x_wconf 90' lang='lat' dir='ltr'><strong>unius</strong></span> 
     </span>
    </p>
   </div>
   <div class='ocr_carea' id='block_1_21' title="bbox 993 2819 2616 2907">
    <p class='ocr_par' dir='ltr' id='par_1_21' title="bbox 993 2819 2616 2907">
     <span class='ocr_line' id='line_1_21' title="bbox 993 2819 2616 2907; baseline -0.016 -12"><span class='ocrx_word' id='word_1_107' title='bbox 993 2847 1318 2907; x_wconf 78' lang='lat' dir='ltr'><strong>sanctorum</strong></span> <span class='ocrx_word' id='word_1_108' title='bbox 1356 2835 1590 2890; x_wconf 80' lang='lat' dir='ltr'><strong>virtutes</strong></span> <span class='ocrx_word' id='word_1_109' title='bbox 1644 2841 1697 2886; x_wconf 92' lang='lat' dir='ltr'><strong>et</strong></span> <span class='ocrx_word' id='word_1_110' title='bbox 1729 2828 1880 2885; x_wconf 89' lang='lat' dir='ltr'><strong>clara</strong></span> <span class='ocrx_word' id='word_1_111' title='bbox 1925 2833 2080 2898; x_wconf 90' lang='lat' dir='ltr'><strong>gesta</strong></span> <span class='ocrx_word' id='word_1_112' title='bbox 2133 2823 2468 2879; x_wconf 86' lang='lat' dir='ltr'><strong>describere.</strong></span> <span class='ocrx_word' id='word_1_113' title='bbox 2509 2819 2616 2872; x_wconf 82' lang='lat' dir='ltr'><strong>Sa-</strong></span> 
     </span>
    </p>
   </div>
   <div class='ocr_carea' id='block_1_22' title="bbox 989 2915 2615 3005">
    <p class='ocr_par' dir='ltr' id='par_1_22' title="bbox 989 2915 2615 3005">
     <span class='ocr_line' id='line_1_22' title="bbox 989 2915 2615 3005; baseline -0.014 -17"><span class='ocrx_word' id='word_1_114' title='bbox 989 2930 1212 3005; x_wconf 83' lang='lat' dir='ltr'><strong>pientes</strong></span> <span class='ocrx_word' id='word_1_115' title='bbox 1242 2927 1514 2998; x_wconf 78' lang='lat' dir='ltr'><strong>siquidem</strong></span> <span class='ocrx_word' id='word_1_116' title='bbox 1546 2931 1678 2979; x_wconf 90' lang='lat' dir='ltr'><strong>sunt</strong></span> <span class='ocrx_word' id='word_1_117' title='bbox 1730 2929 1792 2975; x_wconf 89' lang='lat' dir='ltr'><strong>ut</strong></span> <span class='ocrx_word' id='word_1_118' title='bbox 1827 2919 2038 2974; x_wconf 78' lang='lat' dir='ltr'><strong>faciant</strong></span> <span class='ocrx_word' id='word_1_119' title='bbox 2069 2915 2232 2980; x_wconf 84' lang='lat' dir='ltr'><strong>mala,</strong></span> <span class='ocrx_word' id='word_1_120' title='bbox 2261 2915 2404 2969; x_wconf 83' lang='lat' dir='ltr'><strong>l)0aa</strong></span> <span class='ocrx_word' id='word_1_121' title='bbox 2434 2923 2615 3005; x_wconf 80' lang='lat' dir='ltr'><strong>autem</strong></span> 
     </span>
    </p>
   </div>
   <div class='ocr_carea' id='block_1_23' title="bbox 988 3000 2615 3088">
    <p class='ocr_par' dir='ltr' id='par_1_23' title="bbox 988 3000 2615 3088">
     <span class='ocr_line' id='line_1_23' title="bbox 988 3000 2615 3088; baseline -0.016 -7"><span class='ocrx_word' id='word_1_122' title='bbox 988 3000 1181 3080; x_wconf 59' lang='lat' dir='ltr'><strong>facere</strong></span> <span class='ocrx_word' id='word_1_123' title='bbox 1215 3020 1466 3076; x_wconf 88' lang='lat' dir='ltr'><strong>nesciunt</strong></span> <span class='ocrx_word' id='word_1_124' title='bbox 1490 3014 1677 3088; x_wconf 79' lang='lat' dir='ltr'><strong>(Jaan.</strong></span> <span class='ocrx_word' id='word_1_125' title='bbox 1709 3013 1807 3086; x_wconf 85' lang='lat' dir='ltr'><strong>Iv).</strong></span> <span class='ocrx_word' id='word_1_126' title='bbox 1837 3011 1979 3066; x_wconf 88' lang='lat' dir='ltr'><strong>Ecce</strong></span> <span class='ocrx_word' id='word_1_127' title='bbox 2011 3009 2158 3064; x_wconf 89' lang='lat' dir='ltr'><strong>enim</strong></span> <span class='ocrx_word' id='word_1_128' title='bbox 2192 3005 2340 3078; x_wconf 90' lang='lat' dir='ltr'><strong>(l68)</strong></span> <span class='ocrx_word' id='word_1_129' title='bbox 2375 3005 2476 3059; x_wconf 90' lang='lat' dir='ltr'><strong>tria</strong></span> <span class='ocrx_word' id='word_1_130' title='bbox 2498 3000 2615 3068; x_wconf 91' lang='lat' dir='ltr'><strong>jam</strong></span> 
     </span>
    </p>
   </div>
   <div class='ocr_carea' id='block_1_24' title="bbox 2636 1703 4334 1782">
    <p class='ocr_par' dir='ltr' id='par_1_24' title="bbox 2636 1703 4334 1782">
     <span class='ocr_line' id='line_1_24' title="bbox 2636 1703 4334 1782; baseline 0 -14"><span class='ocrx_word' id='word_1_131' title='bbox 2636 1716 2686 1777; x_wconf 76' lang='grc' dir='ltr'>Α</span> <span class='ocrx_word' id='word_1_132' title='bbox 2711 1726 2809 1768; x_wconf 93' lang='lat' dir='ltr'><strong>ore</strong></span> <span class='ocrx_word' id='word_1_133' title='bbox 2836 1708 3200 1780; x_wconf 82' lang='lat' dir='ltr'><strong>depromitur,</strong></span> <span class='ocrx_word' id='word_1_134' title='bbox 3236 1707 3456 1763; x_wconf 89' lang='lat' dir='ltr'><strong>labente</strong></span> <span class='ocrx_word' id='word_1_135' title='bbox 3485 1707 3764 1763; x_wconf 88' lang='lat' dir='ltr'><strong>curriculo</strong></span> <span class='ocrx_word' id='word_1_136' title='bbox 3794 1703 3960 1781; x_wconf 47' lang='lat' dir='ltr'><strong>“Z7</strong></span> <span class='ocrx_word' id='word_1_137' title='bbox 3993 1717 4334 1782; x_wconf 74' lang='lat' dir='ltr'><strong>temportt&#39;l,</strong></span> 
     </span>
    </p>
   </div>
   <div class='ocr_carea' id='block_1_25' title="bbox 2713 1801 3983 1873">
    <p class='ocr_par' dir='ltr' id='par_1_25' title="bbox 2713 1801 3983 1873">
     <span class='ocr_line' id='line_1_25' title="bbox 2713 1801 3983 1873; baseline -0.006 -10"><span class='ocrx_word' id='word_1_138' title='bbox 2713 1805 2783 1862; x_wconf 89' lang='lat' dir='ltr'><strong>de</strong></span> <span class='ocrx_word' id='word_1_139' title='bbox 2813 1802 3080 1859; x_wconf 86' lang='lat' dir='ltr'><strong>memoria</strong></span> <span class='ocrx_word' id='word_1_140' title='bbox 3110 1801 3395 1858; x_wconf 82' lang='lat' dir='ltr'><strong>hominum</strong></span> <span class='ocrx_word' id='word_1_141' title='bbox 3435 1801 3658 1873; x_wconf 89' lang='lat' dir='ltr'><strong>penitus</strong></span> <span class='ocrx_word' id='word_1_142' title='bbox 3685 1801 3950 1858; x_wconf 88' lang='lat' dir='ltr'><strong>deleatur.</strong></span> <span class='ocrx_word' id='word_1_143' title='bbox 3970 1807 3983 1824; x_wconf 88' lang='lat'>&#39;</span> 
     </span>
    </p>
   </div>
   <div class='ocr_carea' id='block_1_26' title="bbox 2785 1892 4340 1968">
    <p class='ocr_par' dir='ltr' id='par_1_26' title="bbox 2785 1892 4340 1968">
     <span class='ocr_line' id='line_1_26' title="bbox 2785 1892 4340 1968; baseline 0.001 -19"><span class='ocrx_word' id='word_1_144' title='bbox 2785 1896 3156 1965; x_wconf 68' lang='lat' dir='ltr'><strong>Quapropter,</strong></span> <span class='ocrx_word' id='word_1_145' title='bbox 3187 1893 3291 1948; x_wconf 87' lang='lat' dir='ltr'><strong>hoc</strong></span> <span class='ocrx_word' id='word_1_146' title='bbox 3335 1892 3533 1949; x_wconf 85' lang='lat' dir='ltr'><strong>timore</strong></span> <span class='ocrx_word' id='word_1_147' title='bbox 3560 1892 3899 1964; x_wconf 76' lang='lat' dir='ltr'><strong>compulsus,</strong></span> <span class='ocrx_word' id='word_1_148' title='bbox 3927 1892 4340 1968; x_wconf 87' lang='lat' dir='ltr'><strong>multorumque</strong></span> 
     </span>
    </p>
   </div>
   <div class='ocr_carea' id='block_1_27' title="bbox 2715 1981 4339 2054">
    <p class='ocr_par' dir='ltr' id='par_1_27' title="bbox 2715 1981 4339 2054">
     <span class='ocr_line' id='line_1_27' title="bbox 2715 1981 4339 2054; baseline 0.004 -16"><span class='ocrx_word' id='word_1_149' title='bbox 2715 1984 2948 2040; x_wconf 81' lang='lat' dir='ltr'><strong>fratrum</strong></span> <span class='ocrx_word' id='word_1_150' title='bbox 2999 1981 3256 2054; x_wconf 90' lang='lat' dir='ltr'><strong>precibus</strong></span> <span class='ocrx_word' id='word_1_151' title='bbox 3302 1990 3357 2036; x_wconf 91' lang='lat' dir='ltr'><strong>et</strong></span> <span class='ocrx_word' id='word_1_152' title='bbox 3409 1997 3670 2052; x_wconf 87' lang='lat' dir='ltr'><strong>germana</strong></span> <span class='ocrx_word' id='word_1_153' title='bbox 3711 1983 3985 2039; x_wconf 88' lang='lat' dir='ltr'><strong>charitate</strong></span> <span class='ocrx_word' id='word_1_154' title='bbox 4018 1985 4339 2051; x_wconf 81' lang='lat' dir='ltr'><strong>devinctus.</strong></span> 
     </span>
    </p>
   </div>
   <div class='ocr_carea' id='block_1_28' title="bbox 2715 2074 4341 2148">
    <p class='ocr_par' dir='ltr' id='par_1_28' title="bbox 2715 2074 4341 2148">
     <span class='ocr_line' id='line_1_28' title="bbox 2715 2074 4341 2148; baseline 0.003 -18"><span class='ocrx_word' id='word_1_155' title='bbox 2715 2076 2861 2148; x_wconf 90' lang='lat' dir='ltr'><strong>quod</strong></span> <span class='ocrx_word' id='word_1_156' title='bbox 2893 2076 2959 2132; x_wconf 87' lang='lat' dir='ltr'><strong>de</strong></span> <span class='ocrx_word' id='word_1_157' title='bbox 2991 2075 3255 2145; x_wconf 76' lang='lat' dir='ltr'><strong>przedieto</strong></span> <span class='ocrx_word' id='word_1_158' title='bbox 3285 2074 3522 2129; x_wconf 86' lang='lat' dir='ltr'><strong>mirabili</strong></span> <span class='ocrx_word' id='word_1_159' title='bbox 3552 2075 3672 2131; x_wconf 91' lang='lat' dir='ltr'><strong>viro</strong></span> <span class='ocrx_word' id='word_1_160' title='bbox 3703 2075 3772 2131; x_wconf 89' lang='lat' dir='ltr'><strong>ab</strong></span> <span class='ocrx_word' id='word_1_161' title='bbox 3800 2077 4039 2148; x_wconf 74' lang='lat' dir='ltr'><strong>egregiis</strong></span> <span class='ocrx_word' id='word_1_162' title='bbox 4069 2077 4186 2146; x_wconf 89' lang='lat' dir='ltr'><strong>ejus</strong></span> <span class='ocrx_word' id='word_1_163' title='bbox 4225 2080 4341 2135; x_wconf 81' lang='lat' dir='ltr'><strong>dis-</strong></span> 
     </span>
    </p>
   </div>
   <div class='ocr_carea' id='block_1_29' title="bbox 2715 2166 4345 2239">
    <p class='ocr_par' dir='ltr' id='par_1_29' title="bbox 2715 2166 4345 2239">
     <span class='ocr_line' id='line_1_29' title="bbox 2715 2166 4345 2239; baseline 0.001 -15"><span class='ocrx_word' id='word_1_164' title='bbox 2715 2168 2911 2236; x_wconf 90' lang='lat' dir='ltr'><strong>cipulis</strong></span> <span class='ocrx_word' id='word_1_165' title='bbox 2957 2166 3148 2232; x_wconf 85' lang='lat' dir='ltr'><strong>didici,</strong></span> <span class='ocrx_word' id='word_1_166' title='bbox 3199 2167 3509 2238; x_wconf 84' lang='lat' dir='ltr'><strong>aggrediar,</strong></span> <span class='ocrx_word' id='word_1_167' title='bbox 3563 2167 3675 2224; x_wconf 90' lang='lat' dir='ltr'><strong>Deo</strong></span> <span class='ocrx_word' id='word_1_168' title='bbox 3709 2179 3955 2235; x_wconf 86' lang='lat' dir='ltr'><strong>auctore,</strong></span> <span class='ocrx_word' id='word_1_169' title='bbox 4001 2171 4345 2239; x_wconf 84' lang='lat' dir='ltr'><strong>describere,</strong></span> 
     </span>
    </p>
   </div>
   <div class='ocr_carea' id='block_1_30' title="bbox 2714 2257 4346 2331">
    <p class='ocr_par' dir='ltr' id='par_1_30' title="bbox 2714 2257 4346 2331">
     <span class='ocr_line' id='line_1_30' title="bbox 2714 2257 4346 2331; baseline 0.002 -17"><span class='ocrx_word' id='word_1_170' title='bbox 2714 2257 2950 2331; x_wconf 88' lang='lat' dir='ltr'><strong>vitaeque</strong></span> <span class='ocrx_word' id='word_1_171' title='bbox 2979 2257 3097 2328; x_wconf 86' lang='lat' dir='ltr'><strong>ejus</strong></span> <span class='ocrx_word' id='word_1_172' title='bbox 3125 2259 3364 2324; x_wconf 90' lang='lat' dir='ltr'><strong>initium,</strong></span> <span class='ocrx_word' id='word_1_173' title='bbox 3397 2275 3623 2316; x_wconf 89' lang='lat' dir='ltr'><strong>cursum</strong></span> <span class='ocrx_word' id='word_1_174' title='bbox 3651 2270 3706 2316; x_wconf 89' lang='lat' dir='ltr'><strong>et</strong></span> <span class='ocrx_word' id='word_1_175' title='bbox 3731 2261 3921 2326; x_wconf 84' lang='lat' dir='ltr'><strong>ﬁnem,</strong></span> <span class='ocrx_word' id='word_1_176' title='bbox 3948 2262 4211 2318; x_wconf 86' lang='lat' dir='ltr'><strong>nimirum</strong></span> <span class='ocrx_word' id='word_1_177' title='bbox 4243 2265 4346 2319; x_wconf 86' lang='lat' dir='ltr'><strong>im-</strong></span> 
     </span>
    </p>
   </div>
   <div class='ocr_carea' id='block_1_31' title="bbox 2714 2334 4344 2426">
    <p class='ocr_par' dir='ltr' id='par_1_31' title="bbox 2714 2334 4344 2426">
     <span class='ocr_line' id='line_1_31' title="bbox 2714 2334 4344 2426; baseline 0.002 -20"><span class='ocrx_word' id='word_1_178' title='bbox 2714 2351 2929 2421; x_wconf 91' lang='lat' dir='ltr'><strong>peritus</strong></span> <span class='ocrx_word' id='word_1_179' title='bbox 2957 2352 3144 2417; x_wconf 91' lang='lat' dir='ltr'><strong>homo,</strong></span> <span class='ocrx_word' id='word_1_180' title='bbox 3177 2366 3284 2404; x_wconf 91' lang='lat' dir='ltr'><strong>non</strong></span> <span class='ocrx_word' id='word_1_181' title='bbox 3330 2350 3620 2406; x_wconf 86' lang='lat' dir='ltr'><strong>historiam</strong></span> <span class='ocrx_word' id='word_1_182' title='bbox 3671 2360 3884 2420; x_wconf 80' lang='lat' dir='ltr'><strong>texens,</strong></span> <span class='ocrx_word' id='word_1_183' title='bbox 3932 2355 4030 2409; x_wconf 91' lang='lat' dir='ltr'><strong>sed</strong></span> <span class='ocrx_word' id='word_1_184' title='bbox 4068 2334 4344 2426; x_wconf 84' lang='lat' dir='ltr'><strong>quoddam</strong></span> 
     </span>
    </p>
   </div>
   <div class='ocr_carea' id='block_1_32' title="bbox 2717 2434 4350 2516">
    <p class='ocr_par' dir='ltr' id='par_1_32' title="bbox 2717 2434 4350 2516">
     <span class='ocr_line' id='line_1_32' title="bbox 2717 2434 4350 2516; baseline 0.006 -23"><span class='ocrx_word' id='word_1_185' title='bbox 2717 2442 2873 2512; x_wconf 84' lang='lat' dir='ltr'><strong>quasi</strong></span> <span class='ocrx_word' id='word_1_186' title='bbox 2906 2443 3072 2497; x_wconf 86' lang='lat' dir='ltr'><strong>breve</strong></span> <span class='ocrx_word' id='word_1_187' title='bbox 3116 2442 3603 2498; x_wconf 87' lang='lat' dir='ltr'><strong>commonitorium</strong></span> <span class='ocrx_word' id='word_1_188' title='bbox 3656 2434 3889 2510; x_wconf 64' lang='lat' dir='ltr'><strong>facie’ns,</strong></span> <span class='ocrx_word' id='word_1_189' title='bbox 3923 2444 4350 2516; x_wconf 84' lang='lat' dir='ltr'><strong>quibuscunque</strong></span> 
     </span>
    </p>
   </div>
   <div class='ocr_carea' id='block_1_33' title="bbox 2719 2533 4348 2605">
    <p class='ocr_par' dir='ltr' id='par_1_33' title="bbox 2719 2533 4348 2605">
     <span class='ocr_line' id='line_1_33' title="bbox 2719 2533 4348 2605; baseline 0.003 -18"><span class='ocrx_word' id='word_1_190' title='bbox 2719 2534 2944 2591; x_wconf 90' lang='lat' dir='ltr'><strong>tentabo</strong></span> <span class='ocrx_word' id='word_1_191' title='bbox 2997 2533 3323 2604; x_wconf 50' lang='lat' dir='ltr'><strong>litterarum;</strong></span> <span class='ocrx_word' id='word_1_192' title='bbox 3363 2533 3615 2605; x_wconf 87' lang='lat' dir='ltr'><strong>apicibus</strong></span> <span class='ocrx_word' id='word_1_193' title='bbox 3671 2549 3932 2592; x_wconf 78' lang='lat' dir='ltr'><strong>exarare.</strong></span> <span class='ocrx_word' id='word_1_194' title='bbox 3990 2535 4106 2591; x_wconf 91' lang='lat' dir='ltr'><strong>lloc</strong></span> <span class='ocrx_word' id='word_1_195' title='bbox 4163 2545 4348 2592; x_wconf 88' lang='lat' dir='ltr'><strong>autem</strong></span> 
     </span>
    </p>
   </div>
   <div class='ocr_carea' id='block_1_34' title="bbox 2719 2626 4349 2701">
    <p class='ocr_par' dir='ltr' id='par_1_34' title="bbox 2719 2626 4349 2701">
     <span class='ocr_line' id='line_1_34' title="bbox 2719 2626 4349 2701; baseline 0.002 -21"><span class='ocrx_word' id='word_1_196' title='bbox 2719 2643 2887 2680; x_wconf 87' lang='lat' dir='ltr'><strong>unum</strong></span> <span class='ocrx_word' id='word_1_197' title='bbox 2914 2627 2968 2681; x_wconf 92' lang='lat' dir='ltr'><strong>in</strong></span> <span class='ocrx_word' id='word_1_198' title='bbox 2999 2626 3192 2696; x_wconf 83' lang='lat' dir='ltr'><strong>primis</strong></span> <span class='ocrx_word' id='word_1_199' title='bbox 3216 2626 3479 2681; x_wconf 88' lang='lat' dir='ltr'><strong>lectorem</strong></span> <span class='ocrx_word' id='word_1_200' title='bbox 3515 2641 3696 2682; x_wconf 91' lang='lat' dir='ltr'><strong>meum</strong></span> <span class='ocrx_word' id='word_1_201' title='bbox 3719 2643 3885 2685; x_wconf 90' lang='lat' dir='ltr'><strong>nosse</strong></span> <span class='ocrx_word' id='word_1_202' title='bbox 3911 2628 4190 2696; x_wconf 89' lang='lat' dir='ltr'><strong>desidero,</strong></span> <span class='ocrx_word' id='word_1_203' title='bbox 4217 2629 4349 2701; x_wconf 82' lang='lat' dir='ltr'><strong>quia</strong></span> 
     </span>
    </p>
   </div>
   <div class='ocr_carea' id='block_1_35' title="bbox 2719 2707 4349 2794">
    <p class='ocr_par' dir='ltr' id='par_1_35' title="bbox 2719 2707 4349 2794">
     <span class='ocr_line' id='line_1_35' title="bbox 2719 2707 4349 2794; baseline 0.002 -21"><span class='ocrx_word' id='word_1_204' title='bbox 2719 2734 2826 2774; x_wconf 93' lang='lat' dir='ltr'><strong>non</strong></span> <span class='ocrx_word' id='word_1_205' title='bbox 2851 2718 3021 2772; x_wconf 87' lang='lat' dir='ltr'><strong>multa</strong></span> <span class='ocrx_word' id='word_1_206' title='bbox 3047 2733 3145 2788; x_wconf 92' lang='lat' dir='ltr'><strong>per</strong></span> <span class='ocrx_word' id='word_1_207' title='bbox 3163 2733 3288 2774; x_wconf 84' lang='lat' dir='ltr'><strong>eum</strong></span> <span class='ocrx_word' id='word_1_208' title='bbox 3318 2707 3462 2775; x_wconf 86' lang='lat' dir='ltr'><strong>facta</strong></span> <span class='ocrx_word' id='word_1_209' title='bbox 3485 2720 3752 2775; x_wconf 86' lang='lat' dir='ltr'><strong>miracula</strong></span> <span class='ocrx_word' id='word_1_210' title='bbox 3787 2721 3841 2776; x_wconf 91' lang='lat' dir='ltr'><strong>in</strong></span> <span class='ocrx_word' id='word_1_211' title='bbox 3867 2721 3972 2777; x_wconf 87' lang='lat' dir='ltr'><strong>hac</strong></span> <span class='ocrx_word' id='word_1_212' title='bbox 3997 2737 4100 2794; x_wconf 82' lang='lat' dir='ltr'><strong>ego</strong></span> <span class='ocrx_word' id='word_1_213' title='bbox 4138 2723 4349 2779; x_wconf 90' lang='lat' dir='ltr'><strong>descri-</strong></span> 
     </span>
    </p>
   </div>
   <div class='ocr_carea' id='block_1_36' title="bbox 2719 2813 4351 2887">
    <p class='ocr_par' dir='ltr' id='par_1_36' title="bbox 2719 2813 4351 2887">
     <span class='ocr_line' id='line_1_36' title="bbox 2719 2813 4351 2887; baseline 0.004 -20"><span class='ocrx_word' id='word_1_214' title='bbox 2719 2813 3000 2884; x_wconf 88' lang='lat' dir='ltr'><strong>ptiuncula</strong></span> <span class='ocrx_word' id='word_1_215' title='bbox 3018 2814 3291 2886; x_wconf 75' lang='lat' dir='ltr'><strong>colligam,</strong></span> <span class='ocrx_word' id='word_1_216' title='bbox 3317 2815 3410 2871; x_wconf 89' lang='lat' dir='ltr'><strong>sed</strong></span> <span class='ocrx_word' id='word_1_217' title='bbox 3437 2817 3643 2887; x_wconf 91' lang='lat' dir='ltr'><strong>potius,</strong></span> <span class='ocrx_word' id='word_1_218' title='bbox 3671 2817 3818 2887; x_wconf 88' lang='lat' dir='ltr'><strong>quod</strong></span> <span class='ocrx_word' id='word_1_219' title='bbox 3833 2818 3901 2874; x_wconf 89' lang='lat' dir='ltr'><strong>ad</strong></span> <span class='ocrx_word' id='word_1_220' title='bbox 3921 2819 4351 2876; x_wconf 68' lang='lat' dir='ltr'><strong>aediﬁcationem</strong></span> 
     </span>
    </p>
   </div>
   <div class='ocr_carea' id='block_1_37' title="bbox 2719 2905 4355 2979">
    <p class='ocr_par' dir='ltr' id='par_1_37' title="bbox 2719 2905 4355 2979">
     <span class='ocr_line' id='line_1_37' title="bbox 2719 2905 4355 2979; baseline 0.004 -19"><span class='ocrx_word' id='word_1_221' title='bbox 2719 2905 3051 2961; x_wconf 75' lang='lat' dir='ltr'><strong>omnimodis</strong></span> <span class='ocrx_word' id='word_1_222' title='bbox 3082 2907 3305 2966; x_wconf 82' lang='lat' dir='ltr'><strong>attinet.</strong></span> <span class='ocrx_word' id='word_1_223' title='bbox 3340 2908 3786 2964; x_wconf 83' lang='lat' dir='ltr'><strong>conversationis</strong></span> <span class='ocrx_word' id='word_1_224' title='bbox 3819 2909 3942 2979; x_wconf 86' lang='lat' dir='ltr'><strong>ejus</strong></span> <span class='ocrx_word' id='word_1_225' title='bbox 3980 2910 4232 2965; x_wconf 87' lang='lat' dir='ltr'><strong>ordinem</strong></span> <span class='ocrx_word' id='word_1_226' title='bbox 4267 2925 4355 2966; x_wconf 86' lang='lat' dir='ltr'><strong>re-</strong></span> 
     </span>
    </p>
   </div>
   <div class='ocr_carea' id='block_1_38' title="bbox 2722 2997 4356 3069">
    <p class='ocr_par' dir='ltr' id='par_1_38' title="bbox 2722 2997 4356 3069">
     <span class='ocr_line' id='line_1_38' title="bbox 2722 2997 4356 3069; baseline 0.003 -17"><span class='ocrx_word' id='word_1_227' title='bbox 2722 2997 2868 3054; x_wconf 89' lang='lat' dir='ltr'><strong>ferre</strong></span> <span class='ocrx_word' id='word_1_228' title='bbox 2911 3000 3260 3054; x_wconf 89' lang='lat' dir='ltr'><strong>contendam.</strong></span> <span class='ocrx_word' id='word_1_229' title='bbox 3308 2998 3509 3054; x_wconf 89' lang='lat' dir='ltr'><strong>Beatus</strong></span> <span class='ocrx_word' id='word_1_230' title='bbox 3539 2999 3814 3069; x_wconf 77' lang='lat' dir='ltr'><strong>siquidem</strong></span> <span class='ocrx_word' id='word_1_231' title='bbox 3850 3001 3937 3055; x_wconf 91' lang='lat' dir='ltr'><strong>vir</strong></span> <span class='ocrx_word' id='word_1_232' title='bbox 3966 3001 4018 3055; x_wconf 90' lang='lat' dir='ltr'><strong>in</strong></span> <span class='ocrx_word' id='word_1_233' title='bbox 4051 3008 4263 3055; x_wconf 84' lang='lat' dir='ltr'><strong>tantum</strong></span> <span class='ocrx_word' id='word_1_234' title='bbox 4294 3013 4356 3057; x_wconf 81' lang='lat' dir='ltr'><strong>se</strong></span> 
     </span>
    </p>
   </div>
   <div class='ocr_carea' id='block_1_39' title="bbox 990 3080 4351 3180">
    <p class='ocr_par' dir='ltr' id='par_1_39' title="bbox 990 3080 4351 3180">
     <span class='ocr_line' id='line_1_39' title="bbox 990 3080 4351 3180; baseline -0.009 -7"><span class='ocrx_word' id='word_1_235' title='bbox 990 3114 1113 3180; x_wconf 76' lang='lat' dir='ltr'><strong>fere</strong></span> <span class='ocrx_word' id='word_1_236' title='bbox 1141 3111 1318 3167; x_wconf 89' lang='lat' dir='ltr'><strong>lustra</strong></span> <span class='ocrx_word' id='word_1_237' title='bbox 1352 3080 1633 3163; x_wconf 75' lang='lat' dir='ltr'><strong>transacta</strong></span> <span class='ocrx_word' id='word_1_238' title='bbox 1662 3080 1811 3168; x_wconf 78' lang='lat' dir='ltr'><strong>sunt,</strong></span> <span class='ocrx_word' id='word_1_239' title='bbox 1840 3116 1910 3156; x_wconf 77' lang='lat' dir='ltr'><strong>ex</strong></span> <span class='ocrx_word' id='word_1_240' title='bbox 1931 3113 2041 3169; x_wconf 90' lang='lat' dir='ltr'><strong>quo</strong></span> <span class='ocrx_word' id='word_1_241' title='bbox 2065 3100 2261 3153; x_wconf 89' lang='lat' dir='ltr'><strong>beatus</strong></span> <span class='ocrx_word' id='word_1_242' title='bbox 2284 3093 2621 3149; x_wconf 78' lang='lat' dir='ltr'><strong>Romualdus</strong></span> <span class='ocrx_word' id='word_1_243' title='bbox 2653 3080 2695 3138; x_wconf 88' lang='grc' dir='ltr'>Β</span> <span class='ocrx_word' id='word_1_244' title='bbox 2727 3090 3055 3147; x_wconf 86' lang='lat' dir='ltr'><strong>humilitatis</strong></span> <span class='ocrx_word' id='word_1_245' title='bbox 3083 3091 3322 3162; x_wconf 81' lang='lat' dir='ltr'><strong>tegmine</strong></span> <span class='ocrx_word' id='word_1_246' title='bbox 3351 3105 3381 3145; x_wconf 91' lang='lat' dir='ltr'><strong>a</strong></span> <span class='ocrx_word' id='word_1_247' title='bbox 3411 3099 3575 3147; x_wconf 88' lang='lat' dir='ltr'><strong>vento</strong></span> <span class='ocrx_word' id='word_1_248' title='bbox 3618 3106 3775 3146; x_wconf 78' lang='lat' dir='ltr'><strong>vana:</strong></span> <span class='ocrx_word' id='word_1_249' title='bbox 3805 3091 3995 3163; x_wconf 76' lang='lat' dir='ltr'><strong>gloriae</strong></span> <span class='ocrx_word' id='word_1_250' title='bbox 4027 3090 4351 3158; x_wconf 72' lang='lat' dir='ltr'><strong>custodirit,</strong></span> 
     </span>
    </p>
   </div>
   <div class='ocr_carea' id='block_1_40' title="bbox 991 3183 2622 3278">
    <p class='ocr_par' dir='ltr' id='par_1_40' title="bbox 991 3183 2622 3278">
     <span class='ocr_line' id='line_1_40' title="bbox 991 3183 2622 3278; baseline -0.016 -16"><span class='ocrx_word' id='word_1_251' title='bbox 991 3204 1249 3278; x_wconf 82' lang='lat' dir='ltr'><strong>deposito</strong></span> <span class='ocrx_word' id='word_1_252' title='bbox 1277 3198 1461 3256; x_wconf 88' lang='lat' dir='ltr'><strong>carnis</strong></span> <span class='ocrx_word' id='word_1_253' title='bbox 1490 3210 1659 3251; x_wconf 91' lang='lat' dir='ltr'><strong>onere</strong></span> <span class='ocrx_word' id='word_1_254' title='bbox 1687 3193 1754 3248; x_wconf 90' lang='lat' dir='ltr'><strong>ad</strong></span> <span class='ocrx_word' id='word_1_255' title='bbox 1776 3192 2017 3247; x_wconf 79' lang='lat' dir='ltr'><strong>:etherea</strong></span> <span class='ocrx_word' id='word_1_256' title='bbox 2051 3203 2219 3258; x_wconf 87' lang='lat' dir='ltr'><strong>regna</strong></span> <span class='ocrx_word' id='word_1_257' title='bbox 2252 3183 2529 3256; x_wconf 83' lang='lat' dir='ltr'><strong>migravit,</strong></span> <span class='ocrx_word' id='word_1_258' title='bbox 2562 3191 2622 3278; x_wconf 78' lang='lat' dir='ltr'><strong>et</strong></span> 
     </span>
    </p>
   </div>
   <div class='ocr_carea' id='block_1_41' title="bbox 992 3271 2620 3354">
    <p class='ocr_par' dir='ltr' id='par_1_41' title="bbox 992 3271 2620 3354">
     <span class='ocr_line' id='line_1_41' title="bbox 992 3271 2620 3354; baseline -0.017 -1"><span class='ocrx_word' id='word_1_259' title='bbox 992 3271 1164 3352; x_wconf 81' lang='lat' dir='ltr'><strong>nemo</strong></span> <span class='ocrx_word' id='word_1_260' title='bbox 1195 3293 1376 3347; x_wconf 90' lang='lat' dir='ltr'><strong>adhuc</strong></span> <span class='ocrx_word' id='word_1_261' title='bbox 1415 3302 1485 3344; x_wconf 81' lang='lat' dir='ltr'><strong>ex</strong></span> <span class='ocrx_word' id='word_1_262' title='bbox 1531 3282 1844 3354; x_wconf 85' lang='lat' dir='ltr'><strong>bujusmodi</strong></span> <span class='ocrx_word' id='word_1_263' title='bbox 1879 3277 2224 3352; x_wconf 83' lang='lat' dir='ltr'><strong>sapientibus</strong></span> <span class='ocrx_word' id='word_1_264' title='bbox 2252 3274 2487 3338; x_wconf 72' lang='lat' dir='ltr'><strong>exstitit,</strong></span> <span class='ocrx_word' id='word_1_265' title='bbox 2526 3271 2620 3343; x_wconf 90' lang='lat' dir='ltr'><strong>qui</strong></span> 
     </span>
    </p>
   </div>
   <div class='ocr_carea' id='block_1_42' title="bbox 991 3363 2622 3444">
    <p class='ocr_par' dir='ltr' id='par_1_42' title="bbox 991 3363 2622 3444">
     <span class='ocr_line' id='line_1_42' title="bbox 991 3363 2622 3444; baseline -0.017 -1"><span class='ocrx_word' id='word_1_266' title='bbox 991 3370 1063 3444; x_wconf 70' lang='lat' dir='ltr'><strong>de</strong></span> <span class='ocrx_word' id='word_1_267' title='bbox 1117 3389 1202 3440; x_wconf 83' lang='lat' dir='ltr'><strong>tot</strong></span> <span class='ocrx_word' id='word_1_268' title='bbox 1245 3378 1516 3437; x_wconf 87' lang='lat' dir='ltr'><strong>mirabilis</strong></span> <span class='ocrx_word' id='word_1_269' title='bbox 1553 3375 1692 3432; x_wconf 64' lang='lat' dir='ltr'><strong>vita:</strong></span> <span class='ocrx_word' id='word_1_270' title='bbox 1721 3372 1842 3443; x_wconf 85' lang='lat' dir='ltr'><strong>ejus</strong></span> <span class='ocrx_word' id='word_1_271' title='bbox 1887 3368 2182 3443; x_wconf 67' lang='lat' dir='ltr'><strong>prmeoniis</strong></span> <span class='ocrx_word' id='word_1_272' title='bbox 2223 3381 2396 3438; x_wconf 89' lang='lat' dir='ltr'><strong>pauca</strong></span> <span class='ocrx_word' id='word_1_273' title='bbox 2425 3363 2622 3419; x_wconf 80' lang='lat' dir='ltr'><strong>saltem</strong></span> 
     </span>
    </p>
   </div>
   <div class='ocr_carea' id='block_1_43' title="bbox 992 3454 2622 3547">
    <p class='ocr_par' dir='ltr' id='par_1_43' title="bbox 992 3454 2622 3547">
     <span class='ocr_line' id='line_1_43' title="bbox 992 3454 2622 3547; baseline -0.018 -9"><span class='ocrx_word' id='word_1_274' title='bbox 992 3477 1266 3540; x_wconf 83' lang='lat' dir='ltr'><strong>historico</strong></span> <span class='ocrx_word' id='word_1_275' title='bbox 1294 3473 1438 3547; x_wconf 87' lang='lat' dir='ltr'><strong>stylo</strong></span> <span class='ocrx_word' id='word_1_276' title='bbox 1484 3471 1780 3542; x_wconf 73' lang='lat' dir='ltr'><strong>digereret,</strong></span> <span class='ocrx_word' id='word_1_277' title='bbox 1830 3474 1908 3536; x_wconf 89' lang='lat' dir='ltr'><strong>et,</strong></span> <span class='ocrx_word' id='word_1_278' title='bbox 1959 3460 2294 3518; x_wconf 53' lang='lat' dir='ltr'><strong>ﬂidissimae</strong></span> <span class='ocrx_word' id='word_1_279' title='bbox 2342 3454 2622 3512; x_wconf 88' lang='lat' dir='ltr'><strong>devotioni</strong></span> 
     </span>
    </p>
   </div>
   <div class='ocr_carea' id='block_1_44' title="bbox 995 3551 2624 3629">
    <p class='ocr_par' dir='ltr' id='par_1_44' title="bbox 995 3551 2624 3629">
     <span class='ocr_line' id='line_1_44' title="bbox 995 3551 2624 3629; baseline -0.018 0"><span class='ocrx_word' id='word_1_280' title='bbox 995 3571 1244 3629; x_wconf 78' lang='lat' dir='ltr'><strong>fidelium</strong></span> <span class='ocrx_word' id='word_1_281' title='bbox 1274 3565 1649 3628; x_wconf 86' lang='lat' dir='ltr'><strong>satisfaciens,</strong></span> <span class='ocrx_word' id='word_1_282' title='bbox 1700 3559 1769 3615; x_wconf 89' lang='lat' dir='ltr'><strong>ad</strong></span> <span class='ocrx_word' id='word_1_283' title='bbox 1821 3570 2171 3614; x_wconf 86' lang='lat' dir='ltr'><strong>communem</strong></span> <span class='ocrx_word' id='word_1_284' title='bbox 2205 3551 2502 3606; x_wconf 90' lang='lat' dir='ltr'><strong>utilitatem</strong></span> <span class='ocrx_word' id='word_1_285' title='bbox 2537 3563 2624 3603; x_wconf 90' lang='lat' dir='ltr'><strong>re-</strong></span> 
     </span>
    </p>
   </div>
   <div class='ocr_carea' id='block_1_45' title="bbox 994 3637 2619 3728">
    <p class='ocr_par' dir='ltr' id='par_1_45' title="bbox 994 3637 2619 3728">
     <span class='ocr_line' id='line_1_45' title="bbox 994 3637 2619 3728; baseline -0.017 -10"><span class='ocrx_word' id='word_1_286' title='bbox 994 3661 1250 3727; x_wconf 47' lang='lat' dir='ltr'><strong>,citanda,</strong></span> <span class='ocrx_word' id='word_1_287' title='bbox 1295 3641 1472 3728; x_wconf 79' lang='lat' dir='ltr'><strong>legivo</strong></span> <span class='ocrx_word' id='word_1_288' title='bbox 1527 3663 1733 3721; x_wconf 72' lang='lat' dir='ltr'><strong>sanctze</strong></span> <span class='ocrx_word' id='word_1_289' title='bbox 1779 3646 2046 3720; x_wconf 71' lang='lat' dir='ltr'><strong>Ecclesia:</strong></span> <span class='ocrx_word' id='word_1_290' title='bbox 2096 3642 2418 3702; x_wconf 85' lang='lat' dir='ltr'><strong>tradidisset</strong></span> <span class='ocrx_word' id='word_1_291' title='bbox 2447 3637 2619 3710; x_wconf 75' lang='grc'><strong>(169).</strong></span> 
     </span>
    </p>
   </div>
   <div class='ocr_carea' id='block_1_46' title="bbox 997 3731 2624 3816">
    <p class='ocr_par' dir='ltr' id='par_1_46' title="bbox 997 3731 2624 3816">
     <span class='ocr_line' id='line_1_46' title="bbox 997 3731 2624 3816; baseline -0.016 -5"><span class='ocrx_word' id='word_1_292' title='bbox 997 3751 1175 3810; x_wconf 82' lang='lat' dir='ltr'><strong>Nobis</strong></span> <span class='ocrx_word' id='word_1_293' title='bbox 1202 3758 1388 3807; x_wconf 88' lang='lat' dir='ltr'><strong>autem</strong></span> <span class='ocrx_word' id='word_1_294' title='bbox 1416 3746 1470 3802; x_wconf 92' lang='lat' dir='ltr'><strong>in</strong></span> <span class='ocrx_word' id='word_1_295' title='bbox 1503 3751 1737 3816; x_wconf 88' lang='lat' dir='ltr'><strong>angusto</strong></span> <span class='ocrx_word' id='word_1_296' title='bbox 1762 3738 1972 3794; x_wconf 80' lang='lat' dir='ltr'><strong>cellula:</strong></span> <span class='ocrx_word' id='word_1_297' title='bbox 2005 3734 2208 3805; x_wconf 80' lang='lat' dir='ltr'><strong>angulo</strong></span> <span class='ocrx_word' id='word_1_298' title='bbox 2253 3731 2624 3788; x_wconf 77' lang='lat' dir='ltr'><strong>residentibus</strong></span> 
     </span>
    </p>
   </div>
   <div class='ocr_carea' id='block_1_47' title="bbox 999 3819 2624 3903">
    <p class='ocr_par' dir='ltr' id='par_1_47' title="bbox 999 3819 2624 3903">
     <span class='ocr_line' id='line_1_47' title="bbox 999 3819 2624 3903; baseline -0.017 -4"><span class='ocrx_word' id='word_1_299' title='bbox 999 3842 1196 3900; x_wconf 88' lang='lat' dir='ltr'><strong>utilius</strong></span> <span class='ocrx_word' id='word_1_300' title='bbox 1227 3847 1368 3902; x_wconf 89' lang='lat' dir='ltr'><strong>erat,</strong></span> <span class='ocrx_word' id='word_1_301' title='bbox 1397 3837 1542 3891; x_wconf 90' lang='lat' dir='ltr'><strong>sicut</strong></span> <span class='ocrx_word' id='word_1_302' title='bbox 1583 3829 1993 3903; x_wconf 90' lang='lat' dir='ltr'><strong>proposuimus,</strong></span> <span class='ocrx_word' id='word_1_303' title='bbox 2033 3824 2258 3894; x_wconf 90' lang='lat' dir='ltr'><strong>propria</strong></span> <span class='ocrx_word' id='word_1_304' title='bbox 2299 3832 2525 3892; x_wconf 85' lang='lat' dir='ltr'><strong>peccata</strong></span> <span class='ocrx_word' id='word_1_305' title='bbox 2556 3819 2624 3873; x_wconf 88' lang='lat' dir='ltr'><strong>ad</strong></span> 
     </span>
    </p>
   </div>
   <div class='ocr_carea' id='block_1_48' title="bbox 998 3911 2625 3989">
    <p class='ocr_par' dir='ltr' id='par_1_48' title="bbox 998 3911 2625 3989">
     <span class='ocr_line' id='line_1_48' title="bbox 998 3911 2625 3989; baseline -0.016 0"><span class='ocrx_word' id='word_1_306' title='bbox 998 3931 1205 3989; x_wconf 88' lang='lat' dir='ltr'><strong>mentis</strong></span> <span class='ocrx_word' id='word_1_307' title='bbox 1227 3926 1417 3984; x_wconf 82' lang='lat' dir='ltr'><strong>oculos</strong></span> <span class='ocrx_word' id='word_1_308' title='bbox 1445 3924 1665 3979; x_wconf 91' lang='lat' dir='ltr'><strong>assidue</strong></span> <span class='ocrx_word' id='word_1_309' title='bbox 1691 3931 1976 3983; x_wconf 89' lang='lat' dir='ltr'><strong>revocare,</strong></span> <span class='ocrx_word' id='word_1_310' title='bbox 1993 3931 2158 3986; x_wconf 90' lang='lat' dir='ltr'><strong>quam</strong></span> <span class='ocrx_word' id='word_1_311' title='bbox 2184 3914 2377 3969; x_wconf 73' lang='lat' dir='ltr'><strong>alienae</strong></span> <span class='ocrx_word' id='word_1_312' title='bbox 2403 3911 2625 3966; x_wconf 85' lang='lat' dir='ltr'><strong>virtutis</strong></span> 
     </span>
    </p>
   </div>
   <div class='ocr_carea' id='block_1_49' title="bbox 1000 4003 2623 4084">
    <p class='ocr_par' dir='ltr' id='par_1_49' title="bbox 1000 4003 2623 4084">
     <span class='ocr_line' id='line_1_49' title="bbox 1000 4003 2623 4084; baseline -0.016 -2"><span class='ocrx_word' id='word_1_313' title='bbox 1000 4024 1293 4082; x_wconf 86' lang='lat' dir='ltr'><strong>historiam</strong></span> <span class='ocrx_word' id='word_1_314' title='bbox 1353 4029 1573 4083; x_wconf 79' lang='lat' dir='ltr'><strong>texere;</strong></span> <span class='ocrx_word' id='word_1_315' title='bbox 1631 4014 1808 4084; x_wconf 89' lang='lat' dir='ltr'><strong>magis</strong></span> <span class='ocrx_word' id='word_1_316' title='bbox 1849 4009 2112 4081; x_wconf 81' lang='lat' dir='ltr'><strong>expedire</strong></span> <span class='ocrx_word' id='word_1_317' title='bbox 2147 4005 2298 4078; x_wconf 92' lang='lat' dir='ltr'><strong>(-l70)</strong></span> <span class='ocrx_word' id='word_1_318' title='bbox 2340 4003 2623 4060; x_wconf 86' lang='lat' dir='ltr'><strong>commissi</strong></span> 
     </span>
    </p>
   </div>
   <div class='ocr_carea' id='block_1_50' title="bbox 1000 4093 2626 4178">
    <p class='ocr_par' dir='ltr' id='par_1_50' title="bbox 1000 4093 2626 4178">
     <span class='ocr_line' id='line_1_50' title="bbox 1000 4093 2626 4178; baseline -0.016 -7"><span class='ocrx_word' id='word_1_319' title='bbox 1000 4124 1192 4172; x_wconf 78' lang='lat' dir='ltr'><strong>reatus</strong></span> <span class='ocrx_word' id='word_1_320' title='bbox 1215 4110 1476 4166; x_wconf 88' lang='lat' dir='ltr'><strong>tenebras</strong></span> <span class='ocrx_word' id='word_1_321' title='bbox 1497 4106 1780 4178; x_wconf 75' lang='lat' dir='ltr'><strong>plangere,</strong></span> <span class='ocrx_word' id='word_1_322' title='bbox 1811 4116 1978 4173; x_wconf 90' lang='lat' dir='ltr'><strong>quam</strong></span> <span class='ocrx_word' id='word_1_323' title='bbox 2003 4097 2288 4168; x_wconf 88' lang='lat' dir='ltr'><strong>splendida</strong></span> <span class='ocrx_word' id='word_1_324' title='bbox 2317 4093 2626 4149; x_wconf 79' lang='lat' dir='ltr'><strong>sanctitatis</strong></span> 
     </span>
    </p>
   </div>
   <div class='ocr_carea' id='block_1_51' title="bbox 999 4185 2622 4276">
    <p class='ocr_par' dir='ltr' id='par_1_51' title="bbox 999 4185 2622 4276">
     <span class='ocr_line' id='line_1_51' title="bbox 999 4185 2622 4276; baseline -0.015 -13"><span class='ocrx_word' id='word_1_325' title='bbox 999 4203 1242 4276; x_wconf 82' lang='lat' dir='ltr'><strong>insignia</strong></span> <span class='ocrx_word' id='word_1_326' title='bbox 1294 4199 1562 4272; x_wconf 89' lang='lat' dir='ltr'><strong>imperitis</strong></span> <span class='ocrx_word' id='word_1_327' title='bbox 1611 4192 1961 4252; x_wconf 85' lang='lat' dir='ltr'><strong>sermonibus</strong></span> <span class='ocrx_word' id='word_1_328' title='bbox 2006 4189 2298 4246; x_wconf 79' lang='lat' dir='ltr'><strong>olfuscarc.</strong></span> <span class='ocrx_word' id='word_1_329' title='bbox 2333 4185 2622 4240; x_wconf 84' lang='lat' dir='ltr'><strong>Verumta-</strong></span> 
     </span>
    </p>
   </div>
   <div class='ocr_carea' id='block_1_52' title="bbox 998 4279 2624 4364">
    <p class='ocr_par' dir='ltr' id='par_1_52' title="bbox 998 4279 2624 4364">
     <span class='ocr_line' id='line_1_52' title="bbox 998 4279 2624 4364; baseline -0.015 -10"><span class='ocrx_word' id='word_1_330' title='bbox 998 4313 1154 4364; x_wconf 87' lang='lat' dir='ltr'><strong>men,</strong></span> <span class='ocrx_word' id='word_1_331' title='bbox 1184 4309 1307 4352; x_wconf 89' lang='lat' dir='ltr'><strong>eum</strong></span> <span class='ocrx_word' id='word_1_332' title='bbox 1337 4293 1404 4348; x_wconf 89' lang='lat' dir='ltr'><strong>ad</strong></span> <span class='ocrx_word' id='word_1_333' title='bbox 1436 4287 1751 4360; x_wconf 89' lang='lat' dir='ltr'><strong>sepulcrum</strong></span> <span class='ocrx_word' id='word_1_334' title='bbox 1783 4284 1975 4354; x_wconf 79' lang='lat' dir='ltr'><strong>cjusex</strong></span> <span class='ocrx_word' id='word_1_335' title='bbox 2005 4279 2320 4352; x_wconf 80' lang='lat' dir='ltr'><strong>longinquis</strong></span> <span class='ocrx_word' id='word_1_336' title='bbox 2350 4288 2624 4333; x_wconf 84' lang='lat' dir='ltr'><strong>terrarum</strong></span> 
     </span>
    </p>
   </div>
   <div class='ocr_carea' id='block_1_53' title="bbox 995 4370 2625 4462">
    <p class='ocr_par' dir='ltr' id='par_1_53' title="bbox 995 4370 2625 4462">
     <span class='ocr_line' id='line_1_53' title="bbox 995 4370 2625 4462; baseline -0.014 -15"><span class='ocrx_word' id='word_1_337' title='bbox 995 4387 1256 4462; x_wconf 86' lang='lat' dir='ltr'><strong>partibus</strong></span> <span class='ocrx_word' id='word_1_338' title='bbox 1301 4395 1414 4462; x_wconf 68' lang='lat' dir='ltr'><strong>toto</strong></span> <span class='ocrx_word' id='word_1_339' title='bbox 1461 4396 1606 4438; x_wconf 88' lang='lat' dir='ltr'><strong>anno</strong></span> <span class='ocrx_word' id='word_1_340' title='bbox 1651 4379 2001 4448; x_wconf 79' lang='lat' dir='ltr'><strong>maximeque</strong></span> <span class='ocrx_word' id='word_1_341' title='bbox 2061 4375 2114 4429; x_wconf 92' lang='lat' dir='ltr'><strong>in</strong></span> <span class='ocrx_word' id='word_1_342' title='bbox 2158 4372 2279 4441; x_wconf 84' lang='lat' dir='ltr'><strong>ejus</strong></span> <span class='ocrx_word' id='word_1_343' title='bbox 2327 4370 2625 4426; x_wconf 84' lang='lat' dir='ltr'><strong>festivitate</strong></span> 
     </span>
    </p>
   </div>
   <div class='ocr_carea' id='block_1_54' title="bbox 994 4443 2700 4537">
    <p class='ocr_par' dir='ltr' id='par_1_54' title="bbox 994 4443 2700 4537">
     <span class='ocr_line' id='line_1_54' title="bbox 994 4443 2700 4537; baseline -0.015 1"><span class='ocrx_word' id='word_1_344' title='bbox 994 4443 1251 4537; x_wconf 67' lang='lat' dir='ltr'><strong>fidelium</strong></span> <span class='ocrx_word' id='word_1_345' title='bbox 1282 4447 1576 4532; x_wconf 56' lang='grc' dir='ltr'><strong>ιιῖυιιιιυάο</strong></span> <span class='ocrx_word' id='word_1_346' title='bbox 1607 4471 1918 4532; x_wconf 87' lang='lat' dir='ltr'><strong>conveniat,</strong></span> <span class='ocrx_word' id='word_1_347' title='bbox 1958 4465 2219 4529; x_wconf 86' lang='lat' dir='ltr'><strong>miracula</strong></span> <span class='ocrx_word' id='word_1_348' title='bbox 2266 4480 2363 4535; x_wconf 91' lang='lat' dir='ltr'><strong>per</strong></span> <span class='ocrx_word' id='word_1_349' title='bbox 2391 4478 2516 4516; x_wconf 87' lang='lat' dir='ltr'><strong>cum</strong></span> <span class='ocrx_word' id='word_1_350' title='bbox 2541 4462 2624 4515; x_wconf 85' lang='lat' dir='ltr'><strong>di-</strong></span> <span class='ocrx_word' id='word_1_351' title='bbox 2655 4443 2700 4502; x_wconf 70' lang='grc' dir='ltr'><strong>(ἶ</strong></span> 
     </span>
    </p>
   </div>
   <div class='ocr_carea' id='block_1_55' title="bbox 994 4556 2628 4637">
    <p class='ocr_par' dir='ltr' id='par_1_55' title="bbox 994 4556 2628 4637">
     <span class='ocr_line' id='line_1_55' title="bbox 994 4556 2628 4637; baseline -0.011 -12"><span class='ocrx_word' id='word_1_352' title='bbox 994 4573 1110 4628; x_wconf 68' lang='lat' dir='ltr'><strong>vini</strong></span> <span class='ocrx_word' id='word_1_353' title='bbox 1129 4583 1216 4627; x_wconf 89' lang='lat' dir='ltr'><strong>tus</strong></span> <span class='ocrx_word' id='word_1_354' title='bbox 1243 4571 1386 4625; x_wconf 90' lang='lat' dir='ltr'><strong>facta</strong></span> <span class='ocrx_word' id='word_1_355' title='bbox 1429 4565 1754 4637; x_wconf 90' lang='lat' dir='ltr'><strong>conspiciat,</strong></span> <span class='ocrx_word' id='word_1_356' title='bbox 1787 4562 1981 4617; x_wconf 82' lang='lat' dir='ltr'><strong>audire</strong></span> <span class='ocrx_word' id='word_1_357' title='bbox 2033 4559 2158 4614; x_wconf 67' lang='lat' dir='ltr'><strong>vitae</strong></span> <span class='ocrx_word' id='word_1_358' title='bbox 2194 4556 2310 4626; x_wconf 84' lang='lat' dir='ltr'><strong>ejus</strong></span> <span class='ocrx_word' id='word_1_359' title='bbox 2342 4556 2628 4611; x_wconf 87' lang='lat' dir='ltr'><strong>historiam</strong></span> 
     </span>
    </p>
   </div>
   <div class='ocr_carea' id='block_1_56' title="bbox 993 4649 2627 4730">
    <p class='ocr_par' dir='ltr' id='par_1_56' title="bbox 993 4649 2627 4730">
     <span class='ocr_line' id='line_1_56' title="bbox 993 4649 2627 4730; baseline -0.01 -12"><span class='ocrx_word' id='word_1_360' title='bbox 993 4661 1452 4721; x_wconf 84' lang='lat' dir='ltr'><strong>desiderabiliter</strong></span> <span class='ocrx_word' id='word_1_361' title='bbox 1469 4667 1703 4730; x_wconf 73' lang='lat' dir='ltr'><strong>quaerat,</strong></span> <span class='ocrx_word' id='word_1_362' title='bbox 1739 4657 1857 4724; x_wconf 89' lang='lat' dir='ltr'><strong>sed,</strong></span> <span class='ocrx_word' id='word_1_363' title='bbox 1891 4663 2083 4723; x_wconf 87' lang='lat' dir='ltr'><strong>utpote</strong></span> <span class='ocrx_word' id='word_1_364' title='bbox 2114 4667 2238 4722; x_wconf 57' lang='lat' dir='ltr'><strong>quae</strong></span> <span class='ocrx_word' id='word_1_365' title='bbox 2265 4666 2371 4706; x_wconf 87' lang='lat' dir='ltr'><strong>non</strong></span> <span class='ocrx_word' id='word_1_366' title='bbox 2407 4649 2500 4713; x_wconf 83' lang='lat' dir='ltr'><strong>sit,</strong></span> <span class='ocrx_word' id='word_1_367' title='bbox 2529 4664 2627 4702; x_wconf 91' lang='lat' dir='ltr'><strong>au-</strong></span> 
     </span>
    </p>
   </div>
   <div class='ocr_carea' id='block_1_57' title="bbox 995 4733 2632 4821">
    <p class='ocr_par' dir='ltr' id='par_1_57' title="bbox 995 4733 2632 4821">
     <span class='ocr_line' id='line_1_57' title="bbox 995 4733 2632 4821; baseline -0.007 -11"><span class='ocrx_word' id='word_1_368' title='bbox 995 4759 1132 4815; x_wconf 86' lang='lat' dir='ltr'><strong>dire</strong></span> <span class='ocrx_word' id='word_1_369' title='bbox 1159 4772 1264 4812; x_wconf 91' lang='lat' dir='ltr'><strong>non</strong></span> <span class='ocrx_word' id='word_1_370' title='bbox 1297 4755 1508 4821; x_wconf 87' lang='lat' dir='ltr'><strong>valeat;</strong></span> <span class='ocrx_word' id='word_1_371' title='bbox 1545 4768 1652 4808; x_wconf 89' lang='lat' dir='ltr'><strong>non</strong></span> <span class='ocrx_word' id='word_1_372' title='bbox 1685 4733 2142 4806; x_wconf 84' lang='lat' dir='ltr'><strong>irrationabiliter</strong></span> <span class='ocrx_word' id='word_1_373' title='bbox 2187 4744 2632 4817; x_wconf 88' lang='lat' dir='ltr'><strong>pertimescimus</strong></span> 
     </span>
    </p>
   </div>
   <div class='ocr_carea' id='block_1_58' title="bbox 997 4840 2630 4915">
    <p class='ocr_par' dir='ltr' id='par_1_58' title="bbox 997 4840 2630 4915">
     <span class='ocr_line' id='line_1_58' title="bbox 997 4840 2630 4915; baseline -0.006 -11"><span class='ocrx_word' id='word_1_374' title='bbox 997 4865 1070 4906; x_wconf 90' lang='lat' dir='ltr'><strong>ne</strong></span> <span class='ocrx_word' id='word_1_375' title='bbox 1120 4847 1481 4906; x_wconf 88' lang='lat' dir='ltr'><strong>celeberrima</strong></span> <span class='ocrx_word' id='word_1_376' title='bbox 1512 4844 1629 4915; x_wconf 87' lang='lat' dir='ltr'><strong>ejus</strong></span> <span class='ocrx_word' id='word_1_377' title='bbox 1652 4843 1821 4908; x_wconf 88' lang='lat' dir='ltr'><strong>fama,</strong></span> <span class='ocrx_word' id='word_1_378' title='bbox 1866 4858 1987 4913; x_wconf 78' lang='lat' dir='ltr'><strong>qme</strong></span> <span class='ocrx_word' id='word_1_379' title='bbox 2019 4842 2199 4896; x_wconf 89' lang='lat' dir='ltr'><strong>adhuc</strong></span> <span class='ocrx_word' id='word_1_380' title='bbox 2245 4840 2427 4909; x_wconf 90' lang='lat' dir='ltr'><strong>p0puli</strong></span> <span class='ocrx_word' id='word_1_381' title='bbox 2464 4841 2630 4895; x_wconf 88' lang='lat' dir='ltr'><strong>totius</strong></span> 
     </span>
    </p>
   </div>
   <div class='ocr_carea' id='block_1_59' title="bbox 1082 4999 2633 5081">
    <p class='ocr_par' dir='ltr' id='par_1_59' title="bbox 1082 4999 2633 5081">
     <span class='ocr_line' id='line_1_59' title="bbox 1082 4999 2633 5081; baseline -0.007 -18"><span class='ocrx_word' id='word_1_382' title='bbox 1082 5008 1233 5081; x_wconf 78' lang='grc'><strong>(166)</strong></span> <span class='ocrx_word' id='word_1_383' title='bbox 1258 5006 1439 5081; x_wconf 71' lang='lat' dir='ltr'><strong>Editio</strong></span> <span class='ocrx_word' id='word_1_384' title='bbox 1461 5004 1762 5081; x_wconf 88' lang='lat' dir='ltr'><strong>facta_anno</strong></span> <span class='ocrx_word' id='word_1_385' title='bbox 1788 5000 1928 5081; x_wconf 80' lang='lat' dir='ltr'><strong>l5_l_5</strong></span> <span class='ocrx_word' id='word_1_386' title='bbox 1949 5000 2240 5081; x_wconf 64' lang='lat' dir='ltr'><strong>Florentiae</strong></span> <span class='ocrx_word' id='word_1_387' title='bbox 2255 5000 2403 5081; x_wconf 79' lang='lat' dir='ltr'><strong>apud</strong></span> <span class='ocrx_word' id='word_1_388' title='bbox 2414 4999 2633 5081; x_wconf 62' lang='lat' dir='ltr'><strong>fliilip-</strong></span> 
     </span>
    </p>
   </div>
   <div class='ocr_carea' id='block_1_60' title="bbox 1006 5071 2634 5150">
    <p class='ocr_par' dir='ltr' id='par_1_60' title="bbox 1006 5071 2634 5150">
     <span class='ocr_line' id='line_1_60' title="bbox 1006 5071 2634 5150; baseline -0.004 -18"><span class='ocrx_word' id='word_1_389' title='bbox 1006 5071 1168 5150; x_wconf 77' lang='lat' dir='ltr'><strong>pum,</strong></span> <span class='ocrx_word' id='word_1_390' title='bbox 1187 5071 1258 5134; x_wconf 84' lang='lat' dir='ltr'><strong>de</strong></span> <span class='ocrx_word' id='word_1_391' title='bbox 1303 5077 1529 5150; x_wconf 88' lang='lat' dir='ltr'><strong>Giu_nta,</strong></span> <span class='ocrx_word' id='word_1_392' title='bbox 1559 5076 1717 5150; x_wconf 76' lang='lat' dir='ltr'><strong>sicut</strong></span> <span class='ocrx_word' id='word_1_393' title='bbox 1736 5083 1791 5128; x_wconf 92' lang='lat' dir='ltr'><strong>et</strong></span> <span class='ocrx_word' id='word_1_394' title='bbox 1822 5073 1926 5127; x_wconf 89' lang='lat' dir='ltr'><strong>alia</strong></span> <span class='ocrx_word' id='word_1_395' title='bbox 1964 5073 2388 5150; x_wconf 71' lang='lat' dir='ltr'><strong>in__monast_erio</strong></span> <span class='ocrx_word' id='word_1_396' title='bbox 2414 5071 2634 5150; x_wconf 72' lang='lat' dir='ltr'><strong>Fontis-</strong></span> 
     </span>
    </p>
   </div>
   <div class='ocr_carea' id='block_1_61' title="bbox 1009 5142 2634 5220">
    <p class='ocr_par' dir='ltr' id='par_1_61' title="bbox 1009 5142 2634 5220">
     <span class='ocr_line' id='line_1_61' title="bbox 1009 5142 2634 5220; baseline -0.004 -17"><span class='ocrx_word' id='word_1_397' title='bbox 1009 5142 1158 5204; x_wconf 26' lang='lat' dir='ltr'><strong>boniﬁ</strong></span> <span class='ocrx_word' id='word_1_398' title='bbox 1180 5165 1352 5220; x_wconf 85' lang='lat' dir='ltr'><strong>prope</strong></span> <span class='ocrx_word' id='word_1_399' title='bbox 1383 5145 1946 5220; x_wconf 29' lang='lat' dir='ltr'><strong>Camaldulum‘anno</strong></span> <span class='ocrx_word' id='word_1_400' title='bbox 1981 5143 2120 5220; x_wconf 65' lang='lat'><strong>1521)</strong></span> <span class='ocrx_word' id='word_1_401' title='bbox 2163 5143 2305 5218; x_wconf 80' lang='lat' dir='ltr'><strong>typis</strong></span> <span class='ocrx_word' id='word_1_402' title='bbox 2346 5142 2634 5220; x_wconf 70' lang='lat' dir='ltr'><strong>Bartbolo-</strong></span> 
     </span>
    </p>
   </div>
   <div class='ocr_carea' id='block_1_62' title="bbox 1010 5165 2629 5284">
    <p class='ocr_par' dir='ltr' id='par_1_62' title="bbox 1010 5165 2629 5284">
     <span class='ocr_line' id='line_1_62' title="bbox 1010 5165 2629 5220; baseline -0.004 -17"><span class='ocrx_word' id='word_1_403' title='bbox 1010 5165 1144 5204; x_wconf 86' lang='lat' dir='ltr'><strong>nom</strong></span> <span class='ocrx_word' id='word_1_404' title='bbox 1221 5165 1352 5220; x_wconf 88' lang='lat' dir='ltr'><strong>rope</strong></span> <span class='ocrx_word' id='word_1_405' title='bbox 1383 5165 1766 5204; x_wconf 66' lang='lat' dir='ltr'><strong>hamulumum</strong></span> <span class='ocrx_word' id='word_1_406' title='bbox 1801 5165 1946 5199; x_wconf 85' lang='lat' dir='ltr'><strong>anno</strong></span> <span class='ocrx_word' id='word_1_407' title='bbox 1981 5165 2120 5197; x_wconf 75' lang='lat' dir='ltr'><strong>IDZU</strong></span> <span class='ocrx_word' id='word_1_408' title='bbox 2163 5165 2305 5218; x_wconf 74' lang='lat' dir='ltr'><strong>typts</strong></span> <span class='ocrx_word' id='word_1_409' title='bbox 2346 5165 2629 5197; x_wconf 75' lang='lat' dir='ltr'><strong>Dill&#39;lIIOIU&#39;</strong></span> 
     </span>
     <span class='ocr_line' id='line_1_63' title="bbox 1010 5165 2629 5284; baseline -0.004 -10"><span class='ocrx_word' id='word_1_410' title='bbox 1010 5221 1136 5276; x_wconf 65' lang='lat' dir='ltr'><strong>nimi</strong></span> <span class='ocrx_word' id='word_1_411' title='bbox 1163 5165 1230 5275; x_wconf 58' lang='lat' dir='ltr'><strong>(Ra</strong></span> <span class='ocrx_word' id='word_1_412' title='bbox 1251 5219 1498 5276; x_wconf 84' lang='lat' dir='ltr'><strong>Zanettis</strong></span> <span class='ocrx_word' id='word_1_413' title='bbox 1519 5215 1844 5282; x_wconf 76' lang='lat' dir='ltr'><strong>Brixiensis,</strong></span> <span class='ocrx_word' id='word_1_414' title='bbox 1877 5230 1985 5271; x_wconf 90' lang='lat' dir='ltr'><strong>non</strong></span> <span class='ocrx_word' id='word_1_415' title='bbox 2023 5215 2224 5269; x_wconf 82' lang='lat' dir='ltr'><strong>habent</strong></span> <span class='ocrx_word' id='word_1_416' title='bbox 2258 5213 2629 5284; x_wconf 87' lang='lat' dir='ltr'><strong>emphaticam</strong></span> 
     </span>
    </p>
   </div>
   <div class='ocr_carea' id='block_1_63' title="bbox 1011 5291 1616 5360">
    <p class='ocr_par' dir='ltr' id='par_1_63' title="bbox 1011 5291 1616 5360">
     <span class='ocr_line' id='line_1_64' title="bbox 1011 5291 1616 5360; baseline -0.008 -14"><span class='ocrx_word' id='word_1_417' title='bbox 1011 5291 1354 5360; x_wconf 81' lang='lat' dir='ltr'><strong>particulam</strong></span> <span class='ocrx_word' id='word_1_418' title='bbox 1372 5306 1616 5360; x_wconf 73' lang='lat' dir='ltr'><strong>prorsus.</strong></span> 
     </span>
    </p>
   </div>
   <div class='ocr_carea' id='block_1_64' title="bbox 1091 5355 2630 5487">
    <p class='ocr_par' dir='ltr' id='par_1_64' title="bbox 1091 5355 2630 5487">
     <span class='ocr_line' id='line_1_65' title="bbox 1091 5355 2630 5487; baseline -0.003 -71"><span class='ocrx_word' id='word_1_419' title='bbox 1091 5362 1240 5487; x_wconf 43' lang='lat'><strong>$67)</strong></span> <span class='ocrx_word' id='word_1_420' title='bbox 1271 5355 1549 5444; x_wconf 27' lang='lat' dir='ltr'><strong>luscodice</strong></span> <span class='ocrx_word' id='word_1_421' title='bbox 1572 5359 1844 5442; x_wconf 74' lang='lat' dir='ltr'><strong>Vaticano</strong></span> <span class='ocrx_word' id='word_1_422' title='bbox 1887 5373 2038 5441; x_wconf 78' lang='lat' dir='ltr'><strong>num.</strong></span> <span class='ocrx_word' id='word_1_423' title='bbox 2072 5355 2236 5422; x_wconf 78' lang='lat'><strong>3797,</strong></span> <span class='ocrx_word' id='word_1_424' title='bbox 2268 5370 2419 5412; x_wconf 81' lang='lat' dir='ltr'><strong>anno</strong></span> <span class='ocrx_word' id='word_1_425' title='bbox 2468 5356 2630 5440; x_wconf 64' lang='grc' dir='ltr'><strong>Μιξ,</strong></span> 
     </span>
     <span class='ocr_line' id='line_1_66' title="bbox 1151 5423 2630 5487; baseline -0.003 -1"><span class='ocrx_word' id='word_1_426' title='bbox 1151 5445 1434 5487; x_wconf 85' lang='lat' dir='ltr'><strong>ontammo</strong></span> <span class='ocrx_word' id='word_1_427' title='bbox 1465 5449 1520 5486; x_wconf 75' lang='grc' dir='ltr'><strong>ιη</strong></span> <span class='ocrx_word' id='word_1_428' title='bbox 1568 5431 1672 5485; x_wconf 73' lang='lat' dir='ltr'><strong>dis.</strong></span> <span class='ocrx_word' id='word_1_429' title='bbox 1704 5431 1765 5485; x_wconf 91' lang='lat' dir='ltr'><strong>S.</strong></span> <span class='ocrx_word' id='word_1_430' title='bbox 1798 5431 1942 5484; x_wconf 71' lang='lat' dir='ltr'><strong>Petri</strong></span> <span class='ocrx_word' id='word_1_431' title='bbox 1975 5428 2124 5487; x_wconf 82' lang='lat' dir='ltr'><strong>Urs..</strong></span> <span class='ocrx_word' id='word_1_432' title='bbox 2155 5443 2280 5487; x_wconf 69' lang='lat' dir='ltr'><strong>pag.</strong></span> <span class='ocrx_word' id='word_1_433' title='bbox 2325 5423 2412 5487; x_wconf 80' lang='lat'><strong>&#39;50,</strong></span> <span class='ocrx_word' id='word_1_434' title='bbox 2450 5431 2630 5483; x_wconf 77' lang='lat' dir='ltr'><strong>credi-</strong></span> 
     </span>
    </p>
   </div>
   <div class='ocr_carea' id='block_1_65' title="bbox 1012 5423 2633 5497">
    <p class='ocr_par' dir='ltr' id='par_1_65' title="bbox 1012 5423 2633 5497">
     <span class='ocr_line' id='line_1_67' title="bbox 1012 5423 2633 5497; baseline -0.003 -10"><span class='ocrx_word' id='word_1_435' title='bbox 1012 5423 1434 5487; x_wconf 62' lang='lat' dir='ltr'><strong>utl’ontauinio</strong></span> <span class='ocrx_word' id='word_1_436' title='bbox 1465 5433 1520 5486; x_wconf 82' lang='lat' dir='ltr'><strong>in</strong></span> <span class='ocrx_word' id='word_1_437' title='bbox 1568 5431 1672 5485; x_wconf 80' lang='lat' dir='ltr'><strong>dis.</strong></span> <span class='ocrx_word' id='word_1_438' title='bbox 1704 5431 1765 5485; x_wconf 91' lang='lat' dir='ltr'><strong>S.</strong></span> <span class='ocrx_word' id='word_1_439' title='bbox 1798 5431 1942 5484; x_wconf 84' lang='lat' dir='ltr'><strong>Petri</strong></span> <span class='ocrx_word' id='word_1_440' title='bbox 1975 5428 2124 5492; x_wconf 82' lang='lat' dir='ltr'><strong>Urs.,</strong></span> <span class='ocrx_word' id='word_1_441' title='bbox 2155 5443 2280 5497; x_wconf 87' lang='lat' dir='ltr'><strong>pag.</strong></span> <span class='ocrx_word' id='word_1_442' title='bbox 2325 5423 2412 5489; x_wconf 79' lang='lat'><strong>&#39;50,</strong></span> <span class='ocrx_word' id='word_1_443' title='bbox 2450 5429 2633 5483; x_wconf 91' lang='lat' dir='ltr'><strong>credi-</strong></span> 
     </span>
    </p>
   </div>
   <div class='ocr_carea' id='block_1_66' title="bbox 1014 5499 2632 5574">
    <p class='ocr_par' dir='ltr' id='par_1_66' title="bbox 1014 5499 2632 5574">
     <span class='ocr_line' id='line_1_68' title="bbox 1014 5499 2632 5574; baseline -0.002 -16"><span class='ocrx_word' id='word_1_444' title='bbox 1014 5515 1132 5570; x_wconf 89' lang='lat' dir='ltr'><strong>tur,</strong></span> <span class='ocrx_word' id='word_1_445' title='bbox 1156 5505 1388 5574; x_wconf 85' lang='lat' dir='ltr'><strong>scripto,</strong></span> <span class='ocrx_word' id='word_1_446' title='bbox 1432 5504 1523 5573; x_wconf 91' lang='lat' dir='ltr'><strong>qui</strong></span> <span class='ocrx_word' id='word_1_447' title='bbox 1579 5513 1752 5558; x_wconf 81' lang='lat' dir='ltr'><strong>totam</strong></span> <span class='ocrx_word' id='word_1_448' title='bbox 1789 5503 1934 5556; x_wconf 86' lang='lat' dir='ltr'><strong>hanc</strong></span> <span class='ocrx_word' id='word_1_449' title='bbox 1966 5500 2094 5574; x_wconf 20' lang='lat' dir='ltr'><strong>divi”</strong></span> <span class='ocrx_word' id='word_1_450' title='bbox 2122 5499 2410 5574; x_wconf 82' lang='lat' dir='ltr'><strong>Bomualdi</strong></span> <span class='ocrx_word' id='word_1_451' title='bbox 2464 5500 2632 5555; x_wconf 83' lang='lat' dir='ltr'><strong>vitam</strong></span> 
     </span>
    </p>
   </div>
   <div class='ocr_carea' id='block_1_67' title="bbox 1014 5571 2486 5645">
    <p class='ocr_par' dir='ltr' id='par_1_67' title="bbox 1014 5571 2486 5645">
     <span class='ocr_line' id='line_1_69' title="bbox 1014 5571 2486 5645; baseline -0.007 -12"><span class='ocrx_word' id='word_1_452' title='bbox 1014 5571 1294 5645; x_wconf 59' lang='lat' dir='ltr'><strong>continet,</strong></span> <span class='ocrx_word' id='word_1_453' title='bbox 1311 5571 1519 5645; x_wconf 81' lang='lat' dir='ltr'><strong>legitur</strong></span> <span class='ocrx_word' id='word_1_454' title='bbox 1549 5574 1617 5628; x_wconf 85' lang='lat' dir='ltr'><strong>ad</strong></span> <span class='ocrx_word' id='word_1_455' title='bbox 1643 5583 1977 5645; x_wconf 73' lang='lat' dir='ltr'><strong>posterorum</strong></span> <span class='ocrx_word' id='word_1_456' title='bbox 2000 5571 2120 5645; x_wconf 78' lang='lat' dir='ltr'><strong>velit</strong></span> <span class='ocrx_word' id='word_1_457' title='bbox 2151 5571 2486 5645; x_wconf 66' lang='lat' dir='ltr'><strong>ntemoriam.</strong></span> 
     </span>
    </p>
   </div>
   <div class='ocr_carea' id='block_1_68' title="bbox 1091 5640 2634 5716">
    <p class='ocr_par' dir='ltr' id='par_1_68' title="bbox 1091 5640 2634 5716">
     <span class='ocr_line' id='line_1_70' title="bbox 1091 5640 2634 5716; baseline -0.003 -16"><span class='ocrx_word' id='word_1_458' title='bbox 1091 5644 1242 5716; x_wconf 81' lang='lat' dir='ltr'><strong>(l68)</strong></span> <span class='ocrx_word' id='word_1_459' title='bbox 1282 5640 1424 5701; x_wconf 68' lang='lat' dir='ltr'><strong>Hinc</strong></span> <span class='ocrx_word' id='word_1_460' title='bbox 1465 5640 1672 5700; x_wconf 80' lang='lat' dir='ltr'><strong>veritas</strong></span> <span class='ocrx_word' id='word_1_461' title='bbox 1700 5654 1755 5699; x_wconf 90' lang='lat' dir='ltr'><strong>et</strong></span> <span class='ocrx_word' id='word_1_462' title='bbox 1783 5643 2084 5716; x_wconf 83' lang='lat' dir='ltr'><strong>sinceritas</strong></span> <span class='ocrx_word' id='word_1_463' title='bbox 2109 5640 2270 5716; x_wconf 74' lang='lat' dir='ltr'><strong>hujus</strong></span> <span class='ocrx_word' id='word_1_464' title='bbox 2301 5641 2545 5716; x_wconf 66' lang='lat' dir='ltr'><strong>historiae</strong></span> <span class='ocrx_word' id='word_1_465' title='bbox 2567 5643 2634 5716; x_wconf 88' lang='lat' dir='ltr'><strong>ab</strong></span> 
     </span>
    </p>
   </div>
   <div class='ocr_carea' id='block_1_69' title="bbox 1019 5713 2631 5773">
    <p class='ocr_par' dir='ltr' id='par_1_69' title="bbox 1019 5713 2631 5773">
     <span class='ocr_line' id='line_1_71' title="bbox 1019 5713 2631 5773; baseline -0.003 0"><span class='ocrx_word' id='word_1_466' title='bbox 1019 5713 1397 5773; x_wconf 82' lang='lat' dir='ltr'><strong>eruditissimo</strong></span> <span class='ocrx_word' id='word_1_467' title='bbox 1423 5716 1560 5772; x_wconf 85' lang='lat' dir='ltr'><strong>alias</strong></span> <span class='ocrx_word' id='word_1_468' title='bbox 1580 5725 1636 5772; x_wconf 88' lang='lat' dir='ltr'><strong>et</strong></span> <span class='ocrx_word' id='word_1_469' title='bbox 1658 5716 2013 5771; x_wconf 83' lang='lat' dir='ltr'><strong>sanctissimo</strong></span> <span class='ocrx_word' id='word_1_470' title='bbox 2037 5714 2159 5769; x_wconf 88' lang='lat' dir='ltr'><strong>viro</strong></span> <span class='ocrx_word' id='word_1_471' title='bbox 2187 5713 2351 5770; x_wconf 87' lang='lat' dir='ltr'><strong>Petro</strong></span> <span class='ocrx_word' id='word_1_472' title='bbox 2387 5713 2631 5768; x_wconf 84' lang='lat' dir='ltr'><strong>Damiani</strong></span> 
     </span>
    </p>
   </div>
   <div class='ocr_carea' id='block_1_70' title="bbox 1017 5786 2629 5858">
    <p class='ocr_par' dir='ltr' id='par_1_70' title="bbox 1017 5786 2629 5858">
     <span class='ocr_line' id='line_1_72' title="bbox 1017 5786 2629 5858; baseline -0.002 -17"><span class='ocrx_word' id='word_1_473' title='bbox 1017 5787 1348 5858; x_wconf 70' lang='lat' dir='ltr'><strong>conscripta:</strong></span> <span class='ocrx_word' id='word_1_474' title='bbox 1401 5797 1582 5856; x_wconf 87' lang='lat' dir='ltr'><strong>potest</strong></span> <span class='ocrx_word' id='word_1_475' title='bbox 1630 5786 1833 5856; x_wconf 88' lang='lat' dir='ltr'><strong>colligi,</strong></span> <span class='ocrx_word' id='word_1_476' title='bbox 1885 5787 2087 5858; x_wconf 82' lang='lat' dir='ltr'><strong>quippe</strong></span> <span class='ocrx_word' id='word_1_477' title='bbox 2135 5801 2258 5856; x_wconf 84' lang='lat' dir='ltr'><strong>quae</strong></span> <span class='ocrx_word' id='word_1_478' title='bbox 2314 5798 2425 5858; x_wconf 84' lang='lat' dir='ltr'><strong>tam</strong></span> <span class='ocrx_word' id='word_1_479' title='bbox 2461 5801 2629 5855; x_wconf 73' lang='lat' dir='ltr'><strong>parvo</strong></span> 
     </span>
    </p>
   </div>
   <div class='ocr_carea' id='block_1_71' title="bbox 1017 5801 2622 5930">
    <p class='ocr_par' dir='ltr' id='par_1_71' title="bbox 1017 5801 2622 5930">
     <span class='ocr_line' id='line_1_73' title="bbox 1017 5801 2622 5858; baseline -0.002 -17"><span class='ocrx_word' id='word_1_480' title='bbox 1017 5801 1348 5858; x_wconf 77' lang='lat' dir='ltr'><strong>conscrtpue</strong></span> <span class='ocrx_word' id='word_1_481' title='bbox 1401 5801 1582 5856; x_wconf 84' lang='lat' dir='ltr'><strong>potest</strong></span> <span class='ocrx_word' id='word_1_482' title='bbox 1630 5801 1833 5856; x_wconf 80' lang='lat' dir='ltr'><strong>cotngi,</strong></span> <span class='ocrx_word' id='word_1_483' title='bbox 1927 5801 2087 5856; x_wconf 87' lang='lat' dir='ltr'><strong>mppe</strong></span> <span class='ocrx_word' id='word_1_484' title='bbox 2135 5801 2258 5856; x_wconf 67' lang='lat' dir='ltr'><strong>qua:</strong></span> <span class='ocrx_word' id='word_1_485' title='bbox 2315 5801 2425 5840; x_wconf 83' lang='lat' dir='ltr'><strong>tam</strong></span> <span class='ocrx_word' id='word_1_486' title='bbox 2461 5801 2622 5855; x_wconf 67' lang='lat' dir='ltr'><strong>parra</strong></span> 
     </span>
     <span class='ocr_line' id='line_1_74' title="bbox 1017 5801 2622 5930; baseline -0.002 -16"><span class='ocrx_word' id='word_1_487' title='bbox 1017 5865 1146 5930; x_wconf 75' lang='lat' dir='ltr'><strong>post</strong></span> <span class='ocrx_word' id='word_1_488' title='bbox 1177 5857 1237 5912; x_wconf 85' lang='lat' dir='ltr'><strong>S.</strong></span> <span class='ocrx_word' id='word_1_489' title='bbox 1269 5857 1369 5912; x_wconf 75' lang='lat' dir='ltr'><strong>viri</strong></span> <span class='ocrx_word' id='word_1_490' title='bbox 1399 5858 1605 5913; x_wconf 86' lang='lat' dir='ltr'><strong>obitum</strong></span> <span class='ocrx_word' id='word_1_491' title='bbox 1633 5801 2003 5929; x_wconf 57' lang='lat' dir='ltr'><strong>tettipiii‘ts(}itit</strong></span> <span class='ocrx_word' id='word_1_492' title='bbox 2036 5867 2281 5924; x_wconf 68' lang='lat' dir='ltr'><strong>exarata,</strong></span> <span class='ocrx_word' id='word_1_493' title='bbox 2310 5857 2383 5912; x_wconf 86' lang='lat' dir='ltr'><strong>ita</strong></span> <span class='ocrx_word' id='word_1_494' title='bbox 2413 5867 2472 5912; x_wconf 89' lang='lat' dir='ltr'><strong>ut</strong></span> <span class='ocrx_word' id='word_1_495' title='bbox 2499 5872 2622 5913; x_wconf 83' lang='lat' dir='ltr'><strong>ocu-</strong></span> 
     </span>
    </p>
   </div>
   <div class='ocr_carea' id='block_1_72' title="bbox 2727 3179 4354 3251">
    <p class='ocr_par' dir='ltr' id='par_1_72' title="bbox 2727 3179 4354 3251">
     <span class='ocr_line' id='line_1_75' title="bbox 2727 3179 4354 3251; baseline 0.002 -16"><span class='ocrx_word' id='word_1_496' title='bbox 2727 3182 2873 3251; x_wconf 91' lang='lat' dir='ltr'><strong>quod</strong></span> <span class='ocrx_word' id='word_1_497' title='bbox 2921 3179 3284 3250; x_wconf 88' lang='lat' dir='ltr'><strong>undecunque</strong></span> <span class='ocrx_word' id='word_1_498' title='bbox 3324 3182 3587 3237; x_wconf 84' lang='lat' dir='ltr'><strong>humanis</strong></span> <span class='ocrx_word' id='word_1_499' title='bbox 3638 3181 3813 3236; x_wconf 89' lang='lat' dir='ltr'><strong>oculis</strong></span> <span class='ocrx_word' id='word_1_500' title='bbox 3863 3181 4037 3236; x_wconf 86' lang='lat' dir='ltr'><strong>videri</strong></span> <span class='ocrx_word' id='word_1_501' title='bbox 4081 3181 4354 3238; x_wconf 75' lang='lat' dir='ltr'><strong>mirabilis</strong></span> 
     </span>
    </p>
   </div>
   <div class='ocr_carea' id='block_1_73' title="bbox 2728 3270 4355 3343">
    <p class='ocr_par' dir='ltr' id='par_1_73' title="bbox 2728 3270 4355 3343">
     <span class='ocr_line' id='line_1_76' title="bbox 2728 3270 4355 3343; baseline 0 -17"><span class='ocrx_word' id='word_1_502' title='bbox 2728 3271 2926 3343; x_wconf 89' lang='lat' dir='ltr'><strong>potuit,</strong></span> <span class='ocrx_word' id='word_1_503' title='bbox 2977 3271 3384 3326; x_wconf 81' lang='lat' dir='ltr'><strong>studiosissima</strong></span> <span class='ocrx_word' id='word_1_504' title='bbox 3434 3272 3807 3329; x_wconf 87' lang='lat' dir='ltr'><strong>occultatione</strong></span> <span class='ocrx_word' id='word_1_505' title='bbox 3854 3272 4179 3342; x_wconf 89' lang='lat' dir='ltr'><strong>suppressit.</strong></span> <span class='ocrx_word' id='word_1_506' title='bbox 4220 3270 4355 3339; x_wconf 73' lang='lat' dir='ltr'><strong>Quae</strong></span> 
     </span>
    </p>
   </div>
   <div class='ocr_carea' id='block_1_74' title="bbox 2729 3363 4351 3430">
    <p class='ocr_par' dir='ltr' id='par_1_74' title="bbox 2729 3363 4351 3430">
     <span class='ocr_line' id='line_1_77' title="bbox 2729 3363 4351 3430; baseline 0.002 -13"><span class='ocrx_word' id='word_1_507' title='bbox 2729 3373 2914 3419; x_wconf 82' lang='lat' dir='ltr'><strong>tamen</strong></span> <span class='ocrx_word' id='word_1_508' title='bbox 2946 3363 3212 3418; x_wconf 87' lang='lat' dir='ltr'><strong>miracula</strong></span> <span class='ocrx_word' id='word_1_509' title='bbox 3241 3364 3460 3419; x_wconf 88' lang='lat' dir='ltr'><strong>etiamsi</strong></span> <span class='ocrx_word' id='word_1_510' title='bbox 3501 3364 3731 3419; x_wconf 89' lang='lat' dir='ltr'><strong>minime</strong></span> <span class='ocrx_word' id='word_1_511' title='bbox 3757 3363 4004 3430; x_wconf 85' lang='lat' dir='ltr'><strong>fecisset,</strong></span> <span class='ocrx_word' id='word_1_512' title='bbox 4038 3363 4351 3420; x_wconf 90' lang='lat' dir='ltr'><strong>mirabilem</strong></span> 
     </span>
    </p>
   </div>
   <div class='ocr_carea' id='block_1_75' title="bbox 2725 3453 4354 3523">
    <p class='ocr_par' dir='ltr' id='par_1_75' title="bbox 2725 3453 4354 3523">
     <span class='ocr_line' id='line_1_78' title="bbox 2725 3453 4354 3523; baseline 0 -15"><span class='ocrx_word' id='word_1_513' title='bbox 2725 3456 2893 3509; x_wconf 89' lang='lat' dir='ltr'><strong>vitam</strong></span> <span class='ocrx_word' id='word_1_514' title='bbox 2920 3455 3152 3519; x_wconf 88' lang='lat' dir='ltr'><strong>ducens,</strong></span> <span class='ocrx_word' id='word_1_515' title='bbox 3179 3453 3378 3508; x_wconf 90' lang='lat' dir='ltr'><strong>minori</strong></span> <span class='ocrx_word' id='word_1_516' title='bbox 3409 3453 3769 3510; x_wconf 86' lang='lat' dir='ltr'><strong>veneratione</strong></span> <span class='ocrx_word' id='word_1_517' title='bbox 3799 3455 4000 3523; x_wconf 86' lang='lat' dir='ltr'><strong>dignus</strong></span> <span class='ocrx_word' id='word_1_518' title='bbox 4047 3469 4157 3509; x_wconf 90' lang='lat' dir='ltr'><strong>non</strong></span> <span class='ocrx_word' id='word_1_519' title='bbox 4188 3463 4354 3511; x_wconf 75' lang='lat' dir='ltr'><strong>esset.</strong></span> 
     </span>
    </p>
   </div>
   <div class='ocr_carea' id='block_1_76' title="bbox 2726 3545 4354 3617">
    <p class='ocr_par' dir='ltr' id='par_1_76' title="bbox 2726 3545 4354 3617">
     <span class='ocr_line' id='line_1_79' title="bbox 2726 3545 4354 3617; baseline 0.001 -15"><span class='ocrx_word' id='word_1_520' title='bbox 2726 3546 2916 3617; x_wconf 85' lang='lat' dir='ltr'><strong>Neque</strong></span> <span class='ocrx_word' id='word_1_521' title='bbox 2940 3545 3086 3602; x_wconf 92' lang='lat' dir='ltr'><strong>enim</strong></span> <span class='ocrx_word' id='word_1_522' title='bbox 3117 3546 3435 3602; x_wconf 74' lang='lat' dir='ltr'><strong>Praeeursor</strong></span> <span class='ocrx_word' id='word_1_523' title='bbox 3461 3546 3682 3602; x_wconf 90' lang='lat' dir='ltr'><strong>Domini</strong></span> <span class='ocrx_word' id='word_1_524' title='bbox 3739 3545 3939 3602; x_wconf 86' lang='lat' dir='ltr'><strong>fecisse</strong></span> <span class='ocrx_word' id='word_1_525' title='bbox 3976 3547 4244 3602; x_wconf 87' lang='lat' dir='ltr'><strong>miracula</strong></span> <span class='ocrx_word' id='word_1_526' title='bbox 4278 3547 4354 3603; x_wconf 85' lang='lat' dir='ltr'><strong>le-</strong></span> 
     </span>
    </p>
   </div>
   <div class='ocr_carea' id='block_1_77' title="bbox 2728 3635 4359 3709">
    <p class='ocr_par' dir='ltr' id='par_1_77' title="bbox 2728 3635 4359 3709">
     <span class='ocr_line' id='line_1_80' title="bbox 2728 3635 4359 3709; baseline 0.001 -17"><span class='ocrx_word' id='word_1_527' title='bbox 2728 3639 2893 3709; x_wconf 85' lang='lat' dir='ltr'><strong>gitur,</strong></span> <span class='ocrx_word' id='word_1_528' title='bbox 2945 3651 3054 3706; x_wconf 92' lang='lat' dir='ltr'><strong>quo</strong></span> <span class='ocrx_word' id='word_1_529' title='bbox 3091 3635 3356 3706; x_wconf 87' lang='lat' dir='ltr'><strong>majorem</strong></span> <span class='ocrx_word' id='word_1_530' title='bbox 3396 3637 3604 3691; x_wconf 91' lang='lat' dir='ltr'><strong>nullum</strong></span> <span class='ocrx_word' id='word_1_531' title='bbox 3660 3636 3803 3691; x_wconf 87' lang='lat' dir='ltr'><strong>inter</strong></span> <span class='ocrx_word' id='word_1_532' title='bbox 3855 3647 4015 3692; x_wconf 91' lang='lat' dir='ltr'><strong>natos</strong></span> <span class='ocrx_word' id='word_1_533' title='bbox 4061 3637 4359 3694; x_wconf 88' lang='lat' dir='ltr'><strong>mulierum</strong></span> 
     </span>
    </p>
   </div>
   <div class='ocr_carea' id='block_1_78' title="bbox 2731 3727 4361 3800">
    <p class='ocr_par' dir='ltr' id='par_1_78' title="bbox 2731 3727 4361 3800">
     <span class='ocr_line' id='line_1_81' title="bbox 2731 3727 4361 3800; baseline -0.001 -14"><span class='ocrx_word' id='word_1_534' title='bbox 2731 3730 3039 3787; x_wconf 56' lang='lat' dir='ltr'><strong>surrexisse</strong></span> <span class='ocrx_word' id='word_1_535' title='bbox 3068 3727 3286 3800; x_wconf 82' lang='lat' dir='ltr'><strong>(Matth.</strong></span> <span class='ocrx_word' id='word_1_536' title='bbox 3334 3729 3435 3799; x_wconf 77' lang='lat' dir='ltr'><strong>xu)</strong></span> <span class='ocrx_word' id='word_1_537' title='bbox 3494 3727 3711 3784; x_wconf 86' lang='lat' dir='ltr'><strong>Veritas</strong></span> <span class='ocrx_word' id='word_1_538' title='bbox 3760 3729 3877 3799; x_wconf 89' lang='lat' dir='ltr'><strong>ipsa</strong></span> <span class='ocrx_word' id='word_1_539' title='bbox 3930 3737 4182 3783; x_wconf 82' lang='lat' dir='ltr'><strong>testatur.</strong></span> <span class='ocrx_word' id='word_1_540' title='bbox 4213 3727 4361 3784; x_wconf 82' lang='lat' dir='ltr'><strong>Non-</strong></span> 
     </span>
    </p>
   </div>
   <div class='ocr_carea' id='block_1_79' title="bbox 2728 3819 4356 3884">
    <p class='ocr_par' dir='ltr' id='par_1_79' title="bbox 2728 3819 4356 3884">
     <span class='ocr_line' id='line_1_82' title="bbox 2728 3819 4356 3884; baseline -0.001 -7"><span class='ocrx_word' id='word_1_541' title='bbox 2728 3823 2862 3877; x_wconf 85' lang='lat' dir='ltr'><strong>nulli</strong></span> <span class='ocrx_word' id='word_1_542' title='bbox 2894 3821 3040 3874; x_wconf 90' lang='lat' dir='ltr'><strong>enim</strong></span> <span class='ocrx_word' id='word_1_543' title='bbox 3075 3820 3188 3875; x_wconf 84' lang='lat' dir='ltr'><strong>Deo</strong></span> <span class='ocrx_word' id='word_1_544' title='bbox 3213 3835 3272 3874; x_wconf 91' lang='lat' dir='ltr'><strong>se</strong></span> <span class='ocrx_word' id='word_1_545' title='bbox 3301 3819 3517 3875; x_wconf 90' lang='lat' dir='ltr'><strong>deferre</strong></span> <span class='ocrx_word' id='word_1_546' title='bbox 3541 3820 3892 3884; x_wconf 80' lang='lat' dir='ltr'><strong>existimant,</strong></span> <span class='ocrx_word' id='word_1_547' title='bbox 3926 3819 3972 3874; x_wconf 88' lang='lat' dir='ltr'><strong>si</strong></span> <span class='ocrx_word' id='word_1_548' title='bbox 4007 3820 4058 3873; x_wconf 90' lang='lat' dir='ltr'><strong>in</strong></span> <span class='ocrx_word' id='word_1_549' title='bbox 4089 3819 4356 3876; x_wconf 73' lang='lat' dir='ltr'><strong>extollen-</strong></span> 
     </span>
    </p>
   </div>
   <div class='ocr_carea' id='block_1_80' title="bbox 2729 3911 4360 3982">
    <p class='ocr_par' dir='ltr' id='par_1_80' title="bbox 2729 3911 4360 3982">
     <span class='ocr_line' id='line_1_83' title="bbox 2729 3911 4360 3982; baseline 0.001 -14"><span class='ocrx_word' id='word_1_550' title='bbox 2729 3913 2812 3968; x_wconf 90' lang='lat' dir='ltr'><strong>dis</strong></span> <span class='ocrx_word' id='word_1_551' title='bbox 2861 3920 3176 3967; x_wconf 81' lang='lat' dir='ltr'><strong>Sanctorum</strong></span> <span class='ocrx_word' id='word_1_552' title='bbox 3230 3911 3526 3968; x_wconf 87' lang='lat' dir='ltr'><strong>virtutibus</strong></span> <span class='ocrx_word' id='word_1_553' title='bbox 3591 3911 3946 3968; x_wconf 89' lang='lat' dir='ltr'><strong>mendacium</strong></span> <span class='ocrx_word' id='word_1_554' title='bbox 4009 3911 4237 3982; x_wconf 86' lang='lat' dir='ltr'><strong>fingant.</strong></span> <span class='ocrx_word' id='word_1_555' title='bbox 4291 3911 4360 3969; x_wconf 80' lang='lat' dir='ltr'><strong>Ill</strong></span> 
     </span>
    </p>
   </div>
   <div class='ocr_carea' id='block_1_81' title="bbox 2727 4008 4358 4080">
    <p class='ocr_par' dir='ltr' id='par_1_81' title="bbox 2727 4008 4358 4080">
     <span class='ocr_line' id='line_1_84' title="bbox 2727 4008 4358 4080; baseline -0.001 -16"><span class='ocrx_word' id='word_1_556' title='bbox 2727 4008 3016 4074; x_wconf 86' lang='lat' dir='ltr'><strong>nimirum,</strong></span> <span class='ocrx_word' id='word_1_557' title='bbox 3065 4009 3385 4080; x_wconf 89' lang='lat' dir='ltr'><strong>ignorantes</strong></span> <span class='ocrx_word' id='word_1_558' title='bbox 3429 4010 3599 4064; x_wconf 87' lang='lat' dir='ltr'><strong>Deum</strong></span> <span class='ocrx_word' id='word_1_559' title='bbox 3628 4017 3822 4064; x_wconf 79' lang='lat' dir='ltr'><strong>nostro</strong></span> <span class='ocrx_word' id='word_1_560' title='bbox 3854 4025 3962 4063; x_wconf 91' lang='lat' dir='ltr'><strong>non</strong></span> <span class='ocrx_word' id='word_1_561' title='bbox 4006 4023 4168 4078; x_wconf 88' lang='lat' dir='ltr'><strong>egere</strong></span> <span class='ocrx_word' id='word_1_562' title='bbox 4201 4023 4358 4064; x_wconf 89' lang='lat' dir='ltr'><strong>men-</strong></span> 
     </span>
    </p>
   </div>
   <div class='ocr_carea' id='block_1_82' title="bbox 2730 4085 4362 4172">
    <p class='ocr_par' dir='ltr' id='par_1_82' title="bbox 2730 4085 4362 4172">
     <span class='ocr_line' id='line_1_85' title="bbox 2730 4085 4362 4172; baseline -0.001 -15"><span class='ocrx_word' id='word_1_563' title='bbox 2730 4103 2907 4166; x_wconf 84' lang='lat' dir='ltr'><strong>dacio,</strong></span> <span class='ocrx_word' id='word_1_564' title='bbox 2943 4101 3132 4156; x_wconf 89' lang='lat' dir='ltr'><strong>relicta</strong></span> <span class='ocrx_word' id='word_1_565' title='bbox 3161 4101 3412 4166; x_wconf 86' lang='lat' dir='ltr'><strong>veritate,</strong></span> <span class='ocrx_word' id='word_1_566' title='bbox 3444 4117 3567 4172; x_wconf 74' lang='lat' dir='ltr'><strong>qua:</strong></span> <span class='ocrx_word' id='word_1_567' title='bbox 3601 4103 3718 4172; x_wconf 89' lang='lat' dir='ltr'><strong>ipse</strong></span> <span class='ocrx_word' id='word_1_568' title='bbox 3743 4111 3851 4167; x_wconf 81' lang='lat' dir='ltr'><strong>est,</strong></span> <span class='ocrx_word' id='word_1_569' title='bbox 3895 4101 4157 4157; x_wconf 86' lang='lat' dir='ltr'><strong>falsitatis</strong></span> <span class='ocrx_word' id='word_1_570' title='bbox 4181 4085 4230 4155; x_wconf 78' lang='lat' dir='ltr'><strong>ei</strong></span> <span class='ocrx_word' id='word_1_571' title='bbox 4260 4114 4362 4172; x_wconf 84' lang='lat' dir='ltr'><strong>pu-</strong></span> 
     </span>
    </p>
   </div>
   <div class='ocr_carea' id='block_1_83' title="bbox 2734 4183 4358 4268">
    <p class='ocr_par' dir='ltr' id='par_1_83' title="bbox 2734 4183 4358 4268">
     <span class='ocr_line' id='line_1_86' title="bbox 2734 4183 4358 4268; baseline 0 -18"><span class='ocrx_word' id='word_1_572' title='bbox 2734 4205 2848 4250; x_wconf 86' lang='lat' dir='ltr'><strong>tant</strong></span> <span class='ocrx_word' id='word_1_573' title='bbox 2886 4211 2945 4251; x_wconf 88' lang='lat' dir='ltr'><strong>se</strong></span> <span class='ocrx_word' id='word_1_574' title='bbox 2983 4195 3204 4267; x_wconf 87' lang='lat' dir='ltr'><strong>placere</strong></span> <span class='ocrx_word' id='word_1_575' title='bbox 3241 4211 3403 4268; x_wconf 84' lang='lat' dir='ltr'><strong>posse</strong></span> <span class='ocrx_word' id='word_1_576' title='bbox 3448 4205 3782 4252; x_wconf 85' lang='lat' dir='ltr'><strong>commento.</strong></span> <span class='ocrx_word' id='word_1_577' title='bbox 3835 4183 3985 4262; x_wconf 81' lang='lat' dir='ltr'><strong>Quos</strong></span> <span class='ocrx_word' id='word_1_578' title='bbox 4025 4196 4164 4251; x_wconf 83' lang='lat' dir='ltr'><strong>bene</strong></span> <span class='ocrx_word' id='word_1_579' title='bbox 4203 4193 4358 4250; x_wconf 83' lang='lat' dir='ltr'><strong>Jere-</strong></span> 
     </span>
    </p>
   </div>
   <div class='ocr_carea' id='block_1_84' title="bbox 2731 4283 4359 4358">
    <p class='ocr_par' dir='ltr' id='par_1_84' title="bbox 2731 4283 4359 4358">
     <span class='ocr_line' id='line_1_87' title="bbox 2731 4283 4359 4358; baseline -0.002 -14"><span class='ocrx_word' id='word_1_580' title='bbox 2731 4289 2870 4344; x_wconf 86' lang='lat' dir='ltr'><strong>mias</strong></span> <span class='ocrx_word' id='word_1_581' title='bbox 2899 4289 3197 4358; x_wconf 85' lang='lat' dir='ltr'><strong>redarguit,</strong></span> <span class='ocrx_word' id='word_1_582' title='bbox 3254 4288 3440 4343; x_wconf 90' lang='lat' dir='ltr'><strong>dicens</strong></span> <span class='ocrx_word' id='word_1_583' title='bbox 3468 4306 3480 4342; x_wconf 92' lang='lat'>:</span> <span class='ocrx_word' id='word_1_584' title='bbox 3509 4287 3817 4341; x_wconf 79' lang='lat' dir='ltr'><strong>Docuerun.‘</strong></span> <span class='ocrx_word' id='word_1_585' title='bbox 3868 4287 4082 4357; x_wconf 80' lang='lat' dir='ltr'><strong>linguas</strong></span> <span class='ocrx_word' id='word_1_586' title='bbox 4118 4301 4250 4341; x_wconf 67' lang='lat' dir='ltr'><strong>sua:</strong></span> <span class='ocrx_word' id='word_1_587' title='bbox 4275 4283 4359 4340; x_wconf 83' lang='lat' dir='ltr'><strong>lo-</strong></span> 
     </span>
    </p>
   </div>
   <div class='ocr_carea' id='block_1_85' title="bbox 2731 4375 4357 4451">
    <p class='ocr_par' dir='ltr' id='par_1_85' title="bbox 2731 4375 4357 4451">
     <span class='ocr_line' id='line_1_88' title="bbox 2731 4375 4357 4451; baseline -0.002 -18"><span class='ocrx_word' id='word_1_588' title='bbox 2731 4381 2821 4450; x_wconf 85' lang='lat' dir='ltr'><strong>qui</strong></span> <span class='ocrx_word' id='word_1_589' title='bbox 2849 4381 3207 4449; x_wconf 83' lang='lat' dir='ltr'><strong>mendacium,</strong></span> <span class='ocrx_word' id='word_1_590' title='bbox 3243 4389 3298 4433; x_wconf 86' lang='lat' dir='ltr'><strong>ut</strong></span> <span class='ocrx_word' id='word_1_591' title='bbox 3331 4380 3508 4451; x_wconf 80' lang='lat' dir='ltr'><strong>inique</strong></span> <span class='ocrx_word' id='word_1_592' title='bbox 3542 4390 3754 4450; x_wconf 81' lang='lat' dir='ltr'><strong>agerent</strong></span> <span class='ocrx_word' id='word_1_593' title='bbox 3805 4377 4181 4432; x_wconf 76' lang='lat' dir='ltr'><strong>laboraverunt</strong></span> <span class='ocrx_word' id='word_1_594' title='bbox 4216 4375 4357 4448; x_wconf 72' lang='lat' dir='ltr'><strong>(lar.</strong></span> 
     </span>
    </p>
   </div>
   <div class='ocr_carea' id='block_1_86' title="bbox 2733 4471 4360 4546">
    <p class='ocr_par' dir='ltr' id='par_1_86' title="bbox 2733 4471 4360 4546">
     <span class='ocr_line' id='line_1_89' title="bbox 2733 4471 4360 4546; baseline -0.003 -15"><span class='ocrx_word' id='word_1_595' title='bbox 2733 4474 2834 4546; x_wconf 76' lang='lat' dir='ltr'><strong>ix).</strong></span> <span class='ocrx_word' id='word_1_596' title='bbox 2860 4473 2961 4542; x_wconf 87' lang='lat' dir='ltr'><strong>Qui</strong></span> <span class='ocrx_word' id='word_1_597' title='bbox 2989 4475 3136 4529; x_wconf 90' lang='lat' dir='ltr'><strong>enim</strong></span> <span class='ocrx_word' id='word_1_598' title='bbox 3166 4474 3308 4528; x_wconf 91' lang='lat' dir='ltr'><strong>ultro</strong></span> <span class='ocrx_word' id='word_1_599' title='bbox 3335 4473 3573 4528; x_wconf 89' lang='lat' dir='ltr'><strong>oblatam</strong></span> <span class='ocrx_word' id='word_1_600' title='bbox 3599 4472 3907 4542; x_wconf 74' lang='lat' dir='ltr'><strong>simplicem</strong></span> <span class='ocrx_word' id='word_1_601' title='bbox 3944 4471 4238 4526; x_wconf 84' lang='lat' dir='ltr'><strong>veritatem</strong></span> <span class='ocrx_word' id='word_1_602' title='bbox 4269 4485 4360 4526; x_wconf 87' lang='lat' dir='ltr'><strong>re-</strong></span> 
     </span>
    </p>
   </div>
   <div class='ocr_carea' id='block_1_87' title="bbox 2732 4564 4364 4638">
    <p class='ocr_par' dir='ltr' id='par_1_87' title="bbox 2732 4564 4364 4638">
     <span class='ocr_line' id='line_1_90' title="bbox 2732 4564 4364 4638; baseline -0.001 -16"><span class='ocrx_word' id='word_1_603' title='bbox 2732 4568 2876 4627; x_wconf 85' lang='lat' dir='ltr'><strong>ferre</strong></span> <span class='ocrx_word' id='word_1_604' title='bbox 2915 4567 3070 4624; x_wconf 55' lang='lat' dir='ltr'><strong>facile</strong></span> <span class='ocrx_word' id='word_1_605' title='bbox 3105 4576 3392 4638; x_wconf 86' lang='lat' dir='ltr'><strong>poterant,</strong></span> <span class='ocrx_word' id='word_1_606' title='bbox 3427 4567 3480 4621; x_wconf 92' lang='lat' dir='ltr'><strong>in</strong></span> <span class='ocrx_word' id='word_1_607' title='bbox 3514 4565 3911 4636; x_wconf 90' lang='lat' dir='ltr'><strong>componendis</strong></span> <span class='ocrx_word' id='word_1_608' title='bbox 3951 4579 4073 4635; x_wconf 78' lang='lat' dir='ltr'><strong>quae</strong></span> <span class='ocrx_word' id='word_1_609' title='bbox 4109 4564 4364 4621; x_wconf 90' lang='lat' dir='ltr'><strong>nesciunt</strong></span> 
     </span>
    </p>
   </div>
   <div class='ocr_carea' id='block_1_88' title="bbox 2733 4658 4360 4730">
    <p class='ocr_par' dir='ltr' id='par_1_88' title="bbox 2733 4658 4360 4730">
     <span class='ocr_line' id='line_1_91' title="bbox 2733 4658 4360 4730; baseline -0.003 -12"><span class='ocrx_word' id='word_1_610' title='bbox 2733 4678 2891 4719; x_wconf 89' lang='lat' dir='ltr'><strong>casso</strong></span> <span class='ocrx_word' id='word_1_611' title='bbox 2922 4661 3107 4717; x_wconf 87' lang='lat' dir='ltr'><strong>labore</strong></span> <span class='ocrx_word' id='word_1_612' title='bbox 3136 4663 3425 4724; x_wconf 90' lang='lat' dir='ltr'><strong>desudant,</strong></span> <span class='ocrx_word' id='word_1_613' title='bbox 3452 4669 3504 4715; x_wconf 90' lang='lat' dir='ltr'><strong>et</strong></span> <span class='ocrx_word' id='word_1_614' title='bbox 3533 4675 3641 4730; x_wconf 92' lang='lat' dir='ltr'><strong>quo</strong></span> <span class='ocrx_word' id='word_1_615' title='bbox 3664 4675 3724 4715; x_wconf 92' lang='lat' dir='ltr'><strong>se</strong></span> <span class='ocrx_word' id='word_1_616' title='bbox 3752 4675 3854 4730; x_wconf 90' lang='lat' dir='ltr'><strong>pro</strong></span> <span class='ocrx_word' id='word_1_617' title='bbox 3882 4661 3994 4714; x_wconf 86' lang='lat' dir='ltr'><strong>Deo</strong></span> <span class='ocrx_word' id='word_1_618' title='bbox 4019 4667 4168 4714; x_wconf 89' lang='lat' dir='ltr'><strong>stare</strong></span> <span class='ocrx_word' id='word_1_619' title='bbox 4201 4658 4360 4730; x_wconf 83' lang='lat' dir='ltr'><strong>quasi</strong></span> 
     </span>
    </p>
   </div>
   <div class='ocr_carea' id='block_1_89' title="bbox 2733 4750 4361 4826">
    <p class='ocr_par' dir='ltr' id='par_1_89' title="bbox 2733 4750 4361 4826">
     <span class='ocr_line' id='line_1_92' title="bbox 2733 4750 4361 4826; baseline -0.004 -17"><span class='ocrx_word' id='word_1_620' title='bbox 2733 4755 3012 4826; x_wconf 86' lang='lat' dir='ltr'><strong>adjutores</strong></span> <span class='ocrx_word' id='word_1_621' title='bbox 3041 4763 3346 4816; x_wconf 89' lang='lat' dir='ltr'><strong>autumant,</strong></span> <span class='ocrx_word' id='word_1_622' title='bbox 3377 4767 3444 4808; x_wconf 87' lang='lat' dir='ltr'><strong>eo</strong></span> <span class='ocrx_word' id='word_1_623' title='bbox 3472 4762 3532 4807; x_wconf 91' lang='lat' dir='ltr'><strong>ut</strong></span> <span class='ocrx_word' id='word_1_624' title='bbox 3568 4766 3762 4808; x_wconf 75' lang='lat' dir='ltr'><strong>revera</strong></span> <span class='ocrx_word' id='word_1_625' title='bbox 3809 4750 3932 4806; x_wconf 87' lang='lat' dir='ltr'><strong>falsi</strong></span> <span class='ocrx_word' id='word_1_626' title='bbox 3968 4760 4139 4806; x_wconf 85' lang='lat' dir='ltr'><strong>testes</strong></span> <span class='ocrx_word' id='word_1_627' title='bbox 4164 4760 4361 4806; x_wconf 86' lang='lat' dir='ltr'><strong>contra</strong></span> 
     </span>
    </p>
   </div>
   <div class='ocr_carea' id='block_1_90' title="bbox 2734 4844 4361 4919">
    <p class='ocr_par' dir='ltr' id='par_1_90' title="bbox 2734 4844 4361 4919">
     <span class='ocr_line' id='line_1_93' title="bbox 2734 4844 4361 4919; baseline -0.006 -13"><span class='ocrx_word' id='word_1_628' title='bbox 2734 4850 2904 4906; x_wconf 87' lang='lat' dir='ltr'><strong>Deum</strong></span> <span class='ocrx_word' id='word_1_629' title='bbox 2931 4848 3285 4919; x_wconf 82' lang='lat' dir='ltr'><strong>pertinaciter</strong></span> <span class='ocrx_word' id='word_1_630' title='bbox 3327 4855 3592 4918; x_wconf 87' lang='lat' dir='ltr'><strong>pugnant,</strong></span> <span class='ocrx_word' id='word_1_631' title='bbox 3646 4844 3913 4917; x_wconf 83' lang='lat' dir='ltr'><strong>Apostolo</strong></span> <span class='ocrx_word' id='word_1_632' title='bbox 3940 4844 4247 4900; x_wconf 83' lang='lat' dir='ltr'><strong>Corinthiis</strong></span> <span class='ocrx_word' id='word_1_633' title='bbox 4276 4853 4361 4896; x_wconf 89' lang='lat' dir='ltr'><strong>at-</strong></span> 
     </span>
    </p>
   </div>
   <div class='ocr_carea' id='block_1_91' title="bbox 2733 5006 4363 5064">
    <p class='ocr_par' dir='ltr' id='par_1_91' title="bbox 2733 5006 4363 5064">
     <span class='ocr_line' id='line_1_94' title="bbox 2733 5006 4363 5064; baseline -0.002 -2"><span class='ocrx_word' id='word_1_634' title='bbox 2733 5007 2877 5064; x_wconf 90' lang='lat' dir='ltr'><strong>latos</strong></span> <span class='ocrx_word' id='word_1_635' title='bbox 2926 5016 3096 5064; x_wconf 87' lang='lat' dir='ltr'><strong>testes</strong></span> <span class='ocrx_word' id='word_1_636' title='bbox 3146 5006 3443 5063; x_wconf 87' lang='lat' dir='ltr'><strong>recentiori</strong></span> <span class='ocrx_word' id='word_1_637' title='bbox 3493 5007 3760 5062; x_wconf 89' lang='lat' dir='ltr'><strong>memoria</strong></span> <span class='ocrx_word' id='word_1_638' title='bbox 3814 5021 3998 5061; x_wconf 90' lang='lat' dir='ltr'><strong>rerum</strong></span> <span class='ocrx_word' id='word_1_639' title='bbox 4057 5006 4363 5060; x_wconf 71' lang='lat' dir='ltr'><strong>instructos</strong></span> 
     </span>
    </p>
   </div>
   <div class='ocr_carea' id='block_1_92' title="bbox 2733 5071 4359 5149">
    <p class='ocr_par' dir='ltr' id='par_1_92' title="bbox 2733 5071 4359 5149">
     <span class='ocr_line' id='line_1_95' title="bbox 2733 5071 4359 5149; baseline -0.004 -14"><span class='ocrx_word' id='word_1_640' title='bbox 2733 5079 2940 5135; x_wconf 85' lang='lat' dir='ltr'><strong>habere</strong></span> <span class='ocrx_word' id='word_1_641' title='bbox 2965 5079 3306 5149; x_wconf 76' lang='lat' dir='ltr'><strong>potuerit,ut</strong></span> <span class='ocrx_word' id='word_1_642' title='bbox 3336 5071 3527 5133; x_wconf 72' lang='lat' dir='ltr'><strong>re&#39;vera</strong></span> <span class='ocrx_word' id='word_1_643' title='bbox 3558 5079 3752 5133; x_wconf 88' lang='lat' dir='ltr'><strong>halmit</strong></span> <span class='ocrx_word' id='word_1_644' title='bbox 3783 5078 3955 5148; x_wconf 90' lang='lat' dir='ltr'><strong>ipsius</strong></span> <span class='ocrx_word' id='word_1_645' title='bbox 3978 5076 4037 5132; x_wconf 90' lang='lat' dir='ltr'><strong>S.</strong></span> <span class='ocrx_word' id='word_1_646' title='bbox 4068 5073 4359 5131; x_wconf 77' lang='lat' dir='ltr'><strong>Romualdi</strong></span> 
     </span>
    </p>
   </div>
   <div class='ocr_carea' id='block_1_93' title="bbox 2733 5095 3842 5220">
    <p class='ocr_par' dir='ltr' id='par_1_93' title="bbox 2733 5095 3842 5220">
     <span class='ocr_line' id='line_1_96' title="bbox 2735 5095 3842 5149; baseline -0.007 -14"><span class='ocrx_word' id='word_1_647' title='bbox 2735 5095 2940 5135; x_wconf 81' lang='lat' dir='ltr'><strong>nabere</strong></span> <span class='ocrx_word' id='word_1_648' title='bbox 2965 5095 3133 5149; x_wconf 83' lang='lat' dir='ltr'><strong>powe</strong></span> <span class='ocrx_word' id='word_1_649' title='bbox 3170 5095 3306 5142; x_wconf 79' lang='lat' dir='ltr'><strong>tt,ut</strong></span> <span class='ocrx_word' id='word_1_650' title='bbox 3336 5095 3527 5133; x_wconf 91' lang='lat' dir='ltr'><strong>revera</strong></span> <span class='ocrx_word' id='word_1_651' title='bbox 3559 5095 3752 5133; x_wconf 82' lang='lat' dir='ltr'><strong>nanuu</strong></span> <span class='ocrx_word' id='word_1_652' title='bbox 3783 5095 3842 5148; x_wconf 70' lang='lat' dir='ltr'><strong>Ip:</strong></span> 
     </span>
     <span class='ocr_line' id='line_1_97' title="bbox 2733 5095 3842 5220; baseline -0.002 -14"><span class='ocrx_word' id='word_1_653' title='bbox 2733 5151 3056 5220; x_wconf 89' lang='lat' dir='ltr'><strong>discipulos,</strong></span> <span class='ocrx_word' id='word_1_654' title='bbox 3087 5095 3232 5206; x_wconf 55' lang='lat' dir='ltr'><strong>siEut</strong></span> <span class='ocrx_word' id='word_1_655' title='bbox 3259 5149 3402 5204; x_wconf 88' lang='lat' dir='ltr'><strong>infra</strong></span> <span class='ocrx_word' id='word_1_656' title='bbox 3434 5151 3552 5220; x_wconf 88' lang='lat' dir='ltr'><strong>ipse</strong></span> <span class='ocrx_word' id='word_1_657' title='bbox 3583 5159 3842 5204; x_wconf 90' lang='lat' dir='ltr'><strong>testatur.</strong></span> 
     </span>
    </p>
   </div>
   <div class='ocr_carea' id='block_1_94' title="bbox 2735 5218 4362 5292">
    <p class='ocr_par' dir='ltr' id='par_1_94' title="bbox 2735 5218 4362 5292">
     <span class='ocr_line' id='line_1_98' title="bbox 2735 5218 4362 5292; baseline -0.004 -15"><span class='ocrx_word' id='word_1_658' title='bbox 2735 5257 2738 5260; x_wconf 76' lang='lat'><strong><em>~</em></strong></span> <span class='ocrx_word' id='word_1_659' title='bbox 2804 5218 2956 5292; x_wconf 84' lang='lat' dir='ltr'><strong>(l69)</strong></span> <span class='ocrx_word' id='word_1_660' title='bbox 2991 5218 3524 5292; x_wconf 30' lang='lat' dir='ltr'><strong>Fontisbouiedit’io</strong></span> <span class='ocrx_word' id='word_1_661' title='bbox 3559 5221 3729 5276; x_wconf 88' lang='lat' dir='ltr'><strong>habet</strong></span> <span class='ocrx_word' id='word_1_662' title='bbox 3757 5220 3980 5292; x_wconf 82' lang='lat' dir='ltr'><strong>collegio</strong></span> <span class='ocrx_word' id='word_1_663' title='bbox 4011 5218 4070 5275; x_wconf 89' lang='lat' dir='ltr'><strong>S.</strong></span> <span class='ocrx_word' id='word_1_664' title='bbox 4109 5218 4362 5292; x_wconf 66' lang='lat' dir='ltr'><strong>Ecclesia</strong></span> 
     </span>
    </p>
   </div>
   <div class='ocr_carea' id='block_1_95' title="bbox 2735 5288 4359 5358">
    <p class='ocr_par' dir='ltr' id='par_1_95' title="bbox 2735 5288 4359 5358">
     <span class='ocr_line' id='line_1_99' title="bbox 2735 5288 4359 5358; baseline -0.002 -12"><span class='ocrx_word' id='word_1_665' title='bbox 2735 5288 3068 5358; x_wconf 69' lang='lat' dir='ltr'><strong>tradidisset,</strong></span> <span class='ocrx_word' id='word_1_666' title='bbox 3094 5294 3147 5347; x_wconf 86' lang='lat' dir='ltr'><strong>id</strong></span> <span class='ocrx_word' id='word_1_667' title='bbox 3179 5304 3262 5347; x_wconf 90' lang='lat' dir='ltr'><strong>est</strong></span> <span class='ocrx_word' id='word_1_668' title='bbox 3308 5291 3549 5348; x_wconf 83' lang='lat' dir='ltr'><strong>fidelium</strong></span> <span class='ocrx_word' id='word_1_669' title='bbox 3597 5293 3650 5346; x_wconf 93' lang='lat' dir='ltr'><strong>in</strong></span> <span class='ocrx_word' id='word_1_670' title='bbox 3702 5308 3870 5347; x_wconf 89' lang='lat' dir='ltr'><strong>unum</strong></span> <span class='ocrx_word' id='word_1_671' title='bbox 3896 5288 4359 5346; x_wconf 68' lang='lat' dir='ltr'><strong>convenientium</strong></span> 
     </span>
    </p>
   </div>
   <div class='ocr_carea' id='block_1_96' title="bbox 2735 5359 4360 5434">
    <p class='ocr_par' dir='ltr' id='par_1_96' title="bbox 2735 5359 4360 5434">
     <span class='ocr_line' id='line_1_100' title="bbox 2735 5359 4360 5434; baseline -0.002 -15"><span class='ocrx_word' id='word_1_672' title='bbox 2735 5363 3069 5420; x_wconf 87' lang='lat' dir='ltr'><strong>collectioni.</strong></span> <span class='ocrx_word' id='word_1_673' title='bbox 3103 5363 3159 5418; x_wconf 93' lang='lat' dir='ltr'><strong>ln</strong></span> <span class='ocrx_word' id='word_1_674' title='bbox 3191 5363 3460 5419; x_wconf 70' lang='lat' dir='ltr'><strong>Vaticano</strong></span> <span class='ocrx_word' id='word_1_675' title='bbox 3480 5364 3674 5419; x_wconf 78' lang='lat' dir='ltr'><strong>codice</strong></span> <span class='ocrx_word' id='word_1_676' title='bbox 3698 5373 3884 5417; x_wconf 89' lang='lat' dir='ltr'><strong>tamen</strong></span> <span class='ocrx_word' id='word_1_677' title='bbox 3914 5363 4118 5434; x_wconf 85' lang='lat' dir='ltr'><strong>legitur</strong></span> <span class='ocrx_word' id='word_1_678' title='bbox 4145 5359 4360 5434; x_wconf 77' lang='lat' dir='ltr'><strong>Legivo,</strong></span> 
     </span>
    </p>
   </div>
   <div class='ocr_carea' id='block_1_97' title="bbox 2736 5433 4362 5506">
    <p class='ocr_par' dir='ltr' id='par_1_97' title="bbox 2736 5433 4362 5506">
     <span class='ocr_line' id='line_1_101' title="bbox 2736 5433 4362 5506; baseline -0.003 -17"><span class='ocrx_word' id='word_1_679' title='bbox 2736 5437 2881 5504; x_wconf 87' lang='lat' dir='ltr'><strong>quod</strong></span> <span class='ocrx_word' id='word_1_680' title='bbox 2926 5434 2986 5490; x_wconf 89' lang='lat' dir='ltr'><strong>S.</strong></span> <span class='ocrx_word' id='word_1_681' title='bbox 3022 5435 3371 5501; x_wconf 87' lang='lat' dir='ltr'><strong>Benedictus,</strong></span> <span class='ocrx_word' id='word_1_682' title='bbox 3421 5450 3544 5506; x_wconf 90' lang='lat' dir='ltr'><strong>cap.</strong></span> <span class='ocrx_word' id='word_1_683' title='bbox 3577 5435 3610 5488; x_wconf 88' lang='lat'><strong>9</strong></span> <span class='ocrx_word' id='word_1_684' title='bbox 3645 5435 3868 5506; x_wconf 82' lang='lat' dir='ltr'><strong>Regulae</strong></span> <span class='ocrx_word' id='word_1_685' title='bbox 3905 5433 4228 5503; x_wconf 75' lang='lat' dir='ltr'><strong>Analogium</strong></span> <span class='ocrx_word' id='word_1_686' title='bbox 4267 5444 4362 5484; x_wconf 86' lang='lat' dir='ltr'><strong>vo-</strong></span> 
     </span>
    </p>
   </div>
   <div class='ocr_carea' id='block_1_98' title="bbox 2736 5508 2904 5562">
    <p class='ocr_par' dir='ltr' id='par_1_98' title="bbox 2736 5508 2904 5562">
     <span class='ocr_line' id='line_1_102' title="bbox 2736 5508 2904 5562; baseline -0.018 0"><span class='ocrx_word' id='word_1_687' title='bbox 2736 5508 2904 5562; x_wconf 87' lang='lat' dir='ltr'><strong>cavit.</strong></span> 
     </span>
    </p>
   </div>
   <div class='ocr_carea' id='block_1_99' title="bbox 2817 5573 4359 5648">
    <p class='ocr_par' dir='ltr' id='par_1_99' title="bbox 2817 5573 4359 5648">
     <span class='ocr_line' id='line_1_103' title="bbox 2817 5573 4359 5648; baseline -0.005 -16"><span class='ocrx_word' id='word_1_688' title='bbox 2817 5577 2969 5648; x_wconf 76' lang='lat' dir='ltr'><strong>(I70)</strong></span> <span class='ocrx_word' id='word_1_689' title='bbox 3001 5578 3058 5632; x_wconf 90' lang='lat' dir='ltr'><strong>ln</strong></span> <span class='ocrx_word' id='word_1_690' title='bbox 3087 5576 3354 5634; x_wconf 82' lang='lat' dir='ltr'><strong>Vaticano</strong></span> <span class='ocrx_word' id='word_1_691' title='bbox 3384 5578 3572 5633; x_wconf 90' lang='lat' dir='ltr'><strong>codice</strong></span> <span class='ocrx_word' id='word_1_692' title='bbox 3602 5577 3839 5633; x_wconf 89' lang='lat' dir='ltr'><strong>habetur</strong></span> <span class='ocrx_word' id='word_1_693' title='bbox 3871 5577 4197 5648; x_wconf 48' lang='lat' dir='ltr'><strong>expediret;</strong></span> <span class='ocrx_word' id='word_1_694' title='bbox 4218 5582 4272 5627; x_wconf 78' lang='lat' dir='ltr'><strong>et</strong></span> <span class='ocrx_word' id='word_1_695' title='bbox 4305 5573 4359 5626; x_wconf 90' lang='lat' dir='ltr'><strong>in</strong></span> 
     </span>
    </p>
   </div>
   <div class='ocr_carea' id='block_1_100' title="bbox 2738 5642 4360 5720">
    <p class='ocr_par' dir='ltr' id='par_1_100' title="bbox 2738 5642 4360 5720">
     <span class='ocr_line' id='line_1_104' title="bbox 2738 5642 4360 5720; baseline -0.007 -12"><span class='ocrx_word' id='word_1_696' title='bbox 2738 5642 2978 5708; x_wconf 80' lang='lat' dir='ltr'><strong>editione</strong></span> <span class='ocrx_word' id='word_1_697' title='bbox 3003 5648 3319 5705; x_wconf 85' lang='lat' dir='ltr'><strong>Foutisboni</strong></span> <span class='ocrx_word' id='word_1_698' title='bbox 3361 5649 3530 5719; x_wconf 78' lang='lat' dir='ltr'><strong>magis</strong></span> <span class='ocrx_word' id='word_1_699' title='bbox 3554 5649 3801 5720; x_wconf 76' lang='lat' dir='ltr'><strong>expedire</strong></span> <span class='ocrx_word' id='word_1_700' title='bbox 3819 5642 4116 5720; x_wconf 77' lang='lat' dir='ltr'><strong>ridebatur.</strong></span> <span class='ocrx_word' id='word_1_701' title='bbox 4140 5642 4360 5720; x_wconf 81' lang='lat' dir='ltr'><strong>Utrum-</strong></span> 
     </span>
    </p>
   </div>
   <div class='ocr_carea' id='block_1_101' title="bbox 2738 5715 4362 5796">
    <p class='ocr_par' dir='ltr' id='par_1_101' title="bbox 2738 5715 4362 5796">
     <span class='ocr_line' id='line_1_105' title="bbox 2738 5715 4362 5796; baseline -0.005 -19"><span class='ocrx_word' id='word_1_702' title='bbox 2738 5737 2847 5796; x_wconf 84' lang='lat' dir='ltr'><strong>que</strong></span> <span class='ocrx_word' id='word_1_703' title='bbox 2887 5735 3068 5796; x_wconf 83' lang='lat' dir='ltr'><strong>recte;</strong></span> <span class='ocrx_word' id='word_1_704' title='bbox 3098 5720 3244 5796; x_wconf 81' lang='lat' dir='ltr'><strong>alias</strong></span> <span class='ocrx_word' id='word_1_705' title='bbox 3274 5715 3533 5796; x_wconf 66' lang='lat' dir='ltr'><strong>deﬁceret</strong></span> <span class='ocrx_word' id='word_1_706' title='bbox 3579 5715 3724 5775; x_wconf 88' lang='lat' dir='ltr'><strong>aliud</strong></span> <span class='ocrx_word' id='word_1_707' title='bbox 3759 5719 3985 5775; x_wconf 87' lang='lat' dir='ltr'><strong>verbum</strong></span> <span class='ocrx_word' id='word_1_708' title='bbox 4037 5729 4232 5790; x_wconf 81' lang='lat' dir='ltr'><strong>regens</strong></span> <span class='ocrx_word' id='word_1_709' title='bbox 4279 5715 4362 5771; x_wconf 82' lang='lat' dir='ltr'><strong>ln-</strong></span> 
     </span>
    </p>
   </div>
   <div class='ocr_carea' id='block_1_102' title="bbox 2741 5792 3571 5862">
    <p class='ocr_par' dir='ltr' id='par_1_102' title="bbox 2741 5792 3571 5862">
     <span class='ocr_line' id='line_1_106' title="bbox 2741 5792 3571 5862; baseline -0.006 -12"><span class='ocrx_word' id='word_1_710' title='bbox 2741 5792 2949 5850; x_wconf 82' lang='lat' dir='ltr'><strong>tlnitam</strong></span> <span class='ocrx_word' id='word_1_711' title='bbox 2980 5793 3275 5848; x_wconf 73' lang='lat' dir='ltr'><strong>dirtionem</strong></span> <span class='ocrx_word' id='word_1_712' title='bbox 3305 5792 3571 5862; x_wconf 70' lang='lat' dir='ltr'><strong>expedire.</strong></span> 
     </span>
    </p>
   </div>
  </div>
