5652 6390
961 390 1059 447 961

2261 359 2422 419 νιτΑ
2452 361 2510 416 S.
2546 357 2936 417 ROMUALDI.

4189 349 4298 408 968

964 506 1162 560 saltum
1189 497 1461 572 praeberet
1488 500 1714 549 exactus
1737 498 1837 544 est.
1897 481 2195 540 Accersitis
2219 483 2386 549 igitur
2411 476 2568 530 Mari-
2598 485 2650 545 Α
2679 474 2838 528 annis
2870 473 2986 542 ipse
3010 479 3066 526 et
3103 468 3346 526 Joannes
3384 467 3790 531 Grandenicus,
3817 463 4054 522 sarculis
4073 473 4297 547 terram

968 615 1035 654 no
1071 604 1128 651 et
1156 588 1487 650 Romualdo,
1523 587 1626 640 hoc
1652 581 1753 637 sibi
1787 577 2063 634 communi
2093 572 2318 643 jubetur
2341 578 2563 624 senten-

970 689 1063 754 tia,
1094 695 1152 740 ut
1174 681 1432 739 saeculum
1456 675 1619 732 simul
1647 688 1771 728 cum
1798 672 1916 740 ipso
1942 709 1957 734 ,
1995 681 2156 736 quem
2185 678 2282 734 per
2305 660 2459 715 nefas
2488 660 2570 712 ina

967 752 1217 838 vaserat,
1280 771 1480 825 ducatu
1532 764 1900 833 relinqueret,
1959 766 2035 823 et,
2077 756 2204 826 quia
2257 753 2323 806 ad
2377 752 2570 806 alienze

969 863 1358 922 dominationis
1383 872 1562 914 arcem
1612 854 1810 924 injuste
1836 857 2182 922 proruperat,
2208 847 2326 916 ipse
2352 862 2412 900 se
2443 844 2571 899 alie-

971 971 1052 1010 nte
1081 953 1367 1024 potestatis
1390 947 1632 1003 dominio
1661 943 1999 1014 subjugaret.
2039 941 2134 994 llle
2163 949 2346 992 autem
2401 937 2565 991 homo

971 1045 1234 1102 nimirum
1288 1044 1338 1095 in
1395 1046 1663 1108 potestate
1691 1035 1920 1105 positus,
1976 1033 2103 1101 quia
2155 1029 2572 1085 conversionem

970 1152 1129 1194 suam
1158 1132 1446 1189 manifeste
1467 1129 1646 1184 facere
1671 1142 1837 1180 ausus
1858 1141 1964 1179 non
1990 1133 2092 1184 est,
2131 1131 2306 1174 tutum
2364 1119 2576 1188 putavit

969 1229 1075 1284 hoc
1100 1226 1362 1281 utendum
1411 1237 1532 1278 esse
1578 1218 1826 1274 consilio.
1881 1215 2202 1270 lmminente
2235 1211 2400 1282 igitur
2427 1209 2578 1263 festi-

970 1321 1146 1374 vitate
1172 1317 1346 1372 sancti
1393 1314 1676 1383 cnjusdam
1721 1308 2002 1379 martyris,
2037 1323 2102 1361 ex
2129 1305 2284 1375 cujus
2316 1301 2578 1356 vocabulo

971 1409 1261 1468 basilicam
1292 1409 1345 1460 in
1369 1405 1588 1478 propria
1620 1401 1966 1474 possessione
1993 1399 2172 1452 adhuc
2204 1397 2449 1465 privatus
2483 1395 2580 1446 ha-

971 1500 1191 1563 buerat,
1221 1498 1328 1554 illic
1349 1495 1522 1566 pridie
1544 1509 1768 1549 uxorem
1793 1490 1940 1562 (196)
1976 1505 2131 1544 suam
2162 1487 2444 1558 praemisit,
2469 1487 2584 1554 ipse

974 1592 1136 1662 quasi
1165 1607 1291 1645 mox
1325 1597 1612 1644 secuturus
1638 1603 1651 1652 ;
1680 1586 1784 1640 hoc
1811 1585 1858 1640 ci
1882 1583 2230 1654 prmeipieus,
2263 1589 2321 1632 ut
2341 1589 2393 1630 et
2419 1576 2586 1649 4,35,

974 1696 1237 1741 ornatum
1289 1682 1534 1736 ecclesiae
1593 1677 2075 1734 accuratissimutn
2120 1674 2478 1743 provideret,
2530 1678 2586 1724 et

976 1790 1167 1830 secum
1201 1773 1543 1826 venientibus
1567 1779 1914 1837 sumptuosas
1956 1766 2239 1834 epularum
2269 1762 2494 1816 delicias
2530 1761 2584 1814 in

2671 565 3013 634 frangentes,
3065 572 3122 618 et
3185 564 3426 618 triticum
3475 561 3840 626 seminantes,
3904 574 3973 614 ex
4030 571 4300 613 manuum

2674 682 2900 722 suarum
2992 664 3181 719 labore
3242 663 3521 716 vixerunt.
3615 660 3719 728 Qui
3786 657 4100 723 nimirum,
4164 654 4294 712 dum

2676 761 3070 832 agriculturam
3124 756 3485 820 exercebant,
3549 753 3768 824 pondus
3795 749 3990 822 jejunii
4053 746 4304 822 duplica-

2678 856 2835 909 bam'
3179 917 3344 992 435
3381 913 3614 971 CAPUT
3678 913 3786 967 vn.

2862 1014 2938 1069 De
2961 1015 3167 1068 diversa
3198 1029 3376 1083 pugna
3401 1009 3624 1074 diaboli,
3659 1025 3818 1080 quant
3848 1006 4123 1061 sustinuit.

2755 1125 3121 1196 Impugnabat
3172 1134 3354 1176 tamen
3401 1119 3654 1174 diabolus
3697 1114 4063 1170 Romualdum
4118 1110 4310 1167 multis

2683 1226 2739 1271 et
2759 1217 2930 1271 variis
2963 1215 3329 1269 tentationutn
3360 1210 3816 1271 immissionibus,
3866 1207 4104 1260 maxime
4149 1204 4310 1258 initio

2686 1308 3086 1372 conversionis,
3127 1314 3482 1374 mentemque
3532 1304 3654 1372 ejus
3695 1316 3794 1372 per
3826 1301 3998 1354 multa
4052 1298 4313 1352 vitiorum

2687 1402 2961 1457 incentiva
2983 1399 3256 1470 raptabat,
3287 1397 3449 1451 modo
3474 1395 3548 1448 illi
3585 1396 3638 1448 in
3689 1393 4013 1448 memoriam
4047 1401 4317 1461 revocans

2689 1511 2810 1564 quae
2852 1504 2906 1548 et
2935 1505 3166 1563 quanta,
3199 1501 3259 1545 ut
3285 1500 3415 1561 puta
3447 1489 3533 1542 vir
3562 1489 3843 1553 subrutus,
3890 1487 3944 1541 in
3991 1482 4193 1540 saeculo
4223 1495 4318 1537 ac-

2689 1589 2910 1658 quirere
2941 1587 3153 1657 potuit;
3210 1585 3370 1638 modo
3401 1599 3528 1652 quze
3561 1581 3798 1652 ingratis
3829 1577 4154 1650 propinquis
4187 1590 4317 1631 uec-

2692 1681 2818 1734 dum
2855 1689 2977 1748 post
3010 1673 3591 1744 seconeupiscibiliter
3632 1671 4009 1730 haereditauda
4050 1667 4314 1738 reliquit;

2697 1774 2857 1827 modo
2891 1787 3057 1842 parva
3091 1770 3260 1825 nimis
3303 1778 3358 1821 et
3393 1767 3594 1821 nullius
3631 1766 3813 1819 meriti
3862 1778 3984 1817 esse
4021 1778 4141 1830 qua:
4173 1761 4319 1815 facc-

977 1868 1280 1923 crastinum
1343 1873 1695 1934 prtepararet.
1745 1861 1864 1930 Ipse
1912 1867 2094 1912 autem
2147 1865 2267 1926 post
2299 1853 2584 1924 conjugem
2623 1877 2663 1932 Β
2697 1875 2798 1931 περι,
2843 1865 3173 1927 accusabat;

2086 1875 2094 1911 ι
2147 1865 2267 1926 POSt
2299 1853 2584 1924 εοιιὶιιεεηι
2623 1877 2663 1932 ξς
2697 1875 2798 1931 ret,
2843 1865 3173 1927 accusabat;
3211 1861 3396 1927 modo,
3439 1860 3576 1912 tanti
3624 1857 3826 1911 laboris
3856 1857 4119 1910 honbrem
4145 1854 4318 1927 pneu-

979 1946 1293 2018 remanens,
1326 1957 1410 2010 his
1449 1956 1516 2009 de
1543 1954 1656 2007 suis
1691 1951 1996 2014 thesauris,
2035 1964 2157 2018 qua:
2191 1947 2294 2000 sibi
2328 1946 2590 1999 videban-

979 2058 1090 2112 tur,
1121 2046 1340 2109 ablatis,
1380 2059 1502 2098 eum
1533 2043 1766 2110 quodam
1805 2057 1902 2095 suo
1932 2039 2211 2100 familiari,
2241 2036 2451 2090 Joanne
2483 2035 2592 2088 sei-

979 2136 1468 2194 licetGrandenieo
1492 2135 1660 2202 (197),
1676 2134 1766 2202 qui
1784 2131 2022 2201 prmi-ala:
2039 2128 2435 2198 conjuralionis
2461 2140 2594 2180 con-

980 2233 1135 2287 scius
1162 2226 1355 2292 fuerat,
1390 2237 1445 2282 et
1465 2242 1587 2281 eum
1613 2227 1783 2278 tribus
1811 2223 1915 2276 illis
1936 2221 2083 2292 (198)
2111 2219 2284 2275 beatis
2303 2219 2434 2272 viris
2457 2232 2595 2287 quos

979 2333 1380 2391 prmposutmus
1417 2331 1610 2370 navem
1639 2314 1912 2375 usi-endit,
1948 2311 2142 2365 deinde
2175 2311 2228 2364 in
2257 2308 2492 2364 Galliam
2526 2305 2595 2360 ad

979 2408 1380 2467 monasterium
1411 2408 1560 2480 (199)
1610 2407 1820 2461 abbatis
1849 2403 2075 2458 Guarini
2111 2415 2341 2472 magnus
2371 2413 2600 2454 conver-

983 2503 1339 2574 sus.aufugit.
1368 2503 1531 2557 Petro
1581 2502 1748 2570 igitur
1775 2509 1826 2552 et
1867 2497 2080 2552 Joanne
2115 2492 2400 2550 monachis
2435 2492 2488 2547 in
2536 2489 2596 2545 S.

984 2595 1277 2652 Michaelis
1329 2594 1580 2649 coenobio
1608 2592 1803 2654 factis,
1862 2589 2105 2643 Marinus
2145 2597 2198 2642 et
2241 2582 2596 2650 Romualdus,

985 2704 1100 2744 non
1150 2689 1308 2759 longe
1356 2704 1385 2742 a
1440 2687 1773 2741 monasterio
1813 2686 2094 2755 degentes,
2147 2681 2213 2735 ad
2263 2678 2600 2750 singularem

985 2780 1188 2843 vitam,
1235 2779 1320 2833 cui
1376 2777 1580 2833 assueti
1641 2775 1894 2837 fuerant,
1948 2782 2318 2828 revertuntur.
2395 2768 2603 2835 Quibus

987 2871 1163 2925 etiam
1213 2871 1309 2940 ipsi
1335 2871 1446 2939 jam
1487 2869 1616 2923 dicti
1652 2867 1869 2930 fratres,
1902 2873 2127 2937 peracto
2159 2865 2248 2922 vix
2276 2878 2461 2916 annuo
2481 2877 2608 2930 spa-

1000 2963 1107 3026 tio,
1134 2962 1201 3016 ad
1229 2959 1612 3030 perferendam
1657 2958 1901 3026 ejusdem
1945 2953 2254 3011 solitudinis
2311 2951 2608 3007 districtio-

969 3063 1127 3106 ‘nem
1164 3050 1441 3122 aggregati
1472 3059 1619 3104 sunt.

1623 3160 1852 3217 CAPUT
1887 3151 1990 3214 Vl-

997 3267 1247 3340 Qualiter
1298 3273 1627 3328 Romualdus
1693 3291 1794 3327 uno
1845 3289 1987 3343 anno
2026 3271 2107 3343 Vde
2161 3270 2360 3340 pugillo
2420 3271 2576 3343 cieeii

1073 3361 1184 3427 per.
1226 3347 1385 3412 diem,
1450 3357 1496 3398 et
1553 3346 1720 3398 tribus
1780 3345 1935 3396 (tuuis
1999 3342 2063 3395 de
2117 3359 2213 3395 sua
2275 3342 2604 3411 agricultura

1074 3424 1228 3470 vixit.

1057 3527 1286 3580 .Interea
1342 3524 1701 3590 Romualdus,
1753 3539 1988 3581 accenso
2039 3524 2240 3580 mentis
2288 3522 2606 3588 desiderio,

996 3619 1175 3688 coepit
1199 3620 1265 3672 de
1296 3619 1593 3672 virtutibus
1623 3621 1676 3672 in
1713 3620 1941 3673 virtutes
1973 3618 2301 3672 mirabiliter
2327 3633 2607 3672 crescere:

998 3719 1061 3764 et
1093 3709 1328 3779 reliquos
1360 3709 1560 3764 fratres
1591 3719 1795 3763 sancta:
1847 3709 2288 3764 conversationis
2333 3709 2613 3778 gressibus

999 3801 1222 3872 longius
1252 3801 1460 3855 anteire
1489 3819 1501 3853 :
1530 3810 1588 3853 ut
1623 3801 1758 3870 jam,
1783 3799 2048 3869 quidquid
2089 3800 2232 3852 inter
2262 3797 2463 3852 fratres
2497 3799 2614 3852 sive

1001 3891 1078 3947 de
1141 3891 1512 3959 spiritualibus
1583 3891 1698 3944 sive
1742 3891 1908 3945 etiam
1957 3889 2024 3944 de
2071 3891 2451 3960 corporalibus
2498 3890 2614 3960 ipse

1003 3983 1352 4046 decerneret,
1394 3983 1607 4037 cunctis
1635 3981 1966 4046 volentibus,
1995 3981 2113 4050 ejus
2141 3984 2367 4036 omnino
2396 3990 2615 4035 senten-

1006 4073 1089 4129 tia
1111 4073 1448 4145 praevaleret.
1483 4073 1601 4144 Ipse
1641 4075 1860 4143 quoque
1908 4073 2152 4127 Marinus
2197 4073 2466 4144 gaudebat
2505 4071 2616 4127 Ro-

1008 4165 1233 4221 mualdo
1254 4179 1377 4220 esse
1397 4165 1650 4230 devotus,
1678 4165 1766 4220 eui
1787 4180 1960 4234 nuper
1985 4165 2164 4219 fuerat
2193 4164 2310 4235 ipse
2335 4163 2613 4234 praelatus.

1006 4257 1121 4315 Per
1148 4257 1465 4314 continuum
1489 4259 1691 4328 qu'ppe
1720 4272 1922 4310 annum
1950 4255 2288 4312 Bomualdus
2311 4256 2444 4310 nihil
2471 4256 2616 4310 aliud

1009 4349 1075 4405 in
1123 4349 1303 4404 cibum
1356 4347 1567 4412 habuit,
1614 4347 1715 4402 nisi
1783 4355 1993 4401 tantum
2059 4362 2155 4416 per
2205 4347 2448 4417 singulos
2498 4347 2616 4400 dies

1011 4454 1085 4495 ex
1131 4454 1238 4494 uno
1287 4439 1488 4510 pugillo
1548 4439 1673 4494 elixi
1731 4439 1928 4494 ciceris
1985 4439 2137 4492 vixit.
2215 4438 2414 4494 Tribus
2489 4454 2618 4493 vero

2698 1953 3079 2023 tiens,long:e
3140 1951 3264 2004 vitae
3313 1949 3551 2019 spatium
3613 1947 3990 2017 promittebat.
4052 1941 4096 1997 Ο
4154 1955 4320 2012 quam

2696 2060 2858 2114 saepe,
2889 2043 3140 2099 cellulam
3173 2041 3293 2109 ejus
3320 2039 3652 2113 percutiens,
3683 2051 3834 2102 eum,
3862 2051 3987 2090 cum
4025 2035 4206 2088 adhuc
4234 2031 4324 2085 vix

2697 2135 3154 2208 obdormisceret,
3175 2132 3458 2211 excitavit,
3487 2139 3538 2184 et
3567 2128 3722 2198 quasi
3748 2125 3978 2197 jamjam
4005 2124 4324 2178 imminente

2699 2206 3046 2295 crepusculo,
3079 2239 3176 2293 per
3205 2206 3374 2275 totam
3399 2228 3616 2273 noctem
3642 2215 3917 2284 vigilando
3945 2213 4197 2269 deduxit!
4222 2210 4328 2266 Per

2703 2302 3028 2373 continuum
3073 2312 3248 2367 ferme
3293 2308 3764 2380 quinquennium,
3807 2320 3974 2376 super
4013 2304 4179 2374 pedes
4211 2299 4332 2372 ejus

2704 2419 2760 2464 et
2807 2423 2972 2463 crura
3031 2404 3284 2460 diabolus
3322 2413 3595 2458 nocturno
3624 2411 3870 2470 tempore
3887 2398 4094 2469 jacuit;
4145 2407 4226 2461 et,
4261 2409 4332 2451 ne

2708 2503 2813 2556 huc
2856 2500 3091 2568 iilucque
3147 2513 3207 2552 se
3267 2496 3423 2550 facile
3481 2502 3760 2558 verteret,
3815 2502 3946 2563 typo
3994 2487 4327 2561 phantastici

2708 2592 2966 2662 ponderis
3019 2590 3357 2661 aggravavit.
3415 2588 3549 2654 Quis
3617 2586 3898 2657 explicare
3954 2583 4136 2638 valeat
4189 2590 4327 2653 quot

2709 2684 3006 2738 frementes
3062 2681 3320 2734 \‘itiurutn
3383 2680 3591 2734 bestias
3660 2677 3924 2750 pertulit?
3983 2691 4149 2746 quam
4190 2689 4336 2746 sa‘po

2710 2783 3011 2844 pnaseiites
3067 2773 3284 2841 iniquos
3331 2773 3562 2842 spiritus
3600 2769 3909 2824 durissimis
3943 2757 4335 2838 increpationi-

2710 2867 2809 2920 bus
2839 2864 3136 2934 eﬂugavit?
3173 2864 3324 2919 Unde
3348 2865 3538 2934 etiam,
3566 2863 3613 2917 si
3655 2861 3885 2916 fratrum
3920 2861 4118 2930 aliquis
4157 2859 4330 2913 silen-

2713 2960 2772 3014 tii
2812 2970 3057 3029 tempore
3093 2957 3283 3012 cellam
3325 2941 3445 3027 ejus
3479 2939 3693 3025 quavis
3726 2955 4058 3010 necessitate
4085 2949 4331 3022 compul-

2711 3069 2805 3109 sus
2834 3055 3029 3116 adiret,
3055 3035 3242 3107 statim
3272 3034 3428 3104 miles
3459 3039 3668 3104 Christi
3701 3031 3928 3119 paratius
3959 3048 4028 3101 ad
4051 3047 4324 3116 prtelium,

2713 3143 2874 3201 solito
2902 3135 3076 3209 more,
3120 3144 3296 3213 ipsum
3329 3155 3450 3196 esse
3480 3142 3805 3195 existimans
3839 3138 4138 3204 diabolum,
4170 3135 4332 3192 claris

2583 3290 2605 3323 δ
2637 3256 2679 3314 C
2712 3237 2938 3300 vocibus
2967 3236 3306 3304 increpabat,
3356 3234 3544 3288 dicens
3572 3253 3583 3284 :
3615 3231 3734 3298 Quo
3788 3232 3966 3285 tendis
3997 3231 4178 3293 modo,
4216 3238 4332 3284 tur-

2717 3330 2938 3396 pissime
2954 3329 2976 3380 ?
2993 3327 3136 3394 Quid
3148 3325 3242 3379 tibi
3263 3325 3316 3378 in
3340 3339 3546 3388 eremo,
3570 3323 3635 3377 de
3657 3323 3799 3378 Caelo
3821 3321 4064 3389 drjecte?
4093 3320 4331 3387 Recede,

2713 3419 2866 3472 ranis
2894 3417 3171 3471 immunde
3189 3433 3202 3480 ;
3221 3429 3507 3480 evanesce,
3530 3414 3752 3468 eoluler
3780 3422 4085 3466 veternose.
4115 3411 4211 3465 llis
4237 3411 4336 3482 igi-

2716 3518 2804 3561 tur
2851 3519 2905 3563 et
2937 3506 3248 3577 bujusmodi
3279 3505 3458 3560 verbis
3489 3505 3805 3559 declarabat
3831 3519 3890 3557 se
3926 3518 4050 3556 cum
4079 3502 4334 3572 malignis

2717 3601 3004 3669 spiritibus
3033 3601 3086 3653 in
3127 3599 3245 3654 acie
3274 3597 3801 3666 semperassistcre,
3831 3604 3887 3650 et
3917 3594 4041 3648 fidei
4076 3609 4134 3648 se
4171 3592 4343 3647 armis

2717 3691 3024 3745 aecinctum
3066 3689 3493 3758 provocantibus
3522 3687 3772 3760 hostibus
3800 3687 3853 3740 in
3881 3701 4138 3755 campum
4167 3683 4343 3756 proti-

2718 3797 2819 3836 nus
2848 3781 3095 3835 obviare.

3327 3866 3559 3924 CAPUT
3593 3866 3728 3921 Vlll.

2759 3981 2936 4038 Unum
2957 3999 3122 4054 geuus
3153 3983 3272 4036 vita:
3295 3982 3582 4036 Rontualdi
3606 3999 3625 4048 ,°
3650 3992 3697 4035 et
3723 3982 3787 4034 de
3811 3980 4120 4049 ptenitentia
4155 3978 4304 4035 Petri

3164 4055 3339 4119 ducis,
3372 4064 3418 4107 et
3448 4055 3726 4123 prapltetia
3763 4054 3900 4121 ejus.

2793 4167 3034 4238 Contigit
3064 4176 3247 4222 autem
3287 4177 3347 4220 ut
3384 4166 3700 4235 aliquando,
3742 4165 3945 4220 librum
4000 4164 4067 4220 de
4109 4165 4218 4218 vita
4243 4162 4345 4220 Ρα-

2724 4273 2869 4318 trum
2926 4263 3134 4331 legens,
3185 4263 3236 4316 in
3293 4262 3443 4316 illum
3495 4262 3676 4318 locum
3733 4262 3998 4317 incideret
4035 4261 4203 4334 436
4253 4261 4344 4319 ubi

2725 4355 3040 4411 continetur
3061 4355 3207 4426 quod
3235 4354 3457 4425 quidam
3487 4354 3712 4418 fratres,
3743 4369 3841 4423 per
3863 4354 4180 4408 continuam
4211 4353 4344 4409 lteb-

2726 4448 3011 4503 domadam
3054 4445 3402 4517 singulariter
3425 4441 3738 4516 jejunantes
3764 4441 3936 4510 (200),
3975 4443 4346 4500 Sabbatorum

1095 4619 1244 4690 (196)
1274 4619 1472 4673 Felicia
1493 4638 1519 4672 a
1548 4620 1793 4690 Dandulo
1819 4633 1873 4675 et
1900 4640 1928 4676 a
1955 4621 2067 4675 fere
2094 4619 2346 4675 omnibus
2375 4621 2626 4673 nomina.
2659 4615 2708 4674 D
2735 4625 3207 4679 conversationem
3235 4622 3496 4677 Venetias
3534 4620 3718 4684 rediit,
3758 4629 3810 4690 et
3852 4618 4248 4673 monasterium
4282 4617 4342 4672 S.

1020 4702 1150 4756 tur;
1183 4708 1212 4744 a
1255 4693 1555 4762 Sansnvino
1605 4689 1854 4758 Felicita,
1904 4708 2026 4762 qua:
2073 4693 2124 4746 in
2175 4692 2398 4760 antiqua
2431 4692 2621 4744 altaris

1019 4761 1202 4816 tabula
1238 4763 1305 4814 ad
1339 4761 1395 4814 S.
1425 4761 1688 4815 Joannem
1742 4765 1808 4817 de
1859 4761 2084 4816 Judaica
2133 4762 2485 4816 Venetiarum
2531 4779 2624 4820 cu-

1018 4842 1314 4903 gnoincnto
1373 4830 1660 4903 Maripetra
1712 4835 2060 4894 inscribitur,
2115 4830 2268 4900 cujus
2320 4833 2618 4886 etiamnum

1019 4900 1360 4956 itobilissima
1407 4902 1563 4971 vulgo
1596 4901 1874 4971 Mah‘piero
1899 4904 2102 4957 familia
2135 4912 2336 4956 exstat.
2369 4903 2618 4957 Piissitna

1024 4973 1144 5045 tunc
1210 4972 1426 5045 femina
1469 4973 1612 5045 fuit,
1671 4989 1791 5042 qua:
1839 4976 2000 5028 unico
2065 4974 2212 5026 edito
2264 4975 2374 5028 tilio
2406 4975 2621 5045 (itetnpe

1023 5040 1188 5095 Petro
1246 5040 1467 5096 Urseolo
1516 5042 1556 5095 ll
1592 5040 1748 5114 duce)
1807 5061 1912 5098 una
1942 5061 2064 5098 eum
2116 5059 2316 5114 sponso
2352 5040 2622 5100 ea'szitatis

1025 5121 1300 5193 perpetua
1323 5125 1504 5193 votum
1542 5118 1694 5193 vovit.
1730 5119 1874 5180 Deo;
1908 5126 1982 5182 et,
2009 5117 2225 5168 calcatis
2256 5116 2406 5168 rebus
2430 5116 2621 5193 {unua-

1033 5185 1112 5234 uis
1132 5185 1331 5263 animo,
1367 5185 1652 5238 cwleslium
1679 5187 1932 5239 bonorum
1958 5197 2162 5263 tanturn
2184 5187 2624 5253 contemplatione

1064 5257 1266 5326 agisagis
1291 5269 1424 5326 esse,
1469 5268 1829 5325 potentemque
1873 5259 1924 5311 in
1952 5273 2103 5326 opere
2135 5257 2300 5324 [uiue
2328 5258 2624 5324 praedicant

1055 5321 1352 5386 iabellicus,
1376 5321 1751 5388 Jus'tinianus,
1771 5338 1877 5382 etc.

1105 5392 1152 5462 (1
1164 5392 1506 5473 tt'liloannes
1530 5412 1598 5473 ett
1619 5399 1995 5473 antiquissima
2019 5415 2170 5473 mque
2200 5416 2263 5454 ac
2291 5397 2623 5473 nobilissima

1034 5458 1334 5544 Gradonica
1371 5478 1528 5544 gente
1571 5469 1630 5521 D.
1658 5458 1842 5544 1)(ξῖνίΔ
1870 5458 2099 5544 υιοδευιί
2126 5487 2313 5544 ιιςνοεν
2373 5471 2461 5544 ςυί
2492 5486 2630 5544 Ψωῗ

947 5580 950 5582 η
1035 5545 1219 5611 quam,
1251 5537 1466 5611 sic_utet
1510 5541 1623 5608 ipse
1658 5537 1936 5607 Urseolus,
1969 5542 2132 5597 caedis
2169 5537 2316 5595 Petri
2365 5537 2630 5594 Candiani

1036 5604 1285 5657 Conscius
1317 5604 1510 5660 fuerat.

1075 5671 1254 5753 "(198)
1283 5675 1672 5753 llisaddeudus
1699 5679 1932 5753 Joannes
1953 5681 2304 5740 Maurocenus
2325 5680 2519 5751 aequali
2544 5695 2633 5753 noo

1035 5739 1244 5796 bi‘litate
1306 5747 1639 5823 pietateque_
1665 5752 1868 5812 socius,
1899 5756 1985 5807 'et
2029 5739 2248 5816 .Urseoli
2291 5739 2469 5823 gener
2494 5792 2508 5814 ,
2541 5749 2632 5821 qui

1035 5823 1158 5882 post
1213 5824 1459 5871 exactam
1501 5821 1555 5872 iu
1604 5820 1916 5878 Cuxanensi
1972 5826 2223 5880 ccenobio
2275 5820 2633 5879 tuonasucam

2729 4695 2948 4764 Georgii
2980 4693 3328 4748 Venetiarum
3355 4692 3628 4764 condidit,
3661 4689 3805 4764 quod
3853 4689 4349 4764 imprescntiartttn

2731 4759 2982 4819 monachi
3033 4767 3474 4834 congregationis
3517 4762 3574 4816 S.
3601 4759 3830 4815 Justinae
3870 4775 3963 4814 seu
4011 4759 4210 4814 Montis
4234 4759 4344 4814 Ca-

2729 4836 2834 4890 sini
2866 4836 3131 4890 incolunt.

2801 4906 2949 4976 (199)
3008 4905 3395 4962 Monasterium
3455 4917 3669 4976 nempe
3708 4900 3943 4976 Cuxani,
3973 4901 4060 4976 cui
4111 4907 4349 4976 pmerst

2727 4971 3005 5032 Guarinus
3032 4979 3226 5041 abbas,
3276 4978 3326 5028 in
3362 4971 3597 5031 dimcesi
3628 4971 3917 5042 Helenansi
3966 4973 4154 5040 situm,
4199 4973 4347 5042 quod

2732 5048 3032 5106 Datniattus
3060 5064 3223 5117 supra
3257 5048 3310 5099 in
3360 5045 3630 5099 ulterioris
3660 5041 3853 5117 Gallig
3880 5041 4347 5117 [iuibuslu‘catlm

2735 5118 2904 5172 fuisse
2929 5113 3152 5182 statuit;
3184 5133 3284 5170 nec
3311 5132 3619 5184 perperam,
3649 5131 3772 5168 nam
3796 5114 3877 5169 Cl.
3909 5113 3970 5168 V.
3997 5113 4350 5184 Mabillouius

2735 5189 2789 5242 in
2816 5187 3088 5243 Observat.
3117 5189 3186 5241 ad
3224 5183 3483 5242 Vituan.
3515 5186 3576 5238 Ρ.
3614 5185 3820 5239 Urseoli
3853 5202 3906 5240 u.
3939 5185 3992 5247 4,
4026 5183 4342 5240 adnotavit:

2734 5259 3050 5313 Cumuense
3106 5257 3162 5312 S.
3222 5257 3498 5311 Michaelis
3543 5257 3856 5316 caenobium,
3924 5271 4230 5325 quanquam
4289 5255 4349 5309 in

2735 5328 3060 5383 Catalaunia
3118 5331 3367 5398 positum,
3423 5330 3475 5380 in
3523 5326 3715 5380 Callia:
3744 5326 3938 5393 finibus
3982 5327 4089 5398 rite__
4116 5327 4347 5379 locaturus

2735 5409 2831 5463 est,
2854 5394 3280 5469 quandoquidem
3316 5399 3763 5452 Bnrchinoueusis
3787 5406 4027 5469 tractus,
4049 5394 4342 5469 Ceritania.

2737 5465 2932 5539 aliique
2955 5471 3023 5522 ad
3054 5465 3393 5524 Lubricatum
3421 5485 3630 5522 amnem
3661 5467 3967 5532 comitatus,
3999 5467 4116 5535 jam
4143 5465 4348 5536 pridem

2738 5539 2959 5594 Gallica
2988 5542 3176 5593 ditioni
3200 5549 3550 5593 accesserant.

2814 5611 2968 5682 (200)
3003 5610 3133 5665 Vide
3164 5609 3465 5665 Palladium
3491 5625 3543 5664 e.
3566 5609 3648 5670 94,
3669 5620 3722 5682 e_t
3753 5608 4032 5682 (ιαμ-106,
4059 5622 4181 5682 quae
4201 5604 4348 5682 jeju-

2740 5667 2904 5736 naiidi
2951 5667 3139 5736 severa
3177 5683 3518 5735 e0nsuetudo
3569 5668 3648 5735 ab
3685 5667 3836 5751 Reg;
3875 5677 3936 5732 S.
3965 5667 4271 5751 Antonii
4287 5667 4350 5740 2,

2739 5754 3021 5816 statuitur,
3065 5760 3119 5807 et
3148 5755 3216 5806 ab
3249 5751 3305 5804 S.
3345 5751 3645 5807 Athanasio
3693 5746 3747 5805 in
3774 5746 4058 5820 'Syntagm.
4087 5746 4350 5803 doctrina

2741 5825 2810 5878 ad
2848 5839 3055 5878 monac.
3083 5822 3430 5878 observatur.
