5652 6396
993 408 1099 465 965

2282 391 2440 451 VITA
2485 393 2545 451 S.
2588 396 2730 456 ιιοΜ
2742 396 2975 456 UALDI.

4233 395 4349 452 966

995 533 1162 587 batur
1199 535 1379 585 tamen
1411 537 1763 597 nequaquam
1792 521 2109 592 desperare,
2137 532 2486 590 nequaquam
2524 517 2609 574 vel
2637 523 2686 582 Α
2718 513 2998 580 nentibus,
3031 511 3180 571 solus
3229 525 3353 568 cum
3385 511 3504 568 solo
3551 520 3830 582 gestorum
3886 523 4114 564 suorum
4146 511 4350 566 εει-ἰιιιιι

993 627 1068 682 ab
1091 625 1206 696 ipsa
1245 620 1517 688 corporali
1551 616 1947 676 exercitatione
1970 624 2273 685 tepescere,
2304 614 2477 668 donec
2499 612 2615 681 ipse

994 717 1090 787 qui
1124 715 1458 771 voluntatem
1507 711 1658 767 dedit
1682 709 1888 764 tribuat
1913 707 2081 762 etiam
2123 705 2419 775 aliquando
2445 703 2616 758 facul—

997 817 1185 863 tatem.
1219 804 1620 860 Tantummodo
1642 800 1912 856 orationis
1965 800 2251 854 incensum
2308 797 2506 851 mentis
2531 797 2615 850 in-

996 897 1170 955 tcntio
1198 898 1253 953 ia
1295 897 1464 952 Deum
1491 893 1661 950 semel
1686 893 1794 949 fixa
1830 891 2128 956 custodiat,
2177 890 2323 959 quod
2364 888 2612 961 exterius

992 990 1222 1046 veniens
1251 988 1646 1061 c0gitationum
1692 1001 1827 1041 aura
1874 984 2180 1056 perturbat.
2213 982 2316 1040 Ubi
2350 983 2501 1038 enim
2529 991 2615 1038 est

998 1081 1236 1138 intentio
1270 1089 1444 1145 recta,
1473 1087 1667 1135 contra
1720 1077 2061 1134 voluntatem
2090 1075 2356 1148 cogitatio
2384 1075 2616 1131 veniens

996 1187 1108 1230 non
1129 1182 1217 1230 est
1238 1171 1472 1227 nimium
1497 1168 1867 1226 formidanda.-

1531 1281 1700 1356 ωε
1735 1279 1967 1337 CAPUT
2010 1279 2077 1334 Χ.

993 1375 1074 1433 Dc
1103 1375 1291 1432 comite
1318 1376 1408 1447 qui
1430 1390 1644 1429 vaccam
1682 1372 1968 1496 πυρώδεα
1996 1389 2114 1428 eam
2159 1371 2482 1428 comedenda
2514 1387 2606 1426 ne-

1666 1459 1818 1496 catus
1843 1461 1895 1496 88
1925 1483 1939 1496 .

1666 1459 1818 1498 catus
1843 1459 1939 1498 est.

1066 1538 1315 1608 Quodam
1370 1554 1503 1595 vero
1534 1546 1803 1609 tempore,
1834 1537 1964 1593 dum
1995 1537 2177 1594 adhuc
2222 1537 2278 1592 in
2311 1535 2500 1592 Gallia:
2545 1535 2611 1590 ﬂ-

993 1636 1157 1693 nibus
1183 1636 1333 1709 (209)
1384 1643 1718 1700 moraretur,
1771 1631 2099 1688 familiarem
2155 1629 2260 1686 sibi
2315 1629 2610 1700 quemdam

993 1726 1232 1784 habebat
1257 1727 1577 1799 agricolam,
1624 1725 1718 1796 qui
1771 1725 1873 1781 sibi
1903 1735 1956 1780 et
2009 1723 2267 1780 utensilia
2311 1724 2512 1794 quibus
2553 1723 2608 1778 in

991 1819 1130 1875 cella
1163 1835 1301 1890 opus
1331 1828 1416 1875 est
1447 1819 1741 1888 aliquando
1782 1816 2040 1882 faciebat,
2072 1825 2130 1870 et
2180 1817 2224 1870 si
2256 1817 2387 1886 quid
2415 1817 2465 1868 ci
2504 1831 2605 1885 op-

2720 621 2952 662 narrare
2979 604 3137 677 quasi
3169 619 3268 676 per
3295 604 3701 665 confessionem
3744 600 3936 670 C(Bpil.
3968 599 4068 656 Cui
4115 602 4205 655 vir
4255 618 4349 655 \c-

2719 699 3007 766 nerabilis,
3073 699 3162 754 his
3192 713 3314 768 quae
3353 696 3421 750 ab
3459 712 3525 751 eo
3573 693 3962 750 referebantur
4008 693 4234 760 auditis,
4268 710 4350 749 rc-

2720 791 2942 862 spondit
2975 789 3134 845 aliter
3159 804 3283 844 eum
3321 789 3523 843 salvari
3559 789 3787 842 minime
3841 800 4024 855 posse,
4061 785 4165 840 nisi
4198 802 4354 841 mna-

2719 880 2848 936 dum
2889 879 3208 950 relinquens
3244 879 3312 934 ad
3342 877 3741 934 monasterium
3773 875 4118 932 convolaret.
4150 875 4303 930 Comi
4325 891 4352 931 s

2719 983 2929 1042 autem,
2959 989 3085 1029 mox
3133 984 3318 1028 mente
3371 974 3647 1039 turbatus,
3672 972 3750 1027 ait
3792 972 3920 1042 quia
3973 972 4236 1026 videlicet
4265 972 4344 1026 sui

2716 1064 3029 1135 spirituales
3061 1063 3187 1130 viri,
3226 1064 3322 1134 qui
3375 1062 3493 1132 ejus
3525 1073 3649 1118 acta
3682 1071 4103 1132 cognoscerent,
4133 1076 4342 1131 nequa-

2717 1174 2881 1230 quam
2915 1159 2989 1214 ita
3016 1159 3284 1214 sentirent
3306 1172 3484 1229 neque
3515 1165 3625 1211 tam
3655 1155 4058 1212 intolerabilem
4094 1170 4208 1209 rem
4244 1154 4349 1209 s‘li

2718 1249 3015 1320 aliquando
3037 1251 3358 1305 suaderent.
3393 1247 3598 1303 Ascitis
3631 1247 3819 1322 itaque
3853 1245 4126 1317 episcopis
4158 1252 4215 1300 et
4248 1243 4349 1298 ab-

2717 1343 2947 1398 batibus
2972 1344 3063 1413 qui
3099 1358 3287 1405 secum
3313 1349 3603 1408 venerant,
3632 1340 3800 1411 coepit
3823 1340 3876 1393 in
3905 1355 4198 1394 commune
4222 1355 4350 1410 per-

2720 1435 2941 1505 quirere
2959 1433 3169 1507 [au]ita
3196 1450 3285 1490 res
3310 1434 3456 1490 sicut
3485 1433 3582 1488 Dei
3608 1449 3804 1489 servus
3831 1433 4136 1503 testabatur
4158 1447 4216 1488 se
4245 1433 4345 1486 ha-

2715 1527 2890 1584 beret.
2919 1527 2997 1582 Illi
3022 1535 3203 1582 autem
3239 1527 3299 1582 Β.
3331 1527 3620 1585 Romualdi
3653 1528 3984 1582 sententiam
4015 1542 4210 1582 omnes
4234 1543 4342 1580 una

2715 1637 2848 1678 voce
2888 1623 3240 1689 confirmant,
3272 1639 3332 1678 se
3394 1633 3578 1677 autem
3632 1623 3681 1676 id
3716 1622 3908 1676 comiti
3962 1630 4194 1676 catcnus
4239 1638 4348 1676 non

2715 1709 2940 1775 dixisse,
2989 1719 3200 1764 terrore
3236 1712 3601 1774 constrictos,
3627 1717 3916 1763 excusant.
3954 1706 4110 1762 Tunc
4134 1722 4346 1768 comes.

2716 1804 2950 1860 semotis
2999 1804 3279 1868 omnibus,
3335 1803 3440 1857 hoc
3488 1817 3615 1859 eum
3654 1802 3716 1856 B.
3768 1800 4076 1881 Romualdo
4129 1811 4350 1856 secreto

989 1885 1286 1982 portunum
1310 1919 1476 1976 esset,
1507 1885 1672 1965 ditior
1699 1909 1968 1964 charitate
2001 1923 2164 1978 quam
2190 1885 2375 1973 rebus,
2409 1907 2476 1962 de
2501 1923 2613 1962 suae
2643 1893 2691 1952 Β
2719 1885 2882 1952 Valde
2936 1897 3168 1952 consilio
3204 1911 3221 1966 1

2115 1925 2164 1960 m
2190 1885 2375 1973 rebus,
2409 1907 2476 1962 de
2501 1923 2613 1962 διιεε
2643 1893 2691 1952 Β
2719 1885 2882 1952 valde
2936 1897 3168 1952 consilio
3204 1896 3434 1967 pepigit,
3465 1905 3524 1949 ut
3555 1896 3622 1949 ad
3653 1895 3914 1949 Casinum
3948 1905 4190 1949 montem
4242 1897 4344 1950 sub

988 2005 1334 2076 paupertatis
1382 2004 1564 2074 inopia
1596 2002 1848 2058 hilariter
1877 2001 2246 2057 ministrabat.
2273 1999 2447 2069 Hujus
2479 2016 2610 2055 vac—

987 2109 1112 2151 cam
1171 2110 1356 2150 comes
1411 2095 1632 2164 quidam
1688 2092 1958 2164 superbus
2007 2101 2064 2146 et
2113 2092 2375 2158 tumidus,
2428 2093 2612 2146 missis

988 2186 1270 2254 parasitis,
1323 2188 1528 2255 impetu
1560 2184 1852 2239 barbarico
1904 2183 2107 2255 rapuit,
2139 2183 2368 2254 ejusque
2410 2199 2612 2238 carnes

986 2279 1282 2348 praeparari
1299 2279 1400 2334 sibi
1417 2279 1483 2332 ad
1509 2278 1796 2347 prandium
1819 2292 1944 2332 cum
1972 2291 2166 2346 magna
2192 2276 2332 2347 gula:
2348 2276 2612 2330 aviditate

986 2371 1268 2440 praecepit.
1321 2371 1463 2425 Ecce
1516 2377 1700 2423 autem
1759 2368 2001 2423 rusticus
2053 2366 2250 2423 cellam
2307 2366 2604 2422 Romualdi

985 2457 1223 2516 festinus
1271 2459 1609 2530 aggreditur,
1657 2458 1890 2530 jactura
1947 2473 2060 2513 suae
2112 2473 2302 2513 casum
2352 2457 2610 2513 clamosis

988 2552 1286 2610 ululatibus
1340 2542 1698 2617 vociferatur,
1750 2564 1903 2620 spem
1956 2564 2112 2603 suam
2147 2558 2202 2604 et
2252 2565 2365 2604 sua:
2415 2550 2610 2604 domus

987 2646 1229 2702 ablatam
1261 2660 1386 2701 esse
1430 2644 1805 2713 conqueritur.
1841 2642 2079 2697 Sanctus
2115 2643 2302 2711 itaque
2343 2641 2609 2697 Romual-

986 2739 1092 2794 dus
1121 2738 1190 2793 ad
1243 2737 1497 2794 eumdem
1547 2737 1806 2792 comitem
1861 2736 2085 2790 concito
2134 2737 2308 2803 gradu
2354 2733 2608 2788 nuntium

985 2827 1195 2901 dirigit,
1233 2837 1290 2884 et
1330 2838 1390 2884 ut
1429 2827 1658 2900 pauperi
1713 2826 1918 2883 animal
1966 2842 2128 2882 suum
2175 2825 2368 2881 reddat
2403 2826 2606 2881 humil-

980 2921 1119 2977 lima
1152 2919 1548 2990 supplicatione
1592 2919 1838 2990 deposcit
1881 2918 2054 2989 (210).
2100 2915 2266 2988 Cujus
2306 2931 2499 2988 preces
2525 2915 2608 2970 lu-

980 3011 1173 3069 bricus
1201 3026 1387 3068 comes
1419 3021 1678 3082 protervo
1727 3012 1923 3082 spiritu
1969 3010 2198 3081 respuit,
2231 3019 2288 3065 et
2315 3026 2480 3081 quem
2517 3026 2612 3066 sa-

981 3117 1178 3174 porem
1209 3117 1410 3159 crassae
1459 3116 1640 3157 vacca:
1675 3101 1845 3157 lumbi
1876 3100 2179 3176 potuissent
2219 3101 2446 3168 habere,
2481 3101 2606 3171 quia

980 3194 1105 3267 ipso
1143 3194 1230 3251 die
1261 3203 1407 3251 esset
1446 3204 1787 3266 gustaturus,
1823 3194 2079 3249 asseruit.
2119 3192 2463 3250 Adveniente
2514 3208 2609 3246 au-

2721 1999 2990 2061 praetequ
3053 1989 3323 2044 orationis
3366 1997 3644 2060 pergeret,
3701 1997 3754 2042 et
3803 1989 3853 2040 iu
3903 1988 4239 2042 monasterio
4288 1987 4346 2041 ὃ.

2718 2086 3229 2143 Benedicti-divino
3277 2100 3338 2141 se
3367 2085 3595 2142 servitio
3647 2084 4085 2140 irrevocabiliter
4131 2084 4347 2140 manci-

2716 2189 2890 2250 paret.

3316 2268 3549 2326 CAPUT
3593 2270 3708 2325 XII.

2959 2361 3036 2416 De
3064 2359 3250 2433 Sergio
3282 2361 3352 2416 ad
3376 2361 3636 2416 swculum
3677 2364 3864 2416 reverti
3897 2361 4119 2418 rolenle.

2784 2453 2998 2510 Interea
3028 2453 3259 2526 Sergius
3291 2464 3450 2526 pater
3495 2453 3791 2510 Romualdi
3826 2456 4132 2514 monachus
4169 2455 4343 2513 cilici-

2715 2554 2828 2613 tur,
2884 2547 2980 2602 sed
3033 2547 3317 2618 aliquanto
3371 2555 3516 2619 post,
3569 2547 3838 2602 suadente
3889 2547 4129 2613 diabolo,
4186 2549 4345 2604 facta:

2714 2643 3092 2698 conversionis
3116 2642 3420 2712 paenitens,
3454 2642 3508 2696 in
3542 2641 3845 2715 :Egyptum
3873 2644 4055 2697 redire
4087 2653 4343 2699 conatur.

2713 2735 2868 2803 Quod
2920 2736 3173 2806 protinus
3225 2735 3504 2800 monachi,
3567 2736 3807 2791 ρωποι)ἰί
3854 2736 4110 2792 videlicet
4157 2737 4339 2792 sancti

2715 2826 2904 2883 Severi
2931 2827 3106 2899 (215),
3132 2828 3278 2898 quod
3309 2844 3418 2882 non
3456 2827 3671 2899 longius
3696 2829 3764 2882 ab
3801 2829 3939 2883 urbe
3969 2827 4232 2883 Ravenna
4259 2835 4348 2883 est

2713 2918 2974 2989 positum,
3011 2920 3099 2974 ubi
3129 2934 3384 2989 corpore,
3409 2935 3518 2974 non
3561 2919 3729 2975 corde
3767 2918 3999 2990 Sergius
4026 2918 4340 2983 habitabat,

2713 3009 2775 3062 Β.
2808 3008 3115 3065 Romualdo
3147 3011 3394 3078 indicare
3423 3027 3523 3081 per
3555 3011 3809 3066 nuntium
3837 3005 4201 3066 studuerunt.
4224 3008 4340 3065 Ilac

2716 3100 2806 3154 ille
2855 3101 3080 3158 sinistra
3133 3101 3404 3156 relatione
3454 3102 3744 3171 perculsus
3799 3101 4176 3157 necessarium
4220 3116 4340 3157 esse

2716 3192 2960 3247 decrevit
2991 3201 3050 3248 ut
3085 3191 3364 3248 Guarinus
3397 3193 3568 3247 abbas
3599 3202 3653 3247 et
3681 3191 3923 3247 Joannes
3953 3191 4344 3248 Grandenicus

984 3297 1102 3346 tem
1150 3288 1286 3345 hora
1323 3289 1560 3360 prandii,
1611 3289 1860 3360 apposita
1908 3301 2123 3350 mensa.
2170 3302 2355 3343 vaccae
2403 3303 2602 3343 carnes
2635 3255 2681 3317 (ἶ
2715 3302 2820 3340 una
2858 3301 2985 3341 cum
3047 3287 3250 3342 comite
3305 3285 3373 3340 ad
3431 3285 3551 3355 ejus
3609 3287 4090 3342 conversationem
4147 3301 4341 3359 perge-

980 3376 1164 3434 ευριπ
1193 3386 1342 3443 sunt,
1367 3386 1444 3443 et,
1478 3376 1677 3432 divinae
1713 3376 1940 3432 ultionis
1975 3375 2092 3447 jam
2122 3374 2445 3431 imminente
2473 3390 2601 3430 sen-

985 3470 1183 3538 tentia,
1209 3470 1266 3525 in
1291 3470 1410 3542 ipso
1432 3464 1836 3526 edendi'iuitio
1886 3483 2077 3526 comes
2121 3468 2357 3524 frustum
2415 3469 2599 3524 bovini

981 3563 1133 3620 renis
1165 3561 1317 3636 (2H)
1370 3563 1719 3628 abscindens,
1774 3562 1877 3617 sibi
1934 3561 1989 3616 in
2019 3577 2081 3618 os
2130 3561 2300 3617 misit.
2331 3559 2487 3628 Quod
2517 3577 2601 3616 re-

981 3665 1150 3729 pente
1171 3657 1238 3712 in'
1256 3656 1402 3712 illius
1428 3665 1647 3727 gutture
1681 3667 1790 3710 tam
1825 3655 2181 3710 immobili-ter
2210 3656 2386 3722 liresit,
2417 3664 2476 3710 nt
2501 3671 2601 3712 nec

981 3750 1056 3805 ad
1103 3748 1369 3805 interiora
1422 3747 1760 3803 descendere
1799 3762 1900 3802 nec
1931 3746 2082 3801 foras
2121 3745 2247 3815 ejici
2283 3745 2408 3801 ullis
2436 3761 2602 3802 cona-

981 3840 1128 3896 tibus
1168 3839 1461 3910 potuisset.
1499 3837 1700 3909 Sicque
1750 3839 1895 3892 inter
1926 3852 2151 3892 suorum
2204 3852 2403 3893 manus
2431 3838 2600 3892 intcr-

983 3930 1142 3988 cluso
1169 3931 1489 4002 spiraminis
1537 3931 1690 3985 aditu
1741 3929 1974 3985 terribili
2023 3938 2201 3985 morte
2230 3940 2461 3986 necatus
2491 3941 2595 3998 est,

976 4031 1040 4080 et
1060 4025 1204 4079 unde
1232 4031 1423 4079 contra
1473 4021 1569 4077 Dei
1603 4037 1824 4078 serva
1878 4022 2383 4092 wncupiscentiam
2413 4024 2598 4090 carnis

973 4117 1202 4189 explere
1261 4120 1332 4175 ad
1398 4119 1754 4175 saturitatem
1808 4118 2006 4183 voluit,
2035 4119 2160 4173 inde
2198 4119 2349 4188 justo
2383 4117 2476 4175 Dei
2509 4119 2598 4192 ju-

975 4207 1125 4265 dicio
1144 4209 1423 4265 carnalem
1452 4210 1622 4264 vitam
1655 4208 2071 4280 adhucjejunus
2099 4209 2302 4265 amisit.

1601 4303 1834 4360 CAPUT
1875 4304 1969 4362 XI.

1215 4395 1294 4451 De
1325 4395 1555 4449 Olibano
1583 4397 1972 4451 conversionem
2001 4400 2355 4468 promittente.

1051 4482 1204 4540 Alius
1246 4485 1469 4555 quidam
1512 4501 1700 4542 comes
1732 4487 1908 4557 (2η),
1958 4488 2223 4546 Olibanus
2261 4491 2504 4558 nomine,
2537 4492 2590 4547 in

976 4575 1188 4632 eisdem
1217 4575 1518 4632 Galliarum
1547 4578 1800 4648 partibus
1829 4589 1970 4643 erat,
2000 4582 2101 4636 sub
2125 4583 2280 4651 cujus
2321 4583 2443 4652 jure
2474 4601 2590 4638 mo-

976 4670 1280 4726 nasterium
1329 4687 1546 4742 quoque
1588 4674 1837 4744 praedicti
1878 4673 2109 4729 Guariui
2145 4677 2361 4732 abbatis
2413 4677 2594 4733 fuerat

972 4762 1244 4834 positum.
1289 4762 1393 4830 Qui
1426 4762 1647 4818 sublimi
1688 4764 1908 4834 quidem
1938 4763 2177 4832 culmine
2216 4777 2451 4823 terrena:
2497 4785 2594 4839 po-

973 4856 1193 4911 testatis
1223 4864 1467 4923 erectus,
1502 4855 1599 4912 sed
1643 4855 1810 4928 439
1859 4858 2046 4914 multis
2092 4867 2212 4913 erat
2238 4871 2590 4929 peccatorum

972 4947 1213 5004 molibus
1238 4958 1587 5020 aggravatus.
1619 4946 1719 5003 Hic
1741 4949 2038 5018 aliquando
2067 4948 2435 5005 Itomualdum
2466 4967 2591 5022 gra-

972 5039 1050 5094 tia
1077 5039 1404 5095 visitationis
1433 5040 1586 5107 adiit,
1634 5048 1712 5108 et,
1743 5036 1960 5095 ceteris
2001 5051 2160 5096 extra
2191 5041 2446 5097 cellulam
2472 5059 2588 5099 ma-

1071 5298 1301 5381 Ξίολη.
1349 5310 1714 5381 Hieronymus
1745 5298 1799 5364 θ’
1826 5308 2001 5379 Praga
2051 5313 2350 5367 sanctitate
2389 5325 2445 5367 et
2487 5315 2586 5369 do-

968 5379 1152 5463 ctrina
1185 5379 1874 5463 illasﬂtrisCaniaIdplensis
1921 5391 2130 5463 asceta,
2164 5383 2256 5463 qui
2291 5384 2492 5463 sarcqu
2517 5401 2586 5439 xv

966 5449 1176 5513 ﬂoruit,
1213 5451 1265 5505 in
1294 5450 1354 5505 S.
1399 5450 1686 5505 Romttaldi
1721 5450 1837 5505 Vita
1870 5452 2024 5504 addit
2062 5449 2368 5509 minitatum
2417 5454 2587 5511 fuisse

969 5520 1337 5592 Romualdum
1365 5523 1552 5577 comiti
1575 5521 1841 5586 divinam,
1870 5539 1990 5591 qua:
2015 5525 2361 5592 postmodum
2395 5540 2583 5582 secuta

967 5600 1083 5654 est,
1110 5591 1386 5647 ultionem.

1049 5661 1200 5736 (2H)
1259 5663 1340 5717 Ab
1392 5662 1726 5736 Hieronymo
1794 5663 2306 5736 eodem__scribitur
2353 5665 2585 5736 frustum

966 5733 1204 5786 eaet-im:
1251 5735 1445 5788 carnis.
1479 5733 1671 5788 Petrus
1713 5748 1843 5787 vero
1891 5737 1956 5788 de
2000 5733 2284 5792 Natalibus
2337 5733 2584 5794 absolute

968 5802 1053 5856 ait
1077 5817 1177 5875 τρε
1211 5803 1384 5857 subito
1408 5808 1462 5858 in
1495 5814 1705 5873 gutture
1743 5807 1971 5875 raptoris
2009 5810 2470 5874 trunsuertilur,“
2495 5809 2583 5862 ille

969 5872 1227 5929 continuo
1253 5872 1566 5945 uincatur.

1035 5265 1040 5268 -
1070 5237 1176 5308 209
1235 5238 1294 5294 in
1325 5239 1617 5296 solitudine
1653 5252 1849 5310 nempe
1873 5239 2215 5295 Cuxanensis
2253 5241 2510 5298 ccenobii.

1048 5235 1301 5390 istoin
1349 5310 1717 5390 Iiier0iiyiniis
1745 5325 1775 5364 e
1826 5308 2001 5390 Praga
2051 5313 2350 5390 sanctitate
2389 5325 2451 5390 et_
2487 5315 2510 5368 d

2622 4621 2670 4680 D

2682 5741 2840 5794 .Iianc
2882 5740 3023 5793 diem

2710 3387 2852 3444 rent,
2882 3379 2998 3450 ipse
3027 3394 3157 3435 vero
3189 3380 3439 3451 pereunti
3473 3379 3615 3450 patri
3640 3380 3972 3451 quantocius
3995 3380 4338 3437 subveniret.

2705 3469 2902 3525 Petrus
2955 3479 3140 3525 autem
3188 3470 3299 3524 dux
3356 3479 3669 3525 extremum
3716 3468 3833 3539 jam
3880 3471 4026 3524 diem
4089 3469 4332 3526 feliciter

2706 3561 3001 3617 clauserat.
3031 3560 3127 3616 His
3159 3561 3344 3632 itaque
3359 3555 3583 3616 duobus
3619 3556 3879 3616 comitem
3916 3561 3969 3616 in
3997 3576 4190 3617 eorum
4224 3562 4335 3618 fide

2706 3652 3007 3718 commisit,
3041 3651 3261 3722 utrique
3287 3651 3535 3722 quidem,
3571 3651 3668 3705 sed
3692 3649 3888 3705 Joanni
3913 3653 4209 3722 praecipue,
4242 3653 4337 3724 qui

2704 3742 2752 3796 ei
2790 3742 3046 3797 subditus
3099 3751 3243 3807 erat,
3279 3756 3376 3811 per
3403 3742 3779 3796 obedientiam
3812 3742 4134 3812 specialiter
4163 3761 4328 3800 man-

2703 3837 2841 3891 dans
2881 3845 2962 3902 ut,
2995 3835 3212 3891 etiamsi
3243 3835 3525 3892 Guarinus
3575 3835 3922 3904 abscederet,
3951 3837 4070 3908 ipse
4109 3853 4170 3894 se
4196 3854 4335 3895 nun-

2702 3942 2868 3998 quam
2898 3942 2930 3981 a
2961 3927 3166 3983 comite
3193 3937 3502 4000 separaret.

3313 4043 3549 4100 CAPUT
3582 4045 3722 4102 XIII.

2699 4134 2780 4190 De
2805 4135 3095 4207 prudentia
3141 4136 3451 4203 Romualdi,
3503 4148 3551 4194 ct
3584 4139 3765 4195 labore
3807 4139 4039 4209 itineris,
4088 4151 4139 4197 ct
4167 4143 4331 4200 disci-

3275 4209 3423 4278 plina
3453 4213 3510 4264 in
3537 4223 3767 4281 patrem.

2766 4301 3072 4357 Audientes
3098 4309 3283 4357 autem
3331 4301 3476 4357 illius
3528 4304 3772 4372 regionis
3814 4304 4006 4360 incolae
4059 4307 4186 4378 quia
4217 4306 4333 4366 Ro-

2697 4394 2952 4451 mualdus
3016 4396 3171 4452 abire
3222 4397 3564 4468 disponeret,
3605 4400 3775 4454 nimio
3831 4416 4070 4456 maerore
4121 4403 4327 4459 turbati

2697 4499 2844 4555 sunt,
2877 4499 2954 4556 et,
2980 4499 3280 4548 tractantes
3327 4491 3472 4546 intra
3523 4507 3584 4548 se
3623 4492 3860 4562 qualiter
3910 4494 3978 4548 ab
4026 4495 4130 4549 hac
4175 4495 4325 4550 illum

2698 4580 2997 4636 intentione
3033 4582 3416 4650 reprimerent,
3446 4582 3552 4638 hoc
3587 4582 3694 4638 illis
3724 4586 3941 4639 tandem
3974 4583 4324 4654 potissimum

2699 4671 2878 4726 visum
2904 4682 2986 4726 est
3017 4680 3076 4725 ut
3118 4688 3241 4728 eum
3272 4673 3458 4729 missis
3504 4673 3955 4731 interfectoribus
4007 4677 4170 4746 impia
4204 4679 4311 4748 pie-

2701 4773 2814 4819 tate
2852 4764 3211 4833 perimcrent,
3252 4775 3547 4836 quatenus,
3573 4768 3699 4839 quia
3746 4784 3870 4824 eum
3914 4785 4020 4823 nun
4069 4780 4325 4839 poterant

2699 4856 2938 4911 retinere
2991 4856 3290 4923 viventem,
3342 4857 3614 4912 haberent
3665 4875 3763 4929 pro
3809 4860 4117 4929 patrocinio
4163 4870 4323 4915 terra:

2699 4949 2786 5003 vel
2837 4948 3004 5021 αθ
3043 4951 3283 5004 cadaver
3322 4952 3596 5006 exanime.
3635 4951 3732 5007 His
3775 4968 3909 5008 vero
3949 4955 4184 5024 cognitis
4215 4953 4325 5008 Ro-

2698 5043 2949 5100 mualdus
2981 5052 3143 5114 caput
3193 5060 3353 5100 suum
3405 5045 3647 5116 undique
3679 5045 4006 5114 decalvavit,
4042 5057 4120 5115 et,
4159 5048 4324 5118 hujus

2772 5241 2924 5313 (ili)
2963 5240 3179 5298 Urscoli
3223 5243 3590 5297 encomiasles
3639 5257 3805 5312 penes
3851 5240 4227 5298 Mabillonium
4264 5262 4320 5298 n.

2699 5313 2765 5369 18
2791 5316 2981 5384 patria:
3017 5315 3315 5377 dominum,
3387 5323 3441 5366 et
3488 5331 3542 5367 n.
3581 5315 3668 5378 l9,
3699 5314 3886 5366 ducem
3939 5313 4083 5368 illius
4111 5318 4322 5381 prosin-

2697 5386 2792 5438 cia:
2848 5394 3005 5439 vocat
3055 5385 3196 5438 hunc
3246 5385 3534 5439 Olibanum
3597 5385 3894 5449 comitem,
3947 5386 4038 5454 qui
4085 5384 4318 5440 Galliam

2700 5455 3134 5519 Narbonensem,
3186 5471 3382 5524 nempe
3429 5456 3833 5520 (Iatrlauniam,
3883 5455 3972 5510 ubi
4031 5455 4318 5511 Cuxanum

2697 5527 2862 5580 situm
2889 5538 2994 5588 est,
3029 5542 3129 5580 suo
3157 5528 3258 5580 sub
3283 5525 3408 5593 jurc
3442 5527 3684 5580 tenebat.

2771 5597 2923 5665 (illi)
2985 5596 3177 5650 Nobile
3232 5598 3360 5650 olim
3421 5597 3522 5651 fuit
3581 5597 3725 5650 inter
3790 5596 4033 5654 Classem
4097 5609 4151 5653 et
4213 5599 4321 5651 Ila-

2698 5684 2932 5723 vennam
2987 5683 3282 5740 assurgens
3329 5667 3388 5722 S.
3441 5668 3629 5740 Severi
3679 5671 4014 5734 coenobium,
4047 5670 4204 5738 cujus
4250 5672 4316 5722 ad

3075 5738 3389 5810 perseverat
3437 5738 3694 5801 ecrlesia,
3751 5740 3816 5792 de
3865 5757 3969 5810 qua
4027 5740 4143 5795 fuse
4183 5741 4315 5794 For-

2699 5810 2884 5862 tunius
2934 5807 3088 5864 Hist.
3131 5809 3403 5875 Camald.,
3450 5819 3593 5880 part.
3645 5826 3706 5875 ll,
3752 5810 3845 5865 lib.
3883 5807 3927 5876 ἰ,
3956 5822 4010 5867 et
4037 5812 4316 5866 Classcusi

2697 5880 2848 5936 unita
2876 5889 2978 5936 est.
