5652 6414
120 1894 173 1939 «ἓξ

2212 420 2315 477 975
2708 416 2769 472 S.
2811 414 3015 473 PETRI
3048 412 3330 471 DAIIANI
3370 411 3523 470 OPP.
3550 411 3736 469 PARS
3759 410 3893 470 SE'J
3934 410 4169 470 TOIUS
4199 413 4259 468 ll.
4284 442 4353 455 -
4387 412 4809 471 SANCTORUI
4844 413 5043 473 ΥΙΪΕ.
5358 418 5461 483 θη

2211 532 2447 603 qualiter
2466 538 2648 601 posset
2674 529 2985 598 iniquorum
3016 526 3302 598 spirituum
3354 522 3793 585 infestationibus
3822 533 3868 589 Α
3896 538 3988 578 sus
4015 530 4098 578 est
4125 523 4428 594 relinquere
4452 523 4725 579 mulum.
4779 523 4882 590 Qui
4926 539 5049 581 mox
5079 539 5111 581 a
5142 541 5272 597 rege
5308 526 5465 585 licet»

2215 635 2538 693 repugnare,
2595 627 2650 672 et
2692 618 2766 672 ita
2825 618 3204 673 confirmatum
3256 622 3310 671 et
3362 615 3683 670 instructum
3739 614 3793 668 in

2216 710 2378 766 multa
2411 722 2533 762 eum
2556 706 2840 763 alacritate
2869 705 3108 775 reliquit.
3147 702 3240 760 Ille
3272 704 3458 777 igitur,
3484 703 3658 760 sancti
3690 702 3791 758 viri

2214 804 2531 855 documenta
2577 800 2879 868 ‘gratanter
2926 795 3278 866 amplectens,
3331 794 3583 850 abbatem
3635 802 3792 848 suum

2212 892 2457 963 protinus
2486 890 2639 957 adiit,
2669 904 2993 945 consensum
3046 887 3273 957 accepit,
3322 895 3377 940 et
3423 886 3491 941 ad
3542 885 3794 941 dilectam

2210 980 2560 1035 solitudinem
2581 979 2907 1049 quantocius
2936 974 3217 1031 remeavit.
3257 973 3451 1028 Volens
3493 981 3677 1027 autem
3737 973 3791 1028 in

2211 1070 2557 1141 possessione
2602 1068 2684 1123 sui
2740 1064 3054 1122 monasterii
3108 1063 3353 1119 habitare
3378 1102 3394 1128 ,
3444 1062 3689 1118 ascendit
3738 1062 3793 1118 in

2209 1161 2478 1231 quoddam
2503 1173 2695 1215 saxum
2733 1156 2898 1212 nullis
2920 1153 3205 1210 hominum
3247 1153 3493 1224 vestigiis
3520 1152 3791 1224 pervium,

2207 1259 2260 1305 et
2284 1250 2352 1305 ab
2378 1249 2613 1305 humana
2642 1246 2858 1317 penitus
2899 1243 3317 1300 conversatione
3362 1250 3656 1307 remotum,
3691 1241 3793 1296 ibi-

2206 1355 2311 1411 que
2339 1352 2437 1411 per
2465 1347 2699 1393 quatuor
2727 1350 2898 1390 annos
2923 1333 3074 1390 omni
3132 1333 3372 1388 humano
3404 1330 3604 1387 solatio
3631 1330 3795 1385 desti—

2208 1437 2387 1494 tutus.
2415 1423 3062 1498 Singulariter‘habitans,
3112 1421 3354 1491 exceptis
3384 1420 3558 1475 tribus
3583 1418 3797 1474 buccel-

2209 1517 2275 1571 lis
2302 1531 2440 1586 quas
2468 1516 2535 1571 de
2563 1512 2892 1571 monasterio
2905 1527 3095 1569 secum
3120 1510 3408 1576 detulerat,
3466 1525 3573 1565 non
3600 1524 3794 1579 panem

2209 1606 2442 1661 comedit
2471 1645 2487 1670 ,
2535 1618 2642 1659 nou
2687 1603 2872 1657 vinum
2920 1601 3093 1666 bibit,
3148 1616 3255 1655 non
3320 1610 3534 1655 coctum
3592 1599 3795 1669 aliquid

2208 1693 2430 1748 omnino
2455 1690 2721 1761 gustavit,
2748 1689 2843 1745 sed
2869 1688 2998 1744 solis
3033 1687 3288 1742 arborum
3332 1687 3509 1756 pomis
3570 1695 3625 1740 et
3673 1687 3796 1740 lter-

2207 1786 2397 1838 barum
2449 1779 2722 1835 radicibus
2772 1780 2927 1833 vixit.
2973 1778 3103 1833 Erat
3147 1787 3326 1832 autem
3359 1779 3413 1832 in
3447 1778 3633 1832 eodem
3664 1790 3799 1830 saxo

3901 614 4029 683 tiam
4058 623 4336 682 expetens,
4370 629 4476 669 non
4527 614 4687 669 modo
4732 614 4945 670 facilem
4990 618 5210 688 reperit,
5260 619 5356 675 sed
5391 621 5467 673 ni-

3900 704 4065 759 mium
4094 702 4257 758 etiam
4289 704 4523 759 alacrem
4552 702 4701 760 fecit.
4734 702 4865 759 Erat
4892 706 5035 759 enim
5061 706 5351 777 praedictus
5374 710 5478 761 im-.

3897 804 4118 865 perator
4147 795 4447 851 monastico
4475 794 4652 849 ordini
4684 794 4835 851 valde
4882 794 5194 863 benevolus,
5220 806 5277 853 et
5307 798 5464 853 nimia

3872 878 4041 943 'circa
4072 886 4163 942 Dei
4202 885 4435 943 famulos
4459 884 4743 943 allectione
4772 889 5013 944 devotus.

3967 977 4083 1047 ipse
4103 988 4280 1032 autem
4308 994 4425 1044 rex,
4455 994 4523 1035 ex
4544 978 4734 1035 eodem
4764 978 4995 1035 crimine
5019 980 5178 1035 beato
5206 981 5325 1037 viro
5343 997 5469 1037 eon-

3897 1065 4095 1134 fessus,
4121 1068 4457 1137 paenitentia:
4497 1083 4662 1125 causa
4684 1069 4842 1125 nudis
4878 1070 5101 1141 pedibus
5128 1072 5195 1127 de
5230 1070 5469 1126 Romana

3897 1159 4032 1212 urbe
4094 1159 4469 1230 progrediens,
4512 1159 4593 1215 sic
4639 1174 4806 1230 usque
4850 1159 4905 1213 in
4947 1157 5257 1230 Garganum
5321 1162 5469 1231 (255)

3899 1258 4135 1303 montem
4167 1251 4233 1303 ad
4274 1248 4333 1305 8.
4364 1248 4639 1306 licbaelis
4661 1250 4903 1322 perrexit
4925 1251 5227 1307 ecclesiam.
5262 1251 5367 1308 Per
5396 1264 5472 1308 to-

3899 1346 4006 1393 tam
4035 1339 4197 1394 etiam
4228 1339 4707 1413 Quadragesimam
4736 1343 4790 1397 in
4829 1341 5096 1399 Classensi
5142 1348 5472 1401 monasterio

3898 1426 3956 1481 Β.
4006 1429 4351 1499 Apollinaris,
4395 1433 4580 1501 paucis
4631 1431 4732 1488 sibi
4783 1432 5200 1498 adbarentibus,
5252 1437 5470 1490 mansit.

3900 1519 3998 1575 Ubi
4022 1519 4230 1590 jejunio
4250 1532 4304 1576 et
4328 1522 4661 1591 psalmodiar,
4689 1532 4851 1591 prout
4875 1524 5107 1588 valebat.
5130 1525 5475 1591 intentami-

3897 1609 4019 1666 lit'io
4046 1612 4112 1665 ad
4133 1628 4354 1667 carnem
4376 1611 4617 1675 indutus,
4647 1622 4836 1671 aurata
4863 1615 4895 1668 ti
4919 1629 5095 1684 super
5118 1630 5356 1686 purpura
5400 1627 5474 1671 te-

3899 1700 4144 1772 gebatur.
4188 1702 4351 1758 Lecto
4376 1704 4536 1758 etiam
4556 1701 4884 1774 fulgentibus
4921 1704 5099 1770 palliis
5123 1715 5320 1769 strato,
5362 1706 5476 1775 ipse

3900 1793 3954 1846 in
3982 1804 4156 1848 storca
4188 1794 4251 1847 de
4285 1793 4511 1863 papiriis
4540 1792 4785 1848 confecta
4817 1804 5000 1850 tenera
5028 1794 5243 1850 delicati
5286 1810 5475 1865 carpo

2205 1873 2453 1945 quaedam
2485 1871 2816 1937 concavitas,
2844 1868 2935 1924 ubi
2965 1868 3319 1938 colligebatur
3347 1882 3487 1937 aqua
3514 1868 3791 1955 ingbieme.
3824 1875 3870 1935 Β
3900 1886 3975 1938 τί,
4012 1886 4256 1938 meum”
4300 1886 4437 1939 ιρηι

3244 1881 3319 1923 iur
3347 1882 3487 1937 εφη
3514 1868 3791 1955 ίηᾷὺίοπιθο
3824 1875 3870 1935 Β
3900 1886 3975 1938 ris
4012 1886 4256 1938 membra
4300 1886 4529 1939 terebat.
4561 1884 4815 1939 Promisit
4847 1886 5026 1955 itaque
5055 1886 5114 1940 Β.
5169 1886 5476 1943 Romualdo

2208 1980 2277 2017 t-x
2340 1977 2449 2032 qua
2476 1961 2559 2015 vir
2604 1968 2830 2016 sanctus
2870 1968 2976 2013 tota
3026 1957 3245 2011 bibebat
3290 1964 3500 2009 aestate.
3552 1953 3789 2007 Tandem

2212 2070 2344 2109 vero
2372 2052 2591 2124 cognito
2622 2051 2766 2120 quod
2801 2049 2874 2103 ibi
2919 2062 3110 2104 servus
3157 2046 3251 2101 Dei
3303 2053 3628 2107 moraretur,
3681 2058 3793 2097 cae-

3896 1974 4058 2043 quoil,
4090 1974 4375 2042 imperium
4409 1973 4740 2044 relinquens,
4774 1975 5153 2031 monachicum
5176 1978 5476 2048 susciperet

3898 2065 4139 2119 habitum
4168 2080 4181 2129 ;
4211 2074 4288 2129 ct,
4342 2064 4428 2118 cui
4474 2064 4740 2120 innumeri
4781 2064 5035 2121 mortales
5058 2075 5214 2121 erant
5232 2067 5477 2131 obnoxii,

2209 2155 2405 2218 perunt
2450 2146 2517 2201 ad
2539 2159 2663 2200 eum
2692 2142 2846 2197 multi
2897 2140 3193 2206 conﬂuere,
3240 2139 3488 2193 ciborum
3535 2138 3790 2190 alimenta
3889 2154 4003 2224 iam
4050 2156 4165 2226 ipse
4209 2145 4535 2226 ρέιῳετωιο
4571 2154 4845 2226 ,ubjecm’
4878 2158 5045 2228 cap“
5091 2171 5214 2214 ω
5261 2158 5478 2215 deum,

2208 2237 2444 2303 deferre,
2476 2246 2528 2291 et
2555 2249 2781 2305 quasque
2805 2233 2905 2289 sibi
2933 2233 3091 2303 quasi
3122 2231 3430 2287 necessaria
3453 2228 3790 2283 ministrare.

2210 2330 2451 2397 Quorum
2478 2328 2566 2384 ille
2608 2327 2808 2382 nullius
2842 2326 3113 2396 indigens,
3145 2333 3337 2379 cuncta
3363 2320 3673 2393 pastoribus
3703 2334 3796 2389 pe-

2214 2436 2403 2476 corum
2459 2427 2515 2474 ct
2553 2418 2674 2473 aliis
2714 2416 3080 2487 indigentibus
3123 2414 3432 2471 exhibebat.
3462 2413 3797 2467 Exhortante

2212 2524 2393 2569 autem
2433 2512 2535 2567 loci
2570 2512 2822 2582 episcopo
2848 2549 2863 2573 ,
2920 2509 3204 2564 basilicam
3254 2507 3358 2561 sibi
3409 2506 3527 2560 ﬁeri
3575 2514 3630 2558 ct
3670 2519 3798 2557 cozt-

2212 2605 2419 2659 scerari
2460 2604 2725 2674 permisit.
2779 2602 2836 2656 ltt
2883 2616 2988 2671 qua
3039 2601 3153 2669 ipse
3202 2598 3481 2667 aliquanto
3531 2604 3652 2664 post
3705 2596 3788 2647 de-

2208 2694 2426 2748 functus
2453 2700 2555 2757 est,
2590 2700 2646 2747 et
2672 2707 2703 2746 a
2737 2691 3056 2760 quibusdam
3086 2704 3145 2744 se
3190 2687 3563 2759 querentibus
3607 2686 3794 2738 inven-

2212 2794 2302 2838 tus
2344 2790 2427 2838 est
2474 2780 2694 2836 acclivis
2744 2787 2871 2835 ante
2901 2779 3089 2843 altare,
3128 2779 3281 2848 quasi
3324 2792 3486 2831 causa
3534 2776 3796 2830 orationis

2218 2875 2272 2928 itt
2305 2873 2504 2927 cubitis
2528 2880 2585 2926 et
2623 2871 2852 2941 genibus
2871 2871 3081 2940 jaccns.
3132 2868 3234 2924 Ubi
3264 2867 3522 2923 nonnulla
3558 2882 3652 2935 per
3676 2881 3797 2919 eum

2211 2961 2472 3017 Dominus
2532 2961 2916 3015 miraculorum
2956 2961 3110 3029 signa
3150 2959 3368 3029 operari
3401 2958 3653 3028 dignatus
3698 2967 3797 3009 est.

2210 3056 2303 3111 Sic
2333 3056 2585 3123 denique,
2617 3056 2696 3109 sic
2724 3055 2864 3108 bona
2895 3063 3040 3107 terra
3069 3053 3264 3107 uberes
3307 3049 3515 3105 fructus
3549 3047 3799 3109 reddidit,

2211 3162 2332 3217 qua:
2370 3145 2523 3200 verbi
2569 3159 2754 3200 semen
2796 3158 2867 3199 ex
2913 3156 3009 3199 ore
3055 3141 3341 3197 [tomualdi
3386 3138 3797 3209 multiplicatum

2212 3236 2472 3307 suscepit.

2668 3323 2836 3397 με
2886 3322 3113 3379 CAPUT
3162 3321 3329 3377 xxv.

2431 3438 2511 3493 De
2553 3435 2791 3503 Tentata,
2831 3445 2879 3491 et
2905 3436 3151 3507 religione
3190 3435 3323 3506 regis
3357 3434 3581 3489 Orionis.

2290 3547 2444 3617 Apud
2475 3547 2787 3617 praedictam
2815 3560 3029 3615 quoque
3060 3536 3334 3599 civitatem
3363 3544 3634 3599 convertit
3674 3542 3801 3595 bea-

2221 3641 2460 3695 tissimus
2488 3640 2571 3692 vir
2598 3635 2968 3707 (Romualdtts)
2998 3636 3281 3690 Tammum
3315 3634 3465 3706 (252)
3515 3634 3801 3703 quemdam

2222 3731 2598 3796 'i‘enlonicttm,
2631 3732 2746 3801 qui,
2770 3730 2912 3785 sicut
2932 3729 3153 3793 dicitur,
3180 3729 3234 3782 in
3261 3736 3467 3783 tantum
3511 3729 3619 3797 regi
3648 3727 3804 3779 lami-

2223 3824 2373 3879 liaris
2422 3833 2476 3877 et
2540 3823 2737 3876 charos
2793 3820 3115 3883 exstiterat,
3168 3828 3227 3873 ut
3283 3818 3565 3886 utriusque
3626 3825 3801 3869 vestes

2226 3922 2514 3982 utrumque
2532 3912 2921 3979 contegerent,‘
2942 3916 2997 3962 et
3026 3907 3306 3961 amborum
3346 3921 3539 3960 manus
3568 3920 3673 3959 una
3706 3919 3800 3972 pa-

2226 4004 2404 4074 ropsis
2448 4002 2717 4057 communi
2766 4014 2907 4069 saepe
2937 3997 3186 4053 convivio
3231 3998 3483 4052 sociaret.
3539 3996 3803 4050 Crescen-

2224 4094 2337 4148 tius
2361 4092 2511 4163 (253)
2555 4104 2786 4159 namque
2823 4098 3045 4144 senator
3075 4088 3351 4142 Romanus
3386 4086 3807 4157 indignationem

2232 4188 2373 4257 regis
2392 4186 2699 4248 incurrens,
2726 4184 2778 4237 in
2801 4190 3036 4236 montem
3074 4181 3163 4249 qui
3180 4180 3377 4234 dicitur
3401 4179 3572 4233 sancti
3598 4176 3807 4247 Angeli,

2231 4275 2548 4345 coniugium
2598 4273 2772 4344 petiit,
2823 4280 2896 4335 et,
2945 4270 3070 4341 quia
3109 4271 3335 4325 munitio
3378 4269 3809 4340 inexpugnabilis

2231 4354 2338 4433 est,
2382 4368 2661 4422 obsidente
2705 4380 2829 4436 rege
2854 4364 2920 4417 ad
2950 4362 3342 4417 defendendum
3387 4376 3448 4416 se
3488 4360 3811 4415 liducialitcr

2232 4460 2571 4529 preparavit.
2602 4458 2698 4513 Cui
2739 4458 2993 4511 Tammus
3046 4473 3109 4512 ex
3152 4465 3420 4526 przecepto
3448 4455 3591 4525 regis
3633 4453 3807 4523 jusju-

4454 2336 4684 2393 CAPUT
4719 2336 4907 2393 XXVI.

3902 2449 4056 2515 Quod
4090 2447 4415 2504 Romualdas
4461 2451 4602 2572 of“
4642 2450 4892 2531 Casinum
4931 2452 5232 2520 cgrotan'l,
5289 2452 5483 2506 dune

4432 2536 4461 2572 α
4535 2517 4756 2572 Pereunt
4784 2530 4939 2572 venit.

4432 2517 4500 2572 ad
4535 2517 4756 2574 Pereunt
4784 2524 4939 2575 venit.

3972 2650 4302 2706 nomualdus
4331 2650 4492 2719 igitur
4510 2664 4631 2704 cum
4655 2664 4740 2713 eo,
4768 2663 4926 2720 quem
4941 2650 5307 2721 pradiximus,
5326 2649 5483 2705 Tam-

3901 2758 4009 2805 nto,
4050 2753 4103 2797 et
4144 2758 4265 2797 cum
4313 2740 4589 2796 Bonifacio
4616 2741 4734 2796 viro
4770 2740 4937 2813 ιω
4980 2741 5127 2811 (356)
5152 2741 5477 2805 clarissimo,

3900 2849 4231 2903 quemnunc
4278 2832 4645 2887 felicissimum
4696 2841 4983 2903 martyrem
5012 2831 5295 2888 sehabere
5340 2832 5481 2887 Rus-

3903 2923 4051 2976 siana
4084 2922 4345 2993 gloriatur
4367 2921 4627 2985 Ecclesia,
4660 2928 4715 2975 et
4739 2937 4862 2976 cum
4890 2920 5011 2977 aliis
5036 2922 5314 2977 conversis
5337 2922 5480 2976 Teu-

3906 3011 4139 3076 tonibus,
4168 3026 4196 3064 a
4225 3008 4441 3065 Tiburis
4468 3011 4665 3080 oppido
4686 3011 4753 3064 ad
4786 3011 5172 3067 monasterium
5212 3010 5272 3065 B.
5308 3011 5480 3066 Bene-

3903 3103 4051 3159 dicti.
4092 3102 4233 3170 quod
4266 3103 4318 3155 in
4354 3103 4555 3157 Casino
4596 3102 5076 3168 constitutum'est,
5114 3113 5296 3159 monte
5320 3105 5479 3159 devc-

3828 3222 3872 3282 C
3908 3192 4007 3246 nit.
4075 3191 4150 3246 lbi
4209 3207 4400 3262 nempe
4440 3193 4677 3263 graviter
4732 3192 5035 3249 inﬁrmatus
5087 3202 5190 3260 est,
5243 3195 5337 3251 sed
5376 3196 5483 3250 cito

3902 3298 3967 3336 ex
4002 3282 4180 3336 divina
4243 3282 4611 3338 misericordia
4661 3283 4953 3340 convaluit.
5007 3282 5247 3340 Habebat
5301 3295 5483 3340 autem

3899 3387 4096 3441 equum
4123 3372 4256 3427 satis
4296 3372 4594 3442 egregium,
4654 3388 4816 3443 quem
4873 3372 4977 3429 sibi
5026 3370 5174 3443 (287)
5237 3373 5483 3429 Budavi

3901 3461 4203 3515 Sclavonici
4251 3463 4395 3532 regis
4430 3462 4576 3518 illius
4623 3461 4867 3528 dederat,
4898 3462 5069 3518 laetus
5104 3462 5171 3517 ab
5196 3479 5263 3519 eo
5289 3480 5481 3519 monao

3902 3555 4057 3608 chus.
4086 3551 4237 3608 llnnc
4268 3554 4351 3608 vir
4393 3565 4612 3609 sanctus
4655 3554 4972 3611 humilitatis
4997 3556 5172 3611 studio
5208 3567 5485 3626 permuta-

3904 3646 4001 3707 vit,
4033 3654 4085 3697 et
4133 3643 4346 3698 lucroso
4371 3645 4687 3701 concambio
4734 3646 4947 3703 asinum
4998 3647 5276 3703 laudabilis
5324 3664 5487 3719 nego-

3907 3733 4069 3785 tiator
4093 3732 4295 3799 accepit
4322 3731 4538 3799 (lauit.
4565 3732 4722 3803 xxtt).
4747 3731 4925 3790 Nimio
4949 3736 5144 3806 quippe
5157 3734 5487 3808 Redempto-

3904 3822 3981 3876 ris
4009 3822 4179 3877 nostri
4205 3822 4496 3883 desiderio,
4524 3823 4615 3891 qui
4650 3822 4829 3880 asella
4854 3833 5004 3895 tergo
5025 3825 5374 3892 consederat,
5406 3828 5489 3880 vir

3904 3912 4232 3966 venerabilis
4280 3912 4379 3966 hoc
4432 3913 4607 3981 ipsum
4655 3912 4854 3968 animal
4882 3913 5137 3971 libentius
5181 3917 5484 3985 equitabat.

3905 4000 4041 4055 Cum
4107 4003 4190 4056 Itis
4240 4002 4404 4072 igitur
4444 4001 4697 4057 omnibus
4747 4004 4993 4074 superius
5043 4006 5337 4062 nominatis
5384 4005 5491 4061 lto-

3908 4091 4158 4145 mualdus
4186 4093 4253 4146 ad
4298 4091 4545 4158 Pereum,
4573 4093 4663 4148 ubi
4691 4092 4889 4149 dudum
4929 4094 5287 4163 habitaverat,
5309 4100 5489 4161 rediit,

3912 4183 4092 4251 ibique
4114 4182 4366 4252 denique,
4399 4184 4483 4238 his
4510 4192 4564 4238 et
4588 4183 4710 4240 aliis
4735 4183 4916 4240 multis
4946 4183 5199 4241 fratribus
5228 4200 5491 4259 aggrega-

3913 4272 3981 4326 tis
4012 4283 4066 4327 et
4106 4287 4202 4343 per
4243 4273 4409 4328 cellas
4449 4273 4687 4343 singqu
4723 4274 5053 4343 constitutis,
5084 4285 5235 4332 tanto
5276 4278 5493 4335 fervore

3911 4368 4203 4422 ercmiticze
4250 4368 4674 4422 conversationis
4717 4369 4947 4439 rigorem
4994 4377 5048 4423 et
5097 4370 5151 4424 in
5207 4384 5269 4425 se
5315 4379 5373 4425 et
5438 4374 5489 4427 in

3913 4457 4034 4511 aliis
4064 4457 4254 4521 tenuit,
4284 4466 4345 4511 ut
4384 4456 4595 4512 illorum
4626 4458 4736 4511 vita
4784 4458 5034 4514 omnibus
5077 4459 5143 4513 ad
5178 4473 5317 4529 quos
5347 4460 5492 4515 fama

2235 4550 2463 4603 randum
2494 4549 2797 4603 securitatis
2822 4548 3094 4615 praestitit,
3123 4556 3177 4599 et
3202 4547 3274 4599 ita
3304 4545 3393 4600 ille
3423 4546 3698 4614 deceptus,
3718 4546 3807 4600 ad—
3841 4562 3887 4620 ο
3915 4547 4227 4602 eorumdem
4270 4547 4557 4617 pervenire
4607 4556 4837 4618 putent,
4885 4548 5143 4604 mirabilis
5182 4550 5490 4607 haberetur.

2234 4638 2439 4696 nitente
2469 4651 2608 4708 papa
2662 4636 2832 4705 (254),
2863 4636 2955 4705 qui
3011 4635 3111 4690 sibi
3165 4635 3416 4690 inimicus
3468 4644 3606 4699 erat,
3658 4635 3811 4703 quasi

2238 4745 2361 4786 reus
2402 4730 2697 4801 majestatis
2725 4727 3007 4798 capitalem
3047 4727 3371 4782 sententiam
3415 4727 3598 4781 subiit.
3648 4724 3815 4792 Cujus

2239 4839 2462 4879 uxorem
2502 4830 2686 4893 postea
2739 4822 3030 4892 imperator
3081 4821 3133 4874 in
3179 4820 3535 4875 concubinam
3584 4820 3811 4889 acoepit.

2240 4916 2374 4982 Quia
2407 4916 2566 4987 igitur
2593 4915 2850 4969 Tammus
2870 4922 2920 4968 et
2952 4914 3155 4967 fraudis
3180 4914 3430 4968 conscius
3476 4923 3531 4967 et
3577 4911 3813 4983 perjurio

2242 5009 2521 5064 tenebatur
2551 5007 2838 5071 obnoxius,
2863 5007 3064 5061 idcirco
3093 5022 3123 5059 a
3150 5007 3308 5061 beato
3350 5006 3647 5061 Romualdo
3697 5007 3811 5077 jus-

2309 5162 2458 5233 (252)
2497 5161 2805 5233 antisboni
2867 5160 3034 5233 editio
3090 5160 3251 5215 habet
3322 5158 3544 5233 Turnum
3604 5162 3816 5233 (nomine

2241 5229 2517 5317 quemdam
2542 5231 2927 5317 (clitantium.-
2968 5230 3327 5317 Hieronymus
3356 5229 3645 5300 Pragensis
3679 5229 3815 5283 Tha-

2243 5302 2387 5359 nium
2419 5303 2651 5371 appellat
2680 5310 2732 5354 et
2760 5302 3040 5369 principem
3067 5302 3289 5354 militiis.

2314 5372 2463 5444 (253)
2492 5372 2580 5444 (De
2607 5370 2765 5444 hujus
2791 5369 3329 5444 Crescentiiltistoria
3358 5370 3483 5444 lege
3516 5370 3710 5444 Baron.
3748 5370 3815 5425 ad

2246 5438 2369 5497 ann.
2399 5438 2523 5506 996,
2554 5457 2607 5495 ιι.
2640 5439 2692 5503 7,
2724 5454 2838 5509 seq.
2872 5440 3069 5494 Verum
3098 5438 3431 5495 Lambertus'
3452 5441 3820 5495 Schafnabur-

2280 5514 2427 5566 ensis
2474 5513 2785 5571 monachus,
2832 5510 2923 5580 qui
2978 5510 3172 5563 s'ucnlo
3221 5524 3274 5561 xt
3326 5511 3481 5571 vixit,
3512 5512 3563 5563 itt
3622 5512 3818 5565 Annal.

2247 5530 2548 5636 Eennanice
2593 5580 2658 5635 ad
2701 5595 2900 5635 annum
2927 5578 3054 5636 998.
3087 5578 3818 5635 Crescentiidecollationetn

2295 5582 2548 5663 erutanice
2593 5580 2658 5635 ad
2701 5578 2900 5635 annum
2927 5578 3054 5645 998,
3087 5578 3818 5635 Crescentiidecollationetn

2252 5653 2681 5788 ,elzggr).'l‘ientpe
2709 5716 2957 5789 Gregorio
2983 5716 3019 5789 Υ
3037 5718 3376 5789 imperatoris
3401 5722 3821 5788 consanguineo,

2258 5791 2340 5841 cui
2392 5806 2420 5842 a
2469 5790 2781 5844 Crescentio
2812 5788 3103 5858 oppositus
3148 5788 3323 5843 fuerat
3366 5791 3614 5857 anlipapzt
3662 5791 3824 5845 Joan-

3917 4636 4049 4702 Quis
4088 4637 4230 4691 enim
4277 4652 4382 4692 non
4414 4638 4829 4707 obtupesceretl
4856 4637 4989 4705 Quis
5022 4655 5125 4694 non
5157 4640 5491 4697 immutatio-

3918 4741 4040 4779 nem
4072 4725 4268 4780 divina:
4294 4726 4529 4782 dextera;
4557 4727 4899 4797 praedicaret,
4930 4742 5049 4782 cum
5094 4728 5321 4784 vidisset
5346 4734 5495 4800 prius

3918 4818 4165 4874 homines
4186 4819 4390 4879 sericis.
4427 4821 4534 4875 imo
4561 4818 4833 4875 deauratis
4860 4822 5093 4877 vestibus
5112 4820 5357 4897 indutos,
5380 4839 5495 4878 cre-

3916 4910 4031 4964 bris
4058 4909 4472 4980 obsequentium
4509 4910 4697 4965 cuneis
4728 4910 5080 4981 constipatos,
5121 4914 5364 4968 omnium
5396 4916 5487 4967 de-

3920 4999 4167 5055 liciarum
4197 4999 4482 5055 allluentiis
4511 5011 4787 5065 assuetos;
4824 5015 4964 5056 nunc
4991 5016 5083 5057 eos
5116 5012 5371 5059 conteret
5392 5020 5489 5058 uno

3921 5168 4017 5209 nes
4048 5152 4185 5215 XVI,
4210 5163 4365 5208 antea
4396 5154 4681 5223 episcopus
4709 5152 5072 5223 Placentinus.

3997 5222 4152 5293 (255)
4198 5225 4271 5278 De
4300 5225 4407 5277 situ
4432 5222 4595 5294 hujus
4620 5224 4769 5278 canit
4794 5222 5040 5279 Lucanus
5069 5224 5209 5281 libro
5233 5241 5266 5279 v
5292 5245 5307 5278 :

4076 5302 4298 5364 Appulus
4322 5302 4548 5351 Adriacas
4570 5305 4675 5352 exlt
4699 5301 4953 5363 Garganus
4976 5304 5026 5353 iu
5048 5304 5219 5354 undas.

3993 5373 4142 5445 (256)
4164 5374 4271 5455 .Hic
4297 5374 4451 5430 divus
4464 5372 4773 5457 [Bonifacius
4796 5375 5093 5457 ipsissitnus
5111 5386 5193 5457 est
5300 5375 5487 5457 Brinno,

3928 5442 3993 5516 de
4018 5442 4135 5516 (quo
4164 5445 4567 5516 inumongastico
4595 5442 4867 5500 Breviario
4909 5445 5087 5516 agitur
5130 5446 5193 5500 l5
5220 5445 5483 5501 Octobris.

3933 5511 4203 5585 Videndus
4226 5512 4563 5585 Mabillonius
4592 5528 4714 5568 saec.
4744 5529 4818 5579 VI,
4844 5532 4895 5585 p.
4926 5511 4975 5575 iv,
5004 5517 5069 5568 ad
5103 5531 5304 5569 annum
5332 5518 5481 5573 1009:

3928 5592 3981 5657 et
4030 5583 4152 5657 inde
4198 5584 4620 5657 commentarius
4672 5583 4854 5657 novus
4886 5588 5116 5639 Conratti
5164 5585 5485 5657 lanningiiu

3928 5651 4490 5726 lunjoﬂallandiano,
4516 5664 4643 5708 tom.
4678 5653 4765 5726 ΥΙ,
4788 5664 4925 5726 part.
4956 5672 4997 5711 t.
5028 5671 5148 5726 pag.
5175 5656 5240 5710 ετ

4002 5722 4151 5791 (257)
4189 5723 4446 5779 Vaticano
4470 5722 4540 5778 in
4597 5722 4997 5794 codicelcgitur
5021 5722 5287 5789 Elin-ari,-
5318 5740 5483 5779 verum

3934 5794 4248 5847 mendosum
4290 5797 4391 5850 hoc
4429 5810 4622 5849 noutcn
4656 5809 4778 5849 esse
4814 5798 5054 5849 nonnulli
5092 5805 5387 5848 autumant.
