5652 6428
951 536 1046 593 977

951 752 1004 799 et
1050 713 1195 796 tanta
1236 713 1580 795 abstinentire
1604 733 1860 788 ariditate
1901 713 2213 786 contritas?
2244 728 2540 781 Faciebant

951 844 1122 893 autem
1153 847 1346 889 omnes
1374 843 1538 902 Opera
1571 843 1848 888 manuum,
1881 825 1970 879 alii
2001 823 2212 879 scilicet
2251 819 2536 884 coclearia,

954 925 1042 982 alii
1071 924 1289 988 nebant,
1327 922 1418 977 alii
1454 921 1586 974 retia
1632 917 1943 973 nectebant.
1981 915 2070 969 alii
2101 912 2296 969 cilicia.

1496 1035 1725 1093 CAPUT
1766 1031 1983 1089 XXVII.

1401 1130 1478 1186 De
1515 1127 1795 1198 Bonifatio
1828 1134 2078 1195 martyre.

1022 1227 1264 1296 Quorum
1298 1230 1479 1278 tamen
1513 1219 1756 1274 omnium
1788 1216 1954 1270 vitam
2002 1213 2064 1266 Β.
2097 1209 2363 1266 Bonifacii
2411 1223 2543 1264 con-

952 1316 1187 1373 versatio
1257 1311 1471 1384 longius
1526 1305 1962 1363 transcendebal.
2030 1303 2130 1358 Hic
2181 1300 2416 1371 denique
2458 1312 2545 1354 re-

949 1409 1031 1480 gis
1062 1405 1211 1477 (259)
1244 1403 1426 1460 fuerat
1477 1397 1934 1466 consanguineus,
1989 1403 2043 1448 et
2092 1393 2163 1446 ita
2223 1392 2443 1454 charus,
2491 1396 2552 1442 ut

953 1515 1047 1554 rex
1071 1498 1218 1552 illum
1247 1510 1352 1551 non
1384 1493 1491 1547 alio
1520 1497 1740 1545 vocaret
1769 1487 2006 1546 nomine,
2037 1484 2138 1538 nisi
2175 1481 2372 1537 Anima
2405 1495 2546 1536 mea.

939 1591 1082 1650 .lirat
1134 1596 1313 1643 autem
1366 1583 1608 1654 apprime
1658 1576 1962 1632 liberalium
2004 1575 2202 1628 artium
2262 1571 2550 1635 doctrinis,

953 1678 1297 1744 maximeque
1342 1674 1395 1726 in
1434 1667 1816 1727 molulatimds
1844 1664 2066 1719 musica:
2112 1661 2308 1716 studiis
2349 1674 2550 1730 appro—

952 1766 1134 1822 batus.
1176 1764 1279 1819 Hic
1308 1765 1490 1831 itaque
1524 1773 1647 1814 cum
1690 1757 1741 1810 in
1771 1753 1976 1825 capella
2023 1753 2170 1822 regia
2224 1758 2549 1808 moraretur.

954 1855 1143 1911 videns
1186 1851 1473 1909 ecclesiam
1529 1845 1678 1916 (260)
1727 1844 1937 1915 antiqui
1986 1841 2241 1912 martyris
2267 1837 2553 1902 Bonifaeii,

954 1957 1082 1999 mox
1120 1941 1371 2010 exemplo
1399 1939 1479 1995 sui
1509 1934 1773 2006 aequivoci
1815 1934 1882 1988 ad
1923 1931 2170 2003 martyrii
2215 1929 2546 1985 desiderium

2231 524 2390 579 ViTA
2430 523 2490 580 S.
2538 522 2921 581 ROMUALDI.

947 635 2538 721 birro(582)contentos.inclusos,‘discaleeatosgincnltos,
2574 639 2614 698 Α
2648 635 2718 689 tis
2765 635 3011 704 plerique
3041 636 3294 692 conversi
3352 644 3496 703 sunt,
3549 636 3680 708 ipsis
3731 649 3944 707 quoque
3993 633 4254 690 similiter

3921 28 4054 42 .-—~“
4083 28 4090 30 '

3961 49 3966 54 ο
4165 47 4222 64 ρ*
4253 47 4316 60 --.Α

4141 522 4246 600 97_s

2642 726 2906 790 eveniret,
2942 725 3098 797 longo
3130 734 3374 798 tempore
3409 744 3440 784 a
3477 729 3638 784 beato
3665 729 3785 784 viro
3825 743 4020 783 manus
4071 726 4264 796 artifis

2643 817 2790 871 ciosa
2819 816 3026 872 malitia
3058 819 3394 890 reprimunt;
3423 829 3476 876 et
3498 820 3853 890 cupidissimo
3879 819 4037 884 mori,
4067 819 4254 874 nolen-

2646 917 2729 964 tes
2759 924 2880 964 eum
2935 910 3208 978 occidere,
3258 912 3556 967 crudeliter
3592 921 3841 982 parcunt.
3886 912 4138 980 Cumque
4184 912 4254 964 a:l

2646 1014 2826 1071 regem
2859 999 3161 1056 [iussorum
3191 1003 3277 1056 vir
3302 1002 3627 1083 venerabilis
3657 990 4014 1072 pervenisset,
4046 1008 4100 1056 et
4123 1015 4262 1056 con-

2594 1116 2603 1123 -
2647 1092 2811 1146 stanti
2864 1092 3046 1147 animo
3095 1092 3470 1162 preedicationi
3524 1095 3886 1150 vehementer
3934 1094 4253 1156 insisteret;

2647 1181 2839 1258 videns
2863 1197 2986 1236 eum
3017 1199 3109 1238 rex
3145 1184 3407 1254 squalidis
3430 1185 3774 1241 vestimentis
3798 1185 4070 1252 indutum,
4096 1185 4260 1241 nudis

2650 1275 2880 1344 pedibus
2924 1275 3291 1342 incedentem,
3331 1278 3584 1349 opinatus
3630 1287 3715 1336 est
3746 1279 3875 1351 quia
3903 1281 3989 1336 vir
4034 1289 4260 1338 sanctus

2652 1366 2778 1421 talia
2805 1382 2911 1422 non
2943 1368 3226 1440 religionis
3253 1386 3417 1427 causa
3445 1371 3736 1441 proferret,
3777 1375 3870 1429 sed
3910 1374 4118 1431 idcirco
4156 1391 4257 1446 po-

2652 1457 2760 1512 tius
2787 1467 2843 1512 ut
2867 1460 3124 1527 pecunias
3155 1471 3530 1533 congregaret.
3555 1461 3811 1519 Promisit
3835 1479 3967 1536 ergo
3989 1464 4094 1520 sibi
4131 1466 4260 1537 quia

2655 1549 2698 1604 si
2733 1549 2802 1602 ab
2835 1549 3146 1618 hujusmodi
3179 1553 3422 1606 vanitate
3456 1553 3759 1620 recederet,
3807 1555 3922 1625 ipse
3968 1565 4263 1627 pauperta-

2659 1651 2766 1696 tem
2796 1642 2915 1712 ejus
2947 1641 3252 1714 largissima
3297 1645 3611 1708 divitiarum
3657 1646 3986 1704 liberalitate
4036 1650 4262 1704 ditaret.

2657 1733 2970 1789 Bonifacius
3001 1735 3185 1805 itaque
3227 1750 3353 1790 mox
3398 1737 3465 1792 ad
3498 1738 3791 1807 hospitium
3822 1739 3942 1807 sine
3972 1755 4123 1795 mora
4179 1756 4264 1795 re-

2658 1825 2924 1890 vertitur,
2979 1826 3393 1897 pretiosissimis
3461 1830 3866 1898 pontificalibus
3921 1836 4268 1889 ornamentis

2659 1919 2918 1973 decenter
2961 1918 3223 1985 induitur,
3269 1927 3325 1975 et
3375 1921 3455 1976 sic
3485 1922 3552 1974 ad
3585 1922 3729 1993 regis
3775 1922 4039 1992 palatium
4084 1925 4269 1979 denuo

952 2007 1301 2104 provocatus;
1333 2030 1407 2084 an
1443 2046 1458 2084 ε
1491 2028 1555 2082 ει
1583 2042 1684 2097 ego
1722 2023 2034 2079 Bonifacius
2064 2037 2249 2078 νοροιι,
2283 2021 2394 2077 ουτ
2419 2035 2552 2092 erg.
2586 2010 2632 2071 Β
2660 2016 3045 2080 ρι-ωεεηιίιιιπ.
3077 2007 3190 2066 Rex
3220 2019 3403 2066 autem
3426 2011 3621 2067 videns
3643 2027 3766 2066 eum
3793 2024 3902 2067 tam
3934 2014 4154 2070 decoris
4177 2030 4269 2070 vc-

953 2125 1124 2182 etiam
1155 2123 1273 2194 ipse
1314 2121 1514 2177 Christi
1543 2127 1750 2190 martyr
1779 2131 1900 2172 esse
1941 2131 2048 2170 non
2080 2114 2291 2171 debeo?
2355 2113 2562 2168 Deinde

951 2230 1197 2286 quoque,
1221 2212 1334 2282 jam
1366 2210 1664 2267 monachus
1695 2208 1890 2276 factus,
1933 2214 2083 2262 tanta
2113 2222 2173 2263 se
2220 2206 2564 2262 abstinentia:

949 2307 1274 2377 frugalitate
1301 2303 1646 2368 constrinxit,
1678 2310 1738 2357 ut
1772 2315 1916 2369 saepe
1938 2300 2237 2356 Dominicis
2267 2300 2482 2364 diebus,
2508 2304 2564 2353 et

949 2397 1146 2466 quinta
1187 2404 1396 2450 tantum
1445 2393 1581 2448 feria
1624 2407 1722 2463 per
1758 2389 2154 2446 hebdomadam
2188 2390 2560 2444 manducaret.

951 2488 1359 2558 Nonnunquam
1383 2484 1544 2560 45],
1578 2499 1707 2540 vero
1730 2484 1774 2539 si
1801 2484 2102 2538 urticarum
2143 2481 2226 2536 vel
2255 2482 2419 2536 etiam
2466 2493 2561 2534 ve-

953 2581 1142 2652 prium
1171 2587 1428 2636 cerneret
1451 2577 1798 2641 densitatem,
1833 2575 1961 2630 illuc
1987 2589 2045 2629 se
2076 2573 2373 2645 projiciens
2408 2570 2564 2626 volu-

953 2671 1134 2727 tabat.
1186 2670 1264 2725 Ex
1316 2685 1424 2740 quo
1449 2684 1571 2723 cum
1608 2666 1828 2737 quidam
1885 2665 2052 2721 frater
2100 2663 2392 2732 aliquando
2439 2676 2564 2718 eum

949 2763 1284 2831 corriperet,
1300 2760 1486 2814 dicens
1512 2777 1524 2811 :
1551 2755 1837 2830 Hypocrita
1849 2796 1863 2821 ,
1889 2769 2059 2825 quare
2073 2753 2171 2808 hoc
2186 2754 2252 2805 ad
2267 2750 2564 2820 captandos

949 2850 1238 2923 popularis
1271 2864 1419 2904 aura:
1451 2862 1698 2903 rumores
1722 2859 1905 2900 coram
1933 2843 2188 2899 omnibus
2215 2840 2392 2895 facis?
2429 2838 2565 2894 nihil

951 2942 1108 2997 aliud
1133 2940 1410 3012 respondit
1434 2937 1678 3012 [quam]:
1709 2937 1808 2991 Tui
1833 2935 1939 2992 sint
1956 2932 2316 2996 confessores,
2333 2933 2441 2988 mei
2457 2931 2567 2986 sint

951 3042 1252 3105 martyres.
1283 3031 1418 3086 Cum
1445 3045 1574 3085 vero
1603 3039 1725 3100 post
1754 3029 2064 3082 diuturnam
2093 3024 2388 3079 eremiticae
2428 3037 2563 3078 con-

950 3122 1295 3179 versationis
1325 3122 1491 3176 vitam
1521 3121 1588 3174 ad
1621 3117 2029 3189 praedicandum
2063 3116 2176 3186 jam
2208 3114 2287 3168 ire
2312 3115 2567 3184 dispone-

953 3220 1069 3278 ret,
1101 3212 1334 3267 Romam
1362 3224 1589 3281 pergere
1635 3207 1864 3274 studuit,
1896 3217 1949 3262 et
1994 3209 2063 3260 ab
2112 3204 2408 3275 apostolica
2438 3203 2567 3259 sede

949 3303 1434 3361 consecrationem
1497 3301 1999 3371 archiepiscopatus
2075 3297 2305 3367 accepit.
2361 3296 2568 3352 Retulit

2666 2101 2844 2158 stibus
2897 2102 3256 2170 adornatum,
3309 2104 3426 2157 ait:
3474 2102 3629 2160 Nunc
3673 2105 3874 2160 scimus
3925 2107 4054 2176 quia
4103 2115 4158 2162 te
4200 2105 4269 2163 ad

2665 2209 2862 2248 vanam
2893 2194 3197 2249 doctrinam
3227 2209 3334 2250 non
3378 2196 3722 2265 paupertatis
3752 2197 3955 2268 inopia,
3997 2199 4092 2254 sed
4128 2201 4277 2254 veri-

2666 2287 2797 2342 tatis
2853 2286 3066 2356 impulit
3109 2287 3440 2359 ignorantia.
3492 2286 3883 2346 Verumtamen
3942 2292 3985 2347 si
4010 2292 4092 2348 vis
4139 2310 4273 2349 vera

2666 2377 2812 2432 credi
2845 2391 2966 2446 qua:
3000 2378 3222 2443 asscris,
3254 2378 3539 2448 erigantur
3587 2379 3706 2434 dum
3735 2381 3968 2436 excelsae
3999 2383 4274 2454 lignorum

2667 2475 2907 2531 catastae,
2934 2466 3254 2523 brevissimo
3271 2483 3300 2521 a
3326 2484 3386 2524 se
3412 2469 3707 2526 interstitio
3733 2481 4001 2541 separatre
4019 2513 4033 2538 ,
4067 2481 4122 2529 et
4147 2474 4277 2544 ignc

2668 2558 2950 2626 supposito
2998 2574 3122 2614 cum
3175 2569 3448 2629 vaporata:
3493 2561 3717 2628 fuerint,
3773 2564 3934 2618 itaut
3989 2565 4280 2637 utriusque

2669 2647 2838 2704 struis
2857 2664 2998 2704 unus
3015 2649 3156 2720 ignis
3177 2663 3298 2706 esse
3327 2650 3598 2714 videatur,
3623 2661 3675 2706 tu
3703 2653 3871 2707 transi
3891 2669 3988 2724 per
4010 2656 4274 2712 medium.

2669 2741 2822 2808 Quod
2851 2742 2896 2797 si
2927 2742 3087 2797 laesus
3109 2759 3174 2798 ex
3207 2743 3388 2814 aliqua
3413 2755 3568 2815 parte
3599 2744 3791 2812 fueris,
3819 2746 3950 2816 ipsis
3983 2755 4034 2802 te
4057 2746 4281 2818 penitus

2667 2831 2832 2904 452
2878 2835 3308 2903 consumendum
3357 2837 3571 2907 ignibus
3601 2839 3910 2899 trademus;
3957 2839 4042 2893 sin
4090 2847 4278 2894 autem

2670 2921 2838 2992 (quod
2868 2923 3018 2976 credi
3059 2939 3164 2978 non
3195 2926 3396 2992 potest)
3447 2941 3614 2980 sanus
3647 2927 3908 2992 evaseris,
3943 2942 4135 2982 omnes
4179 2943 4282 2984 nos

2670 3011 2783 3066 Deo
2830 3020 2920 3066 tuo
2948 3011 3152 3082 absque
3183 3013 3290 3068 ulla
3321 3014 3639 3071 (liflicultatc
3687 3018 3995 3072 credemus.
4031 3017 4279 3088 Cumque

2670 3102 2775 3158 hoc
2805 3103 2982 3160 foedus
3012 3119 3116 3159 non
3160 3105 3332 3161 solum
3375 3107 3675 3173 Bonifacio,
3705 3109 3798 3164 sed
3832 3119 3884 3164 et
3915 3111 4130 3165 cunctis
4158 3127 4280 3180 qua:

2671 3191 2904 3248 aderant
2932 3195 3186 3265 gentibus
3229 3194 3543 3266 placuisset,
3577 3197 3888 3254 Bonifacius
3923 3200 3994 3253 ita
4025 3202 4280 3261 vestitus,

2672 3284 2819 3338 velut
2854 3285 3144 3340 missarum
3183 3286 3446 3342 solemnia
3501 3289 3896 3354 celebraterus,
3953 3292 4105 3359 prius
4157 3306 4281 3346 cum

953 3395 1096 3451 mihi
1125 3396 1347 3464 quidam
1378 3407 1542 3450 senex
1576 3394 1897 3456 monachus,
1922 3391 2013 3462 qui
2041 3406 2164 3444 eum
2195 3389 2318 3444 illuc
2347 3389 2575 3444 comita-
2599 3365 2646 3426 θ
2678 3373 3015 3429 “nouam”
3065 3389 3185 3444 εφη

2049 3406 2164 3444 eum
2195 3365 2318 3444 {nuc
2347 3389 2575 3444 compa.
2599 3365 2646 3426 C
2678 3373 3015 3429 sanctificata
3065 3389 3208 3444 aqua
3261 3385 3315 3431 et
3349 3377 3576 3432 incenso
3607 3379 3767 3435 thure
3815 3381 4056 3449 undique
4099 3379 4281 3450 perlu-

953 3497 1049 3544 tus
1092 3488 1166 3542 de
1194 3486 1472 3556 Ravennae
1501 3486 1698 3542 ﬁnibus
1723 3485 1919 3550 fuerat,
1945 3485 2073 3554 quia
2101 3484 2155 3537 in
2191 3492 2304 3537 toto
2341 3482 2432 3536 illo
2480 3482 2572 3536 iti—

950 3591 1098 3635 nere
1130 3579 1213 3632 vir
1233 3576 1584 3642 venerabilis,
1629 3590 1754 3631 cum
1785 3563 2040 3631 omnibus
2064 3574 2282 3643 quidem
2324 3573 2413 3640 qui
2447 3585 2572 3623 eum

951 3667 1360 3740 sequebantur,
1399 3667 1651 3736 pedester
1701 3667 1839 3732 ibat,
1895 3667 1990 3720 sed
2045 3665 2159 3733 ipse
2190 3663 2393 3732 jllgllt'l‘
2431 3660 2575 3732 psal-

955 3762 1112 3826 lens,
1145 3769 1200 3814 ct
1227 3759 1398 3833 [ante]
1430 3767 1657 3815 caéteros
1687 3759 1865 3829 longe,
1903 3757 2062 3812 nudis
2099 3771 2315 3824 semper
2346 3754 2574 3823 pedibus

950 3850 1274 3908 incedebat.
1289 3849 1396 3905 Pro
1409 3849 1820 3920 laborelquidem
1838 3847 2051 3904 itineris
2063 3846 2303 3917 quotidie
2325 3845 2576 3899 comede-

952 3944 1100 4004 bat,
1146 3942 1240 3996 sed
1268 3956 1366 4012 per
1408 3941 1650 4012 singulos
1691 3940 1806 3996 dies
1853 3940 1921 3994 de
1965 3938 2144 3992 medio
2171 3953 2309 4006 pane.
2337 3946 2391 3992 et
2436 3951 2574 4004 aqua

951 4035 1188 4094 vivens,
1233 4031 1285 4085 in
1318 4030 1508 4087 diebus
1556 4030 1733 4096 festis,
1773 4031 1961 4101 ignoto
2013 4027 2266 4082 videlicet
2313 4028 2462 4083 onmi
2512 4027 2577 4081 li-

951 4122 1250 4192 quamine,
1281 4120 1598 4191 quotidiano
1625 4118 1810 4176 victui'
1832 4135 1993 4192 poma
2027 4118 2284 4191 quaelibet
2327 4119 2412 4175 vel
2444 4119 2574 4174 her-

952 4210 1168 4266 barum
1199 4211 1412 4267 radices
1437 4212 1690 4267 addebat.

1036 4301 1345 4372 Postquam
1375 4309 1556 4358 autem
1585 4309 1940 4359 consecratus
1983 4311 2088 4368 est,
2119 4301 2362 4372 quotidie
2389 4301 2580 4358 obser-

957 4394 1150 4450 vabat
1177 4403 1233 4448 et
1267 4383 1627 4451 monasticum
1663 4395 1870 4466 pariter
1892 4403 1947 4450 et
1975 4396 2300 4451 canonicum
2337 4395 2392 4448 in
2435 4393 2580 4450 cele-

952 4483 1206 4540 brandis
1249 4483 1509 4541 horarum
1557 4483 1748 4541 ofliciis
1800 4485 2066 4541 ordinem.
2121 4485 2256 4542 Cum
2301 4501 2432 4540 vero
2463 4485 2578 4556 jam

951 4577 1124 4634 ultra
1158 4587 1443 4635 montanos
1473 4586 1682 4650 peteret
1715 4579 1873 4645 fines,
1913 4594 2054 4650 equo
2084 4579 2304 4651 quidem
2336 4577 2575 4634 veheba-

957 4679 1093 4732 tur,
1141 4667 1237 4722 scd
1278 4669 1604 4723 venerabilis
1635 4668 1900 4740 pontifex,
1954 4671 2111 4724 sicuti
2168 4669 2387 4734 dicitur,
2418 4668 2578 4723 nudis

951 4771 1072 4811 cru
1082 4755 1234 4811 ribus
1248 4769 1460 4828 semper
1474 4764 1529 4813 et
1549 4759 1746 4828 plantis
1774 4761 1908 4814 adeo
1933 4760 2328 4815 intolerabilem
2344 4760 2583 4830 frigidis-

953 4847 1138 4902 simae
1166 4847 1403 4919 regionis
1432 4849 1698 4905 tolerabat
1728 4850 1993 4920 algorem,
2043 4861 2101 4906 ut
2134 4852 2319 4908 volens
2350 4855 2577 4908 descen-

949 4940 1130 5000 dere,
1164 4938 1256 4993 vix
1282 4941 1476 5009 pedem
1523 4940 1592 4997 ab
1635 4941 1986 4999 subhaerente
2031 4943 2175 4999 ferro
2223 4944 2582 5015 disjungeret,

951 5030 1085 5086 nisi
1123 5044 1262 5100 aqua
1292 5032 1441 5101 prius
1487 5032 1666 5088 calida
1696 5034 2030 5089 subveniret.
2080 5034 2160 5088 Ad
2213 5037 2447 5105 gentiles
2482 5053 2582 5091 au-

953 5129 1093 5176 tem
1123 5128 1402 5187 postremo
1437 5123 1786 5194 perveniens,
1825 5138 1949 5178 cum
1979 5132 2125 5178 tanta
2157 5126 2327 5193 empit
2383 5125 2580 5182 fervidi

953 5217 1220 5287 pectoris
1246 5218 1551 5273 constantia
1586 5218 1906 5289 praedicare,
1937 5228 1996 5273 ut
2032 5218 2145 5288 jam
2179 5218 2358 5273 nullus
2411 5219 2584 5273 ambi-

953 5315 1142 5378 geret
1177 5307 1309 5377 quin
1359 5309 1446 5364 vir
1507 5318 1734 5365 sanctus
1789 5313 2113 5382 martyrium
2162 5309 2451 5382 ﬂagitaret.
2504 5309 2584 5365 llli

936 5401 1029 5457 ’νε
1043 5417 1114 5458 ro
1140 5404 1391 5462 timentes
1420 5421 1512 5472 ne,
1534 5404 1676 5462 sicut
1698 5415 1824 5478 post
1849 5406 2171 5477 martyrium
2196 5404 2254 5459 Β.
2286 5405 2586 5470 Adelberti,

953 5497 1408 5554 coruscantibus
1436 5497 1824 5555 miraculorum
1873 5498 2064 5570 signis,
2097 5497 2429 5553 Sclavonica:
2459 5512 2587 5563 gen-

1057 5676 1210 5761 (εξε)
1253 5677 1449 5761 \fillosa
1472 5686 1565 5761 ,ει
1614 5677 1857 5761 impolita
1885 5676 2067 5732 tunica
2105 5675 2326 5742 Birt-um
2370 5685 2474 5742 est,
2522 5675 2591 5732 de

955 5761 1103 5819 quo
1125 5746 1360 5819 Gangius
1387 5749 1439 5803 in
1468 5746 1761 5819 Glossario.

1058 5817 1212 5886 (259)
1237 5817 1582 5887 Imperatoris
1595 5818 1811 5874 Ottonis
1834 5818 1920 5885 Ill,
1944 5832 2103 5888 quem
2128 5832 2271 5888 saepe
2293 5818 2591 5873 Damianus

961 5903 1162 5959 regem
1190 5897 1398 5942 tantum
1429 5889 1683 5959 appellat.

1059 5958 1207 6014 litim
1248 5959 1393 6012 Illam
1425 5957 1639 6027 nempe,
1683 5974 1804 6028 qurc
1843 5959 1894 6014 in
1929 5957 2196 6012 Aventino
2242 5959 2376 6014 colle
2406 5959 2592 6013 “nulla:

2678 3473 2860 3518 strans
2889 3465 3090 3534 ignem,
3125 3463 3320 3519 deinde
3357 3466 3650 3521 stridentes
3696 3467 4039 3520 flammarum
4091 3468 4283 3538 globos

2678 3554 2976 3625 ingressus,
3013 3555 3084 3608 ita
3114 3554 3284 3609 exivit
3330 3554 3528 3610 llliDSUS
3561 3566 3618 3610 ut
3655 3572 3758 3612 nec
3795 3557 4054 3612 minimus
4088 3557 4286 3626 capitis

2677 3643 2794 3714 ejus
2830 3643 3060 3712 capillus
3106 3643 3388 3698 videretur
3413 3654 3660 3701 exustus.
3698 3646 3853 3702 Tune
3885 3662 3978 3702 rex
4007 3656 4062 3702 et
4099 3649 4284 3706 caeteri

2677 3733 2769 3800 qui
2804 3732 2930 3786 huic
2971 3733 3282 3800 spectaculo
3315 3734 3700 3802 interfuerant,
3743 3738 4064 3792 catervatim
4117 3753 4176 3794 se
4217 3739 4283 3793 ad

2677 3821 2842 3891 pedes
2874 3823 3014 3877 beati
3045 3824 3142 3876 viri
3177 3825 3488 3893 projiciunt,
3519 3825 3915 3898 indulgentiam
3948 3828 4283 3900 lacrymabi—

2679 3913 2805 3968 liter
2828 3924 3040 3983 petunt,
3091 3923 3146 3970 et
3176 3915 3440 3987 baptizari
3473 3934 3531 3973 se
3578 3919 3973 3976 instantissima
4012 3921 4289 3994 supplica-

2680 4005 2828 4060 tione
2854 4005 3173 4075 deposcunt.
3983 4013 3986 4017 ‘

2751 4116 2930 4188 Carpit
2966 4117 3153 4187 itaque
3181 4127 3331 4174 tanta
3364 4121 3605 4192 gentium
3657 4122 3947 4179 multitudo
3994 4124 4061 4179 ad
4115 4124 4294 4194 bapti«

2681 4223 2796 4264 sma
2829 4208 3122 4276 confluere,
3140 4219 3202 4264 ut
3229 4212 3310 4266 vir
3335 4221 3560 4268 sanctus
3582 4213 3649 4268 ad
3671 4224 3972 4284 Spatiosum
3996 4216 4289 4284 quemdam

2682 4299 2860 4355 lacum
2889 4310 3161 4371 pergeret,
3200 4311 3255 4357 et
3286 4303 3337 4356 in
3371 4304 3489 4373 ipsa
3522 4319 3790 4374 aquarum
3822 4304 4294 4378 abundantia.po-

2682 4392 2866 4462 pulum
2895 4392 3222 4464 ‘baptizaret.
3268 4395 3520 4450 Decrevit
3556 4406 3740 4451 autem
3786 4413 3876 4452 rex
3926 4405 4008 4463 ut,
4058 4414 4286 4469 regnum

2682 4483 2998 4554 relinquens
3022 4484 3155 4550 filio,
3182 4485 3319 4556 ipse,
3343 4486 3580 4556 quandiu
3607 4487 3839 4554 viveret,
3869 4502 3929 4543 se
3953 4503 3983 4543 a
4013 4488 4298 4544 Bonifacn

2685 4577 2996 4634 nullatenus
3023 4587 3336 4648 separaret;
3367 4579 3536 4634 frater
3577 4588 3761 4634 autem
3810 4580 3976 4651 regis,
4021 4595 4146 4636 cum
4179 4582 4296 4652 ipso

2686 4671 2895 4739 pariter
2923 4670 3197 4736 habitans,
3237 4670 3365 4725 dum
3397 4671 3564 4726 nollet
3600 4671 3849 4736 credere,
3877 4670 4106 4727 absente
4135 4669 4298 4726 Boni-

2691 4761 2851 4826 facio,
2881 4761 2951 4816 ab
2982 4761 3099 4832 ipso
3131 4775 3259 4833 rege
3287 4771 3604 4832 peremptus
3625 4771 3730 4816 est.
3763 4760 3916 4815 Alius
3942 4774 4072 4815 vero
4103 4760 4298 4826 frater,

2689 4855 2778 4924 qui
2804 4855 2917 4924 jam
2943 4869 2973 4906 a
3002 4855 3144 4920 regis
3171 4863 3288 4908 erat
3311 4851 3727 4909 cohabitatione
3751 4852 3978 4920 divisus,
4001 4868 4128 4907 mox
4149 4852 4299 4924 (26f)

2689 4945 2756 4997 ad
2787 4959 2912 4998 eum
2942 4943 3026 4996 vir
3057 4942 3388 4998 venerabilis
3415 4943 3585 5009 venit,
3628 4943 3818 4998 audire
3852 4942 3970 5013 ejus
3999 4942 4166 4998 verba
4198 4959 4298 4999 no-

2686 5034 2807 5099 luit,
2838 5034 2934 5090 sed
2966 5035 3034 5090 de
3059 5035 3417 5090 conversione
3446 5033 3635 5089 fratris
3665 5035 3835 5089 nimia
3867 5035 4134 5090 adversus
4171 5050 4296 5091 eum

2686 5125 2767 5180 ira
2793 5141 3090 5182 succensus
3104 5125 3363 5181 continuo
3391 5125 3826 5196 comprehendit,
3852 5123 4066 5190 deinde,
4096 5127 4300 5181 timens

2685 5237 2775 5288 ne,
2800 5221 2847 5277 si
2876 5221 3059 5277 vivum
3091 5229 3319 5287 teneret,
3348 5235 3442 5274 rex
3469 5235 3593 5276 eum
3619 5221 3686 5276 de
3708 5220 3962 5276 manibus
3986 5220 4104 5290 ejus
4124 5221 4302 5289 eripe-

2685 5323 2791 5380 ret,
2825 5315 2878 5369 in
2915 5331 3016 5370 sua
3041 5315 3348 5384 prtesentia,
3375 5314 3771 5370 circumstante
3800 5328 3909 5369 non
3934 5329 4104 5385 parva
4131 5313 4303 5369 horni-

2686 5423 2816 5463 num
2849 5406 3218 5472 multitudine,
3249 5406 3506 5463 decollari
3531 5406 3792 5478 prmcepit
3858 5405 4054 5461 Statim
4085 5420 4216 5461 vero
4249 5412 4304 5460 et

2688 5500 2805 5572 ipse
2834 5508 3072 5555 emeatus
3105 5509 3208 5562 est,
3253 5508 3307 5555 et
3356 5507 3540 5554 tantus
3569 5513 3695 5553 eum
3739 5514 3862 5554 cum
3895 5497 4151 5554 omnibus
4203 5495 4300 5567 qui

2694 5675 2891 5730 visitur
2923 5672 3022 5748 ξε.
3055 5673 3247 5748 Alexio
3292 5681 3347 5727 et
3389 5670 3671 5748 Bonifacio
3701 5666 4301 5748 Moguntizeuarchiepi:

2695 5761 2882 5816 scopo,
2915 5743 3332 5816 Germaniisque
3360 5743 3607 5816 apostolo
3632 5751 3689 5798 et
3715 5742 3941 5816 martyri
3975 5742 4180 5816 dicata,
4216 5742 4303 5790 cui

2694 5811 2824 5871 olim
2857 5815 3067 5870 ordinis
3107 5814 3168 5870 S.
3212 5811 3495 5868 Benedicti
3523 5814 3797 5874 monachi,
3843 5811 3936 5868 sed
3983 5811 4304 5881 impraesen-

2697 5888 2897 5940 tiarum
2929 5885 3018 5956 alii
3053 5885 3262 5939 ordinis
3292 5884 3397 5939 divi
3433 5883 3747 5956 Hieronymi
3778 5885 4098 5939 inserviunt.

2773 5957 2922 6026 (261)
2965 5955 3084 6009 Vat.
3111 5956 3257 6020 t'0tl.,
3291 5971 3414 6009 mox
3444 5963 3498 6008 ut
3528 5956 3597 6008 ad
3625 5955 3742 6009 eum
