5652 6416
589 0 5363 113 Μήπη

1739 409 1822 425 ν,

2176 476 2281 534 97!
2599 493 2657 549 s.
2690 493 2890 550 Ρετιιι
2929 495 3214 552 unum
3250 499 3401 554 ope.
3429 500 3607 555 pass
3647 500 3779 557 seu
3814 500 4049 557 rosus
4089 502 4152 557 ιι.
4196 532 4260 541 -
4306 501 4726 561 sancronuu
4781 506 4982 562 vine.
5330 508 5427 572 tuo

2171 609 2426 662 astabant
2456 614 2639 673 stupor
2662 605 2950 675 oppressit,
2984 616 3041 662 ut
3070 607 3219 677 (262)
3247 609 3359 678 {nec
3393 611 3615 676 sentire,
3652 627 3749 666 nec
3777 619 3824 674 Α
3856 616 4086 670 nachum
4110 617 4350 681 mittunt,
4379 627 4432 671 et
4461 633 4558 687 per
4574 633 4696 673 eum
4722 634 4750 672 a
4777 635 4998 674 summa:
5020 622 5164 677 sedis
5193 623 5431 682 antistite

2180 693 2378 765 aliquid
2410 693 2758 748 humanitatis
2778 694 3012 749 officium
3044 713 3204 766 agerc
3243 698 3581 768 aliquatenus
3625 714 3751 769 pos-

2177 797 2328 846 s-mt,
2364 780 2455 834 sed
2484 783 2687 846 cuncti,
2734 784 2876 838 velut
2899 785 3122 855 lapides,
3165 789 3321 858 rigidi
3362 801 3413 843 et
3454 789 3756 844 immobiles

2159 886 2575 943 permanerem.
2619 873 2731 928 Rex
2785 886 2961 929 autem
3009 878 3110 933 hoc
3166 883 3411 943 audiens,
3454 884 3620 936 nimio
3661 885 3755 937 do-

2152 993 2161 1009 .
2192 969 2286 1011 ore
2316 977 2619 1032 percussus,
2652 967 2872 1019 omnino
2895 968 3156 1023 deliberat
3193 987 3297 1024 non
3325 973 3495 1025 solum
3532 972 3752 1026 fratrem

2178 1053 2445 1117 occidere,
2472 1056 2562 1110 sed
2587 1066 2638 1110 et
2669 1069 2897 1112 cunctos
2944 1061 3033 1128 qui
3076 1062 3177 1115 sibi
3207 1063 3339 1115 tanti
3369 1072 3550 1117 reatus
3581 1064 3756 1117 fauto-

2177 1157 2262 1197 res
2284 1146 2627 1211 exstiterant,
2657 1148 2846 1216 gladiis
2880 1150 3164 1205 trucidare.
3194 1150 3295 1205 Sed
3323 1168 3443 1204 cum
3472 1153 3596 1206 illuc
3633 1169 3756 1221 pro—

2179 1234 2319 1286 tinus
2332 1233 2656 1299 advenisset,
2681 1247 2754 1301 et,
2785 1252 3011 1307 corpore
3027 1241 3278 1310 martyris
3303 1242 3476 1295 adhuc
3502 1242 3553 1294 in
3579 1244 3756 1297 medio

2177 1322 2371 1388 posito,
2397 1321 2620 1380 fratrem
2650 1327 2807 1379 simul
2840 1344 2962 1382 cum
3014 1329 3236 1396 reliquis
3278 1329 3590 1385 horninibus
3638 1332 3754 1385 sine

2177 1427 2335 1465 .-.ensu
2392 1423 2443 1468 et
2474 1424 2617 1470 motu
2649 1417 2977 1485 stupefactus
3022 1428 3202 1473 astare
3248 1421 3602 1488 conspiceret,
3653 1422 3756 1476 hoc

2173 1503 2270 1554 sibi
2303 1517 2426 1557 cum
2475 1505 2587 1560 suis
2615 1508 2863 1561 omnibus
2886 1509 3103 1577 placuit,
3135 1519 3191 1562 ut
3221 1510 3371 1579 prius
3400 1526 3495 1579 pro
3522 1513 3603 1564 eis
3627 1525 3752 1566 ora-

2173 1593 2247 1645 tio
2275 1592 2443 1655 fieret,
2467 1596 2512 1650 si
2539 1596 2762 1652 forsitan
2788 1600 2889 1654 illis
2914 1601 3091 1654 divina
3120 1601 3488 1655 misericordia
3535 1617 3753 1657 sensum

2171 1705 2327 1754 quem
2364 1691 2660 1744 amiserant
2710 1690 3059 1758 reformaret;
3111 1695 3303 1748 deinde
3355 1696 3398 1748 si
3443 1696 3755 1765 acquiesce-

2174 1793 2292 1838 rent
2332 1784 2576 1847 credere,
2607 1784 2814 1839 indulto
2849 1786 3077 1842 crimine
3107 1789 3385 1852 viverent;
3418 1789 3499 1841 sin
3549 1799 3751 1852 autem,

2171 1890 2360 1928 «mnes
2399 1874 2663 1929 ultoribus
2708 1875 2902 1946 gladiis
2951 1877 3257 1931 interirent.
3304 1877 3437 1930 Cum
3482 1878 3648 1948 igitur
3698 1887 3752 1931 et

2177 1970 2235 2021 ι’)
2267 1969 2382 2037 ipso
2417 1983 2538 2041 rege
2590 1978 2642 2022 et
2682 1983 2710 2021 a
2743 1970 2956 2024 cteteris
2978 1969 3300 2024 Christianis
3320 1970 3522 2024 diutius
3560 1970 3748 2026 fuisset

2192 2069 2406 2119 ~.ratum,
2442 2074 2545 2112 non
2577 2057 2748 2112 solum
2778 2061 2924 2128 prior
2955 2075 3146 2114 sensus
3174 2059 3489 2130 stupefactis
3513 2061 3747 2115 homini-

2173 2155 2273 2206 ltus
2306 2152 2571 2215 redditur.
2593 2155 2685 2209 sed
2714 2154 2933 2224 insuper
2963 2155 3242 2210 consilium
3273 2172 3484 2226 quoque
3508 2156 3750 2227 flagitan-

2175 2242 2255 2295 (ιω
2284 2257 2426 2297 vera:
2451 2244 2638 2298 salutis
2668 2255 2910 2315 augetur.
2943 2244 3076 2300 Nam
3101 2246 3356 2300 continuo
3378 2248 3749 2315 penitentiam

2178 2331 2258 2385 sui
2285 2332 2526 2387 criminis
2550 2331 2797 2389 flebiliter
2818 2344 3096 2404 expetunt,
3131 2338 3382 2407 baptismi
3410 2347 3754 2393 sat-ramenta

2177 2437 2298 2476 cum
2329 2438 2520 2493 magna
2551 2425 2831 2480 alacritate
2859 2427 3180 2496 suscipiunt,
3213 2443 3374 2497 super
3404 2443 3599 2498 corpus
3621 2445 3755 2498 quo-

2177 2527 2282 2582 que
2327 2515 2622 2571 beatissimi
2653 2519 2905 2589 martyris
2934 2519 3218 2574 ecclesiam
3257 2529 3598 2575 construunt.
3649 2521 3754 2576 Ve-

2179 2616 2478 2661 rumtamen
2510 2605 2607 2677 ego
2638 2609 2681 2662 si
2732 2611 2798 2663 de
2842 2609 2942 2664 hoc
2971 2611 3200 2664 mirabili
3232 2612 3347 2666 viro
3378 2623 3587 2674 cuncta.
3636 2627 3754 2681 qua

2176 2694 2281 2748 dici
2314 2697 2575 2751 veraciter
2603 2709 2849 2766 possunt,
2886 2700 3144 2753 virtutum
3173 2700 3310 2754 dona
3341 2702 3543 2756 referre
3572 2711 3753 2757 tenta-

2179 2803 2310 2855 rem,
2342 2791 2594 2848 deficeret
2629 2793 2853 2847 forsitan
2884 2794 3086 2865 lingua,
3126 2809 3232 2849 non
3272 2795 3558 2850 deficiente
3589 2805 3759 2851 mate-

2179 2881 2279 2933 ria.
2343 2883 2476 2936 Dum
2531 2885 2692 2953 igitur
2743 2883 3002 2938 Bonifacii
3038 2886 3212 2940 virtus
3259 2887 3476 2954 pr0prio
3522 2887 3759 2956 indigeat

2175 2970 2340 3041 stylo,
2375 2971 2575 3027 idcirco
2613 2983 2790 3027 tamen
2816 2975 2964 3027 illum
2991 2990 3112 3027 cum
3144 2975 3262 3028 aliis
3284 2974 3566 3028 Romualdi
3599 2976 3760 3029 disci-

2174 3060 2314 3128 pulis
2347 3073 2718 3118 summotenus
2759 3065 2844 3119 hic
2867 3065 3029 3137 453
3061 3081 3362 3118 memorare
3393 3081 3671 3128 curamus,
3699 3073 3758 3118 ut

2175 3169 2241 3209 ex
2273 3169 2456 3207 eorum
2483 3152 2639 3207 laude
2659 3170 2819 3224 quam
2851 3169 3079 3223 magnus
3104 3157 3184 3208 vir
3209 3156 3475 3226 gloriosus
3506 3155 3758 3224 Magister

2177 3265 2365 3303 eorum
2418 3246 2577 3300 fuerit
2626 3247 3076 3313 demonstremus,
3108 3257 3392 3316 quatenus,
3422 3247 3549 3300 dum
3595 3248 3751 3302 celsi-

2174 3339 2308 3396 tudo
2338 3337 2611 3394 clientium
2659 3338 2882 3394 auribus
2907 3337 3142 3395 fidelium
3185 3337 3418 3403 insonat,
3451 3352 3613 3409 quam
3656 3353 3751 3394 ex-
3784 3363 3830 3427 ε

2179 3428 2359 3484 celsus
2406 3428 2605 3483 Doctor
2633 3443 2820 3482 eorum
2870 3427 3032 3484 fuerit
3075 3444 3139 3484 ex
3171 3428 3354 3486 schola
3384 3445 3546 3502 quam
3590 3429 3761 3487 tenuit

2178 3518 2499 3574 innotescat.

2712 3628 2941 3686 CAPUT
2996 3628 3224 3686 XXVIII.

2428 3738 2507 3795 De
2539 3740 2746 3796 Joanne
2782 3749 2831 3796 et
2861 3740 3140 3798 Benedicto
3173 3745 3510 3814 martyribus.

2253 3850 2818 3918 lnterea,Romualdo
2872 3853 2923 3906 in
2981 3851 3149 3908 Pereo
3202 3851 3378 3910 adimo
3444 3854 3758 3921 habitante,

2181 3941 2473 3998 Busclavua
2497 3957 2596 3998 rex
2616 3957 2802 4013 preces
2835 3943 3140 4012 imperatori
3178 3944 3398 4011 direxit,
3427 3955 3486 4000 ut
3523 3945 3624 4000 sibi
3654 3945 3766 4016 spi-

2184 4031 2408 4087 rituales
2431 4033 2576 4086 viros
2604 4033 2838 4088 mitteret
2865 4033 2954 4102 qui
2983 4034 3131 4103 regai
3157 4034 3236 4088 sui
3267 4044 3478 4104 gentem
3506 4037 3572 4088 ad
3604 4035 3762 4090 iidem

2184 4131 2461 4176 vocarent.
2505 4119 2624 4175 lout
2671 4121 3031 4176 llomualdum
3086 4123 3379 4190 imperator
3423 4125 3765 4194 aggreditur,

2182 4223 2238 4268 et
2265 4213 2488 4268 concedi
2520 4213 2619 4268 sibi
2663 4214 2728 4268 de
2759 4215 2870 4268 suis
2898 4215 3179 4269 monachis
3215 4216 3304 4284 qui
3340 4215 3462 4270 illuc
3505 4217 3764 4272 destinari

2185 4301 2392 4356 utiliter
2435 4301 2652 4354 valeant
2693 4302 3032 4372 deprecatur.
3077 4303 3165 4359 Ille
3207 4319 3337 4358 vero
3379 4305 3507 4358 nulli
3544 4321 3763 4359 suorum

2186 4393 2287 4447 hoc
2313 4392 2609 4462 praecipere
2632 4390 2774 4446 velut
2795 4407 2859 4447 ex
2883 4393 3208 4463 przelationis
3231 4395 3551 4449 auctoritate
3577 4391 3763 4457 voluit,

2183 4481 2280 4536 sed
2325 4481 2379 4536 in
2417 4495 2604 4536 eorum
2635 4491 2758 4537 voto
2798 4497 3018 4552 ponens,
3054 4484 3168 4538 sive
3208 4486 3459 4540 manendi
3505 4488 3618 4541 sive
3672 4487 3765 4541 ab-

2181 4570 2346 4624 eundi
2373 4571 2455 4626 eis
2484 4570 2637 4639 (263)
2696 4573 2966 4641 Optionem
3003 4575 3170 4630 dedit.
3207 4575 3492 4646 ignorabat
3518 4577 3662 4631 euitn
3699 4593 3765 4630 ex

2187 4676 2296 4716 tam
2331 4661 2616 4718 metuendo
2645 4664 2860 4732 negotio
2884 4664 3212 4720 voluntatem
3244 4668 3358 4732 Dei,
3401 4677 3455 4722 et
3494 4669 3612 4721 ideo
3661 4683 3765 4721 non

2186 4750 2315 4806 illud
2369 4766 2467 4806 suo
2509 4752 2604 4807 sed
2633 4751 2860 4806 fratrum
2891 4754 3068 4823 potius
3105 4755 3332 4810 arbitrio
3375 4757 3766 4810 committebat.

2181 4850 2556 4917 interrogante
2584 4846 2742 4916 ig't-n-
2770 4862 2865 4902 eos
2893 4847 3060 4917 (264),
3099 4862 3145 4898 ct
3177 4849 3455 4902 lmmilter
3479 4849 3771 4903 obsecran-

2182 4947 2251 5000 te,
2289 4937 2499 4992 tandem
2532 4935 2637 4990 duo
2662 4935 2995 4989 solummodo
3019 4946 3142 4989 sunt
3171 4953 3234 4988 rx
3263 4937 3514 4990 Oﬂlltlitus
3566 4938 3768 4992 inventi

2177 5028 2273 5096 qui
2307 5043 2366 5082 se
2388 5027 2530 5082 ultro
2555 5027 2621 5078 ad
2650 5024 2897 5079 eumdem
2930 5038 3203 5095 promptos
3235 5027 3485 5081 ull-runt.
3527 5031 3768 5096 Quorum

2180 5131 2326 5172 unius
2351 5114 2605 5177 Joannes,
2630 5113 2842 5168 Bancdu
2864 5123 2950 5167 tus
2980 5115 3114 5170 alter
3143 5129 3209 5170 κο
3231 5118 3450 5172 -;ι1›..ιιιι·.
3495 5119 3554 5172 Ιιι
3586 5120 3768 5188 itaque

2180 5212 2246 5264 :izl
2276 5209 2596 5266 Busclavum
2630 5218 2838 5268 etmtes.
2866 5208 2880 5260 i
2906 5230 2917 5260 i
2940 5225 3118 5262 eremo
3145 5211 3290 5276 prius
3320 5225 3413 5264 crs
3442 5219 3774 5265 sustentante

2203 5317 2407 5357 nancte
2438 5310 2738 5371 ceperunt,
2767 5311 2822 5354 et
2867 5310 2921 5356 ut
2961 5299 3255 5368 praedicare
3282 5304 3616 5370 postmodum
3650 5318 3772 5370 pos—

2188 5399 2330 5450 sent.
2355 5389 2722 5445 Sclavonicam
2754 5390 2990 5459 linguam
3018 5389 3285 5444 laboriose
3324 5391 3533 5445 discere
3556 5392 3772 5445 studue-

2189 5490 2332 5533 runt.
2376 5479 2616 5550 Septimo
2644 5493 2772 5532 vero
2807 5495 2968 5537 anno,
3009 5495 3128 5532 cuztt
3173 5481 3283 5549 jam
3325 5478 3588 5550 loquelam
3613 5491 3771 5538 terra:

2194 5570 2346 5639 plene
2374 5582 2780 5640 cognoscerent,
2813 5587 2976 5626 unum
3002 5577 3067 5625 ad
3097 5571 3394 5627 Romanam
3441 5575 3624 5629 urbem
3653 5592 3762 5631 mo-

2268 5748 2415 5819 l262)
2442 5749 2511 5826 _ln
2559 5753 2818 5826 Vaticano
2862 5753 3046 5826 codice
3100 5755 3332 5826 legitur:
3373 5763 3431 5826 ut
3481 5769 3580 5808 nec
3625 5754 3768 5826 loqui

2199 5835 2290 5895 nec
2323 5821 2530 5885 arttlit‘e,
2572 5839 2664 5878 ure
2710 5823 2921 5892 aliquod
2969 5821 3311 5881 humanitatis
3354 5825 3575 5895 amcitia.
3622 5821 3772 5895 agere

2212 5890 2538 5947 alia-tamenne
2566 5890 2867 5959 potuissent.

3858 704 4182 773 praedicandi
4233 706 4504 761 licentiam
4559 718 4767 778 petunt.
4831 709 5118 778 lujungnnt
5169 714 5331 767 etiam
5377 721 5434 767 ut

3859 797 4080 849 nuntius
4111 795 4196 849 ille
4223 796 4433 864 aliquos
4458 813 4640 852 secum
4669 799 4733 853 de
4771 797 4831 852 Β.
4877 799 5153 856 Romualdi
5181 801 5433 856 fratribus

3859 887 4075 940 duceret
4101 889 4208 954 qui.
4239 889 4530 943 eremiticze
4551 892 4974 947 conversationis
5000 894 5149 962 gnari
5171 935 5186 958 ,
5213 909 5335 948 cum
5357 895 5435 948 eis

3859 979 4014 1031 simul
4046 981 4096 1032 in
4126 979 4437 1036 Sclavorum
4469 983 4712 1052 partibus
4743 984 5067 1039 habitarent.

3930 1112 4221 1168 Busclavus
4253 1123 4430 1169 autem
4473 1115 4657 1170 volens
4684 1131 4938 1171 coronam
4960 1118 5040 1171 sui
5065 1118 5211 1188 regni
5237 1132 5300 1172 ex
5329 1116 5436 1171 Bo-

3860 1217 4015 1256 mana
4067 1206 4388 1257 auctoritate
4435 1206 4729 1274 suscipere.
4781 1208 5062 1275 praedictos
5105 1208 5438 1262 venerabiles

3860 1294 4004 1346 viros
4035 1294 4230 1346 obnixa
4269 1294 4434 1364 cmpit
4479 1296 4864 1364 supplicatione
4892 1297 5182 1366 deposcere
5242 1309 5300 1352 ut
5336 1299 5436 1366 ipsi

3859 1383 4083 1453 plurima
4111 1384 4228 1452 ejus
4255 1387 4388 1438 dona
4417 1402 4564 1455 papre
4595 1387 4890 1454 deferrent,
4919 1398 4974 1442 et
5000 1404 5253 1443 coronam
5280 1391 5379 1444 sibi
5407 1405 5437 1443 a

3857 1476 3984 1530 sede
4013 1476 4304 1544 apOstolica
4339 1487 4694 1545 reportarem.
4735 1479 4834 1546 Qui
4873 1481 5031 1550 regia:
5074 1481 5318 1549 petitioni
5352 1494 5438 1533 as-

3858 1581 4073 1622 sensum
4105 1569 4316 1636 penitus
4343 1568 4693 1640 deuegantes,
4737 1571 5023 1624 dixerunt:
5058 1571 5161 1625 Nos
5197 1573 5248 1624 in
5279 1587 5441 1644 sset}!

3858 1657 4046 1714 ordine
4073 1660 4228 1728 positi
4258 1674 4464 1722 sumus,
4519 1670 4748 1714 tractare
4781 1663 4933 1716 nobis
4962 1663 5238 1716 stecularia
5279 1677 5440 1732 nego-

3861 1749 3932 1803 tia
3973 1749 4189 1802 minime
4219 1750 4368 1813 licet;
4397 1760 4449 1804 et
4486 1752 4580 1812 ita.
4607 1751 4971 1822 relinquentes
5008 1768 5210 1823 regem.
5243 1752 5309 1804 ad
5340 1753 5442 1804 cel-

3861 1838 3965 1891 lam
4021 1841 4220 1895 reversi
4271 1849 4414 1893 sunt.
4457 1841 4684 1906 Quidam
4734 1857 4861 1896 vero
4905 1842 5048 1912 regis
5090 1852 5443 1911 agnoscentes

3860 1929 4173 1991 consilium,
4199 1931 4290 1982 sed
4315 1930 4441 1999 quid
4465 1932 4633 1984 sancti
4667 1931 4764 1984 viri
4794 1931 5160 2001 responderint
5192 1932 5443 2001 ignoran-

3781 2011 3823 2068 B
3855 2029 3952 2083 tes,
3977 2021 4251 2090 copiosum
4284 2021 4399 2074 auri
4433 2021 4669 2090 pondus,
4699 2022 4840 2090 quod
4875 2022 5188 2076 mittendum
5227 2032 5444 2091 aposto-

3853 2110 3956 2165 lico
3988 2112 4189 2176 fuerat,
4228 2129 4410 2167 secum
4448 2128 4542 2168 eos
4578 2113 4831 2168 detulisse
4867 2115 4931 2168 ad
4960 2113 5201 2169 cellulam
5240 2113 5444 2182 opinati

3854 2213 3998 2257 sunt.
4039 2204 4237 2258 Deinde
4271 2206 4408 2258 intra
4453 2220 4510 2258 se
4557 2206 4913 2261 conventione
4957 2215 5109 2276 pacta
5144 2207 5444 2260 condicunt

3856 2305 3914 2347 ut
3946 2307 4107 2349 noctu
4151 2311 4389 2349 crcmum
4423 2295 4650 2366 latenter
4693 2296 4916 2366 ingressi
4958 2297 5251 2351 monachos
5279 2296 5446 2350 inter-

3859 2386 4086 2439 ficerent
4128 2394 4182 2439 ct
4215 2386 4496 2454 pecuniam
4528 2362 4886 2453 asportarent.
4946 2385 5091 2452 Quos
5138 2400 5259 2439 cum
5303 2387 5446 2438 beati

3858 2477 3957 2528 viri
3988 2485 4257 2529 tentantes
4295 2475 4593 2544 irrumpere
4619 2477 5036 2545 persensissent,
5059 2475 5326 2530 adventus
5356 2491 5448 2529 eo-

3859 2583 3975 2620 rum
4011 2583 4226 2622 causam
4266 2569 4511 2638 protinus
4544 2580 4917 2638 agnoscentes,
4943 2570 5336 2626 confessionem
5368 2569 5444 2623 in-

3859 2669 3940 2713 ter
3969 2675 4027 2714 se
4053 2658 4229 2714 facere
4259 2671 4312 2714 et
4338 2673 4535 2716 sanctae
4560 2663 4737 2717 crucis
4767 2677 4826 2718 se
4864 2676 5076 2733 carpere
5102 2662 5299 2717 vexillo
5325 2677 5444 2716 no

3858 2750 3994 2804 nire.
4049 2750 4216 2804 Erant
4250 2762 4432 2805 autem
4480 2751 4550 2806 ibi
4601 2752 4706 2808 duo
4752 2752 4902 2822 pueri
4956 2767 5140 2808 eorum
5184 2751 5448 2822 obsequio

3857 2839 4024 2911 454
4046 2855 4112 2896 ex
4145 2841 4261 2894 aula
4291 2843 4434 2912 regia
4463 2843 4696 2912 deputati
4724 2843 4836 2913 qui,
4868 2852 5025 2912 prout
5054 2843 5195 2897 vires
5223 2842 5446 2908 dabant,

3861 2937 4006 2982 stare
4034 2944 4131 2997 pro
4161 2931 4364 2984 sanctis
4405 2939 4458 2985 et
4504 2929 4708 2985 furibus
4741 2933 4990 2986 resistere
5021 2932 5121 2986 nisi
5153 2940 5299 2986 sunt.
5345 2930 5450 2985 Fu-

3862 3033 3949 3073 res
3981 3035 4106 3075 vero
4151 3031 4362 3089 reperto
4410 3022 4623 3075 tandem
4675 3022 4821 3075 aditu
4866 3023 5135 3077 irruentes
5186 3022 5452 3078 extractis

3860 3112 4051 3181 gladiis
4089 3128 4279 3167 omnes
4328 3115 4530 3183 pariter
4567 3115 4901 3169 occiderunt.
4942 3113 5089 3169 Tunc
5135 3114 5451 3168 thesaurum

3855 3216 4014 3256 anxie
4053 3205 4451 3273 perquirentes,
4482 3205 4575 3259 sed
4607 3205 4813 3259 eversis
4839 3206 5086 3259 omnibus
5126 3204 5260 3258 nihil
5298 3205 5453 3258 inve-

3861 3299 4090 3361 nientes,
4121 3308 4176 3353 ut
4204 3301 4333 3354 tanti
4369 3310 4548 3354 reatus
4571 3302 4775 3355 crimen
4797 3299 5108 3369 obtegerent
5130 3307 5182 3353 et
5213 3299 5452 3352 humana

3863 3393 4101 3463 suspicio
4135 3408 4239 3448 non
4269 3393 4456 3456 armis.
4483 3394 4579 3448 sed
4607 3392 4836 3448 ﬂammis
4866 3393 5040 3462 potius
5066 3391 5206 3462 quod
5245 3390 5452 3446 factum

3863 3483 4405 3553 fueratdeputarent,
4450 3483 4642 3537 cellam
4695 3481 4982 3537 incendere
5024 3491 5077 3535 et
5118 3482 5229 3549 ipsa
5270 3478 5454 3534 conati

3862 3585 3989 3630 sunt
4043 3585 4342 3646 martyrum
4391 3575 4653 3628 cadavera
4700 3571 5048 3642 conflagrare.
5100 3572 5204 3627 Sed
5245 3569 5452 3625 admoti

3866 3666 4039 3734 ignes,
4068 3665 4281 3718 amissis
4303 3672 4503 3717 natum:
4529 3663 4753 3728 viribus,
4787 3663 4857 3717 nil
4880 3664 5097 3718 omnino
5125 3675 5454 3717 consumere

3865 3756 3990 3809 ullis
4035 3755 4310 3810 hominum
4358 3756 4551 3809 studiis
4592 3764 4830 3824 potuere.
4881 3754 4956 3808 Ita
5006 3754 5147 3809 enim
5183 3769 5282 3808 eos
5332 3755 5450 3821 ipsa

3863 3846 4027 3900 etiam
4073 3847 4336 3915 parietum
4385 3846 4638 3901 materies
4683 3845 4970 3914 repellebat
4994 3859 5057 3900 ac
5087 3846 5131 3900 si
5171 3860 5270 3915 pro
5294 3844 5455 3915 lignis

3864 3937 4138 3991 durissimi
4191 3936 4367 3990 silices
4415 3945 4618 3991 essent.
4671 3935 4935 3991 Frustrati
4986 3935 5164 4006 itaque
5215 3933 5365 3989 fures
5403 3938 5453 3987 in

3866 4027 4046 4098 fugam
4074 4042 4132 4083 se
4161 4026 4408 4082 conferre
4437 4027 4702 4090 nituntur,
4727 4026 4819 4082 sed
4839 4037 4892 4081 et
4915 4026 5014 4082 hoc
5042 4027 5144 4080 illis
5171 4041 5237 4080 ex
5268 4027 5450 4079 divina

3865 4119 4203 4190 providentia
4257 4119 4573 4190 denegatur.
4635 4115 4766 4173 Tota
4826 4118 5088 4190 siquidem
5142 4126 5302 4172 nocte
5357 4132 5454 4185 per

3869 4213 4069 4267 fruteta
4126 4225 4447 4275 nemorum,
4500 4226 4596 4282 per
4649 4210 4986 4266 latitudinem
5034 4209 5306 4270 saltuum,
5356 4225 5454 4278 per

3868 4319 4036 4372 opaca
4080 4304 4333 4358 silvarum
4387 4305 4527 4358 viam
4577 4304 4777 4358 anxiati
4824 4312 4946 4358 sunt
4989 4315 5250 4372 quatere,
5288 4318 5452 4369 quam

3871 4404 4049 4447 tamen
4086 4392 4387 4447 nu'latenus
4429 4392 4640 4448 valuere
4681 4392 5000 4447 crrabundis
5033 4391 5275 4461 vestigiis
5303 4390 5454 4443 inve-

3870 4487 4005 4538 nire.
4050 4484 4153 4538 Sed
4186 4500 4360 4553 neque
4390 4484 4644 4554 pugiones
4672 4485 4723 4537 in
4750 4485 4968 4552 vaginas
5002 4481 5293 4536 recondere
5332 4496 5452 4532 are-

3871 4575 4029 4630 factis
4057 4576 4291 4631 brachiis
4317 4584 4622 4646 potuerunt.
4669 4574 4766 4629 Ubi
4815 4589 4942 4629 vero
4980 4584 5289 4628 sanctorum
5309 4571 5452 4638 jace-

3799 4703 3846 4762 υ
3874 4665 4002 4717 baut
4031 4680 4277 4733 corpora,
4305 4666 4576 4732 copiosum
4605 4664 4782 4718 lumen
4813 4677 4978 4731 usque
5014 4662 5065 4715 in
5103 4663 5246 4715 diem
5272 4663 5454 4730 splen-

3873 4758 4091 4810 descere
4126 4765 4179 4808 et
4215 4756 4519 4809 dulcissima
4550 4755 4805 4825 angelica:
4841 4752 5121 4808 cantilena
5157 4766 5264 4806 non
5295 4752 5450 4807 desiit

3872 4850 4108 4902 suavitas
4131 4863 4404 4902 resonare.

3943 4953 4274 5013 Adveniente
4303 4966 4478 5012 autem
4508 4958 4613 5020 die,
4641 4959 4782 5026 quod
4817 4954 5010 5010 factum
5052 4955 5226 5008 fuerat
5271 4970 5446 5025 regem

3874 5047 4038 5101 latere
4064 5063 4168 5102 non
4195 5049 4384 5116 potuit.
4425 5045 4525 5114 Qui
4568 5046 4706 5101 illico
4737 5048 4802 5100 ad
4829 5060 5070 5100 eremum
5105 5059 5228 5098 cum
5261 5059 5445 5098 nurne-

3879 5155 3997 5194 rosa
4040 5139 4220 5209 populi
4259 5137 4601 5192 multitudine
4633 5137 4925 5194 festinavit.
4955 5144 5008 5191 et
5046 5151 5114 5190 ne
5153 5134 5304 5190 fures
5329 5149 5446 5190 eva-

3876 5232 4085 5292 derent,
4113 5228 4250 5282 facta
4274 5242 4471 5290 corona
4503 5227 4778 5281 hominum
4801 5237 4964 5282 totam
4993 5225 5181 5281 silvam
5217 5227 5447 5295 undique

3874 5319 4271 5373 (ircumcinxit.
4306 5318 4405 5383 Qui
4432 5317 4644 5372 tandem
4673 5317 4867 5387 reperti
4900 5326 5024 5372 sunt
5053 5317 5320 5372 manifesti
5347 5319 5443 5372 cri-

3876 5408 4035 5462 minis
4067 5407 4141 5461 rei
4169 5416 4225 5461 et
4252 5407 4316 5460 ad
4347 5407 4552 5478 gladios
4582 5423 4709 5463 suos
4739 5408 4912 5461 adhuc
4937 5408 5116 5460 divina
5153 5422 5219 5461 ex
5249 5408 5443 5462 ultione

3875 5500 4044 5569 ligati.
4087 5499 4196 5553 Rev
4243 5510 4438 5558 autem.
4471 5501 4596 5568 quid
4631 5503 4692 5557 de
4717 5503 4797 5556 eis
4823 5500 5022 5555 faceret
5066 5502 5247 5555 habita
5279 5500 5440 5556 oonsi-

3877 5592 4150 5648 deratione
4180 5592 4502 5655 deliberans,
4546 5593 4644 5646 hoc
4687 5603 4952 5660 postremo
4992 5593 5226 5647 decrevit
5265 5605 5324 5647 ut
5363 5607 5438 5646 ue-

3946 5768 4093 5834 (263)
4138 5767 4389 5822 Omnibus
4415 5769 4642 5823 habetur
4672 5771 4720 5823 in
4746 5770 4928 5824 codice
4965 5771 5243 5827 Vaticano.

3946 5835 4092 5909 (εει)
4137 5838 4271 5909 Rege
4301 5840 4351 5894 in
4377 5842 4564 5895 eodem
4587 5842 4769 5895 cmlice
4797 5839 5026 5895 additur.
