5652 6376
2291 387 2459 448 Vl‘l‘A
2497 388 2555 446 S.
2603 385 2988 446 ROMUALDI.

4251 383 4362 442 οη

1020 529 1290 592 quaquam
1319 527 1437 581 eos,
1469 511 1611 570 sicut
1640 506 2017 570 merebantur,
2072 505 2247 562 occidi
2281 503 2625 576 prmciperet,
2657 503 2707 564 Α
2735 499 3025 556 domadam
3057 498 3112 556 In
3141 496 3277 557 cella
3306 496 3656 562 consisteret,
3687 495 3882 554 diebus
3903 511 4035 556 vero
4062 494 4364 592 Dominicis

1019 611 1110 666 sed
1155 607 1350 664 ferreis
1400 606 1609 663 catenis
1655 603 1870 658 vinctos
1911 601 1983 657 ad
2024 599 2275 672 sepulcra
2327 609 2632 672 martyrum

1015 703 1341 766 destinaret,
1372 709 1642 772 quatenus
1665 708 1758 753 aut
1795 696 1865 752 ibi
1900 711 2071 768 usque
2099 695 2167 749 ad
2197 693 2404 750 obitum
2433 693 2484 748 in
2515 692 2633 747 vin-

1016 792 1152 848 culis
1167 792 1551 849 ut'serabiliter
1571 792 1838 852 viverent,
1868 797 1984 856 aut,
2002 788 2046 844 si
2069 787 2278 844 sanctis
2299 784 2634 858 martyribus

1017 882 1177 940 aliter
1207 886 1502 947 videretur,
1532 883 1632 954 ipsi
1664 897 1759 938 eos
1788 898 1886 938 sua
1912 880 2285 938 misericordia
2315 878 2630 947 liberarent.

1017 972 1269 1044 Quicum
1304 975 1369 1029 ad
1397 986 1711 1030 sanctorum
1748 973 2014 1028 tumulum
2049 972 2281 1029 fuissent
2319 988 2384 1028 ex
2427 987 2629 1043 praece-

1017 1081 1108 1139 pto
1140 1067 1284 1139 regis
1309 1067 1546 1130 attracti,
1577 1081 1701 1122 mox
1737 1065 2014 1124 ineli‘abil'L
2043 1066 2347 1123 divinitatis
2385 1066 2635 1136 omnipo-

1018 1160 1184 1215 tentia
1217 1157 1410 1214 fractis
1460 1172 1587 1214 sunt
1625 1159 1854 1214 nexibus
1904 1159 2162 1214 absoluti.
2217 1159 2442 1225 Deinde,
2491 1158 2636 1213 facta

1015 1267 1178 1324 super
1204 1253 1434 1323 corpora
1457 1263 1770 1308 sanctorum
1793 1253 2040 1317 basilica,
2069 1252 2490 1309 innumerabilia
2527 1267 2635 1308 non

1015 1345 1190 1402 solum
1250 1356 1378 1402 tunc
1422 1345 1518 1402 sed
1550 1355 1606 1402 et
1636 1360 1778 1402 nunc
1809 1344 1882 1400 ibi
1916 1345 2054 1400 liunt
2086 1361 2151 1400 cx
2196 1344 2383 1402 divina
2434 1344 2638 1401 virtute

1016 1438 1268 1512 prodigia
1306 1437 1478 1511 (265).

1592 1527 1824 1588 CAPUT
1862 1525 2058 1585 XXIX.

1120 1621 1202 1676 De
1239 1621 1502 1678 monacho
1526 1639 1620 1693 per
1648 1620 1898 1693 angelum
1937 1622 2003 1676 de
2039 1635 2250 1674 carcere
2280 1617 2525 1674 liberato.
2624 1691 2628 1694 i

1086 1713 1392 1782 Imperator
1415 1721 1599 1767 autem
1625 1711 1915 1777 Henricus,
1935 1709 2188 1766 Busclavi
2213 1708 2501 1766 consilium
2526 1722 2637 1763 non

1013 1804 1296 1874 ignorans,
1345 1805 1582 1875 undique
1628 1804 1746 1859 vias
1785 1802 2050 1858 custodiri
2081 1810 2438 1876 praeceperat,
2485 1809 2564 1865 ut,
2588 1799 2636 1855 si

2739 593 2936 649 fratres
2963 593 3032 648 ad
3060 594 3456 650 monasterium
3501 592 3729 648 veniens
3765 591 4033 646 visitarct.
4078 590 4201 659 Qui.
4240 605 4366 645 sau-

2735 685 2808 741 cti
2842 685 2943 741 viri
2969 683 3123 754 iussa
3174 695 3556 750 contemnens,
3597 683 3766 754 coepit
3813 681 4156 737 smcularilcr
4179 683 4367 736 vivere

2735 786 2791 833 et
2829 777 2966 847 pede
2993 777 3176 850 operis
3202 776 3372 833 semel
3404 776 3753 833 exorbitaute
3799 789 3829 828 a
3877 772 4224 828 rectitudinis
4257 782 4366 826 tra-

2736 871 2867 926 mite
2889 871 3002 942 jam
3034 871 3248 944 longius
3279 871 3577 928 declinare.
3625 869 3828 924 Videas
3859 884 3992 938 ergo
4034 867 4368 923 Romualdus

2737 961 2882 1032 quod
2910 963 3213 1019 secundum
3243 977 3356 1018 suae
3386 961 3686 1016 voluntatis
3721 958 3976 1013 ardorem
4006 957 4077 1012 ibi
4117 957 4371 1014 laborare

2737 1071 2844 1112 non
2871 1063 3079 1127 posset,
3111 1069 3290 1129 regem
3314 1056 3570 1127 protinus
3591 1054 3742 1116 adiit,
3775 1063 3849 1118 et,
3871 1061 4108 1124 acceptre
4133 1053 4368 1124 promis-

2738 1145 2910 1203 sionis
2939 1155 3189 1214 exactor,
3221 1155 3404 1203 utrex
3436 1145 3740 1200 monachus
3773 1144 3932 1200 ﬁeret
3972 1143 4226 1199 insistere
4281 1157 4372 1197 ve-

2739 1239 3051 1297 hementius
3078 1240 3267 1312 ccepit.
3307 1240 3379 1294 At
3416 1238 3508 1294 ille
3543 1238 3817 1293 facturum
3861 1252 3922 1293 se
3964 1237 4188 1308 quidem
4225 1236 4372 1306 quod

2737 1333 3062 1403 exigebatur
3086 1333 3345 1399 asseruit,
3370 1333 3415 1388 si
3447 1340 3627 1387 tamen
3653 1331 3806 1403 prius
3830 1329 4088 1396 Romam,
4119 1344 4240 1401 qua:
4265 1329 4372 1386 sibi

2740 1425 3060 1493 rebellabat,
3088 1425 3399 1498 impeteret,
3425 1433 3502 1490 et,
3527 1440 3590 1480 ea
3622 1424 3866 1488 devicta,
3898 1423 4216 1478 Ravennam
4244 1437 4371 1480 cum

2740 1520 2970 1578 victoria
2988 1527 3284 1576 remearet.
3309 1517 3408 1575 Cui
3425 1516 3792 1574 Romualdus:
3819 1516 3876 1571 Si
3897 1515 4150 1580 Romam,
4171 1515 4372 1584 inquit,

2740 1610 2894 1677 ieris,
2918 1611 3237 1667 Ravennam
3267 1608 3499 1665 ulterius
3523 1623 3628 1662 non
3659 1606 3904 1672 videbis;
3937 1615 3994 1661 et
4022 1605 4375 1676 apertissime

2740 1703 2817 1760 illi
2842 1712 3076 1760 mortem
3108 1701 3471 1774 propinquam
3519 1715 3640 1756 esse
3670 1699 4021 1763 denuntians,
4071 1699 4201 1768 quia
4245 1713 4374 1752 eum

2743 1811 3006 1852 revocare
3028 1810 3136 1852 non
3153 1794 3354 1867 potuit,
3373 1792 3746 1866 proculdubio
3768 1793 3834 1847 de
3856 1793 3975 1864 ejus
3996 1801 4179 1848 certus
4203 1793 4376 1848 inter-

1011 1895 1312 1952 Bttsrlavus
1369 1895 1597 1950 Romam
1646 1893 1871 1951 nuntios
1917 1895 2183 1961 mitteret,
2227 1894 2282 1949 in
2338 1894 2459 1966 ejus
2491 1892 2637 1948 illico
2667 1876 2714 1938 Β
2743 1891 2856 1959 itu,
2888 1892 3018 1948 dum
3062 1905 3159 1947 rex
3196 1889 3428 1946 Romam
3462 1895 3752 1960 properat,
3805 1885 4142 1941 Romualdus
4192 1887 4374 1944 navim

1010 1987 1268 2043 manibus
1294 1985 1634 2043 devenirent.
1677 1985 1978 2042 Monachus
2007 1985 2156 2056 (266)
2182 2000 2313 2056 ergo
2334 1985 2427 2057 qui
2461 1998 2636 2057 nuper

1008 2080 1216 2136 missus
1246 2095 1276 2136 a
1316 2080 1521 2136 sanctis
1551 2079 1905 2152 martyribus
1945 2079 2142 2147 fuerat,
2177 2079 2395 2136 demum
2443 2087 2636 2150 captus

1004 2179 1090 2225 est
1143 2180 1201 2226 et
1249 2185 1376 2226 mox
1422 2169 1687 2227 carcerali
1731 2169 1995 2226 custodiae
2039 2170 2406 2242 mancipatus.
2467 2168 2638 2226 Nocte

1005 2278 1140 2318 vero
1174 2263 1324 2319 illum
1352 2263 1518 2338 555
1549 2263 1774 2336 angelus
1806 2263 2020 2320 Domini
2051 2264 2105 2320 in
2131 2278 2353 2320 carcere
2372 2265 2635 2331 visitavit,

1002 2362 1060 2408 et
1086 2363 1504 2411 consummatos
1531 2369 1654 2410 esse
1682 2369 1780 2410 eos
1826 2369 2061 2426 quorum
2083 2354 2354 2428 legatione
2376 2355 2642 2428 fungeba-

1005 2451 1436 2506 tur~admonuit
1488 2449 1684 2523 (267);
1738 2451 2072 2522 statimque,
2129 2460 2323 2522 aperto
2373 2450 2640 2508 divinitus

1005 2558 1267 2611 carcere,
1318 2554 1682 2615 praparatum
1723 2543 1826 2601 sibi
1877 2559 2001 2600 esse
2046 2543 2325 2616 navigium
2370 2544 2426 2600 in
2475 2542 2642 2601 ﬂuvio

1003 2653 1174 2710 quem
1220 2640 1554 2696 transiturus
1583 2648 1704 2696 erat
1757 2639 2010 2695 asseruit.
2053 2637 2174 2708 Quo
2217 2637 2486 2694 festinans
2515 2654 2639 2695 mo-

1003 2731 1225 2787 naeuius
1249 2731 1507 2805 angelica:
1533 2730 1911 2804 promissionis
1939 2730 2102 2788 ﬁdem
2132 2745 2323 2788 veram
2349 2745 2472 2789 esse
2501 2745 2638 2804 pro-

1004 2823 1183 2880 bavit.

1599 2915 1834 2975 CAPUT
1882 2916 2058 2974 XXX.

1005 3005 1086 3063 De
1111 3010 1436 3081 monasterio
1457 3010 1630 3081 sancti
1659 3009 1924 3064 Adelberti
1947 3017 2270 3081 constructo,
2293 3017 2342 3064 et
2361 3007 2640 3081 prophetia

1305 3078 1593 3135 Romualdi
1623 3081 1877 3135 adversus
1913 3097 2084 3152 regem
2113 3079 2346 3152 prolata.

1063 3182 1224 3247 'Dum
1251 3203 1560 3249 moraretur
1580 3203 1762 3249 autem
1792 3193 2130 3249 Romualdus
2159 3194 2341 3251 adhuc
2363 3194 2417 3250 in
2439 3193 2632 3260 Pereo,

2736 1983 3073 2050 ascendens,
3099 1983 3167 2038 ad
3197 1982 3478 2038 civitatem
3501 1980 3820 2041 Parentium
3847 1978 3998 2052 (270)
4027 1978 4374 2036 transfretat-

2736 2075 2853 2133 Rex
2907 2076 3115 2147 itaque,
3147 2073 3448 2131 secundum
3479 2072 3625 2129 beati
3663 2071 3763 2126 viri
3809 2071 4178 2144 prepbetiam,
4207 2070 4379 2146 εδδ

2736 2169 2831 2225 vix
2862 2183 2892 2222 a
2921 2167 3097 2222 Roma
3130 2165 3337 2222 reverti
3383 2163 3678 2235 incipiens,
3727 2179 3853 2218 mox
3886 2163 4155 2236 languore
4186 2177 4378 2220 corre-

2738 2267 2866 2331 ptus
2895 2257 3038 2332 apud
3067 2257 3367 2314 Paternum
3394 2255 3548 2329 (271)
3579 2253 3878 2314 defunctus
3905 2265 4010 2316 est.

3318 2369 3554 2431 CAPUT
3597 2367 3794 2426 XXXI.

2743 2465 2848 2525 Ubi
2888 2467 3065 2540 gratia
3103 2465 3444 2539 perfectionis
3486 2461 3794 2518 Romualdo
3835 2463 4094 2520 divinitus
4131 2477 4208 2520 est
4245 2481 4378 2521 con-

3475 2551 3646 2590 £8880.

2815 2630 3152 2688 Romualdus
3183 2638 3388 2694 autem,
3426 2628 3602 2684 tribus
3631 2625 3790 2684 anuis
3820 2628 3874 2683 in
3904 2625 4217 2684 Parentiuar
4242 2628 4380 2685 civi-

2743 2726 2876 2781 tatis
2925 2725 3128 2780 llnibus
3181 2723 3460 2787 habitans,
3513 2722 3566 2776 in
3611 2736 3721 2776 uno
3777 2721 4171 2783 monasterium
4224 2721 4376 2796 (272)

2743 2818 3057 2876 construxit
3081 2825 3140 2874 et
3169 2814 3421 2871 abbatem
3451 2813 3597 2869 ineo
3626 2828 3749 2868 cum
3777 2812 4041 2869 fratribus
4063 2813 4374 2880 ordinavit;

2743 2913 2801 2970 iu
2826 2912 3038 2967 duobus
3083 2924 3214 2965 vero
3245 2909 3488 2965 inclusus
3516 2907 3668 2980 (273)
3701 2909 3922 2964 mansit.
3967 2908 4045 2964 lbi
4073 2925 4273 2982 nempe
4307 2911 4377 2966 ad

2745 3019 2956 3077 magna:
3002 3003 3362 3076 perfectionis
3417 3003 3700 3058 cumulum
3749 3002 3930 3074 pietas
3989 3003 4138 3059 illum
4191 3003 4376 3060 divina

2741 3099 3018 3169 provexit,
3059 3097 3134 3153 ita
3164 3106 3225 3153 ut
3273 3107 3468 3153 sancto
3505 3096 3722 3153 amatus
3764 3096 3972 3168 Spiritu
4014 3107 4068 3154 et
4114 3099 4377 3157 nonnulla

2743 3200 2974 3246 ventura
3002 3191 3345 3262 prospiceret
3372 3201 3426 3247 et
3456 3192 3628 3246 multa
3667 3192 3881 3247 Veteris
3918 3207 3984 3247 ac
4014 3192 4149 3250 Novi
4183 3192 4380 3250 Testa-

1001 3247 2337 3357 ImperatorOttt)monasterium(QBSi—ibihailv
2743 3281 2914 3337 menti
2947 3247 3165 3337 occulta
3203 3283 3466 3354 mysteria
3510 3281 3682 3337 radiis
3715 3247 4379 3356 intelligentizepenetra-

999 3373 1062 3428 S.
1098 3375 1378 3430 Adrlberti
1434 3389 1500 3432 eo
1531 3384 1855 3446 suggerente
1882 3375 2210 3442 construxit,
2253 3377 2341 3433 cui
2373 3378 2630 3449 contigua

998 3463 1314 3520 Claszensis
1343 3466 1576 3522 cmnobii
1609 3465 1860 3536 praesidia
1914 3465 2166 3531 contulit,
2219 3474 2276 3522 et
2316 3481 2380 3522 ea
2425 3468 2532 3524 sibi
2563 3483 2632 3524 ex

998 3553 1182 3610 liscali
1217 3557 1558 3626 possessione
1589 3558 1640 3611 in
1660 3556 1962 3612 Firmensis
1984 3557 2481 3630 monarcliize(269)
2507 3575 2633 3628 par-

1001 3645 1159 3702 tibus
1192 3650 1645 3719 recompeusavit.
1687 3651 1900 3706 Abbate
1934 3667 2066 3722 ergo
2097 3651 2206 3708 illic
2247 3666 2314 3707 ex
2343 3651 2632 3709 Romualdi

997 3740 1296 3811 discipulis
1334 3746 1728 3798 constituto-et
1777 3743 2042 3798 fratribus
2082 3745 2413 3813 aggregatis,
2463 3744 2632 3815 cmpit

997 3845 1104 3886 eos
1153 3831 1490 3890 Romualdus
1510 3839 1611 3888 sub
1642 3848 1834 3904 magna
1867 3842 2056 3888 tenere
2081 3833 2354 3900 custodia,
2385 3843 2440 3889 et
2465 3835 2631 3891 doce-

999 3921 1103 3977 bat
1167 3938 1264 3979 cos
1311 3925 1414 3982 sub
1467 3926 1707 3998 regulari
1768 3927 1950 3983 vivere
1999 3927 2309 3998 disciplina.
2367 3926 2636 4000 Prmcepit

996 4013 1181 4068 etiam
1227 4013 1417 4072 abbati
1443 4016 1578 4071 tit-in
1611 4031 1856 4072 ercmum
1884 4017 2160 4074 secedens
2172 4033 2272 4092 per
2299 4027 2470 4076 totam
2500 4018 2636 4076 heb-

1078 4173 1236 4243 (265)
1277 4176 1317 4230 Α
1364 4176 1872 4236 Camalduleusibus
1911 4180 2110 4236 horum
2149 4188 2466 4236 sanctorum
2501 4193 2633 4238 suo-

995 4261 1131 4301 rum
1173 4246 1441 4304 festivitas
1465 4250 1553 4305 die
1588 4251 2004 4308 lﬁNovembris
2041 4252 2373 4308 celebratur.

1077 4317 1234 4392 (260)
1275 4318 1524 4392 Raetias,
1557 4321 1756 4378 Minius
1779 4324 1983 4392 aliique
2007 4324 2306 4392 scriptores
2334 4323 2482 4378 hunc
2511 4339 2633 4378 mo-

994 4390 1250 4464 Itacltunt
1397 4392 1706 4448 Barnabas»
1739 4389 2040 4454 nominant,
2075 4389 2166 4464 qui
2201 4411 2308 4449 una
2355 4409 2481 4464 cum
2525 4394 2628 4450 SS.

994 4460 1251 4537 Ito-nea,
1282 4461 1608 4537 Benedicto,
1655 4465 1810 4520 Justo
1853 4460 2394 4537 aliisque'praeclaris
2419 4463 2635 4537 Gamal-

993 4530 1254 4587 dulemis
1276 4535 1506 4609 instituti
1535 4537 1836 4609 cultoribus
1861 4530 2051 4609 magna
2079 4530 2630 4609 sanctitate_refulsit,

989 4611 1057 4659 et
1093 4617 1329 4668 quorum
1365 4606 1512 4661 Vitas
1557 4605 1824 4662 Martinus
1859 4605 2129 4664 Bar'onius
2159 4609 2330 4664 edidit
2355 4606 2634 4664 Cracovize

991 4688 1158 4749 ann?
1194 4673 1356 4749 t6tt),
1399 4679 1538 4749 typis
1581 4677 1761 4733 Basilii
1806 4679 2043 4734 Skalski.

1089 4741 1248 4824 (237)
1289 4746 1395 4802 Pro
1419 4741 1740 4816 'admonuit,
1795 4753 1846 4806 in
1898 4749 2164 4808 Vaticano
2212 4750 2402 4808 codice
2440 4749 2644 4824 legitur

988 4825 1008 4880 ί
1018 4829 1104 4876 ms
1119 4819 1273 4875 aluit.

1077 4890 1233 4966 (265)
1279 4890 1517 4958 Hujusce
1558 4894 1880 4949 monasterii
1925 4909 2026 4950 nec
2064 4892 2358 4966 vestigium
2411 4895 2634 4966 quidem

991 4963 1172 5022 modo
1198 4975 1442 5038 apparet.
1486 4965 1674 5020 Exstat
1694 4981 1759 5020 eo
1787 4965 1838 5020 in
1865 4966 1983 5021 loco
2011 4965 2244 5022 ecclesia
2276 4982 2382 5021 non
2404 4963 2633 5038 antiqua

988 5039 1184 5092 eidem
1225 5035 1355 5111 divo
1379 5039 1622 5111 martyri
1657 5053 1837 5111 sacra,
1871 5053 1994 5110 qua:
2033 5046 2295 5107 corrupto
2326 5037 2472 5111 vulgi
2517 5035 2635 5096 ser-

993 5123 1185 5164 mone
1215 5105 1274 5162 8.
1320 5105 1554 5162 Alberto'
1574 5109 1797 5165 dicitur.

1071 5178 1230 5250 (269)
1255 5179 1309 5232 In
1337 5179 1471 5251 ipsa,
1496 5196 1658 5251 quam
1684 5197 1962 5245 vocamus,
1989 5182 2250 5239 marcbite
2273 5181 2632 5240 Anconitana

1071 5197 1230 5250 μου)
1256 5197 1309 5232 In
1337 5197 1471 5251 ipsa,
1535 5197 1658 5234 nam
1684 5197 1962 5245 vocamus,
1989 5197 2250 5239 marcum:
2273 5197 2630 5240 ancomtana

1035 5251 1314 5316 roviaria,
1356 5251 1447 5307 ubi
1489 5197 1789 5308 ilirmiensis
1827 5254 2042 5322 civitas,
2070 5254 2234 5323 vulgo
2272 5251 2489 5322 Fermo,
2534 5256 2630 5312 Ita-

1032 5333 1187 5376 clttr.

1105 5392 1234 5468 270)
1275 5393 1418 5451 Urbs
1446 5405 1535 5452 est
1574 5396 1628 5451 in
1657 5396 1817 5454 lstria
1852 5397 1954 5454 sub
1994 5397 2328 5455 Venetorum
2362 5397 2625 5468 domtnio,

988 5481 1068 5518 νυ
1081 5481 1168 5532 Igo
1203 5481 1279 5519 ra
1289 5483 1463 5520 renso.

1077 5536 1230 5607 (27!)
1274 5536 1386 5614 Hoc
1434 5536 1656 5594 Paterni
1700 5539 1923 5596 nomine
1967 5539 2150 5614 plures
2191 5551 2245 5597 et
2286 5543 2540 5599 civitates
2573 5552 2631 5599 et

985 5617 1187 5685 castra
1244 5609 1608 5685 adnotantur;
1652 5609 1983 5685 verumﬂhic'
2025 5613 2433 5685 intelligendum
2467 5615 2624 5670 duci-

987 5693 1138 5758 mus
1157 5679 1224 5732 de
1254 5688 1435 5758 castro
1480 5681 1576 5758 illo
1598 5685 1740 5758 quod
1767 5685 1819 5738 in
1847 5684 2145 5758 Tudertino
2168 5679 2301 5758 agro
2323 5695 2408 5742 est
2433 5685 2624 5754 situm,

983 5758 1060 5806 ut
1100 5748 1332 5807 Casinus
1356 5751 1424 5807 de
1465 5748 1646 5809 Arena
1697 5757 1752 5811 in
1801 5770 1899 5811 sua
1944 5757 2176 5814 Etruria:
2203 5748 2424 5813 'ducum
2480 5748 2626 5814 serie

984 5822 1442 5895 oliset't'atLpag.
1479 5825 1598 5880 I83.

1079 5891 1233 5964 (Si!)
1277 5891 1462 5950 esse"
1504 5906 1558 5950 et
1599 5897 1758 5953 tundo
1799 5913 1966 5971 prepe
2015 5898 2335 5956 Parentium
2392 5899 2619 5958 ecclesia

2738 3381 2839 3428 ret.
2860 3371 3203 3426 Auxiabatur
3217 3380 3398 3427 autem
3421 3372 3492 3426 ibi
3511 3372 3804 3442 aliquando
3823 3373 3874 3427 in
3893 3373 4165 3446 lacrymas
4185 3393 4375 3432 erum-

2736 3479 2892 3536 pere,
2921 3463 3018 3520 sed
3046 3463 3193 3520 nullo
3227 3464 3446 3520 valebat
3473 3465 3766 3520 conamine
3806 3465 3875 3522 ad
3919 3469 4145 3524 contriti
4189 3472 4377 3526 cordis

2737 3556 3216 3625 compunctionem
3240 3556 3450 3610 venire.
3468 3555 3693 3613 Factum
3724 3567 3807 3613 est
3832 3573 3964 3630 ergo
3992 3560 4227 3630 quadam
4256 3551 4373 3627 die,

2736 3647 2865 3704 dum
2902 3649 2954 3702 in
2983 3647 3176 3703 cellula
3209 3648 3488 3720 psalleret,
3530 3657 3590 3703 ut
3634 3650 3688 3705 in
3725 3651 3871 3707 hunc
3901 3653 4097 3722 psalmi
4129 3654 4377 3711 versicu-

2737 3735 2848 3792 lum
2887 3737 3213 3793 incidisset:
3249 3739 3582 3793 Intellectum
3621 3739 3717 3794 tibi
3746 3741 3906 3807 dabo,
3951 3750 3999 3795 et
4026 3743 4288 3799 instruant
4327 3758 4378 3801 ts

2735 3815 2791 3885 δη
2841 3830 2922 3886 ria
2976 3831 3076 3884 hac
3117 3847 3224 3902 qua
3268 3832 3573 3900 gradieris;
3617 3831 3844 3900 ﬁrmabo
3887 3850 4047 3904 super
4096 3846 4146 3890 te
4191 3837 4374 3893 oculos

2735 3939 2879 3977 meos
2909 3920 3082 3992 (Psal.
3134 3922 3305 3994 χχχι).
3354 3923 3602 3993 Repente
3649 3924 3818 3997 igitur
3870 3936 4021 3982 tanta
4053 3928 4156 3986 sibi
4197 3928 4377 4004 lacry-

2737 4030 2954 4071 marqu
2984 4013 3181 4072 cll'usio
3216 4024 3338 4071 orta
3367 4025 3470 4084 est,
3515 4025 3570 4072 et
3602 4016 3674 4072 ita
3712 4032 3866 4075 mens
3900 4017 4018 4089 ejus
4049 4020 4119 4076 ad
4169 4022 4372 4079 intelli-

2737 4177 2802 4232 D.
2848 4174 3100 4232 Michaeli
3137 4175 3472 4249 archangelo
3499 4177 3719 4249 dicata,
3764 4179 3854 4235 ubi
3897 4179 3958 4234 D.
4005 4177 4373 4239 Romualdum

2736 4250 2943 4306 vixisse
3018 4249 3242 4304 traditio
3292 4247 3396 4303 est.
3465 4247 3720 4304 Monacbi
3778 4253 3927 4307 aeris
3983 4251 4372 4309 insalubritate

2737 4321 2939 4378 ibidem
2986 4322 3239 4392 habitare
3289 4331 3590 4392 nequeunt,
3633 4322 3728 4392 qui
3775 4331 3958 4378 tamen
3992 4326 4060 4378 ad
4095 4335 4371 4381 monaste-

2737 4391 2981 4465 riutnS.
3028 4391 3247 4465 Matbize
3293 4393 3361 4448 de
3414 4391 3667 4465 illuriano
3711 4408 3880 4465 prope
3939 4395 4195 4452 Venetiae
4240 4410 4342 4452 sun

2741 4463 3014 4539 translati.
3074 4463 3280 4539 Praater
3342 4463 3630 4539 ecclesiam
3666 4463 3926 4539 {agi-nm
3994 4476 4214 4534 totum,
4273 4484 4345 4539 qu

2739 4532 2944 4589 Lemnii
2991 4551 3022 4590 a
3074 4536 3382 4610 propinquo
3427 4534 3668 4610 _Lemm_o
3705 4532 3927 4592 lluinine
3980 4532 4330 4610 nuncupatur

2741 4622 2838 4661 sua
2869 4616 3020 4682 tenet
3055 4609 3157 4663 sub
3187 4606 3396 4682 ditione
3422 4606 3816 4682 Sattiatbianus
3837 4611 4024 4682 abbas.
4053 4611 4144 4681 qui
4168 4606 4345 4682 gaude

2749 4682 2957 4736 comitis
2986 4679 3186 4734 Lemnii
3220 4679 3376 4735 titulo
3415 4695 3443 4731 a
3467 4677 3692 4751 Veneta
3730 4681 4006 4749 republica
4053 4677 4334 4751 nuperrim

2748 4753 3104 4816 continuato,
3148 4768 3296 4807 anno
3350 4750 3507 4807 lOiO.
3554 4750 3930 4807 Illustrissima
3981 4750 4232 4822 l’ilpu’rga
4272 4754 4346 4809 Hi

2746 4825 3051 4879 atriensium
3103 4824 3392 4888 comitissa,
3427 4840 3685 4878 consensu
3743 4825 3947 4878 domini
4001 4823 4267 4891 chelini,
4323 4845 4350 4882 e

2745 4897 2948 4951 domini
3010 4896 3296 4961 Vedoxtci,
3353 4905 3404 4950 et
3461 4896 3697 4964 ﬁliorum
3728 4907 3774 4950 et
3823 4896 4062 4964 ﬁliarum
4120 4915 4342 4953 suarum

2745 4969 2986 5036 praefatae
3017 4968 3282 5030 ecclesiae,
3327 4982 3450 5037 qua
3490 4967 3560 5020 ad
3600 4966 3852 5022 honorem
3907 4967 4049 5030 Dei,‘
4081 4981 4126 5023 et
4169 4982 4354 5025 sancto

2744 5037 2938 5109 Mariw
2971 5041 3210 5109 virginis,
3257 5050 3305 5093 et
3349 5039 3486 5094 beati
3529 5037 3806 5092 Michaelis
3832 5040 4164 5109 archangeli,
4213 5059 4246 5094 α
4298 5041 4347 5095 D

2738 5108 2951 5167 Joanne
3000 5108 3188 5182 abbate
3236 5110 3338 5180 fuit
3387 5111 3655 5180 a'diﬁmla
3711 5121 3756 5165 et
3810 5129 3841 5164 η
3893 5111 3962 5165 Ι).
4014 5108 4362 5182 Hengulmerc

2737 5183 2982 5253 episcopo
3005 5180 3297 5237 Parentino
3321 5189 3652 5246 consecrata,
3691 5184 3988 5236 maximam
4023 5180 4234 5238 Lcnimi
4273 5202 4367 5239 co-

2739 5254 2968 5310 mitatus
2995 5266 3205 5324 partem
3230 5254 3474 5314 donavit,
3506 5264 3667 5326 prout
3700 5255 3916 5309 videtur
3941 5255 3993 5308 in
4039 5256 4152 5326 ipsa
4188 5257 4370 5326 dona-

2741 5325 2906 5396 tionis
2929 5323 3147 5396 pagina,
3179 5341 3300 5395 qua:
3334 5341 3481 5380 anim
3513 5323 3654 5380 1505
3693 5327 3762 5381 de
3804 5323 4071 5382 mandato
4103 5327 4166 5382 Ι).
4204 5325 4376 5383 Boni-

2737 5395 2864 5452 facii
2909 5395 3149 5468 episcOpi
3203 5397 3486 5453 Parentini
3529 5396 3600 5450 ab
3641 5397 3861 5453 Andrca
3895 5407 3952 5452 et
3982 5396 4241 5455 Parentio
4273 5417 4372 5458 no-

2739 5471 2882 5540 tario
2909 5471 3238 5537 transcripta
3281 5471 3404 5531 fuit,
3438 5469 3705 5540 cujusque
3734 5469 4048 5539 exempturo
4084 5486 4249 5526 manu
4287 5473 4368 5526 Cl.

2738 5537 2803 5594 V.
2851 5540 2994 5596 Petri
3036 5540 3286 5613 Delphini
3333 5537 3551 5613 abbatis
3592 5537 4036 5613 Camaldulensis
4077 5553 4368 5598 exaratum

2733 5622 2912 5740 ἓέειοι
2956 5613 3009 5668 in
3054 5611 3328 5669 tabulario
3380 5611 3440 5669 S.
3481 5611 3764 5670 Michaelis
3812 5615 3879 5670 de
3932 5612 4200 5680 Muriauo,
4241 5630 4366 5686 cap.

2809 5725 2823 5740 .
2869 5703 2922 5738 11.
2964 5701 3001 5739 1.

2805 5725 3260 5830 lﬁi'iifhortasse
3286 5757 3339 5830 in
3367 5757 3602 5830 quadam
3626 5766 3841 5830 crypta,
3867 5772 4032 5830 quam
4056 5757 4364 5830 etiamnum

2729 5827 2940 5885 Lemnii
2976 5829 3192 5897 incolae,
3216 5840 3274 5885 ut
3305 5827 3481 5888 locum
3509 5844 3537 5886 a
3563 5829 3626 5887 D.
3657 5827 3960 5885 lt'omualdo
3992 5829 4362 5889 inhabitatum

2732 5908 3056 5973 agnorcunt.
