5652 6430
1028 469 1130 528 985

1027 585 1332 656 periculum
1373 585 1733 650 sustinerent.
1777 584 1882 641 Illi.
1911 593 2093 660 tamen
2118 626 2134 652 ,
2169 595 2282 644 tota
2317 586 2636 644 dieibidem
2664 590 2718 652 Α
2783 650 2785 652 η

1034 668 1456 752 Commorantes,
1489 689 1649 736 nocte
1676 680 1932 752 navigare
1961 690 2271 750 coeperunt.

1080 790 1258 849 ‘Circa
1290 788 1582 848 diluculum
1612 800 1793 848 autem
1827 792 2010 850 subito
2039 793 2181 849 venti
2207 793 2457 861 steviunt,
2491 803 2633 851 tem-

1035 890 1214 953 pestas
1241 885 1442 949 oritur,
1477 899 1629 940 mare
1652 885 1724 940 ab
1749 885 1859 941 imo
1879 885 2046 943 fundo
2073 895 2341 943 versatur.
2365 888 2484 944 1am
2505 905 2635 946 vero

1037 972 1277 1029 furentes
1330 971 1570 1043 undique
1625 975 1881 1044 procella:
1931 975 2079 1046 ipsos
2126 991 2345 1048 quoque
2401 981 2635 1052 remiges

1038 1064 1369 1119 transvolant
1417 1074 1472 1119 et
1518 1065 1698 1120 navim
1745 1065 1875 1122 hinc
1902 1067 2032 1124 inde
2070 1070 2446 1127 concutientes
2493 1080 2636 1130 totas

1035 1153 1172 1223 pene
1188 1145 1407 1209 ’tabulas
1441 1153 1648 1208 laxant.
1680 1155 1906 1212 Videres
1944 1156 2129 1227 itaque
2166 1158 2450 1228 homines,
2497 1160 2636 1218 alios

1036 1243 1248 1312 quidem
1278 1259 1338 1300 se
1367 1245 1433 1298 ad
1464 1244 1760 1300 natandum
1791 1261 2013 1314 exuere,
2042 1247 2181 1305 alios
2220 1265 2354 1306 vero
2402 1250 2635 1308 diversis

1037 1350 1095 1392 se
1119 1335 1453 1406 palustribus
1494 1336 1724 1408 religare
1744 1380 1759 1405 ,
1800 1340 2066 1410 quosdam
2098 1352 2290 1399 autem
2310 1385 2327 1410 ,
2356 1353 2418 1400 ut
2445 1359 2637 1416 super-

1035 1435 1226 1482 natare
1249 1425 1504 1484 ﬂuctibus
1545 1438 1799 1499 possent,
1848 1446 2032 1487 remos
2064 1441 2158 1488 aut
2181 1432 2386 1505 lignum
2415 1434 2638 1506 aliquod

1031 1519 1280 1593 strictum
1328 1529 1532 1576 tenere.
1581 1519 1828 1593 Cumque
1867 1523 1922 1578 in
1965 1533 2118 1582 tanto
2165 1525 2484 1584 discrimine
2525 1543 2635 1585 non

1027 1607 1140 1678 jam
1166 1609 1388 1667 dubium
1423 1612 1726 1682 desperatis
1767 1614 2026 1676 omnibus
2067 1617 2410 1690 naufragium
2457 1619 2637 1676 immi-

1033 1709 1210 1767 neret,
1241 1699 1385 1756 illico
1421 1692 1756 1761 Romualdus
1794 1705 1862 1764 ad
1894 1706 2050 1762 solita
2081 1708 2336 1766 videlicet
2372 1710 2638 1768 orationis

1032 1803 1374 1850 armamenta
1405 1798 1671 1862 cucurrit,
1702 1806 1754 1852 et
1783 1798 2046 1862 reclinato
2081 1801 2358 1872 paululum
2401 1804 2631 1874 capitio,

1030 1882 1211 1953 capite
1249 1883 1455 1940 devexo
1485 1885 1538 1940 in
1573 1886 1876 1956 gremium,
1923 1904 2116 1958 preces
2161 1892 2261 1946 sub
2306 1891 2524 1948 silentio
2566 1894 2634 1949 ad

2284 471 2444 530 VITA
2485 473 2544 530 S.
2575 468 2966 532 ROMUALDI.

4236 493 4350 552 986

3317 591 3548 682 CAPUT
3585 599 3804 658 xxxv.

2744 701 2822 759 De
2847 704 3073 760 adventu
3101 706 3217 778 ejus
3256 709 3328 762 ad
3363 709 3554 764 vallem
3600 712 3665 766 de
3705 710 3926 778 Castra,
3958 721 4008 767 et
4038 715 4204 770 multo
4234 717 4353 771 ani-

3097 795 3307 833 marum
3339 779 3518 849 [ructu
3550 798 3645 851 per
3671 798 3789 836 eum
3820 782 3985 851 facta.

2810 882 3313 959 Romualduslcrgo,
3339 887 3978 962 sterilitatisimpatiens,
4002 893 4160 948 anxia
4183 897 4354 967 cmpit

2741 974 3004 1033 aviditate
3032 979 3355 1050 perquirere
3397 979 3488 1035 ubi
3531 991 3735 1036 terram
3772 984 4040 1053 potuisset
4069 986 4138 1040 ad
4173 986 4354 1058 profe-

2741 1068 2942 1124 rendos
2983 1071 3289 1126 animarum
3340 1073 3553 1129 fructus
3601 1074 3852 1131 idoneam
3898 1078 4163 1135 invenire.
4207 1079 4354 1137 Misit

2741 1156 2930 1230 itaque
2950 1162 3172 1217 nuntios
3193 1163 3260 1216 ad
3283 1161 3588 1218 Camerina:
3608 1167 3905 1235 provinciae
3928 1167 4079 1237 (282)
4097 1157 4348 1226 comites.

2741 1250 2843 1320 Qui
2873 1252 3062 1308 audito
3097 1256 3322 1309 nomine
3349 1254 3639 1311 RomualJi
3658 1298 3672 1322 ,
3710 1259 3879 1314 nimio
3905 1260 4098 1330 repleti
4128 1263 4352 1332 gatfdio,

2741 1353 2937 1398 cuncta
2963 1359 3075 1399 sua:
3100 1345 3320 1401 virtutis
3343 1345 3581 1402 offerunt
3606 1350 3834 1419 praedia,
3869 1367 3974 1406 non
4006 1354 4167 1408 modo
4185 1353 4355 1426 560

2741 1433 3003 1488 silvarum
3048 1443 3103 1490 et
3134 1437 3589 1504 montium,’sed,
3638 1439 3683 1494 si
3731 1440 3833 1494 sibi
3872 1442 4038 1496 etiam
4082 1443 4350 1512 placeret,

2740 1538 3016 1593 agrorum.
3046 1524 3334 1586 Postremo
3381 1537 3634 1597 repertus
3679 1537 3764 1586 est
3805 1530 4084 1587 ineorum
4130 1548 4350 1602 posses-

2741 1613 2893 1669 sione
2922 1613 3074 1670 loctts
3112 1616 3410 1672 eremitica:
3434 1618 3844 1674 eonversationi
3879 1621 4014 1678 satis
4043 1636 4352 1692 congruos,

2739 1703 3020 1761 montibus
3047 1705 3288 1777 undique
3329 1706 3566 1762 vallatus
3596 1716 3653 1763 et
3692 1708 3865 1765 silvis.
3905 1709 3963 1764 In
4012 1711 4194 1780 medio
4224 1726 4356 1766 vero

2741 1794 2920 1864 ampla
2952 1796 3200 1865 quaedam
3231 1796 3490 1868 planities
3518 1814 3628 1855 non
3660 1799 3835 1854 solum
3872 1799 4214 1870 proferendis
4242 1800 4356 1859 fru-

2739 1886 2896 1958 gibus
2923 1899 3070 1958 apta,
3104 1889 3198 1944 sed
3230 1890 3536 1961 perspicuis
3567 1891 3731 1945 etiam
3769 1890 4000 1945 fontium
4038 1893 4197 1961 aquis
4225 1892 4342 1946 irri-

1028 1973 1316 2030 Dominum
1347 1974 1518 2042 fudit;
1549 1977 1744 2032 deinde
1773 1977 1978 2034 Ansoni
2006 1980 2220 2048 abbati,
2258 1982 2350 2051 qui
2385 1983 2637 2040 cominus
2667 1983 2712 2044 Β
2743 1992 2866 2047 gua.
2896 1976 2996 2033 Hic
3025 1979 3210 2048 itaque
3236 1978 3392 2035 locus
3421 1978 3580 2035 vallis
3608 1980 3676 2035 de
3703 1981 3896 2038 Castro
3931 1981 4232 2051 antiquitus
4263 1996 4350 2036 vo-

1027 2065 1326 2134 assidebat,
1357 2082 1548 2124 secure
1588 2068 1756 2142 5,59
1790 2072 2070 2143 prtecepit,
2098 2073 2327 2130 dicens:
2367 2074 2635 2131 Denuntia

1029 2158 1212 2213 nautis
1243 2168 1302 2214 ut
1332 2175 1675 2230 nequaquam
1715 2161 1966 2228 timeant,
1997 2162 2094 2225 sed
2121 2178 2312 2230 omnes
2343 2180 2403 2221 se
2430 2165 2636 2222 incolu-

1029 2264 1148 2304 tnes
1189 2264 1449 2307 evasuros
1493 2253 1700 2322 absque
1734 2253 1839 2308 ulla
1885 2254 2102 2324 penitus
2149 2257 2506 2328 ambiguitate
2545 2273 2638 2326 co:

1028 2349 1311 2410 gnoscant.
1376 2341 1474 2397 Vix
1525 2345 1799 2399 modicum
1853 2354 1974 2415 post
2021 2346 2155 2414 hoc,
2196 2357 2262 2403 'et
2310 2363 2442 2405 ecce
2493 2349 2635 2406 ultra

1029 2434 1273 2488 omnium
1321 2449 1470 2504 spem
1520 2436 1730 2506 absque
1777 2436 1891 2494 ullo
1929 2438 2174 2508 humano
2197 2440 2382 2496 studio
2424 2441 2539 2514 ipsa
2576 2456 2637 2498 se

1029 2523 1184 2578 navis
1230 2524 1450 2596 dirigit,
1496 2535 1551 2581 et
1599 2542 1724 2582 mox
1774 2527 1828 2582 in
1882 2538 2101 2598 portum
2159 2529 2438 2602 Capreolte
2485 2529 2635 2604 (280)

1033 2614 1273 2670 civitatis
1313 2615 1534 2686 delapsa
1573 2617 1828 2672 celeriter
1860 2619 2212 2674 subintravit.
2263 2619 2418 2678 Tunc
2445 2616 2638 2680 omnes

1033 2703 1314 2759 liberatori
1348 2705 1460 2760 Deo
1501 2706 1692 2776 dignas
1740 2706 1981 2763 referunt
2010 2711 2235 2782 gratias,
2267 2720 2323 2765 et
2349 2711 2640 2767 manifeste

1033 2810 1095 2850 se
1125 2796 1193 2851 de
1219 2795 1468 2855 faucibus
1493 2800 1687 2856 mortis
1713 2809 1930 2872 ereptos
1955 2801 2245 2858 Romualdi
2273 2803 2487 2860 meritis
2513 2818 2639 2876 pro-

1035 2889 1280 2945 fitentur.

1575 2979 1805 3038 CAPUT
1849 2980 2090 3039 XXXIV.

1294 3113 1375 3170 De
1409 3125 1634 3171 aaventu
1663 3114 1952 3172 Romualdi
1977 3118 2033 3173 in
2063 3116 2367 3188 Bifurcttm.

1108 3244 1340 3302 Veniens
1371 3247 1553 3316 itaque
1590 3248 1925 3304 Romualdus
1967 3248 2286 3319 Bifurcum,
2331 3250 2471 3309 visis
2509 3267 2636 3308 om-

2743 2068 2996 2135 cabatur,
3029 2068 3120 2124 ubi
3144 2069 3259 2141 jam
3309 2083 3478 2140 parva
3509 2078 3631 2124 erat
3660 2069 3895 2126 ecclesia
3928 2069 4108 2143 (285),
4152 2070 4206 2124 in
4247 2084 4355 2140 qua

2741 2172 3134 2229 conversarum
3167 2160 3536 2228 quarumdam
3567 2159 3858 2216 mulierum
3905 2160 4198 2217 videbatur
4235 2177 4358 2216 esse

2739 2259 3062 2306 conventus.
3099 2249 3198 2307 His
3233 2252 3420 2320 itaque
3463 2250 3586 2307 loco
3625 2252 3976 2317 sedentibus,
4020 2254 4359 2310 constructis

2739 2341 2950 2399 cellulis
2984 2333 3096 2397 illic
3128 2341 3380 2398 habitare
3403 2358 3529 2399 cum
3558 2343 3673 2399 suis
3712 2344 3994 2415 discipulis
4016 2346 4101 2400 vir
4131 2360 4360 2401 venera-

2739 2433 2864 2489 bilis
2891 2434 3078 2504 cuepit.
3107 2433 3182 2488 lbi
3217 2441 3398 2488 autem
3425 2445 3665 2505 quantos
3687 2435 3997 2490 animarum
4025 2436 4239 2492 fructus
4261 2453 4362 2507 per

2741 2523 2893 2600 illum
2924 2523 3190 2578 Dominus
3215 2523 3556 2593 acquisierit,
3584 2525 3707 2594 quis
3731 2523 3912 2580 valeat
3941 2524 4024 2580 vel
4047 2533 4362 2581 atramento

2741 2615 3093 2680 describere,
3144 2613 3228 2669 vel
3278 2613 3459 2686 lingua
3510 2614 3794 2686 proferre?
3840 2615 4073 2685 Cmpcre
4124 2629 4363 2686 namque

2742 2705 2994 2760 homines
3039 2705 3107 2760 ad
3139 2705 3521 2775 pmnitentiam
3574 2706 3703 2761 hinc
3737 2706 3865 2760 inde
3913 2705 4190 2761 conﬂuere
4263 2721 4361 2761 sua

2741 2798 3074 2868 pauperibus
3100 2797 3534 2853 misericorditer
3563 2812 3816 2869 erogare,
3839 2798 3928 2852 alii
3959 2798 4218 2852 saeculum
4243 2813 4361 2852 om-

2742 2885 2874 2940 nino
2904 2878 3221 2955 relinquere
3247 2895 3304 2940 ct
3331 2887 3398 2940 ad
3423 2896 3628 2941 sancta:
3650 2887 4090 2941 conversationis
4111 2887 4362 2942 ordinem

2742 2981 2939 3052 spiritu
2980 2979 3192 3036 fervido
3224 2979 3503 3034 feStinarc.
3549 2979 3682 3034 Erat
3717 2981 3864 3034 enim
3899 2979 3978 3033 vir
4007 2976 4365 3035 beatissimus

2741 3073 2898 3143 quasi
2937 3088 3079 3126 unus
3110 3071 3177 3127 de
3207 3070 3522 3141 Seraphitn,
3550 3071 3674 3140 quia
3713 3081 3767 3125 et
3796 3071 3909 3141 ipse
3935 3069 4154 3124 ﬂamma
4192 3065 4361 3125 divini

2745 3163 2949 3219 amoris
2982 3162 3493 3233 incomparabiliter
3521 3163 3811 3227 aestuabat,
3837 3171 3893 3216 et
3919 3162 4077 3228 alios,
4111 3175 4362 3230 quocun-

2743 3272 2852 3327 que
2882 3264 3170 3327 pergeret,
3213 3264 3416 3311 sancta:
3462 3253 3868 3325 praedicationis
3916 3252 4132 3308 facibus
4173 3251 4368 3307 incen-

1031 3337 1186 3394 nium
1213 3337 1447 3394 fratrum
1478 3338 1653 3404 cellis,
1682 3342 1808 3412 quia
1837 3343 2232 3414 superstitione
2260 3344 2497 3415 quadam
2526 3361 2646 3401 am—
2672 3349 2718 3412 C
2753 3347 2937 3403 debat.
2970 3337 3128 3416 Saepe
3157 3360 3415 3416 namque,
3445 3349 3573 3401 dum
3607 3343 4017 3414 praedicationis
4041 3341 4210 3397 verba
4239 3356 4368 3414 pro.

1030 3429 1245 3487 biliosa:
1266 3430 1614 3497 videbantur,
1638 3432 1692 3486 in
1717 3433 1864 3488 nulla
1897 3449 2085 3490 earum
2115 3435 2321 3491 habere
2343 3435 2639 3507 hospitium

1030 3522 1225 3589 voluit,
1256 3523 1362 3580 nisi
1392 3524 1446 3580 in
1478 3524 1568 3579 illa
1599 3525 1941 3582 solummodo
1970 3529 2024 3582 in
2050 3544 2157 3599 qua
2185 3528 2382 3586 Petrus
2410 3543 2643 3586 venera-

1030 3616 1160 3675 bilis
1189 3617 1341 3690 (28!)
1385 3618 1502 3688 ejus
1541 3619 1842 3692 discipulus
1874 3622 2210 3688 ltabitabat,,
2242 3621 2327 3678 vir
2373 3622 2644 3693 siquidem

1035 3709 1302 3766 mirabilis
1342 3710 1689 3766 abstinentiae
1730 3711 2022 3782 multasque
2062 3712 2354 3768 admodum
2387 3714 2648 3770 extremi-

1034 3798 1201 3864 tatis,
1229 3799 1323 3869 qui
1355 3799 1606 3854 cellulam
1643 3800 1747 3855 sibi
1790 3803 1858 3856 ad
1905 3801 1963 3856 S.
1996 3801 2291 3857 Hilarionis
2337 3803 2646 3873 exemplum

1033 3893 1125 3949 vix
1159 3909 1398 3964 unquam
1431 3894 1717 3966 largiorem
1770 3895 1888 3950 fieri
1925 3906 2162 3965 quatuor
2191 3898 2392 3954 cubitis
2420 3898 2648 3968 permit-

1037 3985 1209 4042 tebat.
1241 3985 1532 4040 Referebat
1558 3995 1739 4042 autem
1779 4001 1942 4043 nosse
1981 3988 2125 4042 idem
2167 3990 2500 4046 venerabilis
2529 3991 2646 4056 vir,

1037 4078 1166 4149 quia
1192 4077 1318 4133 dum
1354 4078 1412 4131 Β.
1439 4078 1776 4133 Romualdus
1801 4094 1926 4134 cum
1963 4080 2080 4150 ipso
2111 4090 2380 4146 maneret,
2410 4090 2465 4135 et
2505 4080 2651 4151 psal-

1041 4186 1161 4226 mos
1207 4180 1437 4243 uterque
1485 4171 1628 4227 inter
1665 4187 1724 4228 se
1763 4172 1986 4228 vieariis
2017 4173 2268 4228 versibus
2311 4172 2648 4238 alternaret,

1037 4262 1227 4318 tricies
1273 4263 1326 4318 in
1377 4272 1561 4330 nocte,
1606 4265 1691 4330 vel
1722 4279 1787 4320 eo
1823 4265 2078 4335 amplius,
2114 4280 2172 4320 se
2217 4264 2551 4320 Romualdus
2582 4264 2650 4318 ad

1039 4354 1305 4425 requisita
1339 4364 1550 4410 natura:
1580 4355 1660 4410 ire
1687 4355 2003 4421 simulabat,
2023 4356 2281 4425 quoniam
2310 4353 2651 4411 amoentium

1039 4443 1406 4516 lacrymarum
1439 4447 1814 4502 inundantiam
1866 4455 2028 4516 atque
2075 4446 2344 4518 singultus
2391 4446 2654 4502 cohibere

1040 4550 1150 4591 non
1182 4543 1418 4606 poterat.
1449 4535 1694 4606 Cumque
1724 4537 1796 4592 ibi
1825 4535 2157 4592 Romualdus
2188 4536 2503 4607 aliquandiu
2535 4551 2655 4592 mo-

1040 4633 1281 4690 raretur,
1306 4634 1360 4680 et
1384 4625 1584 4680 fratres
1610 4641 1717 4680 non
1739 4625 1912 4681 solum
1938 4627 2005 4682 de
2031 4626 2300 4696 spirituali
2325 4626 2650 4692 certamine,

2745 3439 2936 3506 ferret,
2959 3448 3109 3494 tanta
3131 3438 3282 3494 illum
3309 3437 3661 3508 compunctio
3688 3435 3744 3491 in
3771 3435 4044 3507 lacrymas
4065 3434 4365 3497 excitabat,
4441 3443 4446 3462 '

2745 3538 2808 3586 tit
2837 3530 3020 3586 subito
3048 3531 3416 3598 interruptmn
3447 3541 3758 3582 sermonem
3790 3526 4104 3595 relinquens
4125 3524 4368 3594 aliquor-

2748 3636 2871 3676 sum
2919 3620 3208 3691 repentino
3238 3619 3445 3688 impetu
3484 3617 3632 3672 velut
3661 3631 3855 3671 amens
3882 3614 4190 3686 aufttgeret.
4231 3613 4366 3668 Nam

2747 3721 2804 3768 et
2853 3713 2897 3768 si
2945 3710 3165 3784 quando
3214 3725 3340 3765 cum
3391 3707 3655 3763 fratribus
3704 3705 4022 3777 equitabat,
4052 3705 4213 3777 longe
4246 3712 4371 3775 post

2749 3805 2887 3860 alios
2916 3805 3145 3858 veniens
3175 3815 3503 3871 semperque
3537 3799 3799 3870 psallens,
3832 3798 4193 3866 nihilominus
4222 3813 4288 3852 ac
4321 3796 4368 3851 si

2751 3898 2804 3952 in
2835 3895 3028 3952 cellam
3058 3894 3346 3958 resideret,
3369 3891 3578 3965 jugiter
3622 3891 3897 3968 laerymas
3938 3887 4219 3944 effundere
4258 3901 4368 3943 non

2754 3989 3010 4044 cessabat

2821 4077 2971 4134 Inter
2999 4086 3230 4133 caeteros
3257 4083 3472 4139 autem,
3505 4074 3780 4145 prtecipue
3819 4070 4108 4127 saeculares
4138 4069 4371 4126 clericos

2752 4168 2846 4240 qui
2873 4184 2972 4240 per
3005 4167 3291 4238 pecuniam
3321 4159 3572 4237 :o‘rdinati
3630 4163 3846 4218 fuerant
3877 4161 4168 4216 durissima
4215 4173 4372 4214 seve-

2752 4262 2916 4316 ritate
2943 4259 3296 4330 corripiebat,
3333 4267 3388 4313 et
3412 4272 3540 4321 eos,
3581 4256 3685 4311 nisi
3715 4255 3963 4310 ordinem
3993 4261 4188 4323 sponte
4216 4251 4373 4322 dese-

2753 4364 2961 4417 rerent,
2995 4353 3220 4408 omnino
3253 4349 3592 4406 damnabiles
3638 4357 3692 4402 et
3736 4346 4025 4402 haereticos
4063 4345 4370 4399 asserebat.

2754 4444 2854 4511 Qui
2890 4458 3085 4499 novam
3111 4456 3226 4498 rem
3253 4441 3536 4495 audientes
3563 4439 3817 4493 occidere
3845 4435 3996 4490 illum
4025 4433 4197 4488 moliti
4223 4441 4369 4487 sunt.

2753 4535 2890 4591 Pete
2911 4543 3080 4590 totam
3126 4545 3367 4603 namque
3415 4531 3563 4586 illam
3618 4527 4032 4592 monarcbiam,
4082 4539 4256 4595 usque
4303 4522 4373 4578 ad

2757 4617 3056 4687 Romualdi.
3092 4634 3358 4695 tempora,
3395 4621 3612 4692 vulgata
3641 4618 4038 4675 consuetudine
4060 4658 4074 4682 ,
4105 4617 4192 4670 vix
4225 4615 4376 4686 quis-

1041 4729 1232 4770 verum
1257 4715 1421 4769 etiam
1463 4723 1522 4769 ut
1552 4715 1658 4771 sibi
1689 4716 1942 4771 abbatem
1969 4715 2291 4787 praeferrent
2317 4727 2375 4772 et
2405 4715 2653 4772 cominu-
2681 4713 2735 4775 D
2759 4735 2922 4790 quam
2965 4724 3192 4772 noverat
3220 4713 3589 4770 Simoniacam
3621 4711 3873 4768 hteresim
3910 4725 4034 4768 esse
4066 4719 4372 4780 peccatum.

1042 4807 1133 4862 nia
1179 4815 1374 4862 cuncta
1424 4807 1665 4863 facerent
1694 4809 2031 4874 admoneret,
2068 4808 2323 4879 illiiquia
2352 4825 2510 4864 suum
2557 4809 2656 4863 ba-

1039 4899 1208 4955 bebat
1247 4899 1624 4970 unusquisque
1658 4910 2120 4968 sustentatorem,
2161 4911 2218 4957 et
2247 4911 2410 4972 prout
2456 4903 2654 4972 cuique

1041 4987 1314 5054 libuerat,
1365 4990 1569 5060 proprii
1620 4992 1992 5060 sequebantur
2043 4993 2255 5048 arbitrii
2307 4991 2651 5058 libertatem,

1044 5076 1335 5136 Romualdi
1373 5089 1646 5151 praecepta
1686 5081 1965 5154 suscipere
1995 5098 2102 5138 non
2133 5097 2464 5156 magnopere
2493 5099 2654 5140 cura-

1044 5177 1265 5224 verunt.

1120 5361 1268 5439 (280)
1302 5363 1446 5439 Loco
1473 5364 1748 5439 βαρτεοιίε
1788 5367 1905 5439 lege
1947 5367 2326 5438 Caprulensis,
2373 5386 2498 5426 nam
2543 5370 2654 5426 Ca-

1045 5434 1428 5508 prt_t_lte,'v_ulgo
1456 5434 1664 5503 Caorle,
1707 5434 1900 5494 civitas
1928 5434 2108 5494 estlIO
2135 5434 2358 5496 circiter
2386 5441 2657 5498 milliariis

1047 5503 1082 5557 a
1117 5503 1614 5578 Venetiis'distans,
1647 5523 1769 5578 quae
1795 5511 1938 5565 aeris
1961 5510 2342 5566 insalubritate
2362 5522 2449 5568 est
2485 5511 2656 5566 infre-

1048 5575 1432 5654 quentissima.
1471 5575 1727 5654 Attamen
1768 5582 2084 5651 episcopum
2113 5583 2297 5650 habet,
2325 5584 2418 5654 qui
2455 5582 2658 5640 Veneto

1046 5644 1380 5718 patriarchae
1406 5657 1494 5704 est
1516 5644 1909 5718 suﬂ‘raganeus.

1080 5785 1092 5796 ο
1125 5712 1280 5839 (2812
1302 5717 1346 5770 Α
1376 5712 1768 5789 scriptoribus,
1799 5722 2098 5788 praesertim
2132 5721 2657 5790 Camaldulensibus,

1081 5785 1214 5839 ιιυιο
1285 5790 1390 5839 θαιὶ
1437 5787 1587 5839 Petri
1627 5793 1692 5839 de
1739 5789 1956 5839 Bifurca
1985 5794 2075 5839 hic.
2099 5793 2429 5839 venerabilia
2454 5795 2540 5839 vir
2567 5794 2657 5839 ad.

1051 5785 1214 5840 titulo
1253 5785 1390 5842 beati
1437 5785 1587 5844 Petri
1627 5793 1692 5844 de
1739 5785 1956 5860 Bifurco
1985 5794 2075 5848 hic
2099 5793 2429 5850 venerabilis
2454 5795 2540 5849 vir
2567 5785 2664 5849 ad;

1049 5863 1296 5910 notatur.

1127 5923 1279 5998 (282)
1306 5926 1398 5983 Est
1433 5929 1498 5983 ad
1537 5929 1749 5988 Picena:
1783 5931 2129 6006 Umbriaeque
2159 5935 2396 5991 confinia
2427 5935 2663 6006 positum

2765 4811 2866 4879 Qui
2896 4810 3029 4865 dixit
3054 4809 3134 4863 eis
3159 4826 3173 4862 :
3214 4808 3495 4863 Canonum
3529 4803 3661 4858 mibi
3689 4803 3856 4858 libros
3877 4801 4090 4866 afferte,
4114 4811 4169 4855 et
4191 4809 4374 4855 utrum

2761 4918 2890 4956 vera
2917 4901 3028 4955 sint
3053 4898 3335 4970 quaeﬁico,
3359 4895 3559 4951 vestris
3580 4894 3964 4949 attestantibus
3991 4891 4200 4962 paginis
4225 4906 4376 4946 com-

2763 4993 3006 5064 probate.
3033 4990 3240 5059 Quibus
3265 4991 3445 5058 itaque
3467 4987 3759 5056 diligenter
3785 4986 4069 5055 inspectis,
4093 4993 4147 5039 et
4167 4985 4373 5039 crimen

2764 5091 3092 5155 agnoscunt,
3134 5092 3185 5137 et
3229 5088 3416 5136 errata
3446 5079 3798 5150 deplangunt.
3844 5076 4143 5133 Constituit
4191 5077 4378 5146 itaque

2760 5176 2847 5232 vir
2874 5183 3098 5232 sanctus
3126 5173 3313 5244 plures
3357 5171 3654 5228 canonicos
3685 5177 3740 5224 et
3783 5168 4047 5234 clericos,
4079 5168 4172 5238 qui
4214 5168 4378 5222 laico-

2762 5371 3123 5446 Camerinum,
3139 5371 3334 5426 civitas
3360 5365 3686 5446 episcopalis
3707 5405 3724 5432 ,
3771 5362 3922 5446 Italis
3951 5361 4254 5446 Camerino.
4277 5362 4380 5446 “Ab

2763 5445 2880 5515 ipsa
2913 5441 3212 5515 camerium
3238 5435 3692 5515 ttotnen__aecepit
3718 5435 4040 5515 provincia,
4060 5450 4193 5515 quae.
4214 5451 4242 5488 a
4277 5435 4381 5488 Da-

2763 5452 2880 5515 ipsa
2913 5452 3212 5496 Camertum
3243 5456 3439 5497 nomen
3477 5452 4026 5561 acceptthVIncta,
4060 5452 4182 5504 quae
4214 5452 4242 5488 a
4280 5452 4378 5488 ua-

2762 5515 2950 5587 miano
2977 5512 3030 5567 in
3060 5511 3286 5583 epistola
3317 5511 3404 5587 12,
3427 5509 3644 5587 lib._vtt,
3665 5525 3699 5587 a7
3756 5505 4137 5587 gotbtfredum
4164 5508 4378 5586 ducent,

2765 5583 3071 5661 appellatur
3096 5574 3430 5661 "monarchia
3453 5621 3484 5661 ,.
3518 5581 3571 5635 id
3586 5586 3710 5661 ...est
3759 5577 4000 5661 Marehia
4019 5617 4034 5642 ,
4087 5574 4380 5661 paruerint

2765 5647 2964 5727 “tl-80,
2996 5654 3252 5727 ΕιιηιιὶιιξΔ
3281 5652 3526 5707 dominio
3553 5649 3658 5704 sibi
3711 5657 4032 5727 reservato,
4055 5718 4065 5727 _
4088 5647 4232 5701 hanc
4279 5647 4384 5727 ila-

2770 5718 2969 5782 merini
3000 5723 3345 5800 provinciam
3395 5738 3499 5777 una
3525 5736 3663 5800 cum
3709 5719 4003 5800 Spoletano
4035 5718 4233 5800 ducatu
4267 5718 4384 5800 ,ἰηι-

2771 5786 3030 5923 geratori
3059 5797 3246 5860 cessit,
3294 5801 3354 5848 ut
3396 5793 3587 5848 retulit
3635 5792 3690 5846 in
3741 5786 3962 5876 laudata
4003 5786 4230 5860 epistola
4266 5787 4384 5858 ipse

2819 5881 3090 5922 annanus.

2819 5881 3090 5922 annanus.

2846 5936 2996 6006 (285)
3031 5935 3132 5992 SS.
3161 5934 3461 5991 Salvatoris
3494 5942 3548 5989 ct
3577 5933 3639 5988 Β.
3662 5931 3845 5988 Marias
3875 5929 4081 5986 nomini
4107 5927 4380 5986 dedicata.
