5652 6416
645 0 5241 89 mum

2129 442 2235 502 937
2597 437 2657 494 S.
2698 433 2897 491 Ρετιιι
2940 427 3225 485 DAMAS!
3264 424 3416 484 OPP.
3461 422 3642 479 PARS
3676 415 3812 474 SIU
3852 415 4089 481 TOﬂl'S
4128 421 4190 478 ιι.
4219 452 4291 464 -
4331 420 4361 478 S

3182 427 3225 484 ει
3264 424 3416 484 ore.
3461 422 3642 479 mas
3676 415 3812 474 seu
3852 415 4089 481 TOttl’S
4128 421 4190 478 ιι.
4219 452 4291 464 -
4331 417 4758 478 mucronum
4796 418 5000 477 vim.
5313 402 5414 482 sas

2126 577 2253 619 nm
2285 572 2437 615 more
2463 552 2795 612 secuiariter
2821 531 3157 607 habitabani,
3181 544 3484 617 praepositis
3504 542 3727 595 obs-dire
3760 539 3802 594 A
3836 539 3999 602 mino.
4056 550 4341 613 postquam
4387 541 4557 597 cibari
4587 541 4856 597 latronem
4893 542 5039 604 fecit,
5069 540 5266 598 deinde
5309 559 5417 600 mo-

2130 664 2186 712 et
2215 633 2660 709 communiter'in
2687 641 3105 713 congregatione
3135 639 3315 693 vivere
3343 637 3528 691 docuit
3558 635 3728 702 (κλει).

2131 741 2384 804 Nonnulli
2416 752 2633 810 quoque
2685 736 2919 806 episcopi
2963 732 3053 802 qui
3092 748 3188 802 per
3218 729 3582 786 Simoniacam
3616 729 3730 780 lur-

2135 837 2298 894 resim
2328 847 2516 889 sacras
2555 829 2714 886 sedes
2743 828 3085 888 invaserant,
3115 824 3181 877 ad
3213 838 3338 878 eum
3366 836 3526 876 causa
3561 818 3733 888 paeni-

2133 932 2319 986 tentite
2367 921 2786 982 concurrebant.
2834 917 2934 984 Qui
2981 917 3145 970 etiam
3188 913 3477 967 venerabili
3512 914 3629 964 viro
3673 925 3734 965 se

2134 1020 2561 1079 committentes,
2594 1021 2647 1066 et
2675 1011 3045 1082 episcOpatum
3082 1008 3314 1062 termino
3348 1013 3551 1059 statuto
3582 1004 3736 1057 dese-

2137 1130 2279 1176 rere,
2311 1120 2365 1165 ct
2390 1108 2456 1162 ad
2489 1087 2691 1162 sancta:
2730 1103 2894 1174 “1
2933 1099 3364 1155 conversationis
3399 1112 3457 1150 se
3503 1096 3734 1165 promit-

2139 1208 2325 1260 tebant
2351 1204 2595 1258 ordinem
2628 1200 2903 1253 festinare.
2947 1195 3023 1249 Ex
3053 1194 3251 1265 quibus
3281 1201 3459 1246 tamen
3488 1191 3570 1244 vir
3612 1205 3737 1242 san-

2140 1310 2284 1359 ctus,
2315 1295 2552 1365 quandiu
2601 1291 2762 1353 vixit,
2797 1289 2982 1343 nescio
3007 1286 3048 1339 si
3083 1283 3163 1338 vel
3204 1298 3368 1337 unum
3416 1290 3736 1335 convertere

2140 1388 2334 1458 potuit.
2383 1387 2477 1441 Est
2518 1384 2663 1439 enim
2705 1392 2970 1450 venenata
3019 1377 3104 1431 illa
3149 1375 3394 1437 btet-esis,
3435 1373 3736 1442 praesertim

2147 1481 2202 1534 in
2239 1476 2532 1548 episcopali
2583 1474 2810 1537 ordine,
2861 1481 2970 1526 tam
3002 1469 3159 1532 dura,
3201 1477 3256 1522 et
3303 1468 3371 1521 ad
3415 1475 3742 1521 converten-

2143 1571 2267 1627 dum
2297 1569 2495 1638 rigida,
2521 1577 2600 1631 ut,
2637 1579 2851 1635 semper
2881 1561 3222 1633 promittens,
3239 1572 3455 1628 semper
3482 1556 3550 1610 de
3575 1557 3662 1609 die
3688 1555 3740 1608 in

2143 1661 2283 1716 diem
2334 1659 2638 1731 producens
2697 1665 2860 1724 atque
2909 1654 2960 1707 in
3005 1651 3244 1706 futurum
3309 1648 3739 1718 procrastinata,

2143 1751 2352 1807 facilius
2377 1751 2551 1820 possit
2578 1747 2798 1804 Iudaeus
2820 1747 2886 1801 ad
2918 1744 3077 1801 iidem
3113 1740 3394 1802 converti,
3438 1755 3599 1809 quam
3638 1738 3746 1792 bte-

2148 1842 2516 1898 n-licus‘latro
2547 1841 2705 1911 plene
2731 1839 2798 1894 ad
2824 1838 3200 1907 paenitentiam
3230 1832 3533 1905 provocari.

2683 1951 2912 2009 CAPUT
2946 1948 3188 2006 XXXVI.

2149 2048 2224 2104 De
2247 2049 2553 2119 furt,queus
2579 2045 2903 2124 frangentem
2926 2040 3376 2124 cellnm‘preqoﬁi
3397 2039 3741 2110 perspiritum

2583 2115 2728 2177 cidit,
2755 2125 2802 2168 et
2832 2113 3057 2167 illrrsum
3085 2114 3304 2165 dimisit.

2219 2209 2279 2266 In
2325 2210 2530 2264 eisdem
2560 2221 2778 2278 quoque
2821 2205 3067 2276 partibus
3107 2205 3192 2256 vir
3219 2211 3443 2257 sanctus
3475 2208 3750 2255 monaste-

2152 2303 2293 2358 rium
2318 2301 2561 2357 condidit
2590 2299 2912 2372 puellarum.
2945 2296 3187 2353 Solemni
3229 2295 3463 2364 quadam
3483 2294 3591 2354 die,
3620 2291 3748 2345 dum

2153 2393 2240 2448 vir
2258 2392 2594 2448 venerabilis
2643 2389 2753 2444 illic
2803 2403 2926 2444 cum
2976 2387 3235 2442 fratribus
3264 2387 3315 2440 in
3351 2383 3586 2454 capitqu
3621 2383 3752 2437 resi-

2158 2487 2333 2548 deret.
2379 2494 2436 2540 et
2468 2501 2564 2540 eos
2614 2483 2872 2538 salutaris
2917 2482 3180 2536 doctrina
3224 2480 3453 2548 dapibus
3501 2477 3750 2538 satiaret,

2159 2584 2385 2647 repente
2413 2575 2592 2645 ipsum
2631 2574 3036 2643 interrumpens
3065 2585 3393 2634 sermonem,
3429 2570 3590 2624 anxia
3619 2585 3756 2639 qna-

2159 2668 2284 2724 dam
2333 2665 2808 2722 animadversione
2862 2665 3170 2720 exclamare
3205 2665 3396 2732 carpit,
3447 2664 3748 2716 rtdiccre:

2157 2758 2315 2830 Agite
2343 2773 2509 2822 nunc,
2541 2758 2738 2828 inquit,
2770 2758 2937 2825 agite,
2977 2765 3031 2812 et
3084 2756 3411 2826 quantocius
3442 2764 3753 2823 properate,

2158 2848 2289 2919 quia
2333 2849 2447 2919 jam
2512 2847 2699 2904 fratris
2744 2848 2993 2920 Gregorii
3038 2848 3230 2903 cellam
3271 2847 3357 2900 fur
3387 2847 3628 2914 frangit:
3669 2846 3757 2900 hic

2160 2952 2344 2997 autem
2374 2941 2675 3014 Gregorius
2705 2941 2856 3012 (T85)
2908 2941 3351 3012 arcltiepiscOpns
3394 2941 3449 2993 in
3508 2939 3760 3009 gentibus

2159 3033 2506 3103 postmodum
2535 3041 2891 3088 consecratus
2919 3041 3036 3096 est;
3099 3031 3192 3102 qui
3225 3030 3477 3100 protinus
3506 3030 3760 3084 exsilien-

2159 3125 2348 3182 tes-ad
2377 3125 2569 3182 cellam
2603 3124 2899 3196 perniciter
2925 3133 3192 3186 currunt,
3224 3132 3280 3178 et
3314 3122 3485 3177 furem
3517 3122 3630 3190 jam
3659 3137 3755 3191 pa-

2161 3218 2329 3274 rietes
2383 3218 2733 3286 infrigentem
2787 3216 3087 3272 inveniunt.
3140 3213 3311 3282 Quem
3357 3215 3641 3284 capientes
3690 3213 3756 3266 ad

2162 3306 2484 3378 magistrum
2511 3307 2867 3378 pertrahunt,
2891 3305 3101 3374 etquid
3128 3305 3197 3358 de
3236 3315 3342 3358 tam
3370 3303 3637 3372 sacrilego
3674 3318 3760 3356 ra-

2160 3408 2320 3471 ptore
2347 3399 2652 3455 faciendum
2679 3408 2828 3455 esset
2855 3399 3157 3468 inquirunt.
3190 3397 3398 3464 Quibus
3428 3399 3511 3449 vir
3541 3406 3764 3450 sanctus

2162 3499 2332 3560 cmptt
2360 3491 2609 3546 hilariter
2636 3490 2820 3544 dicere
2851 3508 2864 3544 :
2917 3489 2980 3543 Et
3009 3504 3130 3560 ego,
3161 3488 3382 3550 fratres,
3413 3489 3606 3557 ignoro
3635 3489 3764 3556 quid

2169 3593 2240 3637 de
2269 3592 2376 3636 tam
2407 3581 2551 3637 malo
2579 3582 2800 3637 homine
2835 3579 3106 3650 possimus
3141 3577 3342 3633 facere.
3377 3578 3633 3631 Eruimus
3663 3579 3765 3633 sibi

2168 3673 2398 3727 oculos?
2447 3672 2542 3728 sed
2576 3681 2762 3742 postea
2816 3686 2923 3724 non
2974 3668 3192 3722 videbit.
3245 3666 3538 3722 lncidimus
3567 3667 3614 3720 ei
3655 3683 3767 3723 ma-

2169 3766 2332 3822 num?
2359 3767 2451 3821 sed
2481 3767 2715 3837 amplius
2735 3761 2840 3820 non
2870 3763 3158 3825 laborabit,
3189 3778 3254 3818 ac
3280 3777 3376 3832 per
3404 3764 3506 3817 boc
3537 3761 3764 3816 forsitan

2171 3859 2317 3916 fune
2348 3860 2567 3930 peribit.
2601 3858 2658 3913 Si
2688 3858 2882 3938 pedem
2933 3854 3292 3910 trnncamns?
3341 3854 3620 3909 ambulare
3662 3870 3767 3907 non

2171 3951 2389 4020 poterit.
2439 3951 2545 4006 Sed
2595 3951 2741 4023 intro
2767 3965 2891 4004 cum
2943 3949 3146 4002 minate
3176 3945 3349 4016 (286),
3397 3955 3448 4001 et
3477 3947 3657 4000 cibum
3692 3945 3767 3999 illi

2169 4043 2324 4114 prius
2351 4044 2630 4114 apponite,
2662 4051 2720 4096 ut
2749 4042 2879 4112 quid
2906 4041 2973 4094 de
3001 4056 3068 4094 eo
3092 4039 3400 4093 faciendum
3428 4039 3522 4100 sit,
3553 4038 3770 4091 interim

2170 4146 2591 4207 pertractemus.
2643 4135 2705 4192 Et
2756 4137 2830 4190 ita
2881 4135 2966 4189 vir
2993 4144 3216 4189 sanctus
3243 4132 3526 4189 exsultans
3568 4131 3620 4185 in
3674 4131 3774 4186 Do-

2243 4270 2395 4333 (285)
2425 4269 2576 4325 Hanc
2605 4270 2993 4324 canonicnrum
3031 4268 3398 4324 communiter
3441 4268 3493 4320 in
3537 4282 3768 4335 congre-

2174 4344 2394 4414 gatione
2419 4342 2520 4414 sub
2544 4342 2846 4414 pra-positis
2876 4340 3168 4414 viventium
3204 4339 3259 4392 S.
3297 4338 3590 4414 liotttualdi
3613 4338 3771 4414 insti-

2173 4407 2439 4469 t'utioncm
2481 4407 2723 4465 imitatus
2750 4423 2831 4468 est
2880 4412 3206 4474 Damianus,
3254 4411 3452 4480 quippe
3500 4410 3591 4478 qui
3628 4407 3771 4467 γειι.

2177 4482 2382 4539 trensis
2399 4481 2654 4536 Ecclesitv
2685 4497 2796 4537 suae
2812 4483 3106 4538 canonicos
3137 4498 3243 4535 non
3284 4481 3443 4533 modo
3475 4480 3775 4548 corripuit,

2174 4554 2269 4609 sed
2300 4553 2367 4605 ad
2402 4563 2609 4606 arctam
2641 4553 2852 4605 vivendi
2891 4566 3138 4605 normam
3189 4562 3382 4618 sponte
3418 4551 3663 4609 reduxit,
3716 4557 3774 4602 nt

2172 4625 2232 4679 in
2257 4639 2356 4675 sua
2383 4622 2631 4691 cpistola,
2666 4639 2787 4691 qute
2814 4633 2898 4678 est
2926 4620 3246 4690 opusculum
3277 4620 3366 4680 δι,
3399 4619 3586 4672 refert.

2249 4692 2398 4763 (285)
2432 4693 2524 4747 llic
2557 4694 2722 4747 etiam
2744 4735 2758 4757 ,
2787 4702 2844 4747 ιιι
2875 4693 2936 4747 S.
2980 4691 3290 4746 Bonifacius
3318 4700 3372 4744 et
3411 4691 3766 4763 lngeiliet'tus,

2175 4781 2200 4835 a
2231 4760 2445 4835 sitmu-o
2473 4763 2725 4835 pontifice
2754 4765 2819 4818 ad
2850 4763 3251 4835 praedicandum
3280 4762 3531 4835 gentibus
3560 4760 3767 4835 Christi

2175 4831 2524 4901 Evangeliqu
2550 4831 3052 4908 archiepiscopatus
3081 4833 3240 4887 titulo
3270 4842 3476 4886 tantum
3508 4831 3608 4886 fuit
3640 4847 3768 4886 cou-

2175 4915 2447 4961 δοετειῑιις.

2247 4973 2396 5044 (286)
2447 4975 2763 5032 Ρονιιίδῐιοιιί
2803 4977 2971 5032 editio
3002 4977 3182 5036 liabet,
3243 4977 3381 5029 intra
3411 4995 3527 5031 eum
3567 4979 3762 5031 ducite.

2176 5045 2488 5116 Obs‘oletum
2539 5058 2622 5101 est
2678 5050 2899 5101 verbum
2947 5047 3167 5112 minare,
3215 5050 3436 5103 sicutct
3479 5052 3769 5116 minitare,

2177 5115 2490 5189 quodidth
2524 5131 2604 5172 est
2635 5135 2698 5173 ac
2731 5120 2939 5171 ducere.

2251 5185 2402 5257 (287)
2427 5187 2761 5259 Augustinus
2790 5189 3137 5244 Fiorentinus
3161 5231 3174 5251 ,
3201 5199 3254 5242 et
3287 5203 3387 5259 una
3420 5206 3543 5244 cum
3573 5208 3635 5244 en
3667 5209 3772 5246 non

2179 5258 2666 5332 pauciscriptores
2707 5276 2992 5329 perperam
3043 5271 3262 5313 vertunt
3301 5258 3466 5312 Cit-ita
3528 5259 3771 5326 Verr/tia,

2157 5329 2310 5385 'olim
2340 5329 2782 5387 (lentum-cellae;
2831 5333 2923 5386 sezl
2959 5348 3016 5384 rc
3045 5332 3157 5398 ipsa
3190 5333 3254 5386 de
3286 5332 3504 5399 regione
3539 5332 3776 5386 Urbem--

2185 5412 2335 5462 lana.
2369 5399 2526 5472 Vulgo
2548 5402 2602 5454 di
2626 5402 2856 5465 Oraieto,
2882 5419 3003 5470 quae
3027 5403 3219 5455 civitas
3247 5412 3328 5455 est
3355 5418 3458 5454 non
3488 5404 3775 5458 incelelu-is

2182 5472 2412 5528 Etruria?
2441 5474 2540 5526 sub
2567 5474 2826 5528 Ecclesia:
2850 5474 3053 5528 ditioue
3073 5514 3087 5536 ,
3122 5474 3531 5542 intelligendum
3559 5475 3774 5529 Damia-

2183 5558 2310 5598 num
2346 5554 2503 5615 t.emo
2533 5561 2639 5599 non
2667 5545 2942 5614 imperitus
2968 5545 3214 5615 ambigit.

2254 5614 2401 5686 (288)
2427 5615 2767 5684 Pharulphus
2790 5627 2909 5670 erat
2931 5615 3093 5671 Urbis
3115 5614 3316 5671 veteris
3339 5630 3546 5677 comes,
3570 5626 3628 5669 ut
3657 5617 3800 5685 ipse.

2187 5683 2480 5744 Damianus
2507 5683 2672 5742 refert
2693 5689 2746 5741 in
2772 5688 2926 5756 epist.
2956 5687 3022 5742 l9
3050 5686 3169 5740 libri
3204 5703 3275 5742 vi.
3306 5688 3379 5741 Ex
3414 5683 3766 5742 celeierrima

2185 5757 2445 5813 comitum
2480 5758 2920 5821 Montis-martis,
2968 5773 3063 5814 seu
3099 5756 3311 5813 Martini
3353 5758 3554 5811 dicitur
3602 5758 3768 5815 fuisse

2190 5823 2418 5900 familia.
2439 5846 2558 5900 qua:
2577 5828 2856 5900 Cerberi-.1;
2878 5829 3139 5885 comitum
3164 5845 3190 5881 a
3223 5828 3495 5883 nonnullis
3519 5829 3764 5884 habetur.

2195 5894 2578 5955 llonastedmn
2619 5911 2795 5954 autem
2827 5895 2957 5956 iflud
2984 5915 3105 5954 esse
3139 5901 3350 5956 videtur
3381 5900 3554 5954 beata:
3589 5900 3768 5955 Maria

3836 632 3985 685 «tmte
4014 643 4322 701 correptum
4353 644 4407 688 et
4435 634 4683 690 dulcibus
4730 634 4909 689 verbis
4938 635 5277 692 admonitum
5335 651 5416 693 re-

3836 726 3952 777 duc
3982 725 4047 778 ad
4075 726 4291 796 propria
4323 726 4374 779 in
4406 740 4538 795 pace
4562 728 4830 796 permisit.

4268 816 4429 890 ωε
4468 817 4700 874 CAPUT
4739 817 5004 874 xxxv".

3968 907 4044 961 De
4078 911 4398 963 monasterio
4425 908 4584 964 Urbis
4609 911 4796 966 veteris
4823 912 4963 981 quod
4994 910 5303 965 construxit.

3914 1001 4198 1056 Postremo
4243 1003 4484 1057 dimissis
4533 1003 4586 1057 in
4636 1003 4777 1058 valle
4810 1005 4876 1059 de
4916 1003 5107 1058 Castro
5157 1000 5420 1059 nonnullis

3840 1091 3904 1145 de
3936 1092 4048 1146 suis
4074 1091 4375 1162 discipulis,
4408 1093 4475 1147 ad
4501 1094 4780 1164 regionem
4813 1108 4872 1148 se
4908 1091 5057 1164 (287)
5088 1092 5248 1150 Urbis
5277 1100 5422 1145 vete-

3841 1188 3915 1240 ris
3934 1188 4188 1253 contulit,
4205 1197 4260 1243 et
4283 1189 4336 1243 in
4361 1193 4708 1259 possessione
4730 1190 5023 1263 Pbarulpbi
5044 1191 5257 1245 comitis
5284 1186 5427 1261 (ηε)

3841 1281 4254 1344 monasterium.
4294 1283 4480 1337 multis
4510 1282 4729 1352 quidem
4755 1282 5200 1352 suﬂ'ragantibus,
5228 1283 5322 1337 sed
5366 1295 5431 1335 eo

3842 1374 4078 1428 maxime
4100 1388 4366 1444 expensas
4388 1376 4682 1446 prabente,
4706 1379 5030 1433 construxit.
5060 1375 5264 1431 Tantus
5283 1391 5435 1429 nam-

3842 1480 3946 1533 que
3978 1466 4039 1519 in
4060 1467 4236 1520 sancti
4282 1468 4382 1521 viri
4413 1478 4635 1537 pectore
4661 1467 4894 1524 faciendi
4927 1469 5133 1526 fructus
5161 1473 5323 1527 ardor
5355 1472 5437 1526 in-

3845 1556 4161 1620 cauduerat,
4181 1565 4260 1618 nt,
4293 1557 4501 1612 eil'ectis
4534 1574 4810 1628 nunquam
4840 1569 5153 1624 contentus,
5178 1562 5303 1616 dum
5332 1563 5436 1617 alia

3847 1646 4070 1710 faceret,
4096 1648 4161 1700 ad
4211 1647 4458 1702 facienda
4513 1664 4633 1702 mox
4688 1649 4790 1702 alia
4828 1662 5181 1720 properaret;
5213 1654 5350 1707 adeo
5382 1665 5442 1708 ut

3848 1751 4132 1809 putaretur
4162 1751 4331 1794 totum
4365 1742 4625 1796 iuundum
4678 1744 4730 1797 in
4763 1759 5006 1798 eremum
5037 1745 5174 1800 velle
5213 1762 5442 1801 conver—

3851 1839 3986 1892 tere,
4013 1839 4067 1883 et
4115 1831 4436 1884 monachico
4468 1831 4645 1884 ordini
4689 1846 4904 1886 omnem
4934 1833 5112 1903 populi
5143 1835 5444 1889 multitudi-

3777 1900 3820 1958 Β
3853 1937 3971 1971 ιιι-ιιι
4005 1921 4235 1972 sociare.
4269 1919 4463 1975 Mulzos
4490 1921 4724 1990 denique
4756 1922 4862 1976 illic
4891 1900 4956 1978 de
4982 1900 5180 1980 stmulo
5201 1925 5447 1990 abstulit,

3851 2026 3987 2079 quos
4018 2026 4113 2081 per
4149 2011 4302 2080 plura
4337 2027 4492 2065 sacra
4534 2010 4646 2065 loca
4685 2011 4889 2066 divisit.

4372 2103 4605 2159 CAPUT
4645 2103 4928 2160 XXXVIII.

3856 2199 3932 2252 De
3974 2199 4085 2258 ﬁlio
4127 2199 4351 2262 comitis,
4379 2202 4466 2266 qui
4495 2216 4690 2252 ca‘rum
4713 2211 4825 2268 post
4860 2213 5076 2254 mortem
5107 2201 5450 2258 illuminat-it.

3929 2292 4178 2345 Nonnulli
4210 2308 4423 2360 quoque
4466 2293 4726 2344 nobilium
4759 2292 4873 2355 lilii,
4903 2296 5231 2364 centeutptis
5256 2311 5450 2363 paren-

3859 2387 4021 2450 tibus,
4056 2388 4119 2437 ad
4171 2387 4343 2437 virum
4395 2385 4773 2441 beatissimum
4824 2385 5118 2457 fugiebant.
5147 2387 5224 2443 Ex
5252 2387 5454 2464 quibus

3856 2476 4021 2534 etiam
4050 2475 4186 2532 ttiius
4211 2474 4363 2548 (iii‘i)
4397 2477 4665 2535 Cuidonis
4709 2481 4924 2536 comitis
4950 2481 5070 2546 fuit,
5105 2487 5196 2554 qui
5233 2484 5286 2538 in
5340 2486 5451 2555 ipsa

3858 2574 4087 2645 pueritia
4134 2590 4239 2630 non
4299 2575 4456 2647 longo
4509 2586 4751 2648 tempore
4805 2587 5091 2648 postquam
5155 2582 5456 2634 monachus

3861 2668 4033 2722 factus
4063 2678 4164 2732 est,
4225 2668 4294 2722 ad
4337 2679 4565 2723 mortem
4617 2671 4862 2733 veniens,
4912 2672 5042 2725 vidit
5072 2672 5207 2725 duos
5242 2672 5458 2742 iniquos

3858 2760 4110 2827 spiritus,
4145 2762 4299 2830 quasi
4333 2761 4656 2831 nigerrimos
4701 2762 4970 2822 vultures,
5008 2762 5279 2818 terribiles
5312 2764 5366 2818 in
5399 2779 5460 2818 se

3861 2850 4049 2904 oculos
4107 2851 4410 2922 infigentes.
4488 2853 4733 2922 Cumque
4816 2854 4920 2908 hoc
4978 2854 5254 2910 assistenti
5353 2857 5454 2909 sibi

3865 2941 3922 2994 Β.
3968 2941 4272 2996 Romualdo
4300 2959 4435 3011 puer
4459 2944 4720 3002 ediceret.
4755 2945 5005 3013 protinus
5031 2945 5237 2999 addidit
5263 2964 5275 2999 :
5322 2945 5458 3000 Ecce

3865 3036 4144 3103 magister,
4174 3036 4307 3089 tanti
4338 3052 4480 3090 nunc
4510 3036 4798 3105 Aitbiopes
4826 3038 5051 3102 intrant,
5073 3036 5256 3104 utjam
5285 3047 5458 3092 totum

3863 3126 4154 3179 mdifit-ium
4195 3126 4459 3194 repleant.
4515 3127 4847 3181 Exhortatur
4898 3137 5078 3181 autem
5137 3138 5196 3181 ut
5232 3127 5460 3182 conﬁte.

3867 3230 4016 3274 retur
4056 3221 4184 3289 quid
4217 3221 4568 3290 deliquisset;
4602 3222 4700 3274 lioc
4729 3221 5064 3275 solummodo
5095 3224 5301 3276 crimen
5334 3219 5459 3275 felix

3869 3311 3956 3364 ille
3991 3322 4248 3381 peccator
4274 3327 4396 3367 cum
4427 3329 4624 3383 magno
4654 3325 4860 3368 terrore
4889 3313 5170 3367 confessus
5197 3325 5302 3374 est.
5336 3314 5460 3384 quia

3861 3401 4046 3471 jussus
4075 3401 4250 3456 fuerat
4279 3419 4312 3454 a
4363 3404 4544 3472 priore
4582 3405 4766 3458 nescio
4793 3415 4923 3472 quot
4951 3418 5144 3473 scopas
5185 3401 5336 3471 (290)
5370 3418 5461 3457 ac-

3867 3497 4072 3564 cipcrc,
4134 3512 4268 3564 quas
4325 3498 4555 3549 necdum
4608 3507 4913 3566 acet-perat.
4951 3495 5252 3550 ltomnaldo
5295 3497 5462 3562 igitur

3870 3589 3970 3640 sibi
4002 3589 4132 3639 tanti
4185 3587 4446 3643 facinoris
4482 3590 4693 3642 veniam
4745 3588 5076 3658 indulgente.
5111 3588 5163 3642 in
5187 3602 5338 3657 .pace
5367 3589 5434 3642 de

3871 3677 4090 3730 functus
4138 3687 4239 3730 est.
4277 3676 4502 3730 Postera
4538 3694 4666 3732 vero
4709 3679 4795 3732 die
4841 3693 5016 3732 caecus
5047 3677 5287 3746 quidam.
5333 3691 5456 3746 pra.L

3871 3768 4163 3822 bcndarius
4216 3770 4463 3822 videlicet
4509 3771 4678 3838 patris
4702 3767 4839 3836 ejus,
4877 3768 4941 3822 ad
4986 3768 5293 3838 sepulcrum
5325 3769 5475 3824 illius

3872 3860 4039 3921 venit,
4070 3869 4123 3911 ct
4173 3858 4352 3912 altiori
4409 3874 4539 3913 voce
4581 3859 4879 3912 «Iainavit:
4923 3858 5078 3921 llcm,
5112 3859 5356 3922 domine,
5389 3860 5470 3913 in-

3873 3952 4007 4020 quit,
4053 3967 4222 4012 meus,
4254 3952 4297 4004 si
4334 3968 4457 4004 cum
4494 3951 4601 4006 Deo
4645 3967 4732 4012 es.
4759 3952 4899 4007 sicut
4925 3953 5117 4015 credo,
5148 3968 5343 4021 preces
5372 3968 5470 4020 pro

3874 4057 3963 4096 me
3994 4042 4058 4095 ad
4092 4059 4216 4096 cum
4248 4043 4429 4104 funde,
4465 4055 4518 4098 et
4545 4043 4827 4096 oculorum
4854 4043 4980 4096 mibi
5012 4042 5188 4097 lumen
5219 4044 5465 4097 restitue.

3876 4135 3942 4190 Et
3965 4136 4065 4190 ilOC
4095 4136 4260 4197 dicto,
4293 4136 4476 4190 statim
4505 4135 4668 4209 m
4719 4136 5052 4190 illuminatus
5072 4144 5172 4190 est.
5211 4134 5472 4190 Nonnulli

3877 4271 3928 4323 in
3963 4268 4131 4330 Silva,
4165 4270 4320 4338 cujus
4366 4281 4445 4324 est
4490 4271 4697 4325 mentio
4744 4271 4796 4326 in
4837 4268 5121 4324 Pontificio
5172 4267 5468 4339 diplomate

3875 4341 4173 4411 :chandri
4205 4339 4294 4401 ιν.
4332 4342 4582 4410 aliisque.

3947 4411 4096 4478 (989i
4147 4412 4218 4465 Ita
4269 4423 4323 4465 et
4362 4411 4653 4467 Vaticanus
4677 4413 4867 4467 codex.
4899 4411 4954 4466 In
4985 4414 5293 4480 Appendice
5332 4413 5476 4468 Vite

3877 4483 3917 4536 Β
3972 4483 4239 4537 Guidonis
4295 4484 4362 4538 dc
4415 4484 4829 4542 Melite-unane.
4876 4501 4902 4538 a
4962 4484 5252 4540 Francisco
5300 4482 5470 4538 Lollio

3883 4553 4198 4607 Ravennate
4246 4555 4598 4622 conscriptas.
4659 4570 4778 4620 qua!
4827 4571 4930 4608 una
4988 4570 5106 4607 cum
5160 4557 5284 4609 a'iis
5334 4552 5469 4607 Vitis

3883 4624 3935 4675 ii.
3973 4622 4252 4684 Regiualdi
4286 4626 4497 4695 ordinis
4529 4626 4973 4692 pra-dicaturum,
5005 4636 5056 4676 et
5095 4625 5152 4681 Β.
5192 4626 5468 4695 Angelina

3881 4695 4025 4747 tertii
4065 4697 4274 4748 ordinis
4314 4695 4371 4748 S.
4412 4694 4686 4748 Francisci
4729 4699 4794 4748 de
4825 4699 5015 4749 eadem
5058 4694 5468 4749 Montispinams

3914 4778 4060 4827 cute,
4098 4767 4148 4818 in
4202 4766 4376 4820 lucem
4409 4767 4602 4833 prodiit
4644 4767 4896 4820 Bononia:
4931 4782 5073 4819 anno
5104 4767 5259 4824 i559,
5301 4779 5465 4818 totum

3914 4782 4060 4827 cute,
4098 4783 4148 4818 ltt
4202 4782 4376 4820 lucem
4409 4782 4602 4833 prmtttl
4644 4782 4896 4820 Istitmlttte
4931 4782 5073 4819 :tmm
5104 4782 5259 4824 mw.
5301 4782 5465 4818 louttn

3879 4782 4048 4890 ᾔτησε
4075 4837 4143 4891 38
4171 4849 4332 4904 caput
4367 4837 4739 4889 Rittltttaldmt-
4771 4837 4903 4890 Vita:
4937 4837 5230 4905 profertur.
5268 4840 5354 4888 ubi
5395 4839 5466 4889 le-

3877 4910 4023 4975 gitur
4067 4926 4078 4959 :
4127 4908 4210 4961 Ex
4234 4910 4420 4976 quibus
4451 4910 4607 4961 etiam
4655 4909 4830 4960 (Initio
4877 4925 5044 4961 comes
5082 4910 5222 4976 ﬁlius
5264 4911 5467 4961 ramiris

3883 4978 4176 5044 Pharulphi
4229 4979 4350 5045 fuit.
4413 4981 4492 5033 Ab
4541 4977 4837 5034 J-cobillo.
4883 4995 4972 5046 qui
5024 4980 5180 5046 Itujth
5234 4982 5440 5031 sanctis

3881 5051 4002 5106 simi
4031 5052 4297 5120 monachi
4344 5051 4626 5103 historiam
4672 5063 4799 5101 tum.
4827 5048 4885 5105 Il.
4927 5063 5046 5120 pag.
5085 5051 5218 5108 3l5.
5247 5048 5466 5102 Sum-io-

3882 5139 3995 5174 rum
4017 5119 4245 5175 Umbria'
4273 5124 4664 5181 inseruit,c.tc..
4690 5119 5211 5178 C‘iIllnitittit'lI‘ilNN,
5240 5123 5310 5171 ali
5343 5137 5467 5182 squ-3

3878 5195 4237 5259 scriptoribus
4268 5191 4523 5244 Uttiduuia
4550 5193 4753 5244 (anulis
4789 5189 5075 5253 ΙἿιαιιιΙίΙιι
5113 5193 5211 5254 ﬁtit
5250 5195 5466 5244 tia-iniui-

3879 5279 4089 5331 setnper
4124 5266 4167 5316 is
4196 5267 4448 5316 donaltlr.
4480 5263 4633 5329 Qtttui
4665 5265 4706 5314 si
4739 5265 4809 5313 ita
4844 5265 4933 5326 sil,
4967 5262 5066 5315 dic:
5090 5262 5253 5314 nilum
5285 5265 5337 5314 itt
5372 5263 5462 5315 hoc

3880 5336 4123 5388 Damiaui
4163 5337 4281 5386 loro
4309 5336 4408 5456 C'u'
4440 5351 4634 5388 nomen
4668 5333 4977 5398 signiﬁcare
5011 5343 5291 5400 nepotem.
5347 5349 5462 5386 nam

3881 5409 3932 5456 in
3967 5408 4274 5456 donationis
4335 5405 4640 5456 'alliscastri
4681 5407 4900 5456 nmina.
4930 5405 4974 5456 si
5012 5416 5188 5456 tamen
5216 5407 5365 5456 ouu-i
5405 5422 5462 5456 et

3881 5409 3932 5460 in
3967 5408 4274 5460 donationis
4309 5405 4640 5458 Valliscastri
4681 5407 4900 5476 pagina.
4930 5405 4984 5476 si
5012 5416 5188 5457 tamen
5216 5407 5365 5456 ouu-i
5405 5422 5462 5458 ex

3879 5489 4034 5558 parte
4075 5494 4196 5532 vera
4225 5479 4323 5540 sit,
4369 5495 4489 5546 quae
4518 5477 4591 5558 Ei:
4625 5475 4923 5558 Augustino
4963 5475 5278 5558 Florentino
5328 5479 5462 5558 edita

3876 5550 3977 5602 fuit
4010 5549 4058 5600 in
4092 5561 4247 5617 parte
4277 5566 4337 5612 ιι,
4368 5563 4489 5618 pag.
4525 5547 4614 5610 37,
4641 5545 4796 5618 ﬂist.
4833 5548 5036 5598 (Inmnl.
5083 5549 5323 5616 legitur:
5359 5545 5462 5615 13.5.0

3881 5615 4223 5679 Phttrulphus
4254 5615 4424 5674 eomes
4447 5615 4596 5686 ﬁlius
4625 5615 4784 5671 Cnidi
4813 5619 5034 5670 consitis.

3953 5692 4102 5761 (290)
4155 5692 4442 5762 Virgarutu
4499 5705 4697 5762 scopas
4747 5707 4797 5741 tu
4844 5690 5194 5762 corrigierstnt
5244 5690 5462 5762 satiras

3877 5757 4109 5818 vertisse
4137 5762 4195 5816 Β.
4227 5757 4564 5817 συιιιὶιιίευιιι
4594 5757 4902 5815 I.oricatum
4925 5800 4937 5824 ,
4973 5757 5025 5814 in
5054 5760 5303 5830 ejusdem
5351 5757 5460 5812 Vita

3880 5835 4175 5889 Dunianus
4205 5844 4389 5890 noster
4416 5832 4624 5887 scribit.
