5652 6422
1080 431 1188 493 *89

2391 425 2545 480 ΗΤΛ
2590 424 2648 480 S.
2698 420 3082 480 liOMUALDI.

4290 431 4402 492 990

1083 563 1300 623 quoque
1335 546 1522 619 agroti
1573 545 1640 601 ad
1692 545 1810 616 ejus
1840 540 2104 598 tumulum
2140 540 2441 607 venientes,
2482 539 2680 604 redditi
2711 542 2758 601 Α
2787 535 3045 592 Euntium
3118 545 3300 590 autem
3351 537 3573 605 quidam
3636 535 4002 609 ﬂagellantur,
4059 537 4398 604 vendantur.

1084 652 1210 699 sunt
1257 640 1502 696 sanitati.
1536 638 1670 692 Nam
1707 645 1761 692 et
1791 636 1966 706 ipsum
2020 635 2145 705 ejus
2191 633 2504 704 sepulcrum
2536 631 2683 686 velut

1088 732 1272 787 multis
1303 731 1522 800 plenum
1553 725 1892 782 aromatibus
1932 724 2233 781 redolebat.
2286 723 2355 778 Et
2382 724 2455 777 ita
2495 738 2524 777 a
2569 722 2684 777 Deo

1087 819 1285 874 meruit
1317 816 1568 871 honorari
1601 824 1724 885 post
1751 822 2005 878 mortem,
2033 811 2130 882 qui
2160 825 2259 883 pro
2298 809 2418 879 ejus
2465 825 2680 876 amore,

1084 911 1210 965 dum
1252 911 1479 974 viveret,
1519 906 1816 961 carnalium
1856 914 2147 975 parentum
2187 904 2397 977 sprevit
2446 902 2684 982 haeredi-

1085 1010 1253 1058 tatem

1606 1086 1836 1147 CAPUT
1873 1085 2119 1145 XXXIX.

1082 1205 1162 1263 De
1194 1207 1358 1262 tribus
1393 1197 1728 1276 monasteriis
1752 1195 1890 1276 quia
1911 1201 2254 1276 Romualdus
2275 1198 2596 1267 construxit,
2627 1203 2680 1254 et

1384 1277 1448 1332 de
1477 1272 1802 1347 profectione
1821 1273 1937 1345 ejus
1967 1275 2023 1328 in
2051 1272 2369 1345 Ungariam.

1151 1391 1360 1448 Interea
1400 1389 1757 1456 Romualdns,
1787 1387 2019 1444 audiens
2048 1386 2174 1456 quia
2211 1383 2565 1442 beatissimus
2593 1381 2680 1437 vir

1079 1484 1389 1543 Bonifacius
1417 1483 1564 1554 (29I)
1613 1483 1938 1554 martyrium
1972 1479 2323 1550 suscepisset,
2360 1477 2534 1532 nimio
2583 1475 2679 1532 de-

1077 1579 1263 1636 siderii
1316 1581 1436 1649 igne
1475 1590 1775 1633 succensus
1833 1583 1892 1629 ut
1945 1588 2045 1644 pro
2085 1571 2306 1627 Christo
2352 1568 2675 1641 sanguinem

1078 1670 1346 1733 funderet,
1381 1667 1678 1740 ngariam
1714 1683 1840 1722 mox
1882 1667 1964 1722 ire
2005 1664 2290 1736 disposuit.
2329 1661 2550 1718 Interim
2589 1669 2677 1716 ta-

1081 1775 1226 1826 men,
1261 1760 1390 1815 dum
1424 1759 1477 1814 in
1503 1759 1616 1828 ipsa
1651 1757 1952 1812 intentione
1980 1755 2321 1826 persisteret,
2358 1752 2509 1809 brevi
2534 1761 2676 1807 tem-

1073 1867 1206 1923 pore
1251 1851 1352 1906 tria
1385 1848 1668 1906 constituit
1715 1847 2046 1904 monasteria
2081 1861 2292 1901 :unnm
2334 1843 2588 1899 videlicet
2619 1843 2672 1898 in

2784 625 2973 696 plures
3001 625 3235 680 Domino
3259 624 3532 694 subeunt;
3564 625 3633 682 ad
3655 627 3985 700 martyrium
4018 636 4222 696 tamen,
4251 629 4403 688 sicut

2781 723 2870 777 vir
2898 729 3125 777 sanctus
3159 720 3509 792 pnedixerat,
3535 735 3642 776 non
3672 721 4014 793 pertingant.

2850 811 3191 866 Romualdns
3213 821 3422 876 autem,
3461 826 3734 868 converso
3769 812 4007 881 quodam
4055 812 4403 871 nobilissimo

2779 900 2926 966 viro,
2977 899 3381 956 Adhelberonis
3437 900 3694 965 videlicet
3740 901 3898 956 ducis
3961 904 4399 973 consanguineo,

2780 993 2872 1065 qui
2903 1001 3094 1064 postea
3123 993 3434 1048 monachus
3458 992 3640 1049 factus
3667 993 3719 1049 in
3746 1003 3937 1050 sancta
3960 1009 4133 1064 usque
4159 995 4224 1049 ad
4250 1011 4401 1050 mor-

2781 1077 2892 1142 tem
2928 1086 3348 1142 conversatione
3395 1085 3720 1157 permansit,
3771 1086 4004 1156 aliisque
4049 1086 4398 1152 Teutonicis,

2778 1176 2847 1232 ad
2876 1176 3270 1232 monasterium
3305 1176 3451 1245 quod
3479 1176 3533 1232 in
3562 1173 3726 1232 Urbis
3752 1178 3959 1233 veteris
4005 1179 4227 1250 regione
4261 1193 4398 1235 con-

2777 1277 3059 1326 struxerat
3085 1270 3246 1324 redit.
3279 1267 3589 1325 Notandum
3629 1269 3818 1341 itaque
3875 1279 3960 1325 est
4008 1269 4146 1340 quia
4164 1278 4397 1326 sanctus

2778 1361 2864 1417 vir
2916 1377 3283 1433 nequaquam,
3316 1361 3462 1418 velut
3507 1362 3730 1418 levitate
3775 1377 3942 1431 usus,
3985 1361 4098 1418 falli
4148 1364 4396 1419 inaniter

2777 1454 2994 1525 potuit;
3045 1455 3137 1525 qui
3181 1455 3478 1510 secundum
3531 1454 3887 1510 intentionem
3935 1454 4156 1525 quidem
4220 1454 4382 1511 suam

2778 1546 3105 1617 martyrium
3134 1547 3324 1613 subiit,
3349 1545 3507 1615 juxta
3531 1546 3776 1602 divinum
3809 1561 3941 1601 vero
3957 1546 4252 1602 consilium
4283 1562 4388 1616 pro

2776 1638 2952 1694 salute
2977 1653 3168 1694 eorum
3195 1638 3397 1694 missus
3417 1646 3504 1693 est
3552 1653 3690 1708 quos
3719 1638 4012 1694 convertit.
4045 1639 4099 1694 In
4126 1639 4391 1710 pmtlicto

2777 1727 2943 1800 igitur
2973 1729 3304 1784 monasterio
3334 1728 3503 1783 multa
3526 1730 3927 1799 persecutionis
3955 1729 4211 1785 scandala
4252 1745 4389 1801 pas-

2778 1835 2874 1876 sus
2914 1828 3018 1876 est.
3073 1819 3300 1876 Volebat
3340 1819 3486 1875 enim
3528 1820 3805 1885 abbatem,
3845 1828 3907 1876 nt
3952 1835 4139 1897 revera
4189 1835 4387 1876 mona-

1075 1903 1217 1998 ςᾶίιὲ
1243 1903 1677 2002 αςὲίὼνήυὺί
1720 1903 1854 1994 ωηο
1894 1903 2299 1992 “notissimum
2327 1949 2528 2004 corpus
2556 1931 2674 2003 eius
2707 1903 2748 1963 Β
2777 1911 2962 1976 chum,
2991 1913 3401 1967 extremitatem
3431 1910 3677 1983 diligere,
3707 1911 3991 1968 saecularia
4019 1927 4087 1967 ex
4111 1910 4391 1967 desiderio

1069 2041 1157 2087 est
1176 2031 1474 2095 conditum,
1499 2028 1645 2083 aliud
1686 2043 1853 2098 prope
1881 2026 2085 2082 Isinum
2116 2024 2262 2097 (292)
2290 2023 2539 2087 ﬂuvium,
2570 2031 2675 2077 ter-

1074 2125 1209 2177 tium
1272 2123 1427 2194 juxta
1480 2119 1737 2192 oppidum
1815 2117 2058 2173 condidit
2109 2115 2259 2188 (293)
2317 2113 2669 2169 Esculanum.

1073 2214 1276 2269 Deinde
1307 2213 1528 2268 licentia
1552 2212 1622 2266 ab
1659 2209 1961 2282 apostolica
1989 2207 2118 2266 sede
2145 2217 2421 2280 suscepta,
2448 2214 2504 2262 et
2533 2205 2672 2261 duo-

1071 2308 1173 2364 bus
1201 2306 1353 2379 (ξθι)
1380 2321 1413 2363 e
1453 2306 1567 2361 suis
1597 2303 1882 2374 discipulis
1913 2303 1966 2358 in
1998 2301 2443 2372 archiepiscopus
2478 2313 2670 2355 conse-

1067 2399 1255 2463 cratis,
1305 2415 1428 2455 cum
1472 2397 1663 2468 viginti
1695 2405 1935 2467 quatuor
1978 2394 2245 2451 fratribus
2279 2394 2384 2450 iter
2413 2391 2668 2463 arripuit.

1067 2491 1276 2564 Tantus
1299 2492 1446 2546 enim
1471 2489 1634 2546 ardor
1665 2487 1928 2544 moriendi
1956 2501 2059 2558 pro
2080 2485 2304 2542 Christo
2334 2485 2388 2541 in
2415 2483 2672 2540 omnibus

1065 2582 1364 2647 aestuabat,
1396 2583 1540 2652 quod
1577 2581 1663 2636 vir
1699 2589 1924 2636 sanctus
1966 2578 2033 2634 ad
2065 2577 2173 2634 tale
2216 2577 2495 2649 negotium
2543 2591 2670 2631 eum

1066 2675 1254 2740 paucis
1281 2673 1359 2729 ire
1380 2671 1598 2729 diliicile
1617 2681 1854 2743 poterat.
1878 2671 2085 2726 Euntes
2105 2684 2238 2742 ergo
2256 2684 2380 2724 eum
2399 2665 2511 2736 jam
2536 2664 2672 2736 ipsis

1065 2766 1471 2823 Pannoniarum
1522 2765 1722 2822 ﬁnibus
1771 2764 2124 2831 interessent,
2156 2770 2381 2832 repente
2409 2759 2672 2816 Romual—

1067 2856 1172 2912 dus
1231 2856 1492 2928 languore
1531 2863 1850 2926 correptus,
1900 2853 2130 2910 ulterius
2175 2851 2257 2908 ire
2310 2867 2418 2906 non
2469 2849 2666 2920 potuit.

1063 2945 1314 3017 Cumque
1362 2945 1570 3001 diutius
1617 2952 1917 3015 pateretur,
1951 2943 1994 2997 si
2025 2942 2245 3012 quando
2280 2940 2458 2995 redire
2488 2939 2670 3009 dispo-

1060 3045 1248 3100 neret,
1297 3036 1546 3106 protinus
1591 3051 1656 3090 ex
1712 3034 2034 3107 egritudine
2077 3030 2516 3089 convalescebat.
2569 3029 2667 3086 Sin

1057 3137 1245 3184 autem
1288 3129 1366 3182 ire
1414 3127 1554 3182 ultra
1587 3133 1844 3191 tentaret,
1893 3132 2007 3181 tota
2056 3122 2177 3192 ejus
2207 3121 2378 3178 facies
2417 3121 2668 3192 protinus

2773 2021 2881 2062 non
2931 2014 3190 2070 tractare,
3221 2021 3312 2062 res
3366 2005 3683 2062 monasterii
3731 2020 3831 2076 pro
3882 2021 4018 2060 vana
4072 2004 4242 2076 gloria
4275 2020 4388 2061 non

2774 2096 3120 2166 expendere,
3170 2095 3403 2152 fratrum
3436 2097 3628 2163 usibus
3679 2097 3998 2153 necessaria
4040 2095 4386 2153 ministrare.

2773 2190 2904 2258 Quae
2952 2193 3137 2246 omnia
3188 2191 3318 2245 dum
3373 2189 3465 2245 ille
3505 2189 3670 2244 surda
3722 2205 3860 2246 ante
3914 2187 4242 2256 contemnit,
4273 2187 4389 2244 Bo-

2773 2282 3046 2344 mualdus.
3098 2282 3278 2338 locum
3305 2295 3430 2336 cum
3461 2281 3576 2337 suis
3604 2281 3889 2351 discipulis
3932 2279 4218 2342 deserens,
4276 2293 4388 2336 non

2772 2371 2932 2444 longe
2979 2389 3011 2428 a
3064 2372 3262 2428 Castro
3315 2371 3504 2443 przcdii
3561 2372 3616 2428 in
3664 2371 3870 2427 virtute
3917 2369 4068 2442 (295)
4112 2368 4386 2436 Rainerli,

2770 2464 2862 2535 qui
2895 2463 3240 2534 postmodum
3293 2463 3546 2520 Thusciae
3577 2458 3826 2520 marchio
3871 2461 4050 2520 factus
4075 2469 4181 2530 est,
4221 2459 4387 2520 babi-

2772 2556 2924 2611 tavit.

3376 2643 3610 2703 CAPUT
3650 2643 3764 2702 XL.

3218 2738 3295 2794 De
3324 2737 3578 2794 Rainsrio
3607 2738 3936 2793 marcltionc.

2841 2849 2943 2909 Hic
2976 2861 3158 2909 autem
3191 2851 3489 2909 Italnerius
3517 2850 3668 2925 (9.96)
3700 2851 3988 2922 conjugem
4027 2840 4184 2907 su‘am
4222 2864 4388 2907 occa-
4426 2887 4443 2927 ι

2769 2945 2924 3001 sione
2961 2945 3389 3016 propinquitatis
3425 2943 3737 3015 abjecerat,
3777 2952 3834 2998 et
3871 2942 4265 3016 consanguinei
4296 2941 4384 2999 sul

2768 3049 3028 3100 uxorem,
3073 3050 3238 3107 quem
3295 3035 3414 3106 ipse
3447 3049 3506 3092 se
3539 3034 3921 3105 insequentem
3975 3030 4385 3104 quodammodo

2770 3134 2973 3190 invitus
2996 3133 3299 3198 occiderat,
3349 3133 3406 3187 in
3458 3129 3775 3202 conjugium
3822 3127 4128 3201 eopularat.
4163 3126 4247 3184 0b
4277 3127 4386 3183 hoc

1063 3219 1485 3284 intumescebat,
1517 3217 1667 3274 cibos
1709 3231 1924 3288 quoque
1946 3217 2060 3287 jam
2089 3216 2334 3273 retinere
2381 3213 2666 3290 stomacho
2691 3261 2738 3324 Ο
2771 3225 2955 3295 itaque
2981 3223 3290 3280 namnam“

2155 3216 2334 3320 lile
2381 3213 2666 3324 Βὲωεξξιιο
2691 3261 2738 3324 c
2771 3225 2955 3295 itaque
2981 3223 3344 3289 Romualdus,
3371 3237 3441 3278 ne
3466 3221 3720 3276 criminis
3744 3217 3866 3289 ejus
3888 3219 4168 3289 particeps
4197 3216 4383 3284 notet.

1056 3317 1452 3385 languescente
1482 3323 1588 3364 non
1614 3316 1843 3379 poterat.
1877 3307 2170 3364 Advocatis
2192 3307 2376 3376 itaque
2403 3303 2665 3360 fratribus
2692 3303 2738 3324 ’⁸⁸
2769 3320 2947 3391 gratis
2974 3318 3198 3375 manere
3232 3315 3286 3372 in
3310 3314 3431 3386 eius
3452 3312 3802 3386 possessione
3838 3311 4044 3378 noluit,
4075 3309 4171 3367 sed
4209 3325 4382 3367 unum

1071 3401 1151 3455 ait
1177 3419 1190 3454 :
1223 3399 1525 3470 Perpendo,
1555 3400 1752 3469 inquit,
1783 3413 2127 3470 nequaquam
2153 3399 2351 3454 divinae
2375 3395 2672 3453 voluntatis
2768 3409 2874 3466 sibi
2905 3424 3133 3465 aureum
3166 3422 3266 3478 pro
3305 3422 3470 3478 aqua,
3503 3407 3737 3461 alterum
3785 3420 3919 3461 vero
3945 3419 4046 3476 pro
4085 3403 4250 3478 lignis
4275 3419 4381 3476 sp-

1059 3509 1185 3548 csse
1228 3492 1491 3560 judicium
1535 3501 1596 3548 ut
1650 3492 1791 3547 ultra
1853 3492 2192 3563 progrediar.
2211 3491 2664 3552 ‘Verumtamen,
2769 3503 2979 3573 pendit,
3033 3499 3183 3569 Quos
3231 3515 3358 3556 cum
3406 3498 3498 3554 ille
3539 3498 3765 3555 omnino
3804 3507 4118 3571 respueret,
4169 3499 4386 3556 malens

1052 3589 1191 3660 quia
1220 3587 1541 3647 intentionis
1568 3593 1768 3646 vestra!
1802 3585 2132 3644 desiderium
2169 3598 2276 3637 non
2308 3583 2538 3654 ignoro,
2576 3596 2669 3636 ne.
2765 3592 3018 3648 videlicet
3062 3607 3160 3648 sua
3206 3591 3360 3657 dare,
3408 3604 3576 3660 quam
3621 3606 3653 3645 a
3693 3599 3887 3646 sancto
3932 3589 4053 3646 viro
4078 3589 4380 3662 quidquam

1059 3683 1262 3737 mittent
1297 3691 1536 3738 vestrum
1565 3682 1744 3736 redire
1773 3680 2055 3750 compello.
2097 3673 2245 3732 Multi
2277 3685 2471 3747 nempe
2497 3671 2663 3725 “iam
2766 3685 3044 3754 recipere,
3089 3695 3371 3754 postremo
3418 3692 3602 3740 tamen
3650 3683 3831 3739 victus
3873 3683 4148 3749 assensu,
4197 3683 4386 3754 potin;

1055 3781 1189 3828 ante
1211 3771 2166 3828 nosvotisetnisibusstudueruntad
2184 3765 2663 3842 liiat'tyt'iimilttlfli
2763 3790 2924 3844 quam
2955 3773 3290 3829 Romualdus
3311 3773 3506 3830 abiret.
3540 3774 3767 3849 Dicebat
3791 3786 3974 3829 autem
4001 3774 4148 3829 idem
4174 3773 4383 3832 Baiae-

1055 3865 1392 3934 pcrtingere,
1424 3862 1517 3918 sed
1540 3862 1668 3931 quia
1697 3861 1877 3916 divina
1911 3861 2254 3932 providentia
2281 3862 2443 3916 aliter
2465 3861 2655 3923 sensit,
2760 3865 2877 3925 rius
2909 3880 3032 3918 cum
3057 3864 3170 3935 jam
3203 3865 3582 3920 monarchiam
3613 3865 3920 3930 obtineret;
3972 3863 4099 3935 quia
4132 3880 4241 3921 non
4270 3865 4378 3922 Itu-

1055 3951 1117 4007 iu
1144 3967 1242 4005 suo
1271 3948 1439 4020 gradu
1464 3951 1638 4006 coacti
1666 3958 1794 4006 sunt
1819 3964 2129 4006 remanere.
2157 3948 2312 4006 Licet
2343 3966 2475 4020 ergo
2505 3952 2660 4007 vobis
2764 3970 3008 4030 pct'tthi‘,
3037 3971 3144 4008 non
3173 3940 3374 4024 aliquis
3403 3954 3629 4010 omnino
3658 3955 3975 4010 mortalium
4002 3963 4213 4010 tantum
4241 3955 4376 4014 mibi

1053 4042 1311 4100 omnibus
1357 4041 1678 4111 martyrium
1731 4039 2044 4097 defuturum
2092 4055 2215 4097 esse
2257 4056 2364 4096 non
2415 4042 2656 4113 ambigo,
2759 4060 2966 4106 mem...
3003 4047 3150 4104 valet
3183 4045 3430 4106 imitere
3477 4056 3744 4122 quantum
3776 4061 3861 4101 me
3885 4045 4172 4104 Boi-maliti
4204 4055 4380 4105 mret

1052 4131 1150 4205 qui
1175 4140 1356 4188 tamen
1386 4131 1487 4199 ire,
1519 4130 1612 4202 qui
1637 4145 1851 4188 mecum
1881 4131 2066 4187 redire
2085 4129 2377 4198 voluerim.
2401 4133 2660 4188 Ilniltscu-
2757 4151 3031 4212 aspectus.
3069 4141 3211 4196 Ante
3233 4139 3352 4210 ejus
3376 4142 3577 4214 quippe
3604 4141 3812 4198 vultum
3837 4157 4018 4213 neque
4038 4141 4169 4212 quid
4190 4144 4375 4210 dicam

1043 4224 1248 4296 jusque
1278 4223 1620 4294 relinquatur
1640 4224 1889 4280 arbitrio.
1918 4222 2245 4293 Quindecim
2273 4225 2440 4298 igitur
2471 4225 2656 4298 Unga-
2755 4235 2891 4297 scio,
2925 4233 3342 4302 neque,quibus
3363 4247 3450 4287 me
3471 4232 3767 4288 defendere
3789 4231 4023 4296 valeam,
4052 4231 4195 4288 ullas
4209 4248 4375 4290 excu-

1051 4316 1191 4372 riam
1212 4315 1380 4389 ωδ
1405 4316 1817 4386 prodeuntibus,
1848 4316 2060 4373 duobus
2099 4315 2226 4373 alibi
2245 4319 2358 4390 jam
2392 4318 2650 4386 dimissis,
2752 4325 3000 4380 satio:ch
3027 4324 3193 4400 465
3231 4325 3470 4381 invenio.
3512 4324 3764 4382 Habebat
3795 4341 3986 4382 revera
4020 4327 4103 4382 vir
4148 4336 4378 4384 sanctus

1050 4409 1145 4463 vix
1193 4417 1401 4478 septem
1457 4423 1583 4464 cum
1633 4408 1899 4480 magistro
1941 4408 2192 4481 discipuli
2241 4419 2648 4466 remanserunt.

2755 4418 2902 4474 hanc
2932 4433 2997 4474 ex
3026 4418 3214 4474 divino
3245 4432 3473 4474 munere
3497 4418 3764 4489 gratiam,
3792 4425 3852 4472 ut
3882 4417 4202 4490 quicunque
4236 4432 4371 4491 pec-

1126 4588 2038 4681 tit!)laruatust,Praevia
2081 4586 2498 4681 ῖῑιηξομδεεηιι,
2525 4590 2648 4674 Vim
2683 4619 2733 4681 ι)
2759 4588 3154 4681 virginis
3187 4587 3444 4681 Eretria:

1047 4662 1261 4733 cap._8,
1291 4676 1440 4715 num.
1487 4660 1562 4733 ιε)
1574 4661 1741 4733 addit
1765 4679 1786 4733 γε
1818 4660 2040 4733 audiens
2078 4661 2218 4732 quod
2248 4662 2498 4731 discipuli
2535 4663 2652 4733 ejus

1045 4729 1369 4786 Adnlbertus
1421 4741 1470 4785 et
1527 4729 1836 4800 Boni/ocius
1893 4729 2124 4800 glorioso
2192 4729 2449 4802 martyrio
2500 4729 2652 4788 coro-

1049 4803 1165 4856 nati
1192 4802 1436 4871 fuissent,
1460 4812 1509 4856 et
1539 4803 1648 4872 ipse
1675 4802 1836 4856 nimio
1865 4803 2128 4856 desiderio
2155 4803 2400 4872 martyrii
2427 4820 2650 4859 δυσί-ρης

1047 4889 1162 4928 sus.
1192 4882 1299 4927 t-tc.

1122 4941 1272 5011 (ΞΜ)
1318 4942 1376 4999 S.
1409 4942 1629 4999 Helenae
1658 4958 1851 5012 nempe
1882 4943 2274 5000 monasterium
2300 4942 2458 5012 juxta
2507 4944 2653 5001 Esi-

1047 5026 1176 5083 num
1228 5013 1460 5080 ﬂumen,
1511 5015 1667 5082 cujus
1697 5015 2188 5083 impraesentiarum
2225 5023 2407 5069 exstat
2441 5026 2650 5072 tantum

1049 5081 1293 5154 Ecclesia
1327 5087 1429 5140 sub
1464 5081 1591 5154 jure
1621 5081 1834 5141 abbatis
1857 5084 2344 5141 Commendatarii.
2382 5087 2539 5141 Aesis
2567 5097 2654 5144 est

1047 5153 1244 5227 ﬂuvius
1286 5153 1696 5227 Cakmerinensis
1741 5156 1882 5227 agri,
1931 5156 2060 5210 olim
2123 5156 2280 5212 limes
2327 5155 2471 5227 inter
2519 5157 2651 5212 Um-

1047 5223 1223 5296 briam
1251 5234 1321 5296 et
1351 5224 1630 5296 Picenum,
1663 5223 1870 5296 vulgari
1907 5227 2150 5282 vocabuli
2204 5226 2528 5284 confusione
2578 5228 2648 5284 ab

1048 5295 1250 5369 accolis
1275 5295 1452 5352 dictus
1479 5297 1518 5350 il
1551 5294 1902 5369 Fiumesinoa
1925 5297 2355 5369 celeberrimum
2404 5300 2648 5369 antiqui-

1049 5374 1136 5419 tus
1162 5366 1331 5439 fuisse
1376 5369 1480 5439 hoc
1510 5368 1817 5423 ctenobium
1858 5368 2160 5423 clarissime
2186 5377 2334 5439 patet
2366 5385 2433 5424 ex
2467 5366 2651 5439 Diplo-

1047 5444 1190 5511 mate
1237 5438 1362 5491 dato
1406 5437 1850 5511 Late_ra_ni‘t_mno
1889 5439 2056 5511 1199,
2106 5437 2228 5511 XIII,
2271 5437 2400 5511 Kal.
2448 5437 2648 5511 Aprilis

1046 5504 1117 5558 ab
1141 5505 1455 5578 Innocentio
1487 5507 1548 5563 III
1585 5507 1645 5563 P.
1681 5508 1751 5562 M.
1787 5510 1854 5563 ad
1888 5509 2165 5565 Nicolaum
2197 5508 2422 5578 hujusce
2452 5504 2646 5566 nioua-

1047 5577 1200 5631 sterii
1225 5577 1478 5633 abbatem
1502 5578 1996 5645 Camaldulensem,
2021 5579 2245 5649 ejusque
2272 5577 2644 5648 successores,

1044 5656 1382 5722 qquprtetcr
1412 5649 1644 5722 plurima
1677 5649 1817 5722 bona
1853 5652 2018 5706 etiam
2046 5653 2135 5722 jus
2167 5651 2267 5722 ipsi
2301 5652 2642 5708 confirmavit

1044 5715 1099 5792 in
1225 5715 1532 5792 etamplius
1565 5721 1838 5792 Ecclesias
1866 5733 1921 5776 et
1958 5715 2201 5792 quinque
2229 5723 2645 5789 castra._Porru,

1045 5787 1089 5840 si
1121 5789 1266 5868 iides
1289 5787 1554 5868 Jacobillo
1581 5787 2011 5868 sitadhibenda,
2041 5787 2472 5868 $.'Ii_o_t_nualdus
2503 5795 2553 5848 in
2582 5787 2648 5868 eo

1046 5863 1288 5926 primum
1357 5863 1799 5916 sanctitnuuiales
1858 5864 2110 5919 instituit.
2179 5864 2312 5919 Vide
2383 5875 2511 5920 tom.
2582 5866 2642 5933 Il,

2833 4655 2990 4745 (295)
3014 4660 3155 4745 Olim
3190 4661 3466 4745 Esculum.
3497 4655 3784 4745 sed-tnodo
3813 4660 4064 4745 iaculum
4089 4674 4374 4745 nuncupa-

2761 4742 2873 4797 tur,
2903 4732 3066 4803 vulgo
3089 4732 3286 4798 Ascoli,
3312 4733 3444 4788 urbs
3463 4732 3794 4803 episcopalis
3818 4732 4031 4788 Piceme
4050 4732 4369 4803 provincia.

2761 4750 2873 4797 ltlt‘,
2903 4750 2991 4787 \‘UI
3031 4751 3066 4789 ο
3089 4750 3286 4798 Αεσοιι,
3312 4750 3444 4788 urns
3463 4750 3794 4803 episcopatus
3818 4750 4031 4788 rteeuze
4050 4750 4369 4800 provincia.

2760 4803 2930 4871 Quale
2979 4750 3028 4857 ἰῇ
3072 4803 3469 4858 monasterium
3523 4803 3708 4870 fuerit,
3742 4819 3849 4859 non
3878 4803 4014 4859 satis
4042 4803 4111 4858 ab
4138 4802 4247 4857 ullo
4277 4802 4372 4858 ba-

2761 4884 2953 4930 ctenus
2981 4881 3324 4944 compertum
3353 4883 3457 4928 est.
3596 4943 3599 4944 ν
3709 4904 3716 4911 ·

2832 4945 2984 5015 (Ξ9ι)
3015 4942 3197 5001 Facile
3219 4942 3474 5015 Gregorio
3498 4953 3553 5000 et
3583 4943 3882 5015 lngelberto
3901 4985 3916 5008 ,
3945 4952 4006 4998 ut
4029 4958 4219 5015 supra.

2836 5011 2987 5084 (295)
3039 5016 3092 5070 Id
3138 5025 3222 5071 est
3267 5011 3703 5085 itt'posscssion'e,
3740 5026 3798 5072 ut
3832 5013 3984 5068 Dam.
4025 5011 4252 5083 iu'cap.
4295 5011 4370 5072 35

2762 5083 2926 5166 hujus
2963 5085 3098 5166 Vita:
3125 5086 3204 5166 ait
3228 5104 3241 5140 :
3273 5083 3478 5166 Cuncta
3507 5088 3857 5166 stiterirtutis
3879 5087 4108 5166 aferunt
4137 5085 4366 5166 pra-dia.

2757 5155 3068 5229 Aliquando
3112 5159 3330 5229 virtutes
3384 5156 3765 5228 signiﬁcabant
3798 5157 3928 5229 jura
3963 5165 4018 5210 et
4047 5155 4367 5229 _pririlcgia,

2758 5224 3053 5300 aliquando
3091 5227 3343 5300 reliquias
3372 5224 3705 5300 sanctorum,
3731 5239 3839 5285 etc.
3872 5228 4005 5286 Vide
4034 5224 4366 5282 Glossarium

2756 5298 2947 5368 Congii
2985 5299 3232 5354 secundas
3254 5299 3525 5353 editionis.

2829 5367 2981 5439 (296)
3034 5370 3116 5425 Ad
3174 5368 3493 5424 Hainerium
3536 5369 3915 5426 marchionem
3968 5368 4213 5432 Tusciae,
4270 5367 4366 5438 qui

2755 5440 2990 5496 Guillam
3041 5439 3382 5496 comitissam
3436 5441 3790 5496 matrimonio
3829 5441 3933 5498 sibi
3987 5440 4362 5509 copulaverat,

2758 5511 3054 5566 Damianns
3101 5511 3194 5566 lib.
3237 5526 3316 5566 vn
3353 5509 3774 5582 epistolam,”
3805 5512 3984 5578 misit,
4025 5520 4082 5566 et
4130 5525 4366 5582 sequen-

2756 5591 2862 5637 tem
2899 5583 2962 5637 l8
3005 5582 3071 5637 ad
3121 5583 3305 5652 ipsam
3339 5579 3599 5637 Gnillam.
3652 5581 3856 5638 Verum
3907 5583 4091 5638 hocin
4123 5580 4366 5650 capitulo

2757 5651 3167 5725 intelligendum
3197 5651 3480 5725 potius_de
3510 5652 3771 5710 Rainerio
3797 5654 3939 5725 dicti
3973 5652 4216 5725 Rainerii
4262 5667 4362 5721 pa-

2756 5720 3057 5794 rentefqni
3086 5734 3162 5794 et
3199 5720 3325 5793 ipse
3372 5723 3607 5780 Etruriae
3638 5724 3886 5781 marchio
3915 5733 3971 5780 et
4017 5720 4363 5794 dunguerat,

2753 5792 3027 5864 quemque
3077 5792 3463 5869 Waltteradant
3494 5795 3784 5869 conjugem
3836 5795 4097 5853 habuisse
4129 5792 4366 5851 Cosmus

2756 5870 2820 5921 de
2847 5871 3022 5921 Arena
3050 5881 3170 5937 pag.
3210 5865 3312 5920 155
3346 5866 3531 5922 refert.
