  <div class='ocr_page' id='page_1' title='image "/cluster/home/n/w/nwhite01/storage/ocr_20150623/144-145/uc1.31175001639262/503.png"; bbox 0 0 5652 6418; ppageno 0'>
   <div class='ocr_carea' id='block_1_1' title="bbox 2916 20 5624 80">
    <p class='ocr_par' dir='ltr' id='par_1_1' title="bbox 2916 20 5624 80">
     <span class='ocr_line' id='line_1_1' title="bbox 2916 20 5624 80; baseline 0 -41"><span class='ocrx_word' id='word_1_1' title='bbox 2916 24 3793 80; x_wconf 74' lang='lat'><strong>—</strong></span> <span class='ocrx_word' id='word_1_2' title='bbox 4686 20 5561 63; x_wconf 62' lang='lat' dir='ltr'><strong>FF...&quot;</strong></span> <span class='ocrx_word' id='word_1_3' title='bbox 5618 20 5624 39; x_wconf 72' lang='grc' dir='ltr'><strong>ι</strong></span> 
     </span>
    </p>
   </div>
   <div class='ocr_carea' id='block_1_2' title="bbox 2203 429 2302 495">
    <p class='ocr_par' dir='ltr' id='par_1_2' title="bbox 2203 429 2302 495">
     <span class='ocr_line' id='line_1_2' title="bbox 2203 429 2302 495; baseline -0.02 0"><span class='ocrx_word' id='word_1_4' title='bbox 2203 429 2302 495; x_wconf 69' lang='grc'><strong>991</strong></span> 
     </span>
    </p>
   </div>
   <div class='ocr_carea' id='block_1_3' title="bbox 2668 433 5014 495">
    <p class='ocr_par' dir='ltr' id='par_1_3' title="bbox 2668 433 5014 495">
     <span class='ocr_line' id='line_1_3' title="bbox 2668 433 5014 495; baseline -0 -2"><span class='ocrx_word' id='word_1_5' title='bbox 2668 439 2726 494; x_wconf 89' lang='lat' dir='ltr'><strong>S.</strong></span> <span class='ocrx_word' id='word_1_6' title='bbox 2769 439 2968 493; x_wconf 77' lang='lat' dir='ltr'><strong>PETRI</strong></span> <span class='ocrx_word' id='word_1_7' title='bbox 3009 437 3292 493; x_wconf 71' lang='lat' dir='ltr'><strong>DAMIANI</strong></span> <span class='ocrx_word' id='word_1_8' title='bbox 3332 438 3480 492; x_wconf 88' lang='lat' dir='ltr'><strong>OPP.</strong></span> <span class='ocrx_word' id='word_1_9' title='bbox 3522 433 3700 490; x_wconf 76' lang='lat' dir='ltr'><strong>PARS</strong></span> <span class='ocrx_word' id='word_1_10' title='bbox 3736 436 3866 490; x_wconf 77' lang='lat' dir='ltr'><strong>SEU</strong></span> <span class='ocrx_word' id='word_1_11' title='bbox 3909 434 4142 490; x_wconf 67' lang='lat' dir='ltr'><strong>TOMUS</strong></span> <span class='ocrx_word' id='word_1_12' title='bbox 4182 436 4240 489; x_wconf 93' lang='lat' dir='ltr'><strong>II.</strong></span> <span class='ocrx_word' id='word_1_13' title='bbox 4275 436 4765 495; x_wconf 73' lang='grc' dir='ltr'><strong>-ΞΑΝΟΤΟΙιυΜ</strong></span> <span class='ocrx_word' id='word_1_14' title='bbox 4815 438 5014 494; x_wconf 66' lang='grc' dir='ltr'><strong>νΙΤΑεΣ.</strong></span> 
     </span>
    </p>
   </div>
   <div class='ocr_carea' id='block_1_4' title="bbox 5364 442 5460 497">
    <p class='ocr_par' dir='ltr' id='par_1_4' title="bbox 5364 442 5460 497">
     <span class='ocr_line' id='line_1_4' title="bbox 5364 442 5460 497; baseline -0.01 0"><span class='ocrx_word' id='word_1_15' title='bbox 5364 442 5460 497; x_wconf 67' lang='lat'><strong>993</strong></span> 
     </span>
    </p>
   </div>
   <div class='ocr_carea' id='block_1_5' title="bbox 2205 548 5460 619">
    <p class='ocr_par' dir='ltr' id='par_1_5' title="bbox 2205 548 5460 619">
     <span class='ocr_line' id='line_1_5' title="bbox 2205 548 5460 619; baseline -0 -16"><span class='ocrx_word' id='word_1_16' title='bbox 2205 560 2440 614; x_wconf 84' lang='lat' dir='ltr'><strong>calores,</strong></span> <span class='ocrx_word' id='word_1_17' title='bbox 2471 551 2767 618; x_wconf 69' lang='lat' dir='ltr'><strong>praesertim</strong></span> <span class='ocrx_word' id='word_1_18' title='bbox 2793 560 3039 619; x_wconf 84' lang='lat' dir='ltr'><strong>potentes</strong></span> <span class='ocrx_word' id='word_1_19' title='bbox 3072 551 3271 612; x_wconf 62' lang='lat' dir='ltr'><strong>sa‘cnli,</strong></span> <span class='ocrx_word' id='word_1_20' title='bbox 3303 551 3354 602; x_wconf 92' lang='lat' dir='ltr'><strong>in</strong></span> <span class='ocrx_word' id='word_1_21' title='bbox 3397 565 3514 617; x_wconf 80' lang='lat' dir='ltr'><strong>ejus</strong></span> <span class='ocrx_word' id='word_1_22' title='bbox 3547 564 3784 616; x_wconf 67' lang='grc' dir='ltr'><strong>ρτιιιςριι-</strong></span> <span class='ocrx_word' id='word_1_23' title='bbox 3814 561 3856 616; x_wconf 75' lang='grc' dir='ltr'>Α</span> <span class='ocrx_word' id='word_1_24' title='bbox 3893 558 4097 600; x_wconf 68' lang='grc' dir='ltr'><strong>διινιιιο</strong></span> <span class='ocrx_word' id='word_1_25' title='bbox 4153 548 4440 616; x_wconf 87' lang='lat' dir='ltr'><strong>quemdam</strong></span> <span class='ocrx_word' id='word_1_26' title='bbox 4491 550 4809 604; x_wconf 87' lang='lat' dir='ltr'><strong>monachum</strong></span> <span class='ocrx_word' id='word_1_27' title='bbox 4840 550 4988 617; x_wconf 81' lang='lat' dir='ltr'><strong>juxta</strong></span> <span class='ocrx_word' id='word_1_28' title='bbox 5031 563 5253 619; x_wconf 86' lang='lat' dir='ltr'><strong>parvam</strong></span> <span class='ocrx_word' id='word_1_29' title='bbox 5285 553 5460 604; x_wconf 83' lang='lat' dir='ltr'><strong>basili-</strong></span> 
     </span>
    </p>
   </div>
   <div class='ocr_carea' id='block_1_6' title="bbox 2209 640 3784 708">
    <p class='ocr_par' dir='ltr' id='par_1_6' title="bbox 2209 640 3784 708">
     <span class='ocr_line' id='line_1_6' title="bbox 2209 640 3784 708; baseline 0 -14"><span class='ocrx_word' id='word_1_30' title='bbox 2209 641 2332 694; x_wconf 86' lang='lat' dir='ltr'><strong>tiant</strong></span> <span class='ocrx_word' id='word_1_31' title='bbox 2380 641 2750 703; x_wconf 89' lang='lat' dir='ltr'><strong>devenissent,</strong></span> <span class='ocrx_word' id='word_1_32' title='bbox 2786 659 2906 694; x_wconf 81' lang='lat' dir='ltr'><strong>mox</strong></span> <span class='ocrx_word' id='word_1_33' title='bbox 2944 642 3083 693; x_wconf 66' lang='grc' dir='ltr'><strong>νι-Ιιιι</strong></span> <span class='ocrx_word' id='word_1_34' title='bbox 3131 652 3254 693; x_wconf 91' lang='lat' dir='ltr'><strong>ante</strong></span> <span class='ocrx_word' id='word_1_35' title='bbox 3307 640 3642 708; x_wconf 84' lang='lat' dir='ltr'><strong>tnajestatem</strong></span> <span class='ocrx_word' id='word_1_36' title='bbox 3693 641 3784 694; x_wconf 85' lang='lat' dir='ltr'><strong>Dei</strong></span> 
     </span>
    </p>
   </div>
   <div class='ocr_carea' id='block_1_7' title="bbox 2209 729 3786 785">
    <p class='ocr_par' dir='ltr' id='par_1_7' title="bbox 2209 729 3786 785">
     <span class='ocr_line' id='line_1_7' title="bbox 2209 729 3786 785; baseline -0.001 -2"><span class='ocrx_word' id='word_1_37' title='bbox 2209 729 2540 785; x_wconf 84' lang='lat' dir='ltr'><strong>tremefactis</strong></span> <span class='ocrx_word' id='word_1_38' title='bbox 2556 732 2855 785; x_wconf 81' lang='lat' dir='ltr'><strong>visceribus</strong></span> <span class='ocrx_word' id='word_1_39' title='bbox 2873 732 3245 784; x_wconf 87' lang='lat' dir='ltr'><strong>formidarent.</strong></span> <span class='ocrx_word' id='word_1_40' title='bbox 3271 731 3506 783; x_wconf 85' lang='lat' dir='ltr'><strong>Sanctus</strong></span> <span class='ocrx_word' id='word_1_41' title='bbox 3531 731 3786 782; x_wconf 84' lang='lat' dir='ltr'><strong>nimirum</strong></span> 
     </span>
    </p>
   </div>
   <div class='ocr_carea' id='block_1_8' title="bbox 2208 816 3786 890">
    <p class='ocr_par' dir='ltr' id='par_1_8' title="bbox 2208 816 3786 890">
     <span class='ocr_line' id='line_1_8' title="bbox 2208 816 3786 890; baseline 0.003 -19"><span class='ocrx_word' id='word_1_42' title='bbox 2208 816 2461 885; x_wconf 86' lang='lat' dir='ltr'><strong>Spiritus,</strong></span> <span class='ocrx_word' id='word_1_43' title='bbox 2512 823 2603 890; x_wconf 92' lang='lat' dir='ltr'><strong>qui</strong></span> <span class='ocrx_word' id='word_1_44' title='bbox 2630 823 2866 890; x_wconf 88' lang='lat' dir='ltr'><strong>pectoris</strong></span> <span class='ocrx_word' id='word_1_45' title='bbox 2911 821 3026 889; x_wconf 86' lang='lat' dir='ltr'><strong>ejus</strong></span> <span class='ocrx_word' id='word_1_46' title='bbox 3077 822 3352 874; x_wconf 74' lang='lat' dir='ltr'><strong>habitator</strong></span> <span class='ocrx_word' id='word_1_47' title='bbox 3404 823 3600 884; x_wconf 88' lang='lat' dir='ltr'><strong>inerat,</strong></span> <span class='ocrx_word' id='word_1_48' title='bbox 3645 822 3786 875; x_wconf 90' lang='lat' dir='ltr'><strong>hunc</strong></span> 
     </span>
    </p>
   </div>
   <div class='ocr_carea' id='block_1_9' title="bbox 2210 909 3557 981">
    <p class='ocr_par' dir='ltr' id='par_1_9' title="bbox 2210 909 3557 981">
     <span class='ocr_line' id='line_1_9' title="bbox 2210 909 3557 981; baseline 0.001 -20"><span class='ocrx_word' id='word_1_49' title='bbox 2210 916 2469 963; x_wconf 80' lang='lat' dir='ltr'><strong>terrorem</strong></span> <span class='ocrx_word' id='word_1_50' title='bbox 2501 909 2715 979; x_wconf 89' lang='lat' dir='ltr'><strong>injustis</strong></span> <span class='ocrx_word' id='word_1_51' title='bbox 2744 910 3007 965; x_wconf 86' lang='lat' dir='ltr'><strong>divinitus</strong></span> <span class='ocrx_word' id='word_1_52' title='bbox 3041 912 3356 965; x_wconf 90' lang='lat' dir='ltr'><strong>intendebat</strong></span> <span class='ocrx_word' id='word_1_53' title='bbox 3390 911 3557 981; x_wconf 76' lang='lat'><strong>(9.97).</strong></span> 
     </span>
    </p>
   </div>
   <div class='ocr_carea' id='block_1_10' title="bbox 2793 1021 3196 1077">
    <p class='ocr_par' dir='ltr' id='par_1_10' title="bbox 2793 1021 3196 1077">
     <span class='ocr_line' id='line_1_10' title="bbox 2793 1021 3196 1077; baseline -0.005 -1"><span class='ocrx_word' id='word_1_54' title='bbox 2793 1021 3022 1076; x_wconf 72' lang='lat' dir='ltr'><strong>CAPUT</strong></span> <span class='ocrx_word' id='word_1_55' title='bbox 3061 1022 3196 1077; x_wconf 75' lang='lat' dir='ltr'><strong>XLI.</strong></span> 
     </span>
    </p>
   </div>
   <div class='ocr_carea' id='block_1_11' title="bbox 2309 1107 3677 1180">
    <p class='ocr_par' dir='ltr' id='par_1_11' title="bbox 2309 1107 3677 1180">
     <span class='ocr_line' id='line_1_11' title="bbox 2309 1107 3677 1180; baseline 0.004 -20"><span class='ocrx_word' id='word_1_56' title='bbox 2309 1107 2387 1161; x_wconf 88' lang='lat' dir='ltr'><strong>De</strong></span> <span class='ocrx_word' id='word_1_57' title='bbox 2437 1109 2622 1163; x_wconf 87' lang='lat' dir='ltr'><strong>abbate</strong></span> <span class='ocrx_word' id='word_1_58' title='bbox 2670 1109 2907 1175; x_wconf 86' lang='lat' dir='ltr'><strong>Classis,</strong></span> <span class='ocrx_word' id='word_1_59' title='bbox 2963 1113 3052 1180; x_wconf 74' lang='lat' dir='ltr'><strong>qui</strong></span> <span class='ocrx_word' id='word_1_60' title='bbox 3115 1112 3471 1166; x_wconf 76' lang='lat' dir='ltr'><strong>Romaaldam</strong></span> <span class='ocrx_word' id='word_1_61' title='bbox 3516 1114 3677 1167; x_wconf 78' lang='lat' dir='ltr'><strong>uoluit</strong></span> 
     </span>
    </p>
   </div>
   <div class='ocr_carea' id='block_1_12' title="bbox 2826 1183 3178 1250">
    <p class='ocr_par' dir='ltr' id='par_1_12' title="bbox 2826 1183 3178 1250">
     <span class='ocr_line' id='line_1_12' title="bbox 2826 1183 3178 1250; baseline 0 -16"><span class='ocrx_word' id='word_1_62' title='bbox 2826 1183 3178 1250; x_wconf 83' lang='lat' dir='ltr'><strong>strangulare.</strong></span> 
     </span>
    </p>
   </div>
   <div class='ocr_carea' id='block_1_13' title="bbox 2275 1268 3785 1340">
    <p class='ocr_par' dir='ltr' id='par_1_13' title="bbox 2275 1268 3785 1340">
     <span class='ocr_line' id='line_1_13' title="bbox 2275 1268 3785 1340; baseline 0.005 -18"><span class='ocrx_word' id='word_1_63' title='bbox 2275 1268 2385 1322; x_wconf 80' lang='lat' dir='ltr'><strong>Illis</strong></span> <span class='ocrx_word' id='word_1_64' title='bbox 2436 1285 2564 1325; x_wconf 87' lang='lat' dir='ltr'><strong>vero</strong></span> <span class='ocrx_word' id='word_1_65' title='bbox 2605 1274 2937 1340; x_wconf 72' lang='lat' dir='ltr'><strong>temporibus</strong></span> <span class='ocrx_word' id='word_1_66' title='bbox 2980 1275 3059 1326; x_wconf 77' lang='lat' dir='ltr'><strong>vir</strong></span> <span class='ocrx_word' id='word_1_67' title='bbox 3091 1275 3415 1328; x_wconf 89' lang='lat' dir='ltr'><strong>venerabilis</strong></span> <span class='ocrx_word' id='word_1_68' title='bbox 3459 1293 3624 1330; x_wconf 92' lang='lat' dir='ltr'><strong>unum</strong></span> <span class='ocrx_word' id='word_1_69' title='bbox 3675 1294 3785 1330; x_wconf 84' lang='lat' dir='ltr'><strong>ino-</strong></span> 
     </span>
    </p>
   </div>
   <div class='ocr_carea' id='block_1_14' title="bbox 2204 1360 3786 1432">
    <p class='ocr_par' dir='ltr' id='par_1_14' title="bbox 2204 1360 3786 1432">
     <span class='ocr_line' id='line_1_14' title="bbox 2204 1360 3786 1432; baseline 0.004 -20"><span class='ocrx_word' id='word_1_70' title='bbox 2204 1360 2500 1414; x_wconf 87' lang='lat' dir='ltr'><strong>nasterium</strong></span> <span class='ocrx_word' id='word_1_71' title='bbox 2542 1377 2644 1416; x_wconf 91' lang='lat' dir='ltr'><strong>non</strong></span> <span class='ocrx_word' id='word_1_72' title='bbox 2674 1362 2829 1432; x_wconf 79' lang='lat' dir='ltr'><strong>longe</strong></span> <span class='ocrx_word' id='word_1_73' title='bbox 2857 1380 2886 1417; x_wconf 89' lang='lat' dir='ltr'><strong>a</strong></span> <span class='ocrx_word' id='word_1_74' title='bbox 2929 1363 3234 1419; x_wconf 76' lang='lat' dir='ltr'><strong>Massiliano</strong></span> <span class='ocrx_word' id='word_1_75' title='bbox 3276 1366 3422 1432; x_wconf 72' lang='lat'><strong>(298;</strong></span> <span class='ocrx_word' id='word_1_76' title='bbox 3453 1381 3634 1420; x_wconf 83' lang='lat' dir='ltr'><strong>castro</strong></span> <span class='ocrx_word' id='word_1_77' title='bbox 3658 1385 3786 1420; x_wconf 85' lang='lat' dir='ltr'><strong>cun-</strong></span> 
     </span>
    </p>
   </div>
   <div class='ocr_carea' id='block_1_15' title="bbox 2207 1450 3786 1525">
    <p class='ocr_par' dir='ltr' id='par_1_15' title="bbox 2207 1450 3786 1525">
     <span class='ocr_line' id='line_1_15' title="bbox 2207 1450 3786 1525; baseline 0.004 -22"><span class='ocrx_word' id='word_1_78' title='bbox 2207 1451 2425 1504; x_wconf 85' lang='lat' dir='ltr'><strong>struxit.</strong></span> <span class='ocrx_word' id='word_1_79' title='bbox 2480 1450 2722 1506; x_wconf 83' lang='lat' dir='ltr'><strong>Audiens</strong></span> <span class='ocrx_word' id='word_1_80' title='bbox 2778 1462 2957 1506; x_wconf 88' lang='lat' dir='ltr'><strong>autem</strong></span> <span class='ocrx_word' id='word_1_81' title='bbox 3020 1453 3308 1523; x_wconf 88' lang='lat' dir='ltr'><strong>aliquando</strong></span> <span class='ocrx_word' id='word_1_82' title='bbox 3358 1458 3480 1525; x_wconf 88' lang='lat' dir='ltr'><strong>quia</strong></span> <span class='ocrx_word' id='word_1_83' title='bbox 3549 1458 3786 1510; x_wconf 73' lang='lat' dir='ltr'><strong>Venetus</strong></span> 
     </span>
    </p>
   </div>
   <div class='ocr_carea' id='block_1_16' title="bbox 2208 1538 3784 1616">
    <p class='ocr_par' dir='ltr' id='par_1_16' title="bbox 2208 1538 3784 1616">
     <span class='ocr_line' id='line_1_16' title="bbox 2208 1538 3784 1616; baseline 0.005 -24"><span class='ocrx_word' id='word_1_84' title='bbox 2208 1538 2427 1607; x_wconf 88' lang='lat' dir='ltr'><strong>quidam</strong></span> <span class='ocrx_word' id='word_1_85' title='bbox 2479 1539 2818 1596; x_wconf 88' lang='lat' dir='ltr'><strong>Classenscm</strong></span> <span class='ocrx_word' id='word_1_86' title='bbox 2886 1544 3158 1598; x_wconf 87' lang='lat' dir='ltr'><strong>abhatiam</strong></span> <span class='ocrx_word' id='word_1_87' title='bbox 3232 1562 3329 1615; x_wconf 88' lang='lat' dir='ltr'><strong>per</strong></span> <span class='ocrx_word' id='word_1_88' title='bbox 3387 1549 3784 1616; x_wconf 82' lang='lat' dir='ltr'><strong>coemptionem</strong></span> 
     </span>
    </p>
   </div>
   <div class='ocr_carea' id='block_1_17' title="bbox 2205 1625 3786 1706">
    <p class='ocr_par' dir='ltr' id='par_1_17' title="bbox 2205 1625 3786 1706">
     <span class='ocr_line' id='line_1_17' title="bbox 2205 1625 3786 1706; baseline 0.006 -25"><span class='ocrx_word' id='word_1_89' title='bbox 2205 1625 2526 1683; x_wconf 70' lang='lat' dir='ltr'><strong>Simoniaca&#39;:</strong></span> <span class='ocrx_word' id='word_1_90' title='bbox 2570 1631 2840 1687; x_wconf 61' lang='lat' dir='ltr'><strong>haereseos</strong></span> <span class='ocrx_word' id='word_1_91' title='bbox 2880 1634 3171 1699; x_wconf 87' lang='lat' dir='ltr'><strong>invaserat,</strong></span> <span class='ocrx_word' id='word_1_92' title='bbox 3229 1637 3450 1705; x_wconf 88' lang='lat' dir='ltr'><strong>insuper</strong></span> <span class='ocrx_word' id='word_1_93' title='bbox 3496 1654 3709 1706; x_wconf 80' lang='lat' dir='ltr'><strong>quoque</strong></span> <span class='ocrx_word' id='word_1_94' title='bbox 3735 1639 3786 1690; x_wconf 91' lang='lat' dir='ltr'><strong>in</strong></span> 
     </span>
    </p>
   </div>
   <div class='ocr_carea' id='block_1_18' title="bbox 2201 1723 3788 1797">
    <p class='ocr_par' dir='ltr' id='par_1_18' title="bbox 2201 1723 3788 1797">
     <span class='ocr_line' id='line_1_18' title="bbox 2201 1723 3788 1797; baseline 0.006 -26"><span class='ocrx_word' id='word_1_95' title='bbox 2201 1730 2398 1789; x_wconf 86' lang='lat' dir='ltr'><strong>corpus</strong></span> <span class='ocrx_word' id='word_1_96' title='bbox 2419 1735 2576 1774; x_wconf 90' lang='lat' dir='ltr'><strong>suum</strong></span> <span class='ocrx_word' id='word_1_97' title='bbox 2597 1723 2779 1793; x_wconf 89' lang='lat' dir='ltr'><strong>inique</strong></span> <span class='ocrx_word' id='word_1_98' title='bbox 2801 1725 3088 1795; x_wconf 75' lang='lat' dir='ltr'><strong>peccabat,</strong></span> <span class='ocrx_word' id='word_1_99' title='bbox 3113 1727 3238 1781; x_wconf 91' lang='lat' dir='ltr'><strong>illuc</strong></span> <span class='ocrx_word' id='word_1_100' title='bbox 3265 1729 3511 1797; x_wconf 84' lang='lat' dir='ltr'><strong>protinus</strong></span> <span class='ocrx_word' id='word_1_101' title='bbox 3535 1730 3613 1782; x_wconf 93' lang='lat' dir='ltr'><strong>ire</strong></span> <span class='ocrx_word' id='word_1_102' title='bbox 3637 1730 3788 1781; x_wconf 83' lang='lat' dir='ltr'><strong>miles</strong></span> 
     </span>
    </p>
   </div>
   <div class='ocr_carea' id='block_1_19' title="bbox 2199 1808 3787 1888">
    <p class='ocr_par' dir='ltr' id='par_1_19' title="bbox 2199 1808 3787 1888">
     <span class='ocr_line' id='line_1_19' title="bbox 2199 1808 3787 1888; baseline 0.006 -26"><span class='ocrx_word' id='word_1_103' title='bbox 2199 1808 2401 1864; x_wconf 82' lang='lat' dir='ltr'><strong>Christi</strong></span> <span class='ocrx_word' id='word_1_104' title='bbox 2458 1813 2691 1884; x_wconf 75' lang='lat' dir='ltr'><strong>impiger</strong></span> <span class='ocrx_word' id='word_1_105' title='bbox 2757 1817 2986 1882; x_wconf 80' lang='lat' dir='ltr'><strong>studuit,</strong></span> <span class='ocrx_word' id='word_1_106' title='bbox 3041 1821 3382 1888; x_wconf 78' lang='lat' dir='ltr'><strong>diversisque</strong></span> <span class='ocrx_word' id='word_1_107' title='bbox 3425 1821 3596 1873; x_wconf 90' lang='lat' dir='ltr'><strong>modis</strong></span> <span class='ocrx_word' id='word_1_108' title='bbox 3625 1837 3684 1873; x_wconf 83' lang='lat' dir='ltr'><strong>ex</strong></span> <span class='ocrx_word' id='word_1_109' title='bbox 3722 1837 3787 1872; x_wconf 89' lang='lat' dir='ltr'><strong>eo</strong></span> 
     </span>
    </p>
   </div>
   <div class='ocr_carea' id='block_1_20' title="bbox 3893 639 5462 712">
    <p class='ocr_par' dir='ltr' id='par_1_20' title="bbox 3893 639 5462 712">
     <span class='ocr_line' id='line_1_20' title="bbox 3893 639 5462 712; baseline 0.001 -19"><span class='ocrx_word' id='word_1_110' title='bbox 3893 655 4011 693; x_wconf 89' lang='lat' dir='ltr'><strong>eam</strong></span> <span class='ocrx_word' id='word_1_111' title='bbox 4043 639 4377 693; x_wconf 88' lang='lat' dir='ltr'><strong>habitantem</strong></span> <span class='ocrx_word' id='word_1_112' title='bbox 4414 642 4644 709; x_wconf 85' lang='lat' dir='ltr'><strong>reperit,</strong></span> <span class='ocrx_word' id='word_1_113' title='bbox 4676 657 4704 694; x_wconf 91' lang='lat' dir='ltr'><strong>a</strong></span> <span class='ocrx_word' id='word_1_114' title='bbox 4732 657 4839 712; x_wconf 92' lang='lat' dir='ltr'><strong>quo</strong></span> <span class='ocrx_word' id='word_1_115' title='bbox 4880 659 5000 695; x_wconf 90' lang='lat' dir='ltr'><strong>mox</strong></span> <span class='ocrx_word' id='word_1_116' title='bbox 5035 653 5091 695; x_wconf 91' lang='lat' dir='ltr'><strong>ut</strong></span> <span class='ocrx_word' id='word_1_117' title='bbox 5129 657 5314 696; x_wconf 83' lang='lat' dir='ltr'><strong>secum</strong></span> <span class='ocrx_word' id='word_1_118' title='bbox 5347 658 5462 710; x_wconf 80' lang='lat' dir='ltr'><strong>per-</strong></span> 
     </span>
    </p>
   </div>
   <div class='ocr_carea' id='block_1_21' title="bbox 3889 731 5456 802">
    <p class='ocr_par' dir='ltr' id='par_1_21' title="bbox 3889 731 5456 802">
     <span class='ocr_line' id='line_1_21' title="bbox 3889 731 5456 802; baseline 0 -19"><span class='ocrx_word' id='word_1_119' title='bbox 3889 741 4056 802; x_wconf 87' lang='lat' dir='ltr'><strong>geret,</strong></span> <span class='ocrx_word' id='word_1_120' title='bbox 4109 739 4163 785; x_wconf 88' lang='lat' dir='ltr'><strong>et</strong></span> <span class='ocrx_word' id='word_1_121' title='bbox 4209 731 4383 784; x_wconf 92' lang='lat' dir='ltr'><strong>locum</strong></span> <span class='ocrx_word' id='word_1_122' title='bbox 4413 735 4726 787; x_wconf 83' lang='lat' dir='ltr'><strong>ostenderet</strong></span> <span class='ocrx_word' id='word_1_123' title='bbox 4774 733 4862 786; x_wconf 84' lang='lat' dir='ltr'><strong>ubi</strong></span> <span class='ocrx_word' id='word_1_124' title='bbox 4910 748 5047 802; x_wconf 89' lang='lat' dir='ltr'><strong>aqua</strong></span> <span class='ocrx_word' id='word_1_125' title='bbox 5101 733 5456 794; x_wconf 85' lang='lat' dir='ltr'><strong>inveniretur,</strong></span> 
     </span>
    </p>
   </div>
   <div class='ocr_carea' id='block_1_22' title="bbox 3888 821 5463 894">
    <p class='ocr_par' dir='ltr' id='par_1_22' title="bbox 3888 821 5463 894">
     <span class='ocr_line' id='line_1_22' title="bbox 3888 821 5463 894; baseline -0.001 -17"><span class='ocrx_word' id='word_1_126' title='bbox 3888 823 4088 893; x_wconf 77' lang='lat' dir='ltr'><strong>exegit.</strong></span> <span class='ocrx_word' id='word_1_127' title='bbox 4131 821 4231 888; x_wconf 85' lang='lat' dir='ltr'><strong>Qui</strong></span> <span class='ocrx_word' id='word_1_128' title='bbox 4261 823 4518 877; x_wconf 89' lang='lat' dir='ltr'><strong>nimirum</strong></span> <span class='ocrx_word' id='word_1_129' title='bbox 4547 823 4830 894; x_wconf 71' lang='lat' dir='ltr'><strong>denegavit</strong></span> <span class='ocrx_word' id='word_1_130' title='bbox 4873 839 4933 878; x_wconf 89' lang='lat' dir='ltr'><strong>se</strong></span> <span class='ocrx_word' id='word_1_131' title='bbox 4971 824 5190 877; x_wconf 89' lang='lat' dir='ltr'><strong>domum</strong></span> <span class='ocrx_word' id='word_1_132' title='bbox 5221 824 5340 877; x_wconf 87' lang='lat' dir='ltr'><strong>sine</strong></span> <span class='ocrx_word' id='word_1_133' title='bbox 5367 839 5463 876; x_wconf 84' lang='lat' dir='ltr'><strong>cu-</strong></span> 
     </span>
    </p>
   </div>
   <div class='ocr_carea' id='block_1_23' title="bbox 3887 915 5462 986">
    <p class='ocr_par' dir='ltr' id='par_1_23' title="bbox 3887 915 5462 986">
     <span class='ocr_line' id='line_1_23' title="bbox 3887 915 5462 986; baseline -0.001 -17"><span class='ocrx_word' id='word_1_134' title='bbox 3887 915 4043 970; x_wconf 83' lang='lat' dir='ltr'><strong>stode</strong></span> <span class='ocrx_word' id='word_1_135' title='bbox 4086 929 4242 983; x_wconf 89' lang='lat' dir='ltr'><strong>posse</strong></span> <span class='ocrx_word' id='word_1_136' title='bbox 4273 915 4597 985; x_wconf 78' lang='lat' dir='ltr'><strong>relinquere,</strong></span> <span class='ocrx_word' id='word_1_137' title='bbox 4635 917 4763 986; x_wconf 86' lang='lat' dir='ltr'><strong>quia</strong></span> <span class='ocrx_word' id='word_1_138' title='bbox 4790 915 5060 970; x_wconf 89' lang='lat' dir='ltr'><strong>latronum</strong></span> <span class='ocrx_word' id='word_1_139' title='bbox 5093 916 5462 970; x_wconf 74' lang='lat' dir='ltr'><strong>insidiantium</strong></span> 
     </span>
    </p>
   </div>
   <div class='ocr_carea' id='block_1_24' title="bbox 3889 1003 5464 1074">
    <p class='ocr_par' dir='ltr' id='par_1_24' title="bbox 3889 1003 5464 1074">
     <span class='ocr_line' id='line_1_24' title="bbox 3889 1003 5464 1074; baseline 0.001 -17"><span class='ocrx_word' id='word_1_140' title='bbox 3889 1006 4148 1074; x_wconf 89' lang='lat' dir='ltr'><strong>impetum</strong></span> <span class='ocrx_word' id='word_1_141' title='bbox 4180 1003 4512 1058; x_wconf 80' lang='lat' dir='ltr'><strong>formidaret.</strong></span> <span class='ocrx_word' id='word_1_142' title='bbox 4551 1006 4630 1059; x_wconf 81' lang='lat' dir='ltr'><strong>Ad</strong></span> <span class='ocrx_word' id='word_1_143' title='bbox 4654 1005 4769 1060; x_wconf 72' lang='lat' dir='ltr'><strong>bmc</strong></span> <span class='ocrx_word' id='word_1_144' title='bbox 4797 1004 5130 1059; x_wconf 72' lang='lat' dir='ltr'><strong>ltomualdus</strong></span> <span class='ocrx_word' id='word_1_145' title='bbox 5163 1020 5224 1059; x_wconf 81' lang='lat' dir='ltr'><strong>se</strong></span> <span class='ocrx_word' id='word_1_146' title='bbox 5258 1019 5464 1058; x_wconf 74' lang='lat' dir='ltr'><strong>remm-</strong></span> 
     </span>
    </p>
   </div>
   <div class='ocr_carea' id='block_1_25' title="bbox 3889 1095 5462 1166">
    <p class='ocr_par' dir='ltr' id='par_1_25' title="bbox 3889 1095 5462 1166">
     <span class='ocr_line' id='line_1_25' title="bbox 3889 1095 5462 1166; baseline 0.001 -18"><span class='ocrx_word' id='word_1_147' title='bbox 3889 1106 4265 1164; x_wconf 86' lang='lat' dir='ltr'><strong>pensaturum,</strong></span> <span class='ocrx_word' id='word_1_148' title='bbox 4291 1096 4334 1149; x_wconf 91' lang='lat' dir='ltr'><strong>si</strong></span> <span class='ocrx_word' id='word_1_149' title='bbox 4369 1095 4474 1150; x_wconf 87' lang='lat' dir='ltr'><strong>tale</strong></span> <span class='ocrx_word' id='word_1_150' title='bbox 4514 1096 4642 1164; x_wconf 84' lang='lat' dir='ltr'><strong>quid</strong></span> <span class='ocrx_word' id='word_1_151' title='bbox 4672 1097 4978 1159; x_wconf 86' lang='lat' dir='ltr'><strong>accidisset,</strong></span> <span class='ocrx_word' id='word_1_152' title='bbox 5006 1107 5198 1151; x_wconf 90' lang='lat' dir='ltr'><strong>cuncta</strong></span> <span class='ocrx_word' id='word_1_153' title='bbox 5231 1112 5462 1166; x_wconf 77' lang='lat' dir='ltr'><strong>spopon-</strong></span> 
     </span>
    </p>
   </div>
   <div class='ocr_carea' id='block_1_26' title="bbox 3888 1183 5464 1255">
    <p class='ocr_par' dir='ltr' id='par_1_26' title="bbox 3888 1183 5464 1255">
     <span class='ocr_line' id='line_1_26' title="bbox 3888 1183 5464 1255; baseline 0.001 -18"><span class='ocrx_word' id='word_1_154' title='bbox 3888 1183 3987 1237; x_wconf 86' lang='lat' dir='ltr'><strong>dit.</strong></span> <span class='ocrx_word' id='word_1_155' title='bbox 4022 1183 4223 1252; x_wconf 82' lang='lat' dir='ltr'><strong>Sicque</strong></span> <span class='ocrx_word' id='word_1_156' title='bbox 4244 1184 4355 1253; x_wconf 89' lang='lat' dir='ltr'><strong>jam</strong></span> <span class='ocrx_word' id='word_1_157' title='bbox 4408 1183 4599 1238; x_wconf 65' lang='lat' dir='ltr'><strong>aliena</strong></span> <span class='ocrx_word' id='word_1_158' title='bbox 4638 1185 4851 1255; x_wconf 65' lang='lat' dir='ltr'><strong>injuriae</strong></span> <span class='ocrx_word' id='word_1_159' title='bbox 4883 1184 5096 1239; x_wconf 87' lang='lat' dir='ltr'><strong>debitor</strong></span> <span class='ocrx_word' id='word_1_160' title='bbox 5125 1184 5321 1246; x_wconf 84' lang='lat' dir='ltr'><strong>factus,</strong></span> <span class='ocrx_word' id='word_1_161' title='bbox 5354 1199 5464 1238; x_wconf 80' lang='lat' dir='ltr'><strong>mo-</strong></span> 
     </span>
    </p>
   </div>
   <div class='ocr_carea' id='block_1_27' title="bbox 3889 1273 5462 1345">
    <p class='ocr_par' dir='ltr' id='par_1_27' title="bbox 3889 1273 5462 1345">
     <span class='ocr_line' id='line_1_27' title="bbox 3889 1273 5462 1345; baseline 0.001 -18"><span class='ocrx_word' id='word_1_162' title='bbox 3889 1275 4121 1328; x_wconf 67' lang='lat' dir='ltr'><strong>rtar-hum</strong></span> <span class='ocrx_word' id='word_1_163' title='bbox 4175 1290 4356 1328; x_wconf 85' lang='lat' dir='ltr'><strong>secum</strong></span> <span class='ocrx_word' id='word_1_164' title='bbox 4386 1275 4556 1329; x_wconf 89' lang='lat' dir='ltr'><strong>duxit.</strong></span> <span class='ocrx_word' id='word_1_165' title='bbox 4605 1275 4713 1329; x_wconf 84' lang='lat' dir='ltr'><strong>Illis</strong></span> <span class='ocrx_word' id='word_1_166' title='bbox 4741 1276 4922 1345; x_wconf 86' lang='lat' dir='ltr'><strong>itaque</strong></span> <span class='ocrx_word' id='word_1_167' title='bbox 4967 1273 5141 1328; x_wconf 91' lang='lat' dir='ltr'><strong>locum</strong></span> <span class='ocrx_word' id='word_1_168' title='bbox 5171 1278 5462 1343; x_wconf 58' lang='lat' dir='ltr'><strong>querenti-</strong></span> 
     </span>
    </p>
   </div>
   <div class='ocr_carea' id='block_1_28' title="bbox 3889 1364 5461 1435">
    <p class='ocr_par' dir='ltr' id='par_1_28' title="bbox 3889 1364 5461 1435">
     <span class='ocr_line' id='line_1_28' title="bbox 3889 1364 5461 1435; baseline -0.001 -18"><span class='ocrx_word' id='word_1_169' title='bbox 3889 1366 4008 1424; x_wconf 68' lang='lat' dir='ltr'><strong>Irus.</strong></span> <span class='ocrx_word' id='word_1_170' title='bbox 4058 1380 4186 1418; x_wconf 89' lang='lat' dir='ltr'><strong>ecce</strong></span> <span class='ocrx_word' id='word_1_171' title='bbox 4227 1365 4534 1434; x_wconf 80' lang='lat' dir='ltr'><strong>presbyter,</strong></span> <span class='ocrx_word' id='word_1_172' title='bbox 4583 1375 4640 1418; x_wconf 90' lang='lat' dir='ltr'><strong>ut</strong></span> <span class='ocrx_word' id='word_1_173' title='bbox 4677 1365 4863 1435; x_wconf 85' lang='lat' dir='ltr'><strong>jussus</strong></span> <span class='ocrx_word' id='word_1_174' title='bbox 4928 1364 5122 1426; x_wconf 87' lang='lat' dir='ltr'><strong>fuerat,</strong></span> <span class='ocrx_word' id='word_1_175' title='bbox 5174 1365 5461 1433; x_wconf 79' lang='lat' dir='ltr'><strong>prandium</strong></span> 
     </span>
    </p>
   </div>
   <div class='ocr_carea' id='block_1_29' title="bbox 3889 1453 5468 1525">
    <p class='ocr_par' dir='ltr' id='par_1_29' title="bbox 3889 1453 5468 1525">
     <span class='ocr_line' id='line_1_29' title="bbox 3889 1453 5468 1525; baseline -0.002 -19"><span class='ocrx_word' id='word_1_176' title='bbox 3889 1455 4159 1516; x_wconf 77' lang='lat' dir='ltr'><strong>deferens,</strong></span> <span class='ocrx_word' id='word_1_177' title='bbox 4191 1455 4365 1508; x_wconf 87' lang='lat' dir='ltr'><strong>furem</strong></span> <span class='ocrx_word' id='word_1_178' title='bbox 4389 1456 4501 1525; x_wconf 91' lang='lat' dir='ltr'><strong>jam</strong></span> <span class='ocrx_word' id='word_1_179' title='bbox 4533 1455 4752 1508; x_wconf 90' lang='lat' dir='ltr'><strong>domum</strong></span> <span class='ocrx_word' id='word_1_180' title='bbox 4803 1455 5189 1524; x_wconf 86' lang='lat' dir='ltr'><strong>infringenlem</strong></span> <span class='ocrx_word' id='word_1_181' title='bbox 5240 1453 5468 1522; x_wconf 86' lang='lat' dir='ltr'><strong>reperit,</strong></span> 
     </span>
    </p>
   </div>
   <div class='ocr_carea' id='block_1_30' title="bbox 3893 1544 5466 1615">
    <p class='ocr_par' dir='ltr' id='par_1_30' title="bbox 3893 1544 5466 1615">
     <span class='ocr_line' id='line_1_30' title="bbox 3893 1544 5466 1615; baseline -0.001 -19"><span class='ocrx_word' id='word_1_182' title='bbox 3893 1555 4165 1612; x_wconf 73' lang='lat' dir='ltr'><strong>repertum</strong></span> <span class='ocrx_word' id='word_1_183' title='bbox 4197 1545 4360 1613; x_wconf 87' lang='lat' dir='ltr'><strong>cepit,</strong></span> <span class='ocrx_word' id='word_1_184' title='bbox 4392 1553 4607 1613; x_wconf 68' lang='lat' dir='ltr'><strong>captum</strong></span> <span class='ocrx_word' id='word_1_185' title='bbox 4637 1558 4809 1615; x_wconf 84' lang='lat' dir='ltr'><strong>usque</strong></span> <span class='ocrx_word' id='word_1_186' title='bbox 4833 1544 4899 1599; x_wconf 89' lang='lat' dir='ltr'><strong>ad</strong></span> <span class='ocrx_word' id='word_1_187' title='bbox 4923 1544 5204 1599; x_wconf 58' lang='lat' dir='ltr'><strong>Romualrli</strong></span> <span class='ocrx_word' id='word_1_188' title='bbox 5238 1545 5466 1598; x_wconf 81' lang='lat' dir='ltr'><strong>reditum</strong></span> 
     </span>
    </p>
   </div>
   <div class='ocr_carea' id='block_1_31' title="bbox 3891 1631 5468 1702">
    <p class='ocr_par' dir='ltr' id='par_1_31' title="bbox 3891 1631 5468 1702">
     <span class='ocr_line' id='line_1_31' title="bbox 3891 1631 5468 1702; baseline -0.001 -18"><span class='ocrx_word' id='word_1_189' title='bbox 3891 1635 4201 1686; x_wconf 80' lang='lat' dir='ltr'><strong>custodivit.</strong></span> <span class='ocrx_word' id='word_1_190' title='bbox 4231 1635 4400 1700; x_wconf 89' lang='lat' dir='ltr'><strong>Quem</strong></span> <span class='ocrx_word' id='word_1_191' title='bbox 4431 1633 4766 1688; x_wconf 76' lang='lat' dir='ltr'><strong>[tomualdus</strong></span> <span class='ocrx_word' id='word_1_192' title='bbox 4795 1633 5095 1697; x_wconf 86' lang='lat' dir='ltr'><strong>inveniens,</strong></span> <span class='ocrx_word' id='word_1_193' title='bbox 5137 1633 5292 1702; x_wconf 88' lang='lat' dir='ltr'><strong>prius</strong></span> <span class='ocrx_word' id='word_1_194' title='bbox 5320 1631 5468 1684; x_wconf 83' lang='lat' dir='ltr'><strong>illum</strong></span> 
     </span>
    </p>
   </div>
   <div class='ocr_carea' id='block_1_32' title="bbox 3893 1723 5466 1793">
    <p class='ocr_par' dir='ltr' id='par_1_32' title="bbox 3893 1723 5466 1793">
     <span class='ocr_line' id='line_1_32' title="bbox 3893 1723 5466 1793; baseline 0.001 -21"><span class='ocrx_word' id='word_1_195' title='bbox 3893 1724 3975 1789; x_wconf 91' lang='lat' dir='ltr'><strong>pia</strong></span> <span class='ocrx_word' id='word_1_196' title='bbox 4015 1724 4218 1776; x_wconf 83' lang='lat' dir='ltr'><strong>studuit</strong></span> <span class='ocrx_word' id='word_1_197' title='bbox 4245 1725 4533 1777; x_wconf 81' lang='lat' dir='ltr'><strong>verborum</strong></span> <span class='ocrx_word' id='word_1_198' title='bbox 4576 1723 4897 1779; x_wconf 75' lang='lat' dir='ltr'><strong>austeritate</strong></span> <span class='ocrx_word' id='word_1_199' title='bbox 4924 1725 5220 1793; x_wconf 87' lang='lat' dir='ltr'><strong>corripere,</strong></span> <span class='ocrx_word' id='word_1_200' title='bbox 5249 1723 5466 1784; x_wconf 76' lang='lat' dir='ltr'><strong>deinde,</strong></span> 
     </span>
    </p>
   </div>
   <div class='ocr_carea' id='block_1_33' title="bbox 3893 1812 5470 1885">
    <p class='ocr_par' dir='ltr' id='par_1_33' title="bbox 3893 1812 5470 1885">
     <span class='ocr_line' id='line_1_33' title="bbox 3893 1812 5470 1885; baseline 0.001 -21"><span class='ocrx_word' id='word_1_201' title='bbox 3893 1813 4124 1867; x_wconf 80' lang='lat' dir='ltr'><strong>dulciter</strong></span> <span class='ocrx_word' id='word_1_202' title='bbox 4172 1812 4488 1876; x_wconf 85' lang='lat' dir='ltr'><strong>admonens.</strong></span> <span class='ocrx_word' id='word_1_203' title='bbox 4522 1812 4842 1868; x_wconf 88' lang='lat' dir='ltr'><strong>Incolumem</strong></span> <span class='ocrx_word' id='word_1_204' title='bbox 4883 1814 5130 1885; x_wconf 79' lang='lat' dir='ltr'><strong>permisit</strong></span> <span class='ocrx_word' id='word_1_205' title='bbox 5158 1815 5224 1868; x_wconf 87' lang='lat' dir='ltr'><strong>ad</strong></span> <span class='ocrx_word' id='word_1_206' title='bbox 5256 1813 5470 1885; x_wconf 80' lang='lat' dir='ltr'><strong>propria</strong></span> 
     </span>
    </p>
   </div>
   <div class='ocr_carea' id='block_1_34' title="bbox 2202 1901 4434 1980">
    <p class='ocr_par' dir='ltr' id='par_1_34' title="bbox 2202 1901 4434 1980">
     <span class='ocr_line' id='line_1_34' title="bbox 2202 1901 4434 1980; baseline 0.007 -28"><span class='ocrx_word' id='word_1_207' title='bbox 2202 1903 2594 1956; x_wconf 86' lang='lat' dir='ltr'><strong>monasterium</strong></span> <span class='ocrx_word' id='word_1_208' title='bbox 2635 1920 2870 1974; x_wconf 86' lang='lat' dir='ltr'><strong>purgare</strong></span> <span class='ocrx_word' id='word_1_209' title='bbox 2914 1910 3161 1962; x_wconf 79' lang='lat' dir='ltr'><strong>tentavit.</strong></span> <span class='ocrx_word' id='word_1_210' title='bbox 3191 1910 3284 1963; x_wconf 81' lang='lat' dir='ltr'><strong>Vir</strong></span> <span class='ocrx_word' id='word_1_211' title='bbox 3320 1919 3499 1963; x_wconf 89' lang='lat' dir='ltr'><strong>autem</strong></span> <span class='ocrx_word' id='word_1_212' title='bbox 3528 1913 3788 1979; x_wconf 77' lang='lat' dir='ltr'><strong>reprobus</strong></span> <span class='ocrx_word' id='word_1_213' title='bbox 3820 1921 3864 1980; x_wconf 78' lang='grc' dir='ltr'><strong>Β</strong></span> <span class='ocrx_word' id='word_1_214' title='bbox 3899 1918 4156 1974; x_wconf 71' lang='grc' dir='ltr'><strong>Γεωεπε-</strong></span> <span class='ocrx_word' id='word_1_215' title='bbox 4209 1901 4300 1957; x_wconf 79' lang='lat' dir='ltr'><strong>Sic</strong></span> <span class='ocrx_word' id='word_1_216' title='bbox 4331 1904 4434 1957; x_wconf 78' lang='lat' dir='ltr'><strong>Dim</strong></span> 
     </span>
    </p>
   </div>
   <div class='ocr_carea' id='block_1_35' title="bbox 3239 1901 5471 1980">
    <p class='ocr_par' dir='ltr' id='par_1_35' title="bbox 3239 1901 5471 1980">
     <span class='ocr_line' id='line_1_35' title="bbox 3239 1901 5471 1980; baseline 0 -24"><span class='ocrx_word' id='word_1_217' title='bbox 3239 1911 3284 1963; x_wconf 75' lang='lat' dir='ltr'><strong>ir</strong></span> <span class='ocrx_word' id='word_1_218' title='bbox 3320 1919 3499 1963; x_wconf 71' lang='lat' dir='ltr'><strong>autem</strong></span> <span class='ocrx_word' id='word_1_219' title='bbox 3528 1913 3788 1979; x_wconf 57' lang='lat' dir='ltr'><strong>reprobus</strong></span> <span class='ocrx_word' id='word_1_220' title='bbox 3820 1921 3864 1980; x_wconf 73' lang='grc' dir='ltr'><strong>Β</strong></span> <span class='ocrx_word' id='word_1_221' title='bbox 3899 1918 4156 1974; x_wconf 83' lang='lat' dir='ltr'><strong>remeare.</strong></span> <span class='ocrx_word' id='word_1_222' title='bbox 4209 1901 4300 1957; x_wconf 91' lang='lat' dir='ltr'><strong>Sic</strong></span> <span class='ocrx_word' id='word_1_223' title='bbox 4331 1904 4611 1968; x_wconf 87' lang='lat' dir='ltr'><strong>nimirum,</strong></span> <span class='ocrx_word' id='word_1_224' title='bbox 4650 1903 4734 1959; x_wconf 82' lang='lat' dir='ltr'><strong>sic</strong></span> <span class='ocrx_word' id='word_1_225' title='bbox 4774 1905 4954 1959; x_wconf 91' lang='lat' dir='ltr'><strong>divina</strong></span> <span class='ocrx_word' id='word_1_226' title='bbox 4988 1905 5331 1975; x_wconf 82' lang='lat' dir='ltr'><strong>providentia</strong></span> <span class='ocrx_word' id='word_1_227' title='bbox 5363 1919 5471 1957; x_wconf 85' lang='lat' dir='ltr'><strong>ser-</strong></span> 
     </span>
    </p>
   </div>
   <div class='ocr_carea' id='block_1_36' title="bbox 2200 1989 3784 2066">
    <p class='ocr_par' dir='ltr' id='par_1_36' title="bbox 2200 1989 3784 2066">
     <span class='ocr_line' id='line_1_36' title="bbox 2200 1989 3784 2066; baseline 0.007 -23"><span class='ocrx_word' id='word_1_228' title='bbox 2200 1989 2327 2044; x_wconf 90' lang='lat' dir='ltr'><strong>dum</strong></span> <span class='ocrx_word' id='word_1_229' title='bbox 2356 1991 2628 2047; x_wconf 88' lang='lat' dir='ltr'><strong>ahbatiam</strong></span> <span class='ocrx_word' id='word_1_230' title='bbox 2685 1997 2875 2050; x_wconf 90' lang='lat' dir='ltr'><strong>metuit</strong></span> <span class='ocrx_word' id='word_1_231' title='bbox 2907 1997 3153 2066; x_wconf 87' lang='lat' dir='ltr'><strong>perdere,</strong></span> <span class='ocrx_word' id='word_1_232' title='bbox 3191 2017 3294 2053; x_wconf 91' lang='lat' dir='ltr'><strong>non</strong></span> <span class='ocrx_word' id='word_1_233' title='bbox 3349 2002 3500 2054; x_wconf 90' lang='lat' dir='ltr'><strong>timet</strong></span> <span class='ocrx_word' id='word_1_234' title='bbox 3555 2003 3784 2054; x_wconf 87' lang='lat' dir='ltr'><strong>homici-</strong></span> 
     </span>
    </p>
   </div>
   <div class='ocr_carea' id='block_1_37' title="bbox 2199 2078 3787 2158">
    <p class='ocr_par' dir='ltr' id='par_1_37' title="bbox 2199 2078 3787 2158">
     <span class='ocr_line' id='line_1_37' title="bbox 2199 2078 3787 2158; baseline 0.009 -28"><span class='ocrx_word' id='word_1_235' title='bbox 2199 2078 2344 2132; x_wconf 89' lang='lat' dir='ltr'><strong>dium</strong></span> <span class='ocrx_word' id='word_1_236' title='bbox 2394 2092 2733 2151; x_wconf 86' lang='lat' dir='ltr'><strong>perpetrare.</strong></span> <span class='ocrx_word' id='word_1_237' title='bbox 2768 2084 3094 2156; x_wconf 88' lang='lat' dir='ltr'><strong>Intempesta</strong></span> <span class='ocrx_word' id='word_1_238' title='bbox 3132 2090 3401 2158; x_wconf 89' lang='lat' dir='ltr'><strong>siquidem</strong></span> <span class='ocrx_word' id='word_1_239' title='bbox 3434 2102 3609 2155; x_wconf 87' lang='lat' dir='ltr'><strong>nocte,</strong></span> <span class='ocrx_word' id='word_1_240' title='bbox 3659 2092 3787 2145; x_wconf 89' lang='lat' dir='ltr'><strong>dum</strong></span> 
     </span>
    </p>
   </div>
   <div class='ocr_carea' id='block_1_38' title="bbox 2201 2166 3785 2248">
    <p class='ocr_par' dir='ltr' id='par_1_38' title="bbox 2201 2166 3785 2248">
     <span class='ocr_line' id='line_1_38' title="bbox 2201 2166 3785 2248; baseline 0.01 -28"><span class='ocrx_word' id='word_1_241' title='bbox 2201 2166 2537 2227; x_wconf 79' lang='lat' dir='ltr'><strong>Romualdus</strong></span> <span class='ocrx_word' id='word_1_242' title='bbox 2567 2174 2620 2228; x_wconf 92' lang='lat' dir='ltr'><strong>in</strong></span> <span class='ocrx_word' id='word_1_243' title='bbox 2675 2174 2816 2231; x_wconf 87' lang='lat' dir='ltr'><strong>lecto</strong></span> <span class='ocrx_word' id='word_1_244' title='bbox 2856 2193 3046 2232; x_wconf 90' lang='lat' dir='ltr'><strong>secure</strong></span> <span class='ocrx_word' id='word_1_245' title='bbox 3096 2182 3420 2248; x_wconf 85' lang='lat' dir='ltr'><strong>quiesceret,</strong></span> <span class='ocrx_word' id='word_1_246' title='bbox 3451 2181 3540 2235; x_wconf 86' lang='lat' dir='ltr'><strong>ille</strong></span> <span class='ocrx_word' id='word_1_247' title='bbox 3567 2199 3687 2236; x_wconf 89' lang='lat' dir='ltr'><strong>eum</strong></span> <span class='ocrx_word' id='word_1_248' title='bbox 3716 2184 3785 2235; x_wconf 85' lang='lat' dir='ltr'><strong>la-</strong></span> 
     </span>
    </p>
   </div>
   <div class='ocr_carea' id='block_1_39' title="bbox 2201 2264 3788 2340">
    <p class='ocr_par' dir='ltr' id='par_1_39' title="bbox 2201 2264 3788 2340">
     <span class='ocr_line' id='line_1_39' title="bbox 2201 2264 3788 2340; baseline 0.009 -31"><span class='ocrx_word' id='word_1_249' title='bbox 2201 2264 2381 2313; x_wconf 80' lang='lat' dir='ltr'><strong>tenter</strong></span> <span class='ocrx_word' id='word_1_250' title='bbox 2428 2276 2734 2332; x_wconf 71' lang='lat' dir='ltr'><strong>aggressus,</strong></span> <span class='ocrx_word' id='word_1_251' title='bbox 2789 2267 2968 2336; x_wconf 84' lang='lat' dir='ltr'><strong>impiis</strong></span> <span class='ocrx_word' id='word_1_252' title='bbox 3014 2270 3180 2338; x_wconf 68' lang='lat' dir='ltr'><strong>coepit</strong></span> <span class='ocrx_word' id='word_1_253' title='bbox 3229 2270 3412 2339; x_wconf 86' lang='lat' dir='ltr'><strong>digitis</strong></span> <span class='ocrx_word' id='word_1_254' title='bbox 3461 2281 3645 2340; x_wconf 90' lang='lat' dir='ltr'><strong>guttur</strong></span> <span class='ocrx_word' id='word_1_255' title='bbox 3672 2271 3788 2338; x_wconf 77' lang='lat' dir='ltr'><strong>ejus</strong></span> 
     </span>
    </p>
   </div>
   <div class='ocr_carea' id='block_1_40' title="bbox 2201 2348 3787 2419">
    <p class='ocr_par' dir='ltr' id='par_1_40' title="bbox 2201 2348 3787 2419">
     <span class='ocr_line' id='line_1_40' title="bbox 2201 2348 3787 2419; baseline 0.006 -17"><span class='ocrx_word' id='word_1_256' title='bbox 2201 2348 2524 2419; x_wconf 76' lang='lat' dir='ltr'><strong>astringere,</strong></span> <span class='ocrx_word' id='word_1_257' title='bbox 2543 2353 2721 2408; x_wconf 88' lang='lat' dir='ltr'><strong>nitens</strong></span> <span class='ocrx_word' id='word_1_258' title='bbox 2750 2371 2870 2409; x_wconf 92' lang='lat' dir='ltr'><strong>eum</strong></span> <span class='ocrx_word' id='word_1_259' title='bbox 2897 2358 3190 2412; x_wconf 89' lang='lat' dir='ltr'><strong>crudeliter</strong></span> <span class='ocrx_word' id='word_1_260' title='bbox 3216 2360 3504 2413; x_wconf 85' lang='lat' dir='ltr'><strong>suffocare.</strong></span> <span class='ocrx_word' id='word_1_261' title='bbox 3536 2360 3639 2413; x_wconf 85' lang='lat' dir='ltr'><strong>Sed</strong></span> <span class='ocrx_word' id='word_1_262' title='bbox 3664 2363 3787 2414; x_wconf 92' lang='lat' dir='ltr'><strong>dum</strong></span> 
     </span>
    </p>
   </div>
   <div class='ocr_carea' id='block_1_41' title="bbox 2200 2435 3786 2519">
    <p class='ocr_par' dir='ltr' id='par_1_41' title="bbox 2200 2435 3786 2519">
     <span class='ocr_line' id='line_1_41' title="bbox 2200 2435 3786 2519; baseline 0.01 -31"><span class='ocrx_word' id='word_1_263' title='bbox 2200 2435 2285 2489; x_wconf 81' lang='lat' dir='ltr'><strong>vir</strong></span> <span class='ocrx_word' id='word_1_264' title='bbox 2316 2449 2562 2504; x_wconf 85' lang='lat' dir='ltr'><strong>sanctus,</strong></span> <span class='ocrx_word' id='word_1_265' title='bbox 2594 2444 2822 2497; x_wconf 89' lang='lat' dir='ltr'><strong>necdum</strong></span> <span class='ocrx_word' id='word_1_266' title='bbox 2869 2461 3092 2514; x_wconf 75' lang='lat' dir='ltr'><strong>prorsus</strong></span> <span class='ocrx_word' id='word_1_267' title='bbox 3136 2449 3439 2518; x_wconf 89' lang='lat' dir='ltr'><strong>intercepto</strong></span> <span class='ocrx_word' id='word_1_268' title='bbox 3468 2451 3786 2519; x_wconf 84' lang='lat' dir='ltr'><strong>spiramine,</strong></span> 
     </span>
    </p>
   </div>
   <div class='ocr_carea' id='block_1_42' title="bbox 2199 2527 3787 2610">
    <p class='ocr_par' dir='ltr' id='par_1_42' title="bbox 2199 2527 3787 2610">
     <span class='ocr_line' id='line_1_42' title="bbox 2199 2527 3787 2610; baseline 0.011 -32"><span class='ocrx_word' id='word_1_269' title='bbox 2199 2527 2440 2583; x_wconf 85' lang='lat' dir='ltr'><strong>anhelitu</strong></span> <span class='ocrx_word' id='word_1_270' title='bbox 2496 2533 2905 2591; x_wconf 88' lang='lat' dir='ltr'><strong>vix.eluctante</strong></span> <span class='ocrx_word' id='word_1_271' title='bbox 2952 2539 3224 2604; x_wconf 83' lang='lat' dir='ltr'><strong>rauciret,</strong></span> <span class='ocrx_word' id='word_1_272' title='bbox 3266 2541 3601 2610; x_wconf 84' lang='lat' dir='ltr'><strong>Ingclbertus</strong></span> <span class='ocrx_word' id='word_1_273' title='bbox 3642 2542 3787 2595; x_wconf 89' lang='lat' dir='ltr'><strong>illico</strong></span> 
     </span>
    </p>
   </div>
   <div class='ocr_carea' id='block_1_43' title="bbox 2199 2620 3782 2695">
    <p class='ocr_par' dir='ltr' id='par_1_43' title="bbox 2199 2620 3782 2695">
     <span class='ocr_line' id='line_1_43' title="bbox 2199 2620 3782 2695; baseline 0.01 -24"><span class='ocrx_word' id='word_1_274' title='bbox 2199 2620 2439 2687; x_wconf 85' lang='lat' dir='ltr'><strong>magistri</strong></span> <span class='ocrx_word' id='word_1_275' title='bbox 2488 2625 2813 2695; x_wconf 87' lang='lat' dir='ltr'><strong>singultibus</strong></span> <span class='ocrx_word' id='word_1_276' title='bbox 2860 2632 3148 2695; x_wconf 87' lang='lat' dir='ltr'><strong>excitatus,</strong></span> <span class='ocrx_word' id='word_1_277' title='bbox 3192 2644 3390 2687; x_wconf 89' lang='lat' dir='ltr'><strong>torrem</strong></span> <span class='ocrx_word' id='word_1_278' title='bbox 3437 2652 3557 2687; x_wconf 71' lang='lat' dir='ltr'><strong>mox</strong></span> <span class='ocrx_word' id='word_1_279' title='bbox 3589 2653 3652 2687; x_wconf 83' lang='lat' dir='ltr'><strong>ex</strong></span> <span class='ocrx_word' id='word_1_280' title='bbox 3695 2651 3782 2687; x_wconf 86' lang='lat' dir='ltr'><strong>so-</strong></span> 
     </span>
    </p>
   </div>
   <div class='ocr_carea' id='block_1_44' title="bbox 2197 2711 3787 2794">
    <p class='ocr_par' dir='ltr' id='par_1_44' title="bbox 2197 2711 3787 2794">
     <span class='ocr_line' id='line_1_44' title="bbox 2197 2711 3787 2794; baseline 0.01 -31"><span class='ocrx_word' id='word_1_281' title='bbox 2197 2711 2311 2780; x_wconf 83' lang='lat' dir='ltr'><strong>pito</strong></span> <span class='ocrx_word' id='word_1_282' title='bbox 2355 2713 2476 2783; x_wconf 86' lang='lat' dir='ltr'><strong>igne</strong></span> <span class='ocrx_word' id='word_1_283' title='bbox 2515 2717 2740 2779; x_wconf 89' lang='lat' dir='ltr'><strong>corruit,</strong></span> <span class='ocrx_word' id='word_1_284' title='bbox 2781 2729 2835 2771; x_wconf 92' lang='lat' dir='ltr'><strong>et</strong></span> <span class='ocrx_word' id='word_1_285' title='bbox 2888 2722 3194 2775; x_wconf 84' lang='lat' dir='ltr'><strong>ministrum</strong></span> <span class='ocrx_word' id='word_1_286' title='bbox 3226 2723 3426 2778; x_wconf 82' lang='lat' dir='ltr'><strong>diaboli</strong></span> <span class='ocrx_word' id='word_1_287' title='bbox 3477 2727 3544 2777; x_wconf 90' lang='lat' dir='ltr'><strong>ab</strong></span> <span class='ocrx_word' id='word_1_288' title='bbox 3571 2727 3787 2794; x_wconf 66' lang='lat' dir='ltr'><strong>incepto</strong></span> 
     </span>
    </p>
   </div>
   <div class='ocr_carea' id='block_1_45' title="bbox 2198 2799 3215 2867">
    <p class='ocr_par' dir='ltr' id='par_1_45' title="bbox 2198 2799 3215 2867">
     <span class='ocr_line' id='line_1_45' title="bbox 2198 2799 3215 2867; baseline 0.013 -13"><span class='ocrx_word' id='word_1_289' title='bbox 2198 2799 2571 2858; x_wconf 86' lang='lat' dir='ltr'><strong>nefandissimi</strong></span> <span class='ocrx_word' id='word_1_290' title='bbox 2606 2810 2851 2863; x_wconf 77' lang='lat' dir='ltr'><strong>CI&#39;Il‘.IlIlS</strong></span> <span class='ocrx_word' id='word_1_291' title='bbox 2880 2814 3215 2867; x_wconf 73' lang='lat' dir='ltr'><strong>exturbavit.</strong></span> 
     </span>
    </p>
   </div>
   <div class='ocr_carea' id='block_1_46' title="bbox 2797 2921 3218 2978">
    <p class='ocr_par' dir='ltr' id='par_1_46' title="bbox 2797 2921 3218 2978">
     <span class='ocr_line' id='line_1_46' title="bbox 2797 2921 3218 2978; baseline 0.012 -5"><span class='ocrx_word' id='word_1_292' title='bbox 2797 2921 3023 2976; x_wconf 75' lang='lat' dir='ltr'><strong>CAPUT</strong></span> <span class='ocrx_word' id='word_1_293' title='bbox 3065 2924 3218 2978; x_wconf 70' lang='lat' dir='ltr'><strong>XLII.</strong></span> 
     </span>
    </p>
   </div>
   <div class='ocr_carea' id='block_1_47' title="bbox 2486 3009 3512 3074">
    <p class='ocr_par' dir='ltr' id='par_1_47' title="bbox 2486 3009 3512 3074">
     <span class='ocr_line' id='line_1_47' title="bbox 2486 3009 3512 3074; baseline 0.013 -13"><span class='ocrx_word' id='word_1_294' title='bbox 2486 3009 2564 3063; x_wconf 81' lang='lat' dir='ltr'><strong>De</strong></span> <span class='ocrx_word' id='word_1_295' title='bbox 2589 3012 2665 3064; x_wconf 76' lang='lat' dir='ltr'><strong>itu</strong></span> <span class='ocrx_word' id='word_1_296' title='bbox 2696 3024 2744 3066; x_wconf 85' lang='lat' dir='ltr'><strong>et</strong></span> <span class='ocrx_word' id='word_1_297' title='bbox 2776 3017 2944 3068; x_wconf 74' lang='lat' dir='ltr'><strong>redJu</strong></span> <span class='ocrx_word' id='word_1_298' title='bbox 2972 3035 3153 3071; x_wconf 78' lang='lat' dir='ltr'><strong>rursus</strong></span> <span class='ocrx_word' id='word_1_299' title='bbox 3184 3038 3214 3072; x_wconf 80' lang='grc' dir='ltr'><em>α</em></span> <span class='ocrx_word' id='word_1_300' title='bbox 3240 3019 3512 3074; x_wconf 85' lang='lat' dir='ltr'><strong>Parentio.</strong></span> 
     </span>
    </p>
   </div>
   <div class='ocr_carea' id='block_1_48' title="bbox 2267 3095 3785 3184">
    <p class='ocr_par' dir='ltr' id='par_1_48' title="bbox 2267 3095 3785 3184">
     <span class='ocr_line' id='line_1_48' title="bbox 2267 3095 3785 3184; baseline 0.013 -34"><span class='ocrx_word' id='word_1_301' title='bbox 2267 3095 2398 3152; x_wconf 85' lang='lat' dir='ltr'><strong>Post</strong></span> <span class='ocrx_word' id='word_1_302' title='bbox 2420 3098 2533 3154; x_wconf 71' lang='lat' dir='ltr'><strong>haec</strong></span> <span class='ocrx_word' id='word_1_303' title='bbox 2562 3102 2896 3160; x_wconf 81' lang='lat' dir='ltr'><strong>Itomualdus</strong></span> <span class='ocrx_word' id='word_1_304' title='bbox 2939 3107 3119 3162; x_wconf 88' lang='lat' dir='ltr'><strong>denuo</strong></span> <span class='ocrx_word' id='word_1_305' title='bbox 3145 3109 3460 3167; x_wconf 81' lang='lat' dir='ltr'><strong>Parentium</strong></span> <span class='ocrx_word' id='word_1_306' title='bbox 3492 3115 3785 3184; x_wconf 86' lang='lat' dir='ltr'><strong>navigavit,</strong></span> 
     </span>
    </p>
   </div>
   <div class='ocr_carea' id='block_1_49' title="bbox 2195 3187 3787 3263">
    <p class='ocr_par' dir='ltr' id='par_1_49' title="bbox 2195 3187 3787 3263">
     <span class='ocr_line' id='line_1_49' title="bbox 2195 3187 3787 3263; baseline 0.014 -23"><span class='ocrx_word' id='word_1_307' title='bbox 2195 3187 2291 3241; x_wconf 74' lang='lat' dir='ltr'><strong>sed</strong></span> <span class='ocrx_word' id='word_1_308' title='bbox 2326 3190 2638 3257; x_wconf 76' lang='lat' dir='ltr'><strong>apostolica:</strong></span> <span class='ocrx_word' id='word_1_309' title='bbox 2691 3197 2834 3249; x_wconf 85' lang='lat' dir='ltr'><strong>sedis</strong></span> <span class='ocrx_word' id='word_1_310' title='bbox 2873 3200 3124 3263; x_wconf 85' lang='lat' dir='ltr'><strong>antistes,</strong></span> <span class='ocrx_word' id='word_1_311' title='bbox 3183 3213 3239 3256; x_wconf 91' lang='lat' dir='ltr'><strong>et</strong></span> <span class='ocrx_word' id='word_1_312' title='bbox 3285 3203 3511 3259; x_wconf 83' lang='lat' dir='ltr'><strong>Romani</strong></span> <span class='ocrx_word' id='word_1_313' title='bbox 3546 3210 3689 3262; x_wconf 84' lang='lat' dir='ltr'><strong>cives</strong></span> <span class='ocrx_word' id='word_1_314' title='bbox 3722 3209 3787 3262; x_wconf 90' lang='lat' dir='ltr'><strong>ad</strong></span> 
     </span>
    </p>
   </div>
   <div class='ocr_carea' id='block_1_50' title="bbox 3896 1994 5472 2065">
    <p class='ocr_par' dir='ltr' id='par_1_50' title="bbox 3896 1994 5472 2065">
     <span class='ocr_line' id='line_1_50' title="bbox 3896 1994 5472 2065; baseline 0.003 -22"><span class='ocrx_word' id='word_1_315' title='bbox 3896 1994 4039 2047; x_wconf 83' lang='lat' dir='ltr'><strong>vavit</strong></span> <span class='ocrx_word' id='word_1_316' title='bbox 4105 1995 4330 2049; x_wconf 65' lang='lat' dir='ltr'><strong>illmsum</strong></span> <span class='ocrx_word' id='word_1_317' title='bbox 4385 1995 4529 2065; x_wconf 85' lang='lat' dir='ltr'><strong>quod</strong></span> <span class='ocrx_word' id='word_1_318' title='bbox 4581 1997 4636 2051; x_wconf 93' lang='lat' dir='ltr'><strong>in</strong></span> <span class='ocrx_word' id='word_1_319' title='bbox 4684 1995 4924 2052; x_wconf 81' lang='lat' dir='ltr'><strong>absentis</strong></span> <span class='ocrx_word' id='word_1_320' title='bbox 4965 1994 5251 2050; x_wconf 75' lang='lat' dir='ltr'><strong>Romualdi</strong></span> <span class='ocrx_word' id='word_1_321' title='bbox 5299 1996 5472 2050; x_wconf 79' lang='lat' dir='ltr'><strong>fuerat</strong></span> 
     </span>
    </p>
   </div>
   <div class='ocr_carea' id='block_1_51' title="bbox 3893 2086 4519 2142">
    <p class='ocr_par' dir='ltr' id='par_1_51' title="bbox 3893 2086 4519 2142">
     <span class='ocr_line' id='line_1_51' title="bbox 3893 2086 4519 2142; baseline 0.006 -4"><span class='ocrx_word' id='word_1_322' title='bbox 3893 2086 4137 2141; x_wconf 88' lang='lat' dir='ltr'><strong>custodia</strong></span> <span class='ocrx_word' id='word_1_323' title='bbox 4177 2087 4519 2142; x_wconf 85' lang='lat' dir='ltr'><strong>derelictum.</strong></span> 
     </span>
    </p>
   </div>
   <div class='ocr_carea' id='block_1_52' title="bbox 4451 2197 4898 2254">
    <p class='ocr_par' dir='ltr' id='par_1_52' title="bbox 4451 2197 4898 2254">
     <span class='ocr_line' id='line_1_52' title="bbox 4451 2197 4898 2254; baseline -0.007 0"><span class='ocrx_word' id='word_1_324' title='bbox 4451 2197 4680 2254; x_wconf 79' lang='lat' dir='ltr'><strong>CAPUT</strong></span> <span class='ocrx_word' id='word_1_325' title='bbox 4716 2198 4898 2253; x_wconf 76' lang='lat' dir='ltr'><strong>XLIV.</strong></span> 
     </span>
    </p>
   </div>
   <div class='ocr_carea' id='block_1_53' title="bbox 4141 2295 5210 2372">
    <p class='ocr_par' dir='ltr' id='par_1_53' title="bbox 4141 2295 5210 2372">
     <span class='ocr_line' id='line_1_53' title="bbox 4141 2295 5210 2372; baseline 0 -24"><span class='ocrx_word' id='word_1_326' title='bbox 4141 2295 4273 2349; x_wconf 81' lang='lat' dir='ltr'><strong>Item</strong></span> <span class='ocrx_word' id='word_1_327' title='bbox 4305 2297 4620 2372; x_wconf 71' lang='lat' dir='ltr'><strong>miraculapt</strong></span> <span class='ocrx_word' id='word_1_328' title='bbox 4656 2298 4721 2349; x_wconf 81' lang='lat' dir='ltr'><strong>de</strong></span> <span class='ocrx_word' id='word_1_329' title='bbox 4745 2295 4866 2350; x_wconf 83' lang='lat' dir='ltr'><strong>aliis</strong></span> <span class='ocrx_word' id='word_1_330' title='bbox 4895 2295 5210 2350; x_wconf 71' lang='lat' dir='ltr'><strong>latronibus.</strong></span> 
     </span>
    </p>
   </div>
   <div class='ocr_carea' id='block_1_54' title="bbox 3967 2388 5473 2460">
    <p class='ocr_par' dir='ltr' id='par_1_54' title="bbox 3967 2388 5473 2460">
     <span class='ocr_line' id='line_1_54' title="bbox 3967 2388 5473 2460; baseline -0.001 -16"><span class='ocrx_word' id='word_1_331' title='bbox 3967 2391 4171 2444; x_wconf 81' lang='lat' dir='ltr'><strong>Rursus</strong></span> <span class='ocrx_word' id='word_1_332' title='bbox 4205 2392 4329 2444; x_wconf 89' lang='lat' dir='ltr'><strong>dum</strong></span> <span class='ocrx_word' id='word_1_333' title='bbox 4358 2391 4410 2444; x_wconf 92' lang='lat' dir='ltr'><strong>in</strong></span> <span class='ocrx_word' id='word_1_334' title='bbox 4438 2390 4641 2444; x_wconf 88' lang='lat' dir='ltr'><strong>eisdem</strong></span> <span class='ocrx_word' id='word_1_335' title='bbox 4673 2390 4917 2460; x_wconf 86' lang='lat' dir='ltr'><strong>partibus</strong></span> <span class='ocrx_word' id='word_1_336' title='bbox 4941 2388 5104 2443; x_wconf 82' lang='lat' dir='ltr'><strong>cellas</strong></span> <span class='ocrx_word' id='word_1_337' title='bbox 5126 2399 5473 2443; x_wconf 84' lang='lat' dir='ltr'><strong>construeret</strong></span> 
     </span>
    </p>
   </div>
   <div class='ocr_carea' id='block_1_55' title="bbox 3893 2477 5476 2550">
    <p class='ocr_par' dir='ltr' id='par_1_55' title="bbox 3893 2477 5476 2550">
     <span class='ocr_line' id='line_1_55' title="bbox 3893 2477 5476 2550; baseline -0.001 -17"><span class='ocrx_word' id='word_1_338' title='bbox 3893 2481 4031 2548; x_wconf 83' lang='lat' dir='ltr'><strong>(erat</strong></span> <span class='ocrx_word' id='word_1_339' title='bbox 4072 2492 4252 2536; x_wconf 89' lang='lat' dir='ltr'><strong>autem</strong></span> <span class='ocrx_word' id='word_1_340' title='bbox 4288 2480 4501 2535; x_wconf 89' lang='lat' dir='ltr'><strong>sarcina</strong></span> <span class='ocrx_word' id='word_1_341' title='bbox 4531 2479 4718 2550; x_wconf 89' lang='lat' dir='ltr'><strong>procul</strong></span> <span class='ocrx_word' id='word_1_342' title='bbox 4746 2481 4813 2533; x_wconf 88' lang='lat' dir='ltr'><strong>ab</strong></span> <span class='ocrx_word' id='word_1_343' title='bbox 4846 2481 4927 2534; x_wconf 88' lang='lat' dir='ltr'><strong>eis</strong></span> <span class='ocrx_word' id='word_1_344' title='bbox 4955 2477 5056 2534; x_wconf 88' lang='lat' dir='ltr'><strong>sub</strong></span> <span class='ocrx_word' id='word_1_345' title='bbox 5079 2479 5319 2548; x_wconf 90' lang='lat' dir='ltr'><strong>quodam</strong></span> <span class='ocrx_word' id='word_1_346' title='bbox 5341 2495 5476 2534; x_wconf 87' lang='lat' dir='ltr'><strong>saxo</strong></span> 
     </span>
    </p>
   </div>
   <div class='ocr_carea' id='block_1_56' title="bbox 3893 2570 5469 2642">
    <p class='ocr_par' dir='ltr' id='par_1_56' title="bbox 3893 2570 5469 2642">
     <span class='ocr_line' id='line_1_56' title="bbox 3893 2570 5469 2642; baseline 0.001 -18"><span class='ocrx_word' id='word_1_347' title='bbox 3893 2573 4173 2642; x_wconf 82' lang='lat' dir='ltr'><strong>reposita),</strong></span> <span class='ocrx_word' id='word_1_348' title='bbox 4232 2581 4358 2626; x_wconf 88' lang='lat' dir='ltr'><strong>tunc</strong></span> <span class='ocrx_word' id='word_1_349' title='bbox 4395 2572 4475 2625; x_wconf 91' lang='lat' dir='ltr'><strong>vir</strong></span> <span class='ocrx_word' id='word_1_350' title='bbox 4528 2571 4854 2626; x_wconf 84' lang='lat' dir='ltr'><strong>venerabilis</strong></span> <span class='ocrx_word' id='word_1_351' title='bbox 4913 2574 5200 2641; x_wconf 79' lang='lat' dir='ltr'><strong>quemdam</strong></span> <span class='ocrx_word' id='word_1_352' title='bbox 5248 2570 5469 2625; x_wconf 79' lang='lat' dir='ltr'><strong>fratrem</strong></span> 
     </span>
    </p>
   </div>
   <div class='ocr_carea' id='block_1_57' title="bbox 3891 2661 5474 2732">
    <p class='ocr_par' dir='ltr' id='par_1_57' title="bbox 3891 2661 5474 2732">
     <span class='ocr_line' id='line_1_57' title="bbox 3891 2661 5474 2732; baseline -0.001 -18"><span class='ocrx_word' id='word_1_353' title='bbox 3891 2662 4019 2715; x_wconf 92' lang='lat' dir='ltr'><strong>illuc</strong></span> <span class='ocrx_word' id='word_1_354' title='bbox 4046 2663 4198 2731; x_wconf 89' lang='lat' dir='ltr'><strong>quasi</strong></span> <span class='ocrx_word' id='word_1_355' title='bbox 4220 2677 4343 2717; x_wconf 88' lang='lat' dir='ltr'><strong>cum</strong></span> <span class='ocrx_word' id='word_1_356' title='bbox 4370 2661 4602 2732; x_wconf 87' lang='lat' dir='ltr'><strong>quodam</strong></span> <span class='ocrx_word' id='word_1_357' title='bbox 4623 2661 4820 2732; x_wconf 85' lang='lat' dir='ltr'><strong>impetu</strong></span> <span class='ocrx_word' id='word_1_358' title='bbox 4872 2661 5126 2731; x_wconf 89' lang='lat' dir='ltr'><strong>propulit,</strong></span> <span class='ocrx_word' id='word_1_359' title='bbox 5151 2663 5474 2732; x_wconf 73' lang='lat' dir='ltr'><strong>pmcipiens</strong></span> 
     </span>
    </p>
   </div>
   <div class='ocr_carea' id='block_1_58' title="bbox 3892 2751 5466 2822">
    <p class='ocr_par' dir='ltr' id='par_1_58' title="bbox 3892 2751 5466 2822">
     <span class='ocr_line' id='line_1_58' title="bbox 3892 2751 5466 2822; baseline 0 -18"><span class='ocrx_word' id='word_1_360' title='bbox 3892 2753 3991 2805; x_wconf 89' lang='lat' dir='ltr'><strong>sibi</strong></span> <span class='ocrx_word' id='word_1_361' title='bbox 4046 2762 4102 2805; x_wconf 93' lang='lat' dir='ltr'><strong>ut</strong></span> <span class='ocrx_word' id='word_1_362' title='bbox 4133 2752 4293 2806; x_wconf 88' lang='lat' dir='ltr'><strong>nimis</strong></span> <span class='ocrx_word' id='word_1_363' title='bbox 4320 2751 4481 2806; x_wconf 88' lang='lat' dir='ltr'><strong>anxie</strong></span> <span class='ocrx_word' id='word_1_364' title='bbox 4507 2751 4807 2807; x_wconf 84' lang='lat' dir='ltr'><strong>festinaret.</strong></span> <span class='ocrx_word' id='word_1_365' title='bbox 4838 2754 4937 2818; x_wconf 91' lang='lat' dir='ltr'><strong>Qui</strong></span> <span class='ocrx_word' id='word_1_366' title='bbox 4967 2768 5085 2805; x_wconf 92' lang='lat' dir='ltr'><strong>mox</strong></span> <span class='ocrx_word' id='word_1_367' title='bbox 5113 2751 5260 2807; x_wconf 79' lang='lat' dir='ltr'><strong>fures</strong></span> <span class='ocrx_word' id='word_1_368' title='bbox 5278 2768 5466 2822; x_wconf 82' lang='lat' dir='ltr'><strong>super-</strong></span> 
     </span>
    </p>
   </div>
   <div class='ocr_carea' id='block_1_59' title="bbox 3891 2843 5470 2914">
    <p class='ocr_par' dir='ltr' id='par_1_59' title="bbox 3891 2843 5470 2914">
     <span class='ocr_line' id='line_1_59' title="bbox 3891 2843 5470 2914; baseline 0.007 -19"><span class='ocrx_word' id='word_1_369' title='bbox 3891 2844 4139 2906; x_wconf 88' lang='lat' dir='ltr'><strong>veniens,</strong></span> <span class='ocrx_word' id='word_1_370' title='bbox 4173 2844 4288 2898; x_wconf 84' lang='lat' dir='ltr'><strong>illos</strong></span> <span class='ocrx_word' id='word_1_371' title='bbox 4319 2845 4534 2914; x_wconf 90' lang='lat' dir='ltr'><strong>quidem</strong></span> <span class='ocrx_word' id='word_1_372' title='bbox 4563 2843 4674 2912; x_wconf 91' lang='lat' dir='ltr'><strong>jam</strong></span> <span class='ocrx_word' id='word_1_373' title='bbox 4723 2859 4913 2914; x_wconf 88' lang='lat' dir='ltr'><strong>rapere</strong></span> <span class='ocrx_word' id='word_1_374' title='bbox 4943 2853 5217 2899; x_wconf 85' lang='lat' dir='ltr'><strong>tentantes</strong></span> <span class='ocrx_word' id='word_1_375' title='bbox 5243 2845 5470 2913; x_wconf 59' lang='lat' dir='ltr'><strong>reperit.</strong></span> 
     </span>
    </p>
   </div>
   <div class='ocr_carea' id='block_1_60' title="bbox 3893 2934 5471 3006">
    <p class='ocr_par' dir='ltr' id='par_1_60' title="bbox 3893 2934 5471 3006">
     <span class='ocr_line' id='line_1_60' title="bbox 3893 2934 5471 3006; baseline 0.002 -19"><span class='ocrx_word' id='word_1_376' title='bbox 3893 2935 3985 2987; x_wconf 82' lang='lat' dir='ltr'><strong>sed</strong></span> <span class='ocrx_word' id='word_1_377' title='bbox 4015 2935 4145 2987; x_wconf 91' lang='lat' dir='ltr'><strong>nihil</strong></span> <span class='ocrx_word' id='word_1_378' title='bbox 4196 2934 4370 2989; x_wconf 86' lang='lat' dir='ltr'><strong>adhuc</strong></span> <span class='ocrx_word' id='word_1_379' title='bbox 4398 2950 4464 2989; x_wconf 88' lang='lat' dir='ltr'><strong>ex</strong></span> <span class='ocrx_word' id='word_1_380' title='bbox 4497 2936 4582 2990; x_wconf 90' lang='lat' dir='ltr'><strong>bis</strong></span> <span class='ocrx_word' id='word_1_381' title='bbox 4607 2951 4726 3004; x_wconf 76' lang='lat' dir='ltr'><strong>qua:</strong></span> <span class='ocrx_word' id='word_1_382' title='bbox 4765 2936 4998 3006; x_wconf 89' lang='lat' dir='ltr'><strong>reposita</strong></span> <span class='ocrx_word' id='word_1_383' title='bbox 5028 2935 5243 2989; x_wconf 84' lang='lat' dir='ltr'><strong>fuerant</strong></span> <span class='ocrx_word' id='word_1_384' title='bbox 5284 2937 5471 2990; x_wconf 74' lang='lat' dir='ltr'><strong>deesse</strong></span> 
     </span>
    </p>
   </div>
   <div class='ocr_carea' id='block_1_61' title="bbox 3891 3023 5468 3092">
    <p class='ocr_par' dir='ltr' id='par_1_61' title="bbox 3891 3023 5468 3092">
     <span class='ocr_line' id='line_1_61' title="bbox 3891 3023 5468 3092; baseline 0.001 -17"><span class='ocrx_word' id='word_1_385' title='bbox 3891 3023 4160 3090; x_wconf 80' lang='lat' dir='ltr'><strong>cognovit.</strong></span> <span class='ocrx_word' id='word_1_386' title='bbox 4208 3023 4322 3089; x_wconf 89' lang='lat' dir='ltr'><strong>Qua</strong></span> <span class='ocrx_word' id='word_1_387' title='bbox 4349 3038 4414 3077; x_wconf 91' lang='lat' dir='ltr'><strong>cx</strong></span> <span class='ocrx_word' id='word_1_388' title='bbox 4463 3039 4520 3077; x_wconf 93' lang='lat' dir='ltr'><strong>re</strong></span> <span class='ocrx_word' id='word_1_389' title='bbox 4562 3034 4708 3079; x_wconf 87' lang='lat' dir='ltr'><strong>recte</strong></span> <span class='ocrx_word' id='word_1_390' title='bbox 4746 3023 5016 3092; x_wconf 83' lang='lat' dir='ltr'><strong>colligitur</strong></span> <span class='ocrx_word' id='word_1_391' title='bbox 5050 3024 5264 3077; x_wconf 89' lang='lat' dir='ltr'><strong>beatum</strong></span> <span class='ocrx_word' id='word_1_392' title='bbox 5299 3026 5468 3077; x_wconf 83' lang='lat' dir='ltr'><strong>virum</strong></span> 
     </span>
    </p>
   </div>
   <div class='ocr_carea' id='block_1_62' title="bbox 3892 3115 5470 3171">
    <p class='ocr_par' dir='ltr' id='par_1_62' title="bbox 3892 3115 5470 3171">
     <span class='ocr_line' id='line_1_62' title="bbox 3892 3115 5470 3171; baseline 0.001 -4"><span class='ocrx_word' id='word_1_393' title='bbox 3892 3131 3997 3168; x_wconf 91' lang='lat' dir='ltr'><strong>non</strong></span> <span class='ocrx_word' id='word_1_394' title='bbox 4038 3115 4154 3167; x_wconf 89' lang='lat' dir='ltr'><strong>sine</strong></span> <span class='ocrx_word' id='word_1_395' title='bbox 4185 3115 4380 3170; x_wconf 77' lang='lat' dir='ltr'><strong>divinae</strong></span> <span class='ocrx_word' id='word_1_396' title='bbox 4410 3116 4756 3170; x_wconf 89' lang='lat' dir='ltr'><strong>revelationis</strong></span> <span class='ocrx_word' id='word_1_397' title='bbox 4800 3117 5059 3171; x_wconf 88' lang='lat' dir='ltr'><strong>instinctu</strong></span> <span class='ocrx_word' id='word_1_398' title='bbox 5093 3116 5318 3169; x_wconf 84' lang='lat' dir='ltr'><strong>fratrem</strong></span> <span class='ocrx_word' id='word_1_399' title='bbox 5349 3133 5470 3171; x_wconf 86' lang='lat' dir='ltr'><strong>cum</strong></span> 
     </span>
    </p>
   </div>
   <div class='ocr_carea' id='block_1_63' title="bbox 3893 3206 5474 3278">
    <p class='ocr_par' dir='ltr' id='par_1_63' title="bbox 3893 3206 5474 3278">
     <span class='ocr_line' id='line_1_63' title="bbox 3893 3206 5474 3278; baseline 0.002 -20"><span class='ocrx_word' id='word_1_400' title='bbox 3893 3215 4040 3259; x_wconf 88' lang='lat' dir='ltr'><strong>tanta</strong></span> <span class='ocrx_word' id='word_1_401' title='bbox 4073 3206 4434 3261; x_wconf 88' lang='lat' dir='ltr'><strong>sollicitudine</strong></span> <span class='ocrx_word' id='word_1_402' title='bbox 4483 3208 4803 3274; x_wconf 87' lang='lat' dir='ltr'><strong>destinasse,</strong></span> <span class='ocrx_word' id='word_1_403' title='bbox 4843 3210 4958 3277; x_wconf 87' lang='lat' dir='ltr'><strong>ipso</strong></span> <span class='ocrx_word' id='word_1_404' title='bbox 4987 3207 5234 3262; x_wconf 84' lang='lat' dir='ltr'><strong>videlicet</strong></span> <span class='ocrx_word' id='word_1_405' title='bbox 5273 3219 5474 3278; x_wconf 88' lang='lat' dir='ltr'><strong>puncto</strong></span> 
     </span>
    </p>
   </div>
   <div class='ocr_carea' id='block_1_64' title="bbox 2197 3282 5482 3368">
    <p class='ocr_par' dir='ltr' id='par_1_64' title="bbox 2197 3282 5482 3368">
     <span class='ocr_line' id='line_1_64' title="bbox 2197 3282 5482 3368; baseline 0.006 -35"><span class='ocrx_word' id='word_1_406' title='bbox 2197 3293 2321 3333; x_wconf 86' lang='lat' dir='ltr'><strong>eum</strong></span> <span class='ocrx_word' id='word_1_407' title='bbox 2353 3282 2611 3339; x_wconf 90' lang='lat' dir='ltr'><strong>redeundi</strong></span> <span class='ocrx_word' id='word_1_408' title='bbox 2642 3285 2963 3357; x_wconf 79' lang='lat' dir='ltr'><strong>legationem</strong></span> <span class='ocrx_word' id='word_1_409' title='bbox 3004 3292 3264 3362; x_wconf 90' lang='lat' dir='ltr'><strong>dirigunt.</strong></span> <span class='ocrx_word' id='word_1_410' title='bbox 3300 3295 3449 3360; x_wconf 85' lang='lat' dir='ltr'><strong>Quod</strong></span> <span class='ocrx_word' id='word_1_411' title='bbox 3484 3299 3527 3350; x_wconf 88' lang='lat' dir='ltr'><strong>si</strong></span> <span class='ocrx_word' id='word_1_412' title='bbox 3550 3311 3788 3353; x_wconf 68' lang='lat' dir='ltr'><strong>revcrlc—</strong></span> <span class='ocrx_word' id='word_1_413' title='bbox 3818 3285 3860 3344; x_wconf 89' lang='lat' dir='ltr'><strong><em>C</em></strong></span> <span class='ocrx_word' id='word_1_414' title='bbox 3894 3312 4001 3365; x_wconf 90' lang='lat' dir='ltr'><strong>quo</strong></span> <span class='ocrx_word' id='word_1_415' title='bbox 4057 3296 4206 3351; x_wconf 86' lang='lat' dir='ltr'><strong>fures</strong></span> <span class='ocrx_word' id='word_1_416' title='bbox 4249 3297 4314 3351; x_wconf 84' lang='lat' dir='ltr'><strong>ad</strong></span> <span class='ocrx_word' id='word_1_417' title='bbox 4369 3313 4482 3353; x_wconf 88' lang='lat' dir='ltr'><strong>rem</strong></span> <span class='ocrx_word' id='word_1_418' title='bbox 4517 3314 4623 3352; x_wconf 90' lang='lat' dir='ltr'><strong>non</strong></span> <span class='ocrx_word' id='word_1_419' title='bbox 4661 3300 4986 3353; x_wconf 89' lang='lat' dir='ltr'><strong>custoditam</strong></span> <span class='ocrx_word' id='word_1_420' title='bbox 5027 3297 5254 3366; x_wconf 84' lang='lat' dir='ltr'><strong>contigit</strong></span> <span class='ocrx_word' id='word_1_421' title='bbox 5284 3314 5482 3368; x_wconf 87' lang='lat' dir='ltr'><strong>perve-</strong></span> 
     </span>
    </p>
   </div>
   <div class='ocr_carea' id='block_1_65' title="bbox 2198 3373 3779 3456">
    <p class='ocr_par' dir='ltr' id='par_1_65' title="bbox 2198 3373 3779 3456">
     <span class='ocr_line' id='line_1_65' title="bbox 2198 3373 3779 3456; baseline 0.013 -33"><span class='ocrx_word' id='word_1_422' title='bbox 2198 3380 2367 3435; x_wconf 88' lang='lat' dir='ltr'><strong>retur,</strong></span> <span class='ocrx_word' id='word_1_423' title='bbox 2399 3373 2642 3432; x_wconf 88' lang='lat' dir='ltr'><strong>facturos</strong></span> <span class='ocrx_word' id='word_1_424' title='bbox 2671 3394 2730 3434; x_wconf 87' lang='lat' dir='ltr'><strong>se</strong></span> <span class='ocrx_word' id='word_1_425' title='bbox 2753 3383 2936 3436; x_wconf 88' lang='lat' dir='ltr'><strong>omnia</strong></span> <span class='ocrx_word' id='word_1_426' title='bbox 2990 3383 3105 3450; x_wconf 89' lang='lat' dir='ltr'><strong>ejus</strong></span> <span class='ocrx_word' id='word_1_427' title='bbox 3133 3398 3398 3456; x_wconf 51' lang='lat' dir='ltr'><strong>prater-pta</strong></span> <span class='ocrx_word' id='word_1_428' title='bbox 3424 3392 3779 3456; x_wconf 66' lang='lat' dir='ltr'><strong>promittunt;</strong></span> 
     </span>
    </p>
   </div>
   <div class='ocr_carea' id='block_1_66' title="bbox 2197 3461 3787 3534">
    <p class='ocr_par' dir='ltr' id='par_1_66' title="bbox 2197 3461 3787 3534">
     <span class='ocr_line' id='line_1_66' title="bbox 2197 3461 3787 3534; baseline 0.014 -21"><span class='ocrx_word' id='word_1_429' title='bbox 2197 3461 2280 3514; x_wconf 85' lang='lat' dir='ltr'><strong>sin</strong></span> <span class='ocrx_word' id='word_1_430' title='bbox 2311 3475 2514 3530; x_wconf 89' lang='lat' dir='ltr'><strong>autem,</strong></span> <span class='ocrx_word' id='word_1_431' title='bbox 2565 3473 3151 3528; x_wconf 81' lang='lat' dir='ltr'><strong>excommunicationis</strong></span> <span class='ocrx_word' id='word_1_432' title='bbox 3207 3479 3533 3531; x_wconf 84' lang='lat' dir='ltr'><strong>sententiam</strong></span> <span class='ocrx_word' id='word_1_433' title='bbox 3564 3482 3787 3534; x_wconf 83' lang='lat' dir='ltr'><strong>commi-</strong></span> 
     </span>
    </p>
   </div>
   <div class='ocr_carea' id='block_1_67' title="bbox 2201 3548 3786 3630">
    <p class='ocr_par' dir='ltr' id='par_1_67' title="bbox 2201 3548 3786 3630">
     <span class='ocr_line' id='line_1_67' title="bbox 2201 3548 3786 3630; baseline 0.014 -27"><span class='ocrx_word' id='word_1_434' title='bbox 2201 3563 2418 3608; x_wconf 89' lang='lat' dir='ltr'><strong>nantur.</strong></span> <span class='ocrx_word' id='word_1_435' title='bbox 2448 3555 2560 3611; x_wconf 89' lang='lat' dir='ltr'><strong>Iloc</strong></span> <span class='ocrx_word' id='word_1_436' title='bbox 2589 3548 2778 3630; x_wconf 85' lang='lat' dir='ltr'><strong>itaque</strong></span> <span class='ocrx_word' id='word_1_437' title='bbox 2801 3563 2960 3616; x_wconf 92' lang='lat' dir='ltr'><strong>modo</strong></span> <span class='ocrx_word' id='word_1_438' title='bbox 2989 3580 3143 3618; x_wconf 90' lang='lat' dir='ltr'><strong>suum</strong></span> <span class='ocrx_word' id='word_1_439' title='bbox 3172 3565 3533 3622; x_wconf 80' lang='lat' dir='ltr'><strong>Romualdutn</strong></span> <span class='ocrx_word' id='word_1_440' title='bbox 3568 3571 3786 3625; x_wconf 88' lang='lat' dir='ltr'><strong>alumna</strong></span> 
     </span>
    </p>
   </div>
   <div class='ocr_carea' id='block_1_68' title="bbox 2199 3639 3068 3719">
    <p class='ocr_par' dir='ltr' id='par_1_68' title="bbox 2199 3639 3068 3719">
     <span class='ocr_line' id='line_1_68' title="bbox 2199 3639 3068 3719; baseline 0.013 -25"><span class='ocrx_word' id='word_1_441' title='bbox 2199 3639 2348 3696; x_wconf 86' lang='lat' dir='ltr'><strong>Italia</strong></span> <span class='ocrx_word' id='word_1_442' title='bbox 2383 3660 2704 3716; x_wconf 83' lang='lat' dir='ltr'><strong>recuperare</strong></span> <span class='ocrx_word' id='word_1_443' title='bbox 2748 3654 3068 3719; x_wconf 86' lang='lat' dir='ltr'><strong>promeruit.</strong></span> 
     </span>
    </p>
   </div>
   <div class='ocr_carea' id='block_1_69' title="bbox 2773 3743 3219 3802">
    <p class='ocr_par' dir='ltr' id='par_1_69' title="bbox 2773 3743 3219 3802">
     <span class='ocr_line' id='line_1_69' title="bbox 2773 3743 3219 3802; baseline 0.004 -4"><span class='ocrx_word' id='word_1_444' title='bbox 2773 3743 2999 3800; x_wconf 62' lang='lat' dir='ltr'><strong>CAI’ET</strong></span> <span class='ocrx_word' id='word_1_445' title='bbox 3041 3745 3219 3802; x_wconf 80' lang='lat' dir='ltr'><strong>XLIII.</strong></span> 
     </span>
    </p>
   </div>
   <div class='ocr_carea' id='block_1_70' title="bbox 2312 3827 3673 3911">
    <p class='ocr_par' dir='ltr' id='par_1_70' title="bbox 2312 3827 3673 3911">
     <span class='ocr_line' id='line_1_70' title="bbox 2312 3827 3673 3911; baseline 0.012 -31"><span class='ocrx_word' id='word_1_446' title='bbox 2312 3827 2386 3882; x_wconf 90' lang='lat' dir='ltr'><strong>De</strong></span> <span class='ocrx_word' id='word_1_447' title='bbox 2411 3831 2668 3886; x_wconf 82' lang='lat' dir='ltr'><strong>miraculo</strong></span> <span class='ocrx_word' id='word_1_448' title='bbox 2717 3835 2940 3891; x_wconf 84' lang='lat' dir='ltr'><strong>latronis</strong></span> <span class='ocrx_word' id='word_1_449' title='bbox 2969 3841 3021 3892; x_wconf 87' lang='lat' dir='ltr'><strong>in</strong></span> <span class='ocrx_word' id='word_1_450' title='bbox 3054 3851 3225 3894; x_wconf 87' lang='lat' dir='ltr'><strong>monte</strong></span> <span class='ocrx_word' id='word_1_451' title='bbox 3253 3841 3484 3896; x_wconf 83' lang='lat' dir='ltr'><strong>Petrano</strong></span> <span class='ocrx_word' id='word_1_452' title='bbox 3511 3846 3673 3911; x_wconf 77' lang='lat' dir='ltr'><strong>facta.</strong></span> 
     </span>
    </p>
   </div>
   <div class='ocr_carea' id='block_1_71' title="bbox 2265 3916 3785 4002">
    <p class='ocr_par' dir='ltr' id='par_1_71' title="bbox 2265 3916 3785 4002">
     <span class='ocr_line' id='line_1_71' title="bbox 2265 3916 3785 4002; baseline 0.011 -30"><span class='ocrx_word' id='word_1_453' title='bbox 2265 3916 2348 3973; x_wconf 83' lang='lat' dir='ltr'><strong>Eo</strong></span> <span class='ocrx_word' id='word_1_454' title='bbox 2396 3920 2577 3990; x_wconf 83' lang='lat' dir='ltr'><strong>itaque</strong></span> <span class='ocrx_word' id='word_1_455' title='bbox 2608 3934 2846 3994; x_wconf 90' lang='lat' dir='ltr'><strong>tempore</strong></span> <span class='ocrx_word' id='word_1_456' title='bbox 2875 3929 2926 3980; x_wconf 83' lang='lat' dir='ltr'><strong>in</strong></span> <span class='ocrx_word' id='word_1_457' title='bbox 2974 3927 3224 3986; x_wconf 82' lang='lat' dir='ltr'><strong>faucibus</strong></span> <span class='ocrx_word' id='word_1_458' title='bbox 3255 3933 3405 4002; x_wconf 70' lang='lat'><strong>(299)</strong></span> <span class='ocrx_word' id='word_1_459' title='bbox 3447 3934 3785 3989; x_wconf 82' lang='lat' dir='ltr'><strong>Callensium</strong></span> 
     </span>
    </p>
   </div>
   <div class='ocr_carea' id='block_1_72' title="bbox 2204 4011 3789 4093">
    <p class='ocr_par' dir='ltr' id='par_1_72' title="bbox 2204 4011 3789 4093">
     <span class='ocr_line' id='line_1_72' title="bbox 2204 4011 3789 4093; baseline 0.011 -31"><span class='ocrx_word' id='word_1_460' title='bbox 2204 4011 2468 4068; x_wconf 82' lang='lat' dir='ltr'><strong>montium</strong></span> <span class='ocrx_word' id='word_1_461' title='bbox 2501 4012 2811 4082; x_wconf 80' lang='lat' dir='ltr'><strong>aliquandiu</strong></span> <span class='ocrx_word' id='word_1_462' title='bbox 2862 4022 3082 4084; x_wconf 91' lang='lat' dir='ltr'><strong>mansit,</strong></span> <span class='ocrx_word' id='word_1_463' title='bbox 3125 4023 3396 4077; x_wconf 86' lang='lat' dir='ltr'><strong>deindein</strong></span> <span class='ocrx_word' id='word_1_464' title='bbox 3434 4026 3580 4093; x_wconf 76' lang='lat'>(300)</span> <span class='ocrx_word' id='word_1_465' title='bbox 3605 4026 3789 4080; x_wconf 85' lang='lat' dir='ltr'><strong>Petra-</strong></span> 
     </span>
    </p>
   </div>
   <div class='ocr_carea' id='block_1_73' title="bbox 2205 4110 3789 4180">
    <p class='ocr_par' dir='ltr' id='par_1_73' title="bbox 2205 4110 3789 4180">
     <span class='ocr_line' id='line_1_73' title="bbox 2205 4110 3789 4180; baseline 0.014 -28"><span class='ocrx_word' id='word_1_466' title='bbox 2205 4117 2329 4156; x_wconf 91' lang='lat' dir='ltr'><strong>num</strong></span> <span class='ocrx_word' id='word_1_467' title='bbox 2378 4113 2641 4170; x_wconf 89' lang='lat' dir='ltr'><strong>montem,</strong></span> <span class='ocrx_word' id='word_1_468' title='bbox 2686 4123 2793 4162; x_wconf 89' lang='lat' dir='ltr'><strong>non</strong></span> <span class='ocrx_word' id='word_1_469' title='bbox 2849 4110 3004 4180; x_wconf 86' lang='lat' dir='ltr'><strong>longe</strong></span> <span class='ocrx_word' id='word_1_470' title='bbox 3055 4113 3309 4167; x_wconf 88' lang='lat' dir='ltr'><strong>videlicet</strong></span> <span class='ocrx_word' id='word_1_471' title='bbox 3364 4131 3392 4167; x_wconf 93' lang='lat' dir='ltr'><strong>a</strong></span> <span class='ocrx_word' id='word_1_472' title='bbox 3461 4120 3789 4174; x_wconf 81' lang='lat' dir='ltr'><strong>monasterio</strong></span> 
     </span>
    </p>
   </div>
   <div class='ocr_carea' id='block_1_74' title="bbox 2203 4189 3787 4273">
    <p class='ocr_par' dir='ltr' id='par_1_74' title="bbox 2203 4189 3787 4273">
     <span class='ocr_line' id='line_1_74' title="bbox 2203 4189 3787 4273; baseline 0.013 -29"><span class='ocrx_word' id='word_1_473' title='bbox 2203 4194 2378 4248; x_wconf 88' lang='lat' dir='ltr'><strong>sancti</strong></span> <span class='ocrx_word' id='word_1_474' title='bbox 2411 4189 2676 4251; x_wconf 81' lang='lat' dir='ltr'><strong>Vincentii</strong></span> <span class='ocrx_word' id='word_1_475' title='bbox 2732 4201 3049 4269; x_wconf 83' lang='lat' dir='ltr'><strong>quodjuxta</strong></span> <span class='ocrx_word' id='word_1_476' title='bbox 3076 4205 3224 4273; x_wconf 78' lang='lat' dir='ltr'><strong>’30l)</strong></span> <span class='ocrx_word' id='word_1_477' title='bbox 3251 4205 3630 4262; x_wconf 85' lang='lat' dir='ltr'><strong>Candilianum</strong></span> <span class='ocrx_word' id='word_1_478' title='bbox 3662 4226 3787 4264; x_wconf 88' lang='lat' dir='ltr'><strong>con-</strong></span> 
     </span>
    </p>
   </div>
   <div class='ocr_carea' id='block_1_75' title="bbox 2203 4283 3786 4371">
    <p class='ocr_par' dir='ltr' id='par_1_75' title="bbox 2203 4283 3786 4371">
     <span class='ocr_line' id='line_1_75' title="bbox 2203 4283 3786 4371; baseline 0.013 -35"><span class='ocrx_word' id='word_1_479' title='bbox 2203 4283 2453 4339; x_wconf 87' lang='lat' dir='ltr'><strong>stitutum</strong></span> <span class='ocrx_word' id='word_1_480' title='bbox 2491 4297 2576 4340; x_wconf 87' lang='lat' dir='ltr'><strong>est</strong></span> <span class='ocrx_word' id='word_1_481' title='bbox 2603 4287 2842 4352; x_wconf 77' lang='lat' dir='ltr'><strong>ﬂuvium,</strong></span> <span class='ocrx_word' id='word_1_482' title='bbox 2875 4295 3214 4366; x_wconf 83' lang='lat' dir='ltr'><strong>demigravit.</strong></span> <span class='ocrx_word' id='word_1_483' title='bbox 3247 4299 3580 4371; x_wconf 86' lang='lat' dir='ltr'><strong>Quocunque</strong></span> <span class='ocrx_word' id='word_1_484' title='bbox 3605 4313 3786 4357; x_wconf 86' lang='lat' dir='ltr'><strong>autem</strong></span> 
     </span>
    </p>
   </div>
   <div class='ocr_carea' id='block_1_76' title="bbox 2205 4376 3789 4465">
    <p class='ocr_par' dir='ltr' id='par_1_76' title="bbox 2205 4376 3789 4465">
     <span class='ocr_line' id='line_1_76' title="bbox 2205 4376 3789 4465; baseline 0.015 -39"><span class='ocrx_word' id='word_1_485' title='bbox 2205 4376 2288 4429; x_wconf 87' lang='lat' dir='ltr'><strong>vir</strong></span> <span class='ocrx_word' id='word_1_486' title='bbox 2314 4391 2534 4434; x_wconf 84' lang='lat' dir='ltr'><strong>sanctus</strong></span> <span class='ocrx_word' id='word_1_487' title='bbox 2567 4381 2696 4448; x_wconf 86' lang='lat' dir='ltr'><strong>ibat,</strong></span> <span class='ocrx_word' id='word_1_488' title='bbox 2731 4383 2903 4456; x_wconf 57' lang='lat'><strong>566</strong></span> <span class='ocrx_word' id='word_1_489' title='bbox 2933 4403 3147 4457; x_wconf 85' lang='lat' dir='ltr'><strong>semper</strong></span> <span class='ocrx_word' id='word_1_490' title='bbox 3187 4392 3544 4457; x_wconf 81' lang='lat' dir='ltr'><strong>fructiﬁcans,</strong></span> <span class='ocrx_word' id='word_1_491' title='bbox 3573 4413 3789 4465; x_wconf 81' lang='lat' dir='ltr'><strong>semper</strong></span> 
     </span>
    </p>
   </div>
   <div class='ocr_carea' id='block_1_77' title="bbox 2206 4471 3788 4549">
    <p class='ocr_par' dir='ltr' id='par_1_77' title="bbox 2206 4471 3788 4549">
     <span class='ocr_line' id='line_1_77' title="bbox 2206 4471 3788 4549; baseline 0.012 -29"><span class='ocrx_word' id='word_1_492' title='bbox 2206 4471 2510 4525; x_wconf 90' lang='lat' dir='ltr'><strong>animarum</strong></span> <span class='ocrx_word' id='word_1_493' title='bbox 2565 4474 2775 4528; x_wconf 89' lang='lat' dir='ltr'><strong>lucrum</strong></span> <span class='ocrx_word' id='word_1_494' title='bbox 2835 4480 3006 4546; x_wconf 80' lang='lat' dir='ltr'><strong>magis</strong></span> <span class='ocrx_word' id='word_1_495' title='bbox 3038 4496 3102 4533; x_wconf 90' lang='lat' dir='ltr'><strong>ac</strong></span> <span class='ocrx_word' id='word_1_496' title='bbox 3128 4484 3300 4547; x_wconf 82' lang='lat' dir='ltr'><strong>magis</strong></span> <span class='ocrx_word' id='word_1_497' title='bbox 3327 4486 3700 4549; x_wconf 80' lang='lat' dir='ltr'><strong>accumulans,</strong></span> <span class='ocrx_word' id='word_1_498' title='bbox 3736 4498 3788 4541; x_wconf 74' lang='lat' dir='ltr'><strong>et</strong></span> 
     </span>
    </p>
   </div>
   <div class='ocr_carea' id='block_1_78' title="bbox 2219 4557 3787 4643">
    <p class='ocr_par' dir='ltr' id='par_1_78' title="bbox 2219 4557 3787 4643">
     <span class='ocr_line' id='line_1_78' title="bbox 2219 4557 3787 4643; baseline 0.01 -34"><span class='ocrx_word' id='word_1_499' title='bbox 2219 4557 2465 4612; x_wconf 87' lang='lat' dir='ltr'><strong>homines</strong></span> <span class='ocrx_word' id='word_1_500' title='bbox 2491 4560 2556 4613; x_wconf 89' lang='lat' dir='ltr'><strong>de</strong></span> <span class='ocrx_word' id='word_1_501' title='bbox 2588 4563 2786 4617; x_wconf 65' lang='lat' dir='ltr'><strong>sacculo</strong></span> <span class='ocrx_word' id='word_1_502' title='bbox 2811 4565 3153 4631; x_wconf 78' lang='lat' dir='ltr'><strong>abstrahens,</strong></span> <span class='ocrx_word' id='word_1_503' title='bbox 3179 4569 3326 4624; x_wconf 85' lang='lat' dir='ltr'><strong>velut</strong></span> <span class='ocrx_word' id='word_1_504' title='bbox 3356 4581 3501 4624; x_wconf 89' lang='lat' dir='ltr'><strong>totus</strong></span> <span class='ocrx_word' id='word_1_505' title='bbox 3527 4574 3577 4625; x_wconf 92' lang='lat' dir='ltr'><strong>in</strong></span> <span class='ocrx_word' id='word_1_506' title='bbox 3613 4576 3787 4643; x_wconf 78' lang='lat' dir='ltr'><strong>ignem</strong></span> 
     </span>
    </p>
   </div>
   <div class='ocr_carea' id='block_1_79' title="bbox 3893 3389 4060 3442">
    <p class='ocr_par' dir='ltr' id='par_1_79' title="bbox 3893 3389 4060 3442">
     <span class='ocr_line' id='line_1_79' title="bbox 3893 3389 4060 3442; baseline 0.006 -1"><span class='ocrx_word' id='word_1_507' title='bbox 3893 3389 4060 3442; x_wconf 84' lang='lat' dir='ltr'><strong>uisse.</strong></span> 
     </span>
    </p>
   </div>
   <div class='ocr_carea' id='block_1_80' title="bbox 4467 3478 4893 3536">
    <p class='ocr_par' dir='ltr' id='par_1_80' title="bbox 4467 3478 4893 3536">
     <span class='ocr_line' id='line_1_80' title="bbox 4467 3478 4893 3536; baseline -0.002 -1"><span class='ocrx_word' id='word_1_508' title='bbox 4467 3478 4695 3536; x_wconf 77' lang='lat' dir='ltr'><strong>CAPUT</strong></span> <span class='ocrx_word' id='word_1_509' title='bbox 4733 3479 4893 3534; x_wconf 78' lang='lat' dir='ltr'><strong>XLV.</strong></span> 
     </span>
    </p>
   </div>
   <div class='ocr_carea' id='block_1_81' title="bbox 3894 3568 5472 3641">
    <p class='ocr_par' dir='ltr' id='par_1_81' title="bbox 3894 3568 5472 3641">
     <span class='ocr_line' id='line_1_81' title="bbox 3894 3568 5472 3641; baseline 0.005 -22"><span class='ocrx_word' id='word_1_510' title='bbox 3894 3568 4071 3633; x_wconf 82' lang='lat' dir='ltr'><strong>Quare</strong></span> <span class='ocrx_word' id='word_1_511' title='bbox 4098 3581 4144 3621; x_wconf 85' lang='lat' dir='ltr'><strong>et</strong></span> <span class='ocrx_word' id='word_1_512' title='bbox 4172 3569 4431 3637; x_wconf 69' lang='lat' dir='ltr'><strong>quomodo</strong></span> <span class='ocrx_word' id='word_1_513' title='bbox 4455 3568 4779 3641; x_wconf 56' lang='lat' dir='ltr'><strong>Romgaldus</strong></span> <span class='ocrx_word' id='word_1_514' title='bbox 4799 3572 4990 3641; x_wconf 64' lang='grc' dir='ltr'><strong>ἠείδη</strong></span> <span class='ocrx_word' id='word_1_515' title='bbox 5025 3583 5099 3626; x_wconf 79' lang='lat' dir='ltr'><strong>est</strong></span> <span class='ocrx_word' id='word_1_516' title='bbox 5132 3572 5196 3627; x_wconf 83' lang='lat' dir='ltr'><strong>de</strong></span> <span class='ocrx_word' id='word_1_517' title='bbox 5232 3570 5381 3627; x_wconf 79' lang='lat' dir='ltr'><strong>Valle</strong></span> <span class='ocrx_word' id='word_1_518' title='bbox 5410 3577 5472 3627; x_wconf 75' lang='lat' dir='ltr'><strong>rte</strong></span> 
     </span>
    </p>
   </div>
   <div class='ocr_carea' id='block_1_82' title="bbox 4585 3637 4793 3695">
    <p class='ocr_par' dir='ltr' id='par_1_82' title="bbox 4585 3637 4793 3695">
     <span class='ocr_line' id='line_1_82' title="bbox 4585 3637 4793 3695; baseline 0.005 -3"><span class='ocrx_word' id='word_1_519' title='bbox 4585 3637 4793 3695; x_wconf 83' lang='lat' dir='ltr'><strong>Castra.</strong></span> 
     </span>
    </p>
   </div>
   <div class='ocr_carea' id='block_1_83' title="bbox 3962 3752 5474 3813">
    <p class='ocr_par' dir='ltr' id='par_1_83' title="bbox 3962 3752 5474 3813">
     <span class='ocr_line' id='line_1_83' title="bbox 3962 3752 5474 3813; baseline 0.003 -6"><span class='ocrx_word' id='word_1_520' title='bbox 3962 3753 4089 3808; x_wconf 79' lang='lat' dir='ltr'><strong>Post</strong></span> <span class='ocrx_word' id='word_1_521' title='bbox 4142 3753 4253 3806; x_wconf 71' lang='lat' dir='ltr'><strong>lucc</strong></span> <span class='ocrx_word' id='word_1_522' title='bbox 4284 3752 4616 3809; x_wconf 80' lang='lat' dir='ltr'><strong>Romualdus</strong></span> <span class='ocrx_word' id='word_1_523' title='bbox 4656 3754 4723 3808; x_wconf 90' lang='lat' dir='ltr'><strong>ad</strong></span> <span class='ocrx_word' id='word_1_524' title='bbox 4772 3756 5161 3810; x_wconf 84' lang='lat' dir='ltr'><strong>monasterium</strong></span> <span class='ocrx_word' id='word_1_525' title='bbox 5203 3757 5376 3812; x_wconf 75' lang='lat' dir='ltr'><strong>Vallis</strong></span> <span class='ocrx_word' id='word_1_526' title='bbox 5409 3760 5474 3813; x_wconf 86' lang='lat' dir='ltr'><strong>de</strong></span> 
     </span>
    </p>
   </div>
   <div class='ocr_carea' id='block_1_84' title="bbox 3890 3846 5474 3919">
    <p class='ocr_par' dir='ltr' id='par_1_84' title="bbox 3890 3846 5474 3919">
     <span class='ocr_line' id='line_1_84' title="bbox 3890 3846 5474 3919; baseline 0.002 -20"><span class='ocrx_word' id='word_1_527' title='bbox 3890 3846 4084 3900; x_wconf 86' lang='lat' dir='ltr'><strong>Castro</strong></span> <span class='ocrx_word' id='word_1_528' title='bbox 4116 3846 4437 3912; x_wconf 82' lang='lat' dir='ltr'><strong>revertitur,</strong></span> <span class='ocrx_word' id='word_1_529' title='bbox 4463 3861 4698 3918; x_wconf 87' lang='lat' dir='ltr'><strong>moxque</strong></span> <span class='ocrx_word' id='word_1_530' title='bbox 4728 3847 4977 3902; x_wconf 84' lang='lat' dir='ltr'><strong>abbatem</strong></span> <span class='ocrx_word' id='word_1_531' title='bbox 5007 3847 5086 3902; x_wconf 88' lang='lat' dir='ltr'><strong>sic</strong></span> <span class='ocrx_word' id='word_1_532' title='bbox 5113 3847 5248 3901; x_wconf 89' lang='lat' dir='ltr'><strong>alios</strong></span> <span class='ocrx_word' id='word_1_533' title='bbox 5289 3864 5474 3919; x_wconf 84' lang='lat' dir='ltr'><strong>regere</strong></span> 
     </span>
    </p>
   </div>
   <div class='ocr_carea' id='block_1_85' title="bbox 3891 3937 5474 4008">
    <p class='ocr_par' dir='ltr' id='par_1_85' title="bbox 3891 3937 5474 4008">
     <span class='ocr_line' id='line_1_85' title="bbox 3891 3937 5474 4008; baseline 0.001 -18"><span class='ocrx_word' id='word_1_534' title='bbox 3891 3947 3951 3990; x_wconf 94' lang='lat' dir='ltr'><strong>ut</strong></span> <span class='ocrx_word' id='word_1_535' title='bbox 4025 3945 4195 3990; x_wconf 90' lang='lat' dir='ltr'><strong>semet</strong></span> <span class='ocrx_word' id='word_1_536' title='bbox 4277 3937 4448 4005; x_wconf 88' lang='lat' dir='ltr'><strong>ipsum</strong></span> <span class='ocrx_word' id='word_1_537' title='bbox 4516 3948 4695 3992; x_wconf 88' lang='lat' dir='ltr'><strong>tamen</strong></span> <span class='ocrx_word' id='word_1_538' title='bbox 4772 3952 5112 4007; x_wconf 86' lang='lat' dir='ltr'><strong>nequaquam</strong></span> <span class='ocrx_word' id='word_1_539' title='bbox 5177 3938 5474 4008; x_wconf 85' lang='lat' dir='ltr'><strong>negligeret</strong></span> 
     </span>
    </p>
   </div>
   <div class='ocr_carea' id='block_1_86' title="bbox 3890 4026 5471 4097">
    <p class='ocr_par' dir='ltr' id='par_1_86' title="bbox 3890 4026 5471 4097">
     <span class='ocr_line' id='line_1_86' title="bbox 3890 4026 5471 4097; baseline 0.002 -17"><span class='ocrx_word' id='word_1_540' title='bbox 3890 4028 4232 4080; x_wconf 82' lang='lat' dir='ltr'><strong>exhortatur.</strong></span> <span class='ocrx_word' id='word_1_541' title='bbox 4284 4027 4511 4081; x_wconf 76' lang='lat' dir='ltr'><strong>V&#39;oiebat</strong></span> <span class='ocrx_word' id='word_1_542' title='bbox 4561 4027 4779 4096; x_wconf 85' lang='lat' dir='ltr'><strong>insuper</strong></span> <span class='ocrx_word' id='word_1_543' title='bbox 4839 4039 4896 4081; x_wconf 94' lang='lat' dir='ltr'><strong>ut</strong></span> <span class='ocrx_word' id='word_1_544' title='bbox 4943 4026 5134 4083; x_wconf 86' lang='lat' dir='ltr'><strong>cellam</strong></span> <span class='ocrx_word' id='word_1_545' title='bbox 5180 4043 5285 4097; x_wconf 88' lang='lat' dir='ltr'><strong>qua</strong></span> <span class='ocrx_word' id='word_1_546' title='bbox 5342 4045 5471 4083; x_wconf 82' lang='lat' dir='ltr'><strong>usus</strong></span> 
     </span>
    </p>
   </div>
   <div class='ocr_carea' id='block_1_87' title="bbox 3892 4115 5472 4190">
    <p class='ocr_par' dir='ltr' id='par_1_87' title="bbox 3892 4115 5472 4190">
     <span class='ocr_line' id='line_1_87' title="bbox 3892 4115 5472 4190; baseline 0.003 -22"><span class='ocrx_word' id='word_1_547' title='bbox 3892 4116 4099 4179; x_wconf 84' lang='lat' dir='ltr'><strong>fuerat,</strong></span> <span class='ocrx_word' id='word_1_548' title='bbox 4151 4118 4439 4170; x_wconf 88' lang='lat' dir='ltr'><strong>occasione</strong></span> <span class='ocrx_word' id='word_1_549' title='bbox 4479 4116 4758 4187; x_wconf 85' lang='lat' dir='ltr'><strong>regiminis</strong></span> <span class='ocrx_word' id='word_1_550' title='bbox 4791 4115 4954 4190; x_wconf 61' lang='lat'><strong>“7</strong></span> <span class='ocrx_word' id='word_1_551' title='bbox 4983 4132 5090 4171; x_wconf 90' lang='lat' dir='ltr'><strong>non</strong></span> <span class='ocrx_word' id='word_1_552' title='bbox 5131 4119 5355 4172; x_wconf 89' lang='lat' dir='ltr'><strong>omnino</strong></span> <span class='ocrx_word' id='word_1_553' title='bbox 5381 4118 5472 4172; x_wconf 54' lang='lat' dir='ltr'><strong>de»</strong></span> 
     </span>
    </p>
   </div>
   <div class='ocr_carea' id='block_1_88' title="bbox 3890 4207 5472 4279">
    <p class='ocr_par' dir='ltr' id='par_1_88' title="bbox 3890 4207 5472 4279">
     <span class='ocr_line' id='line_1_88' title="bbox 3890 4207 5472 4279; baseline 0.001 -17"><span class='ocrx_word' id='word_1_554' title='bbox 3890 4217 4118 4270; x_wconf 88' lang='lat' dir='ltr'><strong>sereret,</strong></span> <span class='ocrx_word' id='word_1_555' title='bbox 4170 4208 4261 4262; x_wconf 88' lang='lat' dir='ltr'><strong>sed</strong></span> <span class='ocrx_word' id='word_1_556' title='bbox 4296 4210 4346 4261; x_wconf 93' lang='lat' dir='ltr'><strong>in</strong></span> <span class='ocrx_word' id='word_1_557' title='bbox 4379 4223 4441 4262; x_wconf 92' lang='lat' dir='ltr'><strong>ea</strong></span> <span class='ocrx_word' id='word_1_558' title='bbox 4471 4207 4690 4262; x_wconf 90' lang='lat' dir='ltr'><strong>sibimet</strong></span> <span class='ocrx_word' id='word_1_559' title='bbox 4717 4207 5070 4278; x_wconf 89' lang='lat' dir='ltr'><strong>spiritualiter</strong></span> <span class='ocrx_word' id='word_1_560' title='bbox 5101 4209 5308 4273; x_wconf 90' lang='lat' dir='ltr'><strong>vivens,</strong></span> <span class='ocrx_word' id='word_1_561' title='bbox 5339 4225 5472 4279; x_wconf 63' lang='lat' dir='ltr'><strong>prr-</strong></span> 
     </span>
    </p>
   </div>
   <div class='ocr_carea' id='block_1_89' title="bbox 3897 4297 5473 4366">
    <p class='ocr_par' dir='ltr' id='par_1_89' title="bbox 3897 4297 5473 4366">
     <span class='ocr_line' id='line_1_89' title="bbox 3897 4297 5473 4366; baseline 0.002 -14"><span class='ocrx_word' id='word_1_562' title='bbox 3897 4299 4069 4366; x_wconf 89' lang='lat' dir='ltr'><strong>cipuis</strong></span> <span class='ocrx_word' id='word_1_563' title='bbox 4131 4307 4337 4350; x_wconf 82' lang='lat' dir='ltr'><strong>tantum</strong></span> <span class='ocrx_word' id='word_1_564' title='bbox 4395 4297 4778 4353; x_wconf 86' lang='lat' dir='ltr'><strong>festivitatibus</strong></span> <span class='ocrx_word' id='word_1_565' title='bbox 4844 4297 5041 4354; x_wconf 83' lang='lat' dir='ltr'><strong>fratres</strong></span> <span class='ocrx_word' id='word_1_566' title='bbox 5089 4299 5473 4355; x_wconf 83' lang='lat' dir='ltr'><strong>admonitionis</strong></span> 
     </span>
    </p>
   </div>
   <div class='ocr_carea' id='block_1_90' title="bbox 3891 4369 5470 4457">
    <p class='ocr_par' dir='ltr' id='par_1_90' title="bbox 3891 4369 5470 4457">
     <span class='ocr_line' id='line_1_90' title="bbox 3891 4369 5470 4457; baseline 0.006 -20"><span class='ocrx_word' id='word_1_567' title='bbox 3891 4389 4062 4457; x_wconf 87' lang='lat' dir='ltr'><strong>gratia</strong></span> <span class='ocrx_word' id='word_1_568' title='bbox 4118 4388 4383 4441; x_wconf 76' lang='lat' dir='ltr'><strong>visitaret.</strong></span> <span class='ocrx_word' id='word_1_569' title='bbox 4439 4369 4569 4441; x_wconf 72' lang='lat' dir='ltr'><strong>brat</strong></span> <span class='ocrx_word' id='word_1_570' title='bbox 4621 4390 4762 4442; x_wconf 89' lang='lat' dir='ltr'><strong>enim</strong></span> <span class='ocrx_word' id='word_1_571' title='bbox 4811 4390 4968 4444; x_wconf 91' lang='lat' dir='ltr'><strong>beato</strong></span> <span class='ocrx_word' id='word_1_572' title='bbox 4991 4391 5106 4444; x_wconf 83' lang='lat' dir='ltr'><strong>vim</strong></span> <span class='ocrx_word' id='word_1_573' title='bbox 5149 4399 5257 4444; x_wconf 89' lang='lat' dir='ltr'><strong>tam</strong></span> <span class='ocrx_word' id='word_1_574' title='bbox 5285 4392 5470 4446; x_wconf 83' lang='lat' dir='ltr'><strong>odiosa</strong></span> 
     </span>
    </p>
   </div>
   <div class='ocr_carea' id='block_1_91' title="bbox 3893 4481 5468 4547">
    <p class='ocr_par' dir='ltr' id='par_1_91' title="bbox 3893 4481 5468 4547">
     <span class='ocr_line' id='line_1_91' title="bbox 3893 4481 5468 4547; baseline 0.004 -16"><span class='ocrx_word' id='word_1_575' title='bbox 3893 4481 4017 4542; x_wconf 66' lang='lat' dir='ltr'><strong>lata,</strong></span> <span class='ocrx_word' id='word_1_576' title='bbox 4047 4496 4207 4547; x_wconf 92' lang='lat' dir='ltr'><strong>quam</strong></span> <span class='ocrx_word' id='word_1_577' title='bbox 4243 4481 4542 4544; x_wconf 89' lang='lat' dir='ltr'><strong>cernimus,</strong></span> <span class='ocrx_word' id='word_1_578' title='bbox 4575 4482 4830 4535; x_wconf 88' lang='lat' dir='ltr'><strong>abbatum</strong></span> <span class='ocrx_word' id='word_1_579' title='bbox 4884 4484 5246 4546; x_wconf 83' lang='lat' dir='ltr'><strong>conversatio,</strong></span> <span class='ocrx_word' id='word_1_580' title='bbox 5274 4493 5334 4537; x_wconf 88' lang='lat' dir='ltr'><strong>ut</strong></span> <span class='ocrx_word' id='word_1_581' title='bbox 5365 4499 5468 4538; x_wconf 83' lang='lat' dir='ltr'><strong>non</strong></span> 
     </span>
    </p>
   </div>
   <div class='ocr_carea' id='block_1_92' title="bbox 3897 4570 5464 4641">
    <p class='ocr_par' dir='ltr' id='par_1_92' title="bbox 3897 4570 5464 4641">
     <span class='ocr_line' id='line_1_92' title="bbox 3897 4570 5464 4641; baseline 0.004 -21"><span class='ocrx_word' id='word_1_582' title='bbox 3897 4571 4073 4622; x_wconf 86' lang='lat' dir='ltr'><strong>minus</strong></span> <span class='ocrx_word' id='word_1_583' title='bbox 4125 4570 4386 4638; x_wconf 80' lang='lat' dir='ltr'><strong>gauderet</strong></span> <span class='ocrx_word' id='word_1_584' title='bbox 4440 4572 4482 4624; x_wconf 89' lang='lat' dir='ltr'><strong>si</strong></span> <span class='ocrx_word' id='word_1_585' title='bbox 4531 4571 4598 4626; x_wconf 89' lang='lat' dir='ltr'><strong>de</strong></span> <span class='ocrx_word' id='word_1_586' title='bbox 4658 4587 4820 4626; x_wconf 86' lang='lat' dir='ltr'><strong>manu</strong></span> <span class='ocrx_word' id='word_1_587' title='bbox 4881 4570 5140 4641; x_wconf 82' lang='lat' dir='ltr'><strong>cujusque</strong></span> <span class='ocrx_word' id='word_1_588' title='bbox 5192 4573 5464 4628; x_wconf 84' lang='lat' dir='ltr'><strong>abbatiam</strong></span> 
     </span>
    </p>
   </div>
   <div class='ocr_carea' id='block_1_93' title="bbox 2206 4632 5474 4734">
    <p class='ocr_par' dir='ltr' id='par_1_93' title="bbox 2206 4632 5474 4734">
     <span class='ocr_line' id='line_1_93' title="bbox 2206 4632 5474 4734; baseline 0.008 -32"><span class='ocrx_word' id='word_1_589' title='bbox 2206 4666 2520 4716; x_wconf 82' lang='lat' dir='ltr'><strong>conversus,</strong></span> <span class='ocrx_word' id='word_1_590' title='bbox 2542 4655 2607 4706; x_wconf 86' lang='lat' dir='ltr'><strong>ad</strong></span> <span class='ocrx_word' id='word_1_591' title='bbox 2639 4656 2858 4711; x_wconf 67' lang='lat' dir='ltr'><strong>caeleste</strong></span> <span class='ocrx_word' id='word_1_592' title='bbox 2903 4660 3230 4714; x_wconf 89' lang='lat' dir='ltr'><strong>desiderium</strong></span> <span class='ocrx_word' id='word_1_593' title='bbox 3262 4665 3474 4718; x_wconf 84' lang='lat' dir='ltr'><strong>animos</strong></span> <span class='ocrx_word' id='word_1_594' title='bbox 3507 4667 3786 4720; x_wconf 89' lang='lat' dir='ltr'><strong>hominum</strong></span> <span class='ocrx_word' id='word_1_595' title='bbox 3825 4632 3870 4689; x_wconf 68' lang='grc' dir='ltr'><strong>ι)</strong></span> <span class='ocrx_word' id='word_1_596' title='bbox 3895 4663 4159 4731; x_wconf 64' lang='lat' dir='ltr'><strong>potuisset</strong></span> <span class='ocrx_word' id='word_1_597' title='bbox 4213 4662 4466 4725; x_wconf 65' lang='lat' dir='ltr'><strong>evellere.</strong></span> <span class='ocrx_word' id='word_1_598' title='bbox 4494 4679 4655 4734; x_wconf 75' lang='lat' dir='ltr'><strong>quam</strong></span> <span class='ocrx_word' id='word_1_599' title='bbox 4698 4665 4744 4717; x_wconf 70' lang='lat' dir='ltr'><strong>Ii</strong></span> <span class='ocrx_word' id='word_1_600' title='bbox 4775 4666 4995 4718; x_wconf 69' lang='lat' dir='ltr'><strong>dafellﬂ&#39;</strong></span> <span class='ocrx_word' id='word_1_601' title='bbox 5028 4666 5128 4718; x_wconf 67' lang='lat' dir='ltr'><strong>Sibi</strong></span> <span class='ocrx_word' id='word_1_602' title='bbox 5161 4666 5474 4732; x_wconf 65' lang='grc' dir='ltr'><strong>Ροιειιιὶιεὶ-</strong></span> 
     </span>
    </p>
   </div>
   <div class='ocr_carea' id='block_1_94' title="bbox 2204 4745 3787 4813">
    <p class='ocr_par' dir='ltr' id='par_1_94' title="bbox 2204 4745 3787 4813">
     <span class='ocr_line' id='line_1_94' title="bbox 2204 4745 3787 4813; baseline 0.01 -17"><span class='ocrx_word' id='word_1_603' title='bbox 2204 4745 2554 4800; x_wconf 85' lang='lat' dir='ltr'><strong>accendebat.</strong></span> <span class='ocrx_word' id='word_1_604' title='bbox 2586 4746 2785 4804; x_wconf 78' lang='lat' dir='ltr'><strong>Volens</strong></span> <span class='ocrx_word' id='word_1_605' title='bbox 2829 4762 3008 4806; x_wconf 90' lang='lat' dir='ltr'><strong>autem</strong></span> <span class='ocrx_word' id='word_1_606' title='bbox 3062 4763 3191 4809; x_wconf 92' lang='lat' dir='ltr'><strong>tunc</strong></span> <span class='ocrx_word' id='word_1_607' title='bbox 3238 4757 3412 4810; x_wconf 90' lang='lat' dir='ltr'><strong>locum</strong></span> <span class='ocrx_word' id='word_1_608' title='bbox 3445 4759 3510 4811; x_wconf 88' lang='lat' dir='ltr'><strong>ad</strong></span> <span class='ocrx_word' id='word_1_609' title='bbox 3541 4775 3787 4813; x_wconf 86' lang='lat' dir='ltr'><strong>ereumm</strong></span> 
     </span>
    </p>
   </div>
   <div class='ocr_carea' id='block_1_95' title="bbox 2205 4831 3790 4920">
    <p class='ocr_par' dir='ltr' id='par_1_95' title="bbox 2205 4831 3790 4920">
     <span class='ocr_line' id='line_1_95' title="bbox 2205 4831 3790 4920; baseline 0.011 -33"><span class='ocrx_word' id='word_1_610' title='bbox 2205 4831 2505 4890; x_wconf 87' lang='lat' dir='ltr'><strong>faciendam</strong></span> <span class='ocrx_word' id='word_1_611' title='bbox 2540 4839 2789 4895; x_wconf 88' lang='lat' dir='ltr'><strong>idoneum</strong></span> <span class='ocrx_word' id='word_1_612' title='bbox 2821 4844 3082 4910; x_wconf 83' lang='lat' dir='ltr'><strong>invenire,</strong></span> <span class='ocrx_word' id='word_1_613' title='bbox 3135 4850 3388 4917; x_wconf 70' lang='lat' dir='ltr'><strong>prmcepit</strong></span> <span class='ocrx_word' id='word_1_614' title='bbox 3429 4851 3642 4905; x_wconf 86' lang='lat' dir='ltr'><strong>cuidam</strong></span> <span class='ocrx_word' id='word_1_615' title='bbox 3671 4866 3790 4920; x_wconf 83' lang='lat' dir='ltr'><strong>pre-</strong></span> 
     </span>
    </p>
   </div>
   <div class='ocr_carea' id='block_1_96' title="bbox 2205 4925 3791 5005">
    <p class='ocr_par' dir='ltr' id='par_1_96' title="bbox 2205 4925 3791 5005">
     <span class='ocr_line' id='line_1_96' title="bbox 2205 4925 3791 5005; baseline 0.01 -27"><span class='ocrx_word' id='word_1_616' title='bbox 2205 4925 2426 4996; x_wconf 87' lang='lat' dir='ltr'><strong>sbytero</strong></span> <span class='ocrx_word' id='word_1_617' title='bbox 2482 4937 2559 4993; x_wconf 92' lang='lat' dir='ltr'><strong>ut,</strong></span> <span class='ocrx_word' id='word_1_618' title='bbox 2613 4931 2681 4985; x_wconf 90' lang='lat' dir='ltr'><strong>ad</strong></span> <span class='ocrx_word' id='word_1_619' title='bbox 2731 4933 2948 4988; x_wconf 90' lang='lat' dir='ltr'><strong>domum</strong></span> <span class='ocrx_word' id='word_1_620' title='bbox 3002 4938 3275 5005; x_wconf 86' lang='lat' dir='ltr'><strong>propriam</strong></span> <span class='ocrx_word' id='word_1_621' title='bbox 3319 4941 3553 5002; x_wconf 87' lang='lat' dir='ltr'><strong>rediens,</strong></span> <span class='ocrx_word' id='word_1_622' title='bbox 3588 4943 3688 4994; x_wconf 89' lang='lat' dir='ltr'><strong>sibi</strong></span> <span class='ocrx_word' id='word_1_623' title='bbox 3736 4951 3791 4996; x_wconf 90' lang='lat' dir='ltr'><strong>et</strong></span> 
     </span>
    </p>
   </div>
   <div class='ocr_carea' id='block_1_97' title="bbox 2203 5016 3783 5088">
    <p class='ocr_par' dir='ltr' id='par_1_97' title="bbox 2203 5016 3783 5088">
     <span class='ocr_line' id='line_1_97' title="bbox 2203 5016 3783 5088; baseline 0.01 -17"><span class='ocrx_word' id='word_1_624' title='bbox 2203 5016 2287 5072; x_wconf 82' lang='lat' dir='ltr'><strong>Itis</strong></span> <span class='ocrx_word' id='word_1_625' title='bbox 2352 5019 2444 5088; x_wconf 91' lang='lat' dir='ltr'><strong>qui</strong></span> <span class='ocrx_word' id='word_1_626' title='bbox 2510 5035 2630 5075; x_wconf 90' lang='lat' dir='ltr'><strong>eum</strong></span> <span class='ocrx_word' id='word_1_627' title='bbox 2709 5025 3111 5080; x_wconf 80' lang='lat' dir='ltr'><strong>comitabantur</strong></span> <span class='ocrx_word' id='word_1_628' title='bbox 3181 5029 3435 5085; x_wconf 88' lang='lat' dir='ltr'><strong>alimenta</strong></span> <span class='ocrx_word' id='word_1_629' title='bbox 3525 5033 3783 5086; x_wconf 90' lang='lat' dir='ltr'><strong>deferret.</strong></span> 
     </span>
    </p>
   </div>
   <div class='ocr_carea' id='block_1_98' title="bbox 2205 5108 3789 5198">
    <p class='ocr_par' dir='ltr' id='par_1_98' title="bbox 2205 5108 3789 5198">
     <span class='ocr_line' id='line_1_98' title="bbox 2205 5108 3789 5198; baseline 0.013 -36"><span class='ocrx_word' id='word_1_630' title='bbox 2205 5108 2409 5168; x_wconf 89' lang='lat' dir='ltr'><strong>Deinde</strong></span> <span class='ocrx_word' id='word_1_631' title='bbox 2451 5124 2690 5171; x_wconf 89' lang='lat' dir='ltr'><strong>montem</strong></span> <span class='ocrx_word' id='word_1_632' title='bbox 2739 5117 2993 5190; x_wconf 84' lang='lat' dir='ltr'><strong>indagine</strong></span> <span class='ocrx_word' id='word_1_633' title='bbox 3041 5123 3279 5178; x_wconf 89' lang='lat' dir='ltr'><strong>studiosa</strong></span> <span class='ocrx_word' id='word_1_634' title='bbox 3311 5125 3668 5197; x_wconf 85' lang='lat' dir='ltr'><strong>perlustrans,</strong></span> <span class='ocrx_word' id='word_1_635' title='bbox 3695 5145 3789 5198; x_wconf 89' lang='lat' dir='ltr'><strong>po-</strong></span> 
     </span>
    </p>
   </div>
   <div class='ocr_carea' id='block_1_99' title="bbox 2279 5266 3075 5336">
    <p class='ocr_par' dir='ltr' id='par_1_99' title="bbox 2279 5266 3075 5336">
     <span class='ocr_line' id='line_1_99' title="bbox 2279 5266 3075 5336; baseline 0.011 -15"><span class='ocrx_word' id='word_1_636' title='bbox 2279 5266 2426 5336; x_wconf 61' lang='lat'><strong>(397)</strong></span> <span class='ocrx_word' id='word_1_637' title='bbox 2457 5269 2579 5325; x_wconf 80' lang='lat' dir='ltr'><strong>Vat.</strong></span> <span class='ocrx_word' id='word_1_638' title='bbox 2607 5275 2727 5328; x_wconf 86' lang='lat' dir='ltr'><strong>cod.</strong></span> <span class='ocrx_word' id='word_1_639' title='bbox 2761 5277 3075 5331; x_wconf 77' lang='lat' dir='ltr'><strong>intentabat.</strong></span> 
     </span>
    </p>
   </div>
   <div class='ocr_carea' id='block_1_100' title="bbox 2268 5337 3793 5418">
    <p class='ocr_par' dir='ltr' id='par_1_100' title="bbox 2268 5337 3793 5418">
     <span class='ocr_line' id='line_1_100' title="bbox 2268 5337 3793 5418; baseline 0.01 -27"><span class='ocrx_word' id='word_1_640' title='bbox 2268 5337 2426 5418; x_wconf 39' lang='lat'><strong>&#39;(298)</strong></span> <span class='ocrx_word' id='word_1_641' title='bbox 2461 5340 2653 5418; x_wconf 81' lang='lat' dir='ltr'><strong>Petrus</strong></span> <span class='ocrx_word' id='word_1_642' title='bbox 2701 5347 2766 5400; x_wconf 90' lang='lat' dir='ltr'><strong>de</strong></span> <span class='ocrx_word' id='word_1_643' title='bbox 2794 5345 2969 5400; x_wconf 86' lang='lat' dir='ltr'><strong>Natal.</strong></span> <span class='ocrx_word' id='word_1_644' title='bbox 3009 5347 3215 5415; x_wconf 91' lang='lat' dir='ltr'><strong>profert</strong></span> <span class='ocrx_word' id='word_1_645' title='bbox 3239 5348 3480 5403; x_wconf 75' lang='lat' dir='ltr'><strong>Castrum</strong></span> <span class='ocrx_word' id='word_1_646' title='bbox 3511 5351 3793 5406; x_wconf 73' lang='lat' dir='ltr'><strong>Maximia-</strong></span> 
     </span>
    </p>
   </div>
   <div class='ocr_carea' id='block_1_101' title="bbox 2207 5414 3795 5482">
    <p class='ocr_par' dir='ltr' id='par_1_101' title="bbox 2207 5414 3795 5482">
     <span class='ocr_line' id='line_1_101' title="bbox 2207 5414 3795 5482; baseline 0.013 -24"><span class='ocrx_word' id='word_1_647' title='bbox 2207 5414 2392 5482; x_wconf 69' lang='lat' dir='ltr'><strong>ntjum,</strong></span> <span class='ocrx_word' id='word_1_648' title='bbox 2422 5420 2477 5464; x_wconf 91' lang='lat' dir='ltr'><strong>et</strong></span> <span class='ocrx_word' id='word_1_649' title='bbox 2517 5414 2786 5472; x_wconf 82' lang='lat' dir='ltr'><strong>editiones</strong></span> <span class='ocrx_word' id='word_1_650' title='bbox 2831 5414 3103 5474; x_wconf 60' lang='lat' dir='ltr'><strong>nonnullae</strong></span> <span class='ocrx_word' id='word_1_651' title='bbox 3159 5420 3363 5475; x_wconf 85' lang='lat' dir='ltr'><strong>habent</strong></span> <span class='ocrx_word' id='word_1_652' title='bbox 3410 5421 3708 5482; x_wconf 73' lang='lat' dir='ltr'><strong>Maxiliano</strong></span> <span class='ocrx_word' id='word_1_653' title='bbox 3741 5436 3795 5478; x_wconf 90' lang='lat' dir='ltr'><strong>et</strong></span> 
     </span>
    </p>
   </div>
   <div class='ocr_carea' id='block_1_102' title="bbox 2212 5476 2524 5534">
    <p class='ocr_par' dir='ltr' id='par_1_102' title="bbox 2212 5476 2524 5534">
     <span class='ocr_line' id='line_1_102' title="bbox 2212 5476 2524 5534; baseline 0.016 -4"><span class='ocrx_word' id='word_1_654' title='bbox 2212 5476 2524 5534; x_wconf 72' lang='lat' dir='ltr'><strong>Maritirmo.</strong></span> 
     </span>
    </p>
   </div>
   <div class='ocr_carea' id='block_1_103' title="bbox 2278 5548 3790 5630">
    <p class='ocr_par' dir='ltr' id='par_1_103' title="bbox 2278 5548 3790 5630">
     <span class='ocr_line' id='line_1_103' title="bbox 2278 5548 3790 5630; baseline 0.011 -28"><span class='ocrx_word' id='word_1_655' title='bbox 2278 5548 2428 5630; x_wconf 63' lang='lat'><strong>(29?)</strong></span> <span class='ocrx_word' id='word_1_656' title='bbox 2462 5552 2663 5630; x_wconf 68' lang='lat' dir='ltr'><strong>Nempe</strong></span> <span class='ocrx_word' id='word_1_657' title='bbox 2691 5555 3204 5630; x_wconf 82' lang='lat' dir='ltr'><strong>Apenninimontes</strong></span> <span class='ocrx_word' id='word_1_658' title='bbox 3240 5561 3393 5630; x_wconf 69' lang='lat' dir='ltr'><strong>juxta</strong></span> <span class='ocrx_word' id='word_1_659' title='bbox 3435 5561 3685 5629; x_wconf 87' lang='lat' dir='ltr'><strong>Callium,</strong></span> <span class='ocrx_word' id='word_1_660' title='bbox 3713 5566 3790 5619; x_wconf 53' lang='lat' dir='ltr'><strong>ci-</strong></span> 
     </span>
    </p>
   </div>
   <div class='ocr_carea' id='block_1_104' title="bbox 2214 5619 3482 5702">
    <p class='ocr_par' dir='ltr' id='par_1_104' title="bbox 2214 5619 3482 5702">
     <span class='ocr_line' id='line_1_104' title="bbox 2214 5619 3482 5702; baseline 0.013 -34"><span class='ocrx_word' id='word_1_661' title='bbox 2214 5619 2616 5702; x_wconf 34' lang='lat' dir='ltr'><strong>\‘lIiiElI-Il-lllavf</strong></span> <span class='ocrx_word' id='word_1_662' title='bbox 2647 5619 2756 5680; x_wconf 79' lang='lat' dir='ltr'><strong>non</strong></span> <span class='ocrx_word' id='word_1_663' title='bbox 2778 5629 3063 5702; x_wconf 62' lang='lat' dir='ltr'><strong>ignobilis,</strong></span> <span class='ocrx_word' id='word_1_664' title='bbox 3096 5619 3277 5688; x_wconf 70' lang='lat' dir='ltr'><strong>italice</strong></span> <span class='ocrx_word' id='word_1_665' title='bbox 3315 5632 3482 5702; x_wconf 84' lang='lat' dir='ltr'><strong>Cagli.</strong></span> 
     </span>
    </p>
   </div>
   <div class='ocr_carea' id='block_1_105' title="bbox 2256 5689 3794 5772">
    <p class='ocr_par' dir='ltr' id='par_1_105' title="bbox 2256 5689 3794 5772">
     <span class='ocr_line' id='line_1_105' title="bbox 2256 5689 3794 5772; baseline 0.007 -24"><span class='ocrx_word' id='word_1_666' title='bbox 2256 5689 2598 5772; x_wconf 42' lang='lat' dir='ltr'><strong>.(inOHtlem</strong></span> <span class='ocrx_word' id='word_1_667' title='bbox 2645 5699 2792 5772; x_wconf 72' lang='lat' dir='ltr'><strong>quod</strong></span> <span class='ocrx_word' id='word_1_668' title='bbox 2811 5689 3001 5772; x_wconf 57' lang='grc' dir='ltr'><strong>Ῥειιῴ</strong></span> <span class='ocrx_word' id='word_1_669' title='bbox 3031 5689 3280 5757; x_wconf 80' lang='lat' dir='ltr'><strong>Pertussa</strong></span> <span class='ocrx_word' id='word_1_670' title='bbox 3319 5689 3414 5758; x_wconf 71' lang='lat' dir='ltr'><strong>seu</strong></span> <span class='ocrx_word' id='word_1_671' title='bbox 3453 5702 3704 5770; x_wconf 75' lang='lat' dir='ltr'><strong>Pertusa,</strong></span> <span class='ocrx_word' id='word_1_672' title='bbox 3735 5716 3794 5759; x_wconf 91' lang='lat' dir='ltr'><strong>ut</strong></span> 
     </span>
    </p>
   </div>
   <div class='ocr_carea' id='block_1_106' title="bbox 2213 5755 3792 5844">
    <p class='ocr_par' dir='ltr' id='par_1_106' title="bbox 2213 5755 3792 5844">
     <span class='ocr_line' id='line_1_106' title="bbox 2213 5755 3792 5844; baseline 0.001 -18"><span class='ocrx_word' id='word_1_673' title='bbox 2213 5755 2485 5844; x_wconf 47' lang='lat' dir='ltr'><strong>Icgliutfin</strong></span> <span class='ocrx_word' id='word_1_674' title='bbox 2514 5755 2934 5844; x_wconf 50' lang='lat' dir='ltr'><strong>Petri&#39;liamiani</strong></span> <span class='ocrx_word' id='word_1_675' title='bbox 2966 5755 3110 5844; x_wconf 23' lang='lat' dir='ltr'><strong>\V&#39;Aita,</strong></span> 
     </span>
    </p>
   </div>
   <div class='ocr_carea' id='block_1_107' title="bbox 2219 5823 3790 5915">
    <p class='ocr_par' dir='ltr' id='par_1_107' title="bbox 2219 5823 3790 5915">
     <span class='ocr_line' id='line_1_107' title="bbox 2219 5823 3790 5915; baseline 0.011 -35"><span class='ocrx_word' id='word_1_676' title='bbox 2219 5823 2298 5881; x_wconf 76' lang='lat' dir='ltr'><strong>Ius</strong></span> <span class='ocrx_word' id='word_1_677' title='bbox 2343 5831 2508 5884; x_wconf 78' lang='lat' dir='ltr'><strong>etiam</strong></span> <span class='ocrx_word' id='word_1_678' title='bbox 2551 5832 2843 5902; x_wconf 78' lang='lat' dir='ltr'><strong>I’etrnlutn,</strong></span> <span class='ocrx_word' id='word_1_679' title='bbox 2895 5823 3790 5915; x_wconf 26' lang='lat' dir='ltr'><strong>tnOtlorvulgurPatr—0750?liliqui</strong></span> 
     </span>
    </p>
   </div>
   <div class='ocr_carea' id='block_1_108' title="bbox 3897 4753 5472 4823">
    <p class='ocr_par' dir='ltr' id='par_1_108' title="bbox 3897 4753 5472 4823">
     <span class='ocr_line' id='line_1_108' title="bbox 3897 4753 5472 4823; baseline 0.003 -15"><span class='ocrx_word' id='word_1_680' title='bbox 3897 4771 4042 4808; x_wconf 90' lang='lat' dir='ltr'><strong>mum</strong></span> <span class='ocrx_word' id='word_1_681' title='bbox 4080 4753 4378 4823; x_wconf 87' lang='lat' dir='ltr'><strong>quemlibet</strong></span> <span class='ocrx_word' id='word_1_682' title='bbox 4422 4754 4759 4809; x_wconf 73' lang='lat' dir='ltr'><strong>saecularium</strong></span> <span class='ocrx_word' id='word_1_683' title='bbox 4807 4757 4872 4810; x_wconf 88' lang='lat' dir='ltr'><strong>ad</strong></span> <span class='ocrx_word' id='word_1_684' title='bbox 4923 4766 5124 4812; x_wconf 69' lang='lat' dir='ltr'><strong>sancta:</strong></span> <span class='ocrx_word' id='word_1_685' title='bbox 5182 4773 5472 4812; x_wconf 81' lang='lat' dir='ltr'><strong>conversa-</strong></span> 
     </span>
    </p>
   </div>
   <div class='ocr_carea' id='block_1_109' title="bbox 3895 4845 5470 4916">
    <p class='ocr_par' dir='ltr' id='par_1_109' title="bbox 3895 4845 5470 4916">
     <span class='ocr_line' id='line_1_109' title="bbox 3895 4845 5470 4916; baseline 0.001 -16"><span class='ocrx_word' id='word_1_686' title='bbox 3895 4848 4058 4901; x_wconf 90' lang='lat' dir='ltr'><strong>tionis</strong></span> <span class='ocrx_word' id='word_1_687' title='bbox 4073 4848 4321 4901; x_wconf 88' lang='lat' dir='ltr'><strong>ordinem</strong></span> <span class='ocrx_word' id='word_1_688' title='bbox 4337 4861 4658 4901; x_wconf 88' lang='lat' dir='ltr'><strong>convocare.</strong></span> <span class='ocrx_word' id='word_1_689' title='bbox 4689 4846 4816 4910; x_wconf 89' lang='lat' dir='ltr'><strong>Sed,</strong></span> <span class='ocrx_word' id='word_1_690' title='bbox 4842 4848 4982 4902; x_wconf 89' lang='lat' dir='ltr'><strong>sicut</strong></span> <span class='ocrx_word' id='word_1_691' title='bbox 5005 4863 5100 4916; x_wconf 88' lang='lat' dir='ltr'><strong>per</strong></span> <span class='ocrx_word' id='word_1_692' title='bbox 5124 4845 5470 4903; x_wconf 79' lang='lat' dir='ltr'><strong>Salomonera</strong></span> 
     </span>
    </p>
   </div>
   <div class='ocr_carea' id='block_1_110' title="bbox 3896 4936 5472 5009">
    <p class='ocr_par' dir='ltr' id='par_1_110' title="bbox 3896 4936 5472 5009">
     <span class='ocr_line' id='line_1_110' title="bbox 3896 4936 5472 5009; baseline 0 -17"><span class='ocrx_word' id='word_1_693' title='bbox 3896 4939 4094 4992; x_wconf 87' lang='lat' dir='ltr'><strong>dicitur</strong></span> <span class='ocrx_word' id='word_1_694' title='bbox 4129 4957 4141 4990; x_wconf 86' lang='lat'><strong><em>:</em></strong></span> <span class='ocrx_word' id='word_1_695' title='bbox 4181 4936 4328 4992; x_wconf 81' lang='lat' dir='ltr'><strong>Velut</strong></span> <span class='ocrx_word' id='word_1_696' title='bbox 4383 4948 4585 4991; x_wconf 74' lang='lat' dir='ltr'><strong>aceturn</strong></span> <span class='ocrx_word' id='word_1_697' title='bbox 4619 4939 4672 4992; x_wconf 82' lang='lat' dir='ltr'><strong>in</strong></span> <span class='ocrx_word' id='word_1_698' title='bbox 4711 4941 4865 5001; x_wconf 80' lang='lat' dir='ltr'><strong>nitro,</strong></span> <span class='ocrx_word' id='word_1_699' title='bbox 4914 4941 4988 4992; x_wconf 83' lang='lat' dir='ltr'><strong>ita</strong></span> <span class='ocrx_word' id='word_1_700' title='bbox 5035 4939 5123 5009; x_wconf 75' lang='lat' dir='ltr'><strong>qui</strong></span> <span class='ocrx_word' id='word_1_701' title='bbox 5151 4950 5328 4993; x_wconf 73' lang='lat' dir='ltr'><strong>cantat</strong></span> <span class='ocrx_word' id='word_1_702' title='bbox 5353 4958 5472 4994; x_wconf 61' lang='lat' dir='ltr'><strong>can</strong></span> 
     </span>
    </p>
   </div>
   <div class='ocr_carea' id='block_1_111' title="bbox 3899 5029 5473 5101">
    <p class='ocr_par' dir='ltr' id='par_1_111' title="bbox 3899 5029 5473 5101">
     <span class='ocr_line' id='line_1_111' title="bbox 3899 5029 5473 5101; baseline 0.001 -17"><span class='ocrx_word' id='word_1_703' title='bbox 3899 5033 4040 5084; x_wconf 85' lang='lat' dir='ltr'><strong>mina</strong></span> <span class='ocrx_word' id='word_1_704' title='bbox 4070 5032 4214 5084; x_wconf 86' lang='lat' dir='ltr'><strong>cordi</strong></span> <span class='ocrx_word' id='word_1_705' title='bbox 4256 5047 4497 5099; x_wconf 79' lang='lat' dir='ltr'><strong>perverso</strong></span> <span class='ocrx_word' id='word_1_706' title='bbox 4543 5029 4723 5100; x_wconf 73' lang='lat' dir='ltr'><strong>(Prov.</strong></span> <span class='ocrx_word' id='word_1_707' title='bbox 4771 5031 4935 5098; x_wconf 88' lang='lat' dir='ltr'><strong>xxv),</strong></span> <span class='ocrx_word' id='word_1_708' title='bbox 4973 5030 5058 5084; x_wconf 91' lang='lat' dir='ltr'><strong>ille</strong></span> <span class='ocrx_word' id='word_1_709' title='bbox 5090 5030 5473 5101; x_wconf 66' lang='lat' dir='ltr'><strong>pradicatione</strong></span> 
     </span>
    </p>
   </div>
   <div class='ocr_carea' id='block_1_112' title="bbox 3899 5121 5474 5187">
    <p class='ocr_par' dir='ltr' id='par_1_112' title="bbox 3899 5121 5474 5187">
     <span class='ocr_line' id='line_1_112' title="bbox 3899 5121 5474 5187; baseline 0.003 -13"><span class='ocrx_word' id='word_1_710' title='bbox 3899 5122 4225 5176; x_wconf 86' lang='lat' dir='ltr'><strong>venerabilis</strong></span> <span class='ocrx_word' id='word_1_711' title='bbox 4247 5122 4347 5176; x_wconf 84' lang='lat' dir='ltr'><strong>viri</strong></span> <span class='ocrx_word' id='word_1_712' title='bbox 4373 5122 4440 5176; x_wconf 90' lang='lat' dir='ltr'><strong>de</strong></span> <span class='ocrx_word' id='word_1_713' title='bbox 4480 5121 4620 5175; x_wconf 86' lang='lat' dir='ltr'><strong>malo</strong></span> <span class='ocrx_word' id='word_1_714' title='bbox 4656 5122 4894 5177; x_wconf 90' lang='lat' dir='ltr'><strong>deterior</strong></span> <span class='ocrx_word' id='word_1_715' title='bbox 4945 5121 5137 5187; x_wconf 87' lang='lat' dir='ltr'><strong>factus,</strong></span> <span class='ocrx_word' id='word_1_716' title='bbox 5169 5124 5474 5178; x_wconf 83' lang='lat' dir='ltr'><strong>comitissas</strong></span> 
     </span>
    </p>
   </div>
   <div class='ocr_carea' id='block_1_113' title="bbox 3901 5279 5473 5336">
    <p class='ocr_par' dir='ltr' id='par_1_113' title="bbox 3901 5279 5473 5336">
     <span class='ocr_line' id='line_1_113' title="bbox 3901 5279 5473 5336; baseline 0.002 -3"><span class='ocrx_word' id='word_1_717' title='bbox 3901 5279 4119 5334; x_wconf 85' lang='lat' dir='ltr'><strong>tradunt</strong></span> <span class='ocrx_word' id='word_1_718' title='bbox 4167 5279 4227 5333; x_wconf 92' lang='lat' dir='ltr'><strong>D.</strong></span> <span class='ocrx_word' id='word_1_719' title='bbox 4285 5279 4643 5336; x_wconf 79' lang='lat' dir='ltr'><strong>Romualdum</strong></span> <span class='ocrx_word' id='word_1_720' title='bbox 4682 5279 4972 5336; x_wconf 79' lang='lat' dir='ltr'><strong>incoluisse</strong></span> <span class='ocrx_word' id='word_1_721' title='bbox 5003 5290 5236 5335; x_wconf 88' lang='lat' dir='ltr'><strong>montem</strong></span> <span class='ocrx_word' id='word_1_722' title='bbox 5289 5282 5435 5335; x_wconf 78' lang='lat' dir='ltr'><strong>illum</strong></span> <span class='ocrx_word' id='word_1_723' title='bbox 5461 5323 5473 5336; x_wconf 94' lang='lat'><strong>.</strong></span> 
     </span>
    </p>
   </div>
   <div class='ocr_carea' id='block_1_114' title="bbox 3899 5349 5475 5419">
    <p class='ocr_par' dir='ltr' id='par_1_114' title="bbox 3899 5349 5475 5419">
     <span class='ocr_line' id='line_1_114' title="bbox 3899 5349 5475 5419; baseline 0.002 -17"><span class='ocrx_word' id='word_1_724' title='bbox 3899 5351 4027 5403; x_wconf 91' lang='lat' dir='ltr'><strong>olim</strong></span> <span class='ocrx_word' id='word_1_725' title='bbox 4056 5352 4262 5405; x_wconf 91' lang='lat' dir='ltr'><strong>dictum</strong></span> <span class='ocrx_word' id='word_1_726' title='bbox 4299 5349 4609 5414; x_wconf 89' lang='lat' dir='ltr'><strong>Petranum,</strong></span> <span class='ocrx_word' id='word_1_727' title='bbox 4643 5353 4736 5406; x_wconf 85' lang='lat' dir='ltr'><strong>sed</strong></span> <span class='ocrx_word' id='word_1_728' title='bbox 4785 5351 5270 5419; x_wconf 67' lang='lat' dir='ltr'><strong>imprzsentiarum</strong></span> <span class='ocrx_word' id='word_1_729' title='bbox 5307 5354 5372 5405; x_wconf 87' lang='lat' dir='ltr'><strong>ab</strong></span> <span class='ocrx_word' id='word_1_730' title='bbox 5397 5369 5475 5404; x_wconf 84' lang='lat' dir='ltr'><strong>re—</strong></span> 
     </span>
    </p>
   </div>
   <div class='ocr_carea' id='block_1_115' title="bbox 3899 5419 5472 5489">
    <p class='ocr_par' dir='ltr' id='par_1_115' title="bbox 3899 5419 5472 5489">
     <span class='ocr_line' id='line_1_115' title="bbox 3899 5419 5472 5489; baseline -0.001 -15"><span class='ocrx_word' id='word_1_731' title='bbox 3899 5422 4074 5488; x_wconf 86' lang='lat' dir='ltr'><strong>gionis</strong></span> <span class='ocrx_word' id='word_1_732' title='bbox 4099 5420 4302 5475; x_wconf 84' lang='lat' dir='ltr'><strong>accolis</strong></span> <span class='ocrx_word' id='word_1_733' title='bbox 4332 5421 4369 5473; x_wconf 88' lang='lat' dir='ltr'><strong>il</strong></span> <span class='ocrx_word' id='word_1_734' title='bbox 4418 5432 4590 5474; x_wconf 85' lang='lat' dir='ltr'><strong>monte</strong></span> <span class='ocrx_word' id='word_1_735' title='bbox 4621 5423 4701 5475; x_wconf 84' lang='lat' dir='ltr'><strong>de‘</strong></span> <span class='ocrx_word' id='word_1_736' title='bbox 4727 5419 4950 5484; x_wconf 80' lang='lat' dir='ltr'><strong>Cat-olli,</strong></span> <span class='ocrx_word' id='word_1_737' title='bbox 4992 5422 5178 5475; x_wconf 84' lang='lat' dir='ltr'><strong>iisdem</strong></span> <span class='ocrx_word' id='word_1_738' title='bbox 5214 5424 5400 5489; x_wconf 87' lang='lat' dir='ltr'><strong>utique</strong></span> <span class='ocrx_word' id='word_1_739' title='bbox 5425 5424 5472 5473; x_wconf 87' lang='lat' dir='ltr'><strong>in</strong></span> 
     </span>
    </p>
   </div>
   <div class='ocr_carea' id='block_1_116' title="bbox 3899 5491 5470 5572">
    <p class='ocr_par' dir='ltr' id='par_1_116' title="bbox 3899 5491 5470 5572">
     <span class='ocr_line' id='line_1_116' title="bbox 3899 5491 5470 5572; baseline -0.003 -26"><span class='ocrx_word' id='word_1_740' title='bbox 3899 5493 4033 5546; x_wconf 89' lang='lat' dir='ltr'><strong>locis</strong></span> <span class='ocrx_word' id='word_1_741' title='bbox 4073 5492 4161 5544; x_wconf 92' lang='lat' dir='ltr'><strong>ubi</strong></span> <span class='ocrx_word' id='word_1_742' title='bbox 4205 5491 4307 5544; x_wconf 89' lang='lat' dir='ltr'><strong>sita</strong></span> <span class='ocrx_word' id='word_1_743' title='bbox 4351 5501 4433 5572; x_wconf 74' lang='lat' dir='ltr'><strong>est</strong></span> <span class='ocrx_word' id='word_1_744' title='bbox 4468 5491 4698 5572; x_wconf 75' lang='lat' dir='ltr'><strong>ecclesia</strong></span> <span class='ocrx_word' id='word_1_745' title='bbox 4751 5491 4808 5546; x_wconf 87' lang='lat' dir='ltr'><strong>S.</strong></span> <span class='ocrx_word' id='word_1_746' title='bbox 4837 5491 5235 5572; x_wconf 44' lang='lat' dir='ltr'><strong>_N_i‘cola_i_supra</strong></span> <span class='ocrx_word' id='word_1_747' title='bbox 5264 5491 5470 5572; x_wconf 71' lang='lat' dir='ltr'><strong>Boasim</strong></span> 
     </span>
    </p>
   </div>
   <div class='ocr_carea' id='block_1_117' title="bbox 3901 5563 5469 5633">
    <p class='ocr_par' dir='ltr' id='par_1_117' title="bbox 3901 5563 5469 5633">
     <span class='ocr_line' id='line_1_117' title="bbox 3901 5563 5469 5633; baseline -0.004 -17"><span class='ocrx_word' id='word_1_748' title='bbox 3901 5578 4141 5624; x_wconf 89' lang='lat' dir='ltr'><strong>amnem,</strong></span> <span class='ocrx_word' id='word_1_749' title='bbox 4165 5577 4284 5630; x_wconf 74' lang='lat' dir='ltr'><strong>qua:</strong></span> <span class='ocrx_word' id='word_1_750' title='bbox 4314 5563 4462 5633; x_wconf 83' lang='lat' dir='ltr'><strong>unita</strong></span> <span class='ocrx_word' id='word_1_751' title='bbox 4487 5572 4572 5616; x_wconf 89' lang='lat' dir='ltr'><strong>est</strong></span> <span class='ocrx_word' id='word_1_752' title='bbox 4593 5563 4849 5633; x_wconf 70' lang='lat' dir='ltr'><strong>prioratui</strong></span> <span class='ocrx_word' id='word_1_753' title='bbox 4883 5563 5190 5622; x_wconf 81' lang='lat' dir='ltr'><strong>Seccbiani,</strong></span> <span class='ocrx_word' id='word_1_754' title='bbox 5228 5573 5284 5616; x_wconf 86' lang='lat' dir='ltr'><strong>et</strong></span> <span class='ocrx_word' id='word_1_755' title='bbox 5307 5563 5469 5616; x_wconf 66' lang='lat' dir='ltr'><strong>altera</strong></span> 
     </span>
    </p>
   </div>
   <div class='ocr_carea' id='block_1_118' title="bbox 3903 5632 5472 5704">
    <p class='ocr_par' dir='ltr' id='par_1_118' title="bbox 3903 5632 5472 5704">
     <span class='ocr_line' id='line_1_118' title="bbox 3903 5632 5472 5704; baseline -0.002 -17"><span class='ocrx_word' id='word_1_756' title='bbox 3903 5634 3959 5688; x_wconf 91' lang='lat' dir='ltr'><strong>S.</strong></span> <span class='ocrx_word' id='word_1_757' title='bbox 3991 5633 4211 5704; x_wconf 15' lang='lat' dir='ltr'><strong>Bartolir</strong></span> <span class='ocrx_word' id='word_1_758' title='bbox 4233 5648 4393 5700; x_wconf 85' lang='lat' dir='ltr'><strong>supra</strong></span> <span class='ocrx_word' id='word_1_759' title='bbox 4418 5632 4691 5689; x_wconf 32' lang='lat' dir='ltr'><strong>Buran’um</strong></span> <span class='ocrx_word' id='word_1_760' title='bbox 4724 5632 4919 5687; x_wconf 83' lang='lat' dir='ltr'><strong>flumen</strong></span> <span class='ocrx_word' id='word_1_761' title='bbox 4963 5633 5333 5704; x_wconf 64' lang='lat' dir='ltr'><strong>praepositum</strong></span> <span class='ocrx_word' id='word_1_762' title='bbox 5361 5633 5472 5688; x_wconf 81' lang='lat' dir='ltr'><strong>Cal-</strong></span> 
     </span>
    </p>
   </div>
   <div class='ocr_carea' id='block_1_119' title="bbox 3902 5703 4603 5758">
    <p class='ocr_par' dir='ltr' id='par_1_119' title="bbox 3902 5703 4603 5758">
     <span class='ocr_line' id='line_1_119' title="bbox 3902 5703 4603 5758; baseline 0 0"><span class='ocrx_word' id='word_1_763' title='bbox 3902 5704 4067 5758; x_wconf 90' lang='lat' dir='ltr'><strong>lensis</strong></span> <span class='ocrx_word' id='word_1_764' title='bbox 4094 5703 4347 5756; x_wconf 73' lang='lat' dir='ltr'><strong>Ecclesia:</strong></span> <span class='ocrx_word' id='word_1_765' title='bbox 4372 5704 4603 5757; x_wconf 71' lang='lat' dir='ltr'><strong>adnexa.</strong></span> 
     </span>
    </p>
   </div>
   <div class='ocr_carea' id='block_1_120' title="bbox 3973 5771 5470 5844">
    <p class='ocr_par' dir='ltr' id='par_1_120' title="bbox 3973 5771 5470 5844">
     <span class='ocr_line' id='line_1_120' title="bbox 3973 5771 5470 5844; baseline -0.003 -16"><span class='ocrx_word' id='word_1_766' title='bbox 3973 5775 4121 5844; x_wconf 75' lang='grc'><strong>(501)</strong></span> <span class='ocrx_word' id='word_1_767' title='bbox 4163 5773 4378 5844; x_wconf 17' lang='lat' dir='ltr'><strong>ithnpe</strong></span> <span class='ocrx_word' id='word_1_768' title='bbox 4403 5771 4757 5841; x_wconf 79' lang='lat' dir='ltr'><strong>Candiauam,</strong></span> <span class='ocrx_word' id='word_1_769' title='bbox 4782 5775 4918 5831; x_wconf 91' lang='lat' dir='ltr'><strong>alias</strong></span> <span class='ocrx_word' id='word_1_770' title='bbox 4966 5772 5240 5836; x_wconf 79' lang='lat' dir='ltr'><strong>Cantiam,</strong></span> <span class='ocrx_word' id='word_1_771' title='bbox 5270 5774 5470 5829; x_wconf 63' lang='lat' dir='ltr'><strong>(Iouis.-</strong></span> 
     </span>
    </p>
   </div>
   <div class='ocr_carea' id='block_1_121' title="bbox 3903 5843 4531 5898">
    <p class='ocr_par' dir='ltr' id='par_1_121' title="bbox 3903 5843 4531 5898">
     <span class='ocr_line' id='line_1_121' title="bbox 3903 5843 4531 5898; baseline -0.002 -2"><span class='ocrx_word' id='word_1_772' title='bbox 3903 5843 4025 5898; x_wconf 83' lang='lat' dir='ltr'><strong>mtut</strong></span> <span class='ocrx_word' id='word_1_773' title='bbox 4056 5856 4106 5898; x_wconf 82' lang='lat' dir='ltr'><strong>ct</strong></span> <span class='ocrx_word' id='word_1_774' title='bbox 4139 5843 4531 5896; x_wconf 78' lang='lat' dir='ltr'><strong>Candilinnum.</strong></span> 
     </span>
    </p>
   </div>
  </div>
