5652 6398
1022 371 1129 444 003

2397 355 2552 414 VlTA
2599 353 2674 411 s.'
2705 329 3090 411 nonnum.
3149 353 3153 357 '

4209 375 4212 378 ~
4227 337 4335 406 994

1019 459 1122 554 loci
1147 470 1306 560 (302).
1320 476 1571 546 dominas
1590 481 1843 555 protinus
1862 477 2021 544 adiit,
2061 483 2120 534 et
2142 472 2389 546 utligna,
2422 473 2623 544 quibus
2651 479 2700 538 Α
2729 472 2971 527 bitanter
3015 459 3295 560 obrueret.
3345 463 3610 560 Cumque
3658 461 3898 560 aperarii
3957 451 4344 560 vellent‘jussa

1023 577 1311 636 Romualdi
1336 576 1485 633 cellae
1512 573 1783 632 debebant
1810 569 2078 638 construi,
2108 567 2420 624 minutatim
2450 566 2620 622 incidi

1020 670 1400 742 prmeiperent,
1443 665 1712 738 sacrilega
1761 663 2168 744 machinatione
2205 659 2622 733 suggessit..Eu

1021 762 1209 832 itaque
1264 761 1427 818 modo
1464 759 1573 814 alta
1628 757 1868 828 paradisi
1916 755 2115 814 cedrus
2161 756 2230 812 de
2273 763 2620 812 terrenorum

1019 853 1302 911 hominum
1334 849 1485 906 silvis
1515 849 1690 920 ejecta
1719 858 1823 904 est.

1592 959 1822 1017 CAPUT
1861 959 2047 1016 XLVI.

1164 1053 1244 1110 De
1270 1052 1528 1109 miraculo
1551 1054 1690 1120 quod
1713 1052 1832 1121 fecit
1861 1053 1917 1105 in
1940 1050 2260 1122 Aqua-bella
2283 1067 2480 1110 curans

1633 1121 2014 1193 presbyterum.

1095 1237 1223 1294 lnde
1271 1253 1401 1293 vero
1449 1235 1812 1309 progrediens
1837 1274 1854 1300 ,
1892 1250 1999 1290 non
2052 1233 2211 1305 longe
2236 1236 2306 1291 ab
2335 1221 2625 1306 Apennino

1023 1339 1231 1394 monte,
1259 1329 1312 1384 in
1344 1328 1464 1383 loco
1485 1327 1579 1397 qui
1611 1325 1815 1382 dicitur
1843 1325 2167 1396 Aqua-bella
2198 1325 2370 1396 (505),
2401 1341 2626 1405 manere

1024 1419 1496 1476 constituit.-lllie
1553 1433 1686 1474 sane
1725 1417 1854 1474 dum
1899 1417 2196 1475 saeculares
2250 1419 2473 1490 quidam
2499 1420 2625 1474 cum

1021 1511 1305 1588 discipulis
1355 1509 1476 1579 ejus
1537 1511 1939 1588 habitationum
2003 1519 2148 1567 tecta
2217 1519 2623 1578 construerent,

1023 1586 1364 1660 ltomnaldus
1387 1586 1594 1670 autem,
1633 1605 1757 1674 quia
1782 1604 1894 1675 jam
1918 1620 2032 1674 pra
2062 1598 2346 1662 senectute
2373 1605 2627 1660 laborare

1028 1711 1135 1750 non
1159 1705 1396 1766 poterat,
1427 1703 1481 1751 et
1502 1695 1650 1752 solus
1673 1695 1966 1766 hospitium
1989 1696 2312 1763 custodiret,
2337 1697 2629 1767 presbyter

1018 1786 1242 1855 quidam
1277 1785 1677 1840 intolerabilem
1709 1785 1950 1841 dolorem
1983 1786 2037 1840 in
2069 1786 2327 1842 dentibus
2357 1787 2624 1852 sentiens,

1019 1892 1160 1946 opus
1187 1876 1402 1932 aedificii
1448 1868 1652 1932 invitus
1683 1876 1926 1947 reliquit,
1959 1887 2014 1933 et
2058 1887 2177 1948 post
2227 1879 2332 1932 lata
2371 1892 2401 1930 a
2431 1876 2626 1932 fratri-

1021 1967 1128 2022 bus
1172 1967 1394 2022 licentia
1451 1967 1630 2022 redire
1677 1969 1898 2023 domum
1965 1969 2360 2024 miserabiliter
2415 1955 2628 2038 ejulan‘s

1020 2061 1204 2131 cmpit.
1237 2061 1483 2130 Cumque
1538 2077 1637 2132 per
1691 2061 2056 2116 Romualdum
2107 2063 2400 2118 transitum
2443 2069 2629 2118 rever-

1017 2152 1197 2209 sionis
1239 2154 1486 2219 haberet,
1540 2153 1912 2225 interrogatus
1963 2169 2064 2209 cur
2115 2155 2463 2218 abscederet,
2499 2171 2626 2214 mox

1019 2261 1217 2303 casum
1261 2261 1374 2300 suae
1426 2245 1698 2315 passionis
1756 2245 2012 2300 innotuit.
2075 2244 2214 2301 Huic
2285 2245 2628 2302 Romualdus

1023 2337 1224 2402 hianti,
1253 2337 1431 2392 locum
1461 2337 1551 2392 ubi
1596 2337 1907 2406 patiebatur
1943 2337 2112 2408 digito
2160 2337 2359 2408 tetigit,
2387 2339 2576 2392 dicens
2609 2345 2622 2392 ξ

1019 2427 1276 2498 Ignitam,
1304 2427 1500 2497 inquit,
1525 2427 1800 2495 subulam,
1840 2442 1908 2482 ne
1936 2426 2148 2481 labrum
2182 2427 2366 2493 laedat,
2400 2427 2450 2481 in
2477 2427 2624 2482 cala-

1022 2503 1173 2583 mum
1223 2519 1398 2583 mitte,
1448 2526 1506 2572 et
1548 2518 1636 2572 bic
1672 2532 1854 2588 pone:
1890 2519 1969 2574 sic
2019 2519 2174 2575 dolor
2227 2520 2494 2591 aufugiet.
2522 2519 2622 2574 Vix

1021 2609 1311 2682 presbyter
1337 2611 1498 2664 unius
1520 2610 1732 2681 jugeris
1763 2612 1942 2680 spatio
1991 2611 2134 2666 ultra
2166 2627 2490 2682 progressus
2517 2622 2624 2678 est,

1021 2709 1083 2754 et
1129 2700 1434 2765 confestim,
1483 2700 1632 2756 omni
1667 2700 1853 2755 dolore
1911 2701 2186 2772 deposito,
2214 2703 2281 2756 ad
2318 2716 2457 2772 opus
2482 2703 2625 2771 quod

1025 2793 1360 2863 reliquerat,
1420 2808 1588 2848 sanus
1643 2802 1699 2847 et
1755 2791 2044 2848 incolumis
2096 2795 2412 2863 repedavit,
2465 2793 2627 2850 claris

1026 2885 1290 2942 nimirum
1317 2886 1540 2941 vocibus
1567 2885 1902 2951 exclamans,
1929 2894 1984 2940 et
2007 2886 2195 2942 dicens
2231 2904 2244 2940 :
2272 2887 2493 2942 Gratias
2526 2888 2625 2942 tibi

1024 2977 1263 3047 agimus,
1319 2977 1670 3046 omnipotens
1722 2975 1884 3042 Deus,
1925 2976 2016 3045 qui
2068 2977 2345 3046 regionem
2380 2989 2624 3031 nostram

1023 3069 1317 3138 splendore
1349 3068 1489 3122 tanti
1530 3067 1728 3122 sideris
1784 3068 2065 3122 illustrare
2085 3069 2341 3140 dignatus
2369 3066 2624 3127 es.,Vere

1025 3159 1254 3232 angelus
1284 3159 1400 3224 Dei,
1424 3173 1556 3214 vere
1606 3159 1870 3229 propheta
1908 3169 2152 3224 sanctus,
2179 3168 2236 3214 et
2273 3158 2364 3213 lux
2423 3174 2621 3228 magna

1023 3253 1242 3306 occulta
1275 3251 1477 3305 mundo
1513 3249 1564 3304 in
1597 3249 1794 3305 finibus
1851 3251 2053 3306 nostris
2097 3251 2369 3321 apparuit.
2400 3249 2526 3304 Haec
2570 3258 2628 3304 et

1023 3342 1132 3397 alia
1159 3343 1325 3395 multa
1351 3342 1405 3396 in
1438 3341 1530 3396 Dei
1572 3341 1786 3396 Iaudem
1821 3340 2149 3409 vociferans,
2175 3343 2264 3396 vix
2290 3359 2316 3394 a
2347 3342 2492 3396 beati
2523 3341 2626 3396 viri

1024 3432 1311 3502 discipulis
1344 3442 1526 3488 tacere
1573 3433 1886 3502 compulsus
1922 3444 2027 3488 est.
2065 3433 2203 3488 Nam
2233 3434 2277 3488 si
2303 3434 2430 3487 talia
2459 3433 2625 3488 verba

1023 3526 1099 3581 ad
1138 3525 1417 3580 ltomualdi
1457 3540 1618 3579 aures
1657 3527 1901 3594 qualibet
1939 3527 2227 3580 occasione
2285 3525 2454 3597 468
2504 3540 2629 3593 per-

1025 3617 1323 3686 tingerent,
1351 3618 1670 3689 gravissima
1703 3633 1798 3676 cur
1825 3617 1940 3686 ejus
1972 3617 2345 3687 indignatione
2377 3616 2625 3671 ferirent.

1591 3727 1823 3783 CAPUT
1876 3729 2086 3783 XLVII.

1162 3822 1296 3876 Item
1335 3822 1654 3876 miraculum
1691 3822 1756 3903 de
1792 3821 1915 3902 fago
1952 3839 2113 3895 prOpe
2149 3823 2337 3878 cellam
2377 3824 2493 3894 ejus

1731 3909 1924 3946 ιηοηα.

1106 3986 1228 4043 Alio
1251 4000 1468 4056 quoque
1490 3996 1754 4054 tempore,
1775 3985 1902 4039 dum
1922 3987 1973 4040 in
2002 3986 2234 4055 quadam
2257 4001 2446 4042 eremo
2474 3988 2631 4044 valde

1029 4063 1198 4153 (504)
1235 4081 1479 4150 speciosa
1511 4088 1564 4134 et
1591 4081 1830 4149 egregia,
1863 4080 1951 4134 cui
1982 4096 2183 4135 nomen
2233 4090 2317 4136 est
2349 4080 2500 4153 (505)
2527 4083 2631 4139 Ca-

1029 4175 1406 4238 maldulensis,
1453 4191 1614 4245 quam
1647 4175 1760 4244 ipse
1807 4176 2194 4242 :edificaverat,
2234 4177 2284 4231 in
2315 4177 2633 4233 cellam're-

1029 4269 1258 4332 sideret,
1289 4283 1540 4338 magnam
1572 4267 1810 4336 aliquam
1860 4267 2072 4337 fagum,
2097 4285 2218 4339 quae
2240 4285 2410 4340 prope
2435 4270 2631 4326 cellam

1028 4359 1153 4429 ejus
1179 4359 1412 4424 astabat,
1470 4359 1632 4413 incidi
1672 4361 1948 4431 praecepit.
1980 4361 2114 4414 Erat
2166 4371 2346 4416 autem
2375 4361 2531 4431 fagus
2555 4363 2630 4433 ita

1031 4451 1186 4507 cella:
1214 4451 1436 4506 acclivis
1463 4460 1517 4505 et
1566 4451 1879 4517 imminens,
1914 4461 1974 4507 ut
1995 4453 2150 4524 juxta
2183 4454 2480 4508 humanam
2509 4453 2630 4525 opi-

2725 563 3011 634 perticere,
3045 561 3156 616 sed»
3185 557 3399 614 ruinam
3430 557 3646 613 arboris
3689 555 4088 623 formidarent;
4138 554 4234 613 ille
4289 565 4351 612 ut

2725 667 3072 722 nequaquam
3105 646 3395 705 timeretur
3449 647 3713 704 instabat.
3752 645 3942 716 Itaque
3984 661 4129 714 cum,
4170 644 4352 718 impa-

2724 744 2829 799 etis
2865 743 3296 812 circumquaque
3359 739 3668 805 securibus,
3725 739 3780 794 in
3815 739 3931 810 ipsa
3972 736 4085 807 jam
4121 731 4349 796 arboris

2725 835 2938 891 viscera
2965 841 3269 898 veniretur,
3300 832 3469 887 arbor
3507 840 3693 886 autem
3721 844 3889 901 super
3911 827 4134 885 beatum
4164 831 4346 886 virum

2727 941 2836 982 non
2878 923 2995 993 jam
3041 923 3208 979 dubio
3241 925 3507 994 impetum
3545 922 3873 987 minaretur,
3906 934 4128 993 carpere
4149 936 4348 978 omnes

2726 1031 2923 1087 rogare
2952 1024 3009 1070 et
3054 1015 3283 1070 vocibus
3307 1013 3567 1070 clamosis
3591 1013 3948 1068 vehementer
3970 1013 4233 1070 insistere
4263 1022 4347 1080 ut,

2726 1107 2774 1162 si
2803 1107 2998 1163 cellam
3029 1112 3402 1177 postponeret,
3430 1105 3786 1175 semetipsum
3813 1105 4006 1160 exiens
4042 1120 4344 1161 conserva-

2719 1209 2834 1260 ret.
2881 1199 2977 1255 llle
3021 1209 3228 1265 autem,
3277 1211 3628 1268 nequaquam
3660 1213 3851 1254 eorum
3897 1197 4232 1255 clamoribus
4258 1215 4352 1254 ac-

2728 1291 3040 1360 quiescens,
3071 1300 3130 1345 ut
3156 1298 3400 1360 emptum
3424 1289 3535 1345 cito
3583 1287 3917 1360 perficerent
3946 1287 4174 1344 definite
4205 1305 4348 1360 pra:-

2729 1383 2894 1454 cepit,
2929 1383 3077 1440 facto
3106 1384 3264 1454 signo
3286 1382 3468 1438 crucis
3494 1391 3687 1437 contra
3715 1395 3834 1435 eam
3854 1379 4029 1452 (306).
4060 1379 4350 1438 Postremo

2716 1472 2886 1544 _!agus
2905 1513 2922 1539 ,
2973 1473 3300 1545 gravissimo
3332 1471 3513 1528 sonitu
3544 1485 3832 1535 corruens,
3873 1471 3944 1525 ita
3973 1469 4237 1525 aliorsum
4265 1474 4351 1526 cs’t

2717 1580 2799 1631 ex
2844 1565 3029 1620 divina
3069 1565 3273 1619 virtute
3299 1561 3560 1633 projecta,
3605 1571 3694 1629 ut,
3747 1562 3962 1617 cunctis
3989 1563 4345 1628 mirantibus,

2731 1658 2869 1714 cella
2896 1658 3120 1714 omnino
3158 1663 3471 1712 remaneret
3516 1652 3704 1710 illmsa.
3740 1654 3947 1710 Omnes
4001 1656 4168 1722 igitur
4193 1665 4350 1710 tanto

2729 1751 3094 1821 obstupefacti
3123 1749 3410 1814 miraculo,
3437 1749 3592 1804 laztas
3616 1747 3684 1803 ad
3718 1747 4097 1820 cmlumjvoces
4127 1743 4349 1823 tollunt,

2661 1846 2704 1905 Β
2731 1853 2787 1900 et
2813 1845 3114 1900 immensas
3141 1841 3255 1899 Deo
3294 1843 3503 1913 gratias
3539 1840 3809 1897 referunt.

3281 1970 3515 2030 CAPUT
3551 1972 3783 2029 XLVIII.

2767 2067 2850 2124 De
2872 2067 2992 2123 ilice
3017 2067 3170 2140 lapsa
3199 2083 3360 2138 super
3397 2065 3682 2130 rusticum,
3705 2073 3754 2120 et
3783 2079 3902 2118 eum
3930 2079 4036 2118 non
4064 2061 4311 2119 (cedente.

2805 2159 2914 2216 Sed
2966 2161 3096 2229 quid
3127 2174 3228 2215 nos
3263 2159 3331 2215 de
3373 2157 3558 2213 divina
3590 2156 3736 2213 circa
3771 2155 4142 2212 venerabilem
4168 2155 4350 2212 virum

2729 2253 2980 2310 custodia
3037 2252 3290 2315 dicimus,
3342 2267 3466 2307 cum
3496 2258 3552 2306 et
3581 2250 3718 2306 alios
3763 2264 3908 2320 saepe
3945 2265 4043 2319 per
4073 2248 4193 2318 ejus
4214 2263 4353 2320 pne-

2731 2345 2966 2400 sentiam
2996 2359 3062 2398 ex
3088 2343 3304 2416 magnis
3333 2350 3555 2412 ereptos
3577 2341 3750 2397 fuisse
3776 2339 4035 2411 periculis
4057 2355 4165 2395 non
4195 2340 4350 2410 igno-

2732 2437 2953 2492 ramus?
3007 2436 3086 2491 Ex
3138 2436 3337 2506 quibus
3383 2434 3640 2490 videlicet
3696 2449 3865 2489 unum
3916 2422 4008 2489 hic
4035 2448 4350 2489 memorare

2732 2528 2986 2594 sufﬁciat,
3020 2537 3081 2582 ut
3133 2527 3318 2599 plures
3375 2526 3546 2582 fuisse
3574 2528 3815 2597 prudens
3860 2525 4038 2581 let-tor
4061 2536 4348 2596 agnoscat.

2685 2642 2687 2646 ·
2730 2623 3040 2693 Aliquando
3086 2635 3328 2692 namque
3359 2620 3476 2690 ipse
3503 2635 3627 2674 cum
3660 2618 3932 2688 operariis
3979 2633 4229 2681 manens,
4265 2617 4351 2672 ni-

2733 2713 2855 2766 mia:
2889 2710 3284 2781 magnitudinis
3333 2709 3516 2764 ilicem
3547 2709 3598 2763 in
3630 2716 3815 2762 monte
3840 2707 4078 2763 Petrano
4107 2706 4353 2762 faciebat

2733 2804 2922 2860 incidi.
2955 2802 3372 2871 Quaevidelicet
3402 2801 3568 2856 arbor
3603 2799 3656 2854 in
3697 2809 3975 2869 prterupto
4013 2799 4218 2853 montis
4253 2798 4350 2853 dc-

2731 2897 2891 2952 clivio
2935 2898 3200 2967 pendens,
3261 2897 3314 2951 in
3374 2897 3486 2950 ima
3538 2895 3817 2965 vergebat.
3872 2893 4133 2948 Rusticus
4160 2902 4352 2947 autem

2731 2990 2952 3060 quidam
3007 2991 3170 3060 paulo
3219 2989 3450 3044 inferius
3493 2988 3694 3044 stabat.
3736 2987 3875 3043 Cum
3921 2988 4087 3058 igitur
4116 2987 4346 3056 prmcisa

2731 3085 2898 3137 arbor
2922 3084 3163 3151 graviter
3184 3097 3471 3144 corruens,
3517 3095 3614 3150 per
3638 3081 3904 3135 devexum
3941 3080 4146 3133 montis
4168 3076 4354 3131 volve-

2733 3183 2887 3227 retur
2941 3174 2994 3226 in
3046 3188 3316 3243 prmceps,
3351 3190 3477 3229 mox
3513 3183 3790 3244 repertum
3840 3173 4011 3246 469
4073 3173 4349 3228 rusticum

2732 3265 3021 3334 repentino
3055 3265 3262 3334 impetu
3287 3265 3457 3334 cmpit
3507 3267 3574 3319 ad
3621 3264 3884 3320 inferiora
3921 3274 4123 3319 rotare.
4149 3262 4352 3319 Cuncti

2730 3353 2982 3422 protinus
3014 3353 3264 3408 dolentes
3293 3353 3629 3420 exclamant,
3656 3363 3712 3408 et
3738 3355 3852 3424 jam
3885 3369 3992 3408 non
4026 3353 4201 3407 solum
4231 3366 4354 3430 esse

2731 3443 3010 3498 hominem
3040 3453 3347 3510 mortuum,
3379 3446 3474 3500 sed
3521 3453 3696 3500 totum
3725 3461 3945 3516 quoque
3983 3446 4354 3507 dilaceratum

2728 3532 2848 3603 ejus
2870 3549 3070 3605 corpus
3091 3536 3431 3591 existimant.
3483 3535 3614 3603 Sed,
3640 3539 3782 3591 mira
3813 3537 3997 3592 divina
4037 3537 4251 3594 virtus!
4277 3536 4353 3592 ita

2732 3643 2860 3682 mox
2911 3643 3082 3683 sanus
3112 3637 3192 3691 et,
3221 3629 3516 3684 incolumis
3576 3638 3830 3698 repertus
3868 3639 3978 3696 est,
4007 3646 4072 3685 ac
4103 3631 4147 3684 si
4184 3645 4354 3698 super

2733 3733 2856 3773 eum
2885 3733 2994 3774 non
3020 3720 3186 3774 arbor
3236 3719 3333 3775 sed
3385 3719 3602 3776 arboris
3641 3719 3834 3776 folium
3863 3721 4179 3778 cecidisset.
4210 3721 4352 3776 Hinc

2727 3813 2856 3882 jure
2931 3814 3292 3883 perpenditur
3358 3814 3536 3868 sancti
3590 3814 3694 3869 viri
3747 3815 4004 3871 meritum
4084 3825 4353 3886 quantum

2733 3901 2878 3972 apud
2934 3903 3105 3958 Deum
3159 3903 3377 3974 pondus
3417 3903 3693 3972 habuerit,
3737 3905 3792 3960 in
3844 3904 4002 3974 cujus
4049 3914 4352 3977 conspectu

2733 3994 3061 4066 gravissima
3088 3995 3308 4052 arboris
3337 3997 3508 4050 moles
3535 3997 3751 4064 pondus
3782 3997 3986 4052 habere
4015 3998 4273 4052 nescivit.

3309 4108 3540 4164 CAPUT
3581 4108 3768 4165 XLIX.

2735 4200 2814 4256 De
2842 4199 3158 4256 contumelia
3199 4216 3361 4272 quam
3399 4218 3588 4325 ptStssus
3633 4210 3709 4256 est
3749 4219 3781 4254 a
3815 4200 3926 4255 suis
3974 4198 4256 4270 disciptdis
4291 4201 4353 4257 in

3478 4283 3638 4325 utrm.

3476 4283 3638 4340 ylrta.

2805 4361 3161 4419 Postmodum
3213 4377 3346 4417 vero
3394 4361 3770 4424 Romualdus,
3821 4379 3946 4416 tum
4003 4364 4350 4432 Apenninum

2736 4456 3232 4528 desereret.(307),
3280 4464 3520 4512 montem
3569 4454 3768 4526 Sytriac
3817 4456 3970 4526 (308)
4003 4457 4354 4512 habitaturus

1031 4545 1283 4609 nionem,
1331 4545 1374 4598 si
1409 4544 1720 4609 cecidisset,
1766 4555 1938 4600 totum
1979 4562 2103 4601 mox
2143 4547 2435 4601 aedificium
2470 4547 2630 4605 indu-
2663 4571 2713 4632 υ
2736 4547 3000 4605 ascendit.
3045 4548 3357 4604 Cavendum
3387 4557 3568 4602 autem
3602 4563 3952 4616 summopere
3987 4555 4070 4603 est
4103 4563 4172 4602 ne
4201 4550 4351 4618 quis,

1111 4680 1259 4754 (502)
1295 4679 1461 4754 Vallis
1497 4680 1674 4754 Castri
1703 4681 1855 4754 locus
1881 4690 1964 4754 est
1989 4681 2043 4754 in
2072 4680 2448 4754 Camerinensi
2477 4696 2630 4752 agro,

1034 4752 1386 4822 eiusdemque
1415 4752 1517 4806 loci
1545 4754 1795 4807 dominas
1819 4753 1988 4809 fuisse
2007 4753 2283 4808 Camerini
2321 4753 2639 4816 comitissas

1033 4823 1202 4879 facile
1227 4825 1558 4877 censendum
1590 4835 1693 4877 est.

1115 4893 1267 4975 (505)
1294 4893 1622 4975 Agna-Cella
1653 4895 1844 4975 eadem
1865 4902 1968 4975 est,
1994 4910 2114 4975 qum
2136 4892 2306 4947 Vallis
2335 4893 2630 4975 Umbrosa,

1035 4964 1292 5022 dimcesis
1324 4964 1625 5022 Fesulanaa.
1660 4967 1765 5019 ubi-
1786 4966 2101 5035 percelebre
2127 4974 2504 5035 constructum
2533 4965 2634 5019 fuit

1038 5036 1434 5091 monasterium
1462 5051 1490 5087 a
1525 5035 1585 5088 Ι).
1617 5034 1825 5089 Joanne
1848 5035 2146 5091 Gualberto
2171 5044 2294 5104 post
2321 5034 2439 5100 ejus
2468 5051 2497 5089 a
2535 5036 2638 5091 Ca-

1037 5104 1277 5173 maldulo
1309 5105 1632 5177 discessum,
1679 5107 1823 5175 quod
1873 5108 2279 5177 congregationi
2314 5105 2481 5162 Vallis
2509 5107 2639 5163 Um-

1035 5179 1215 5232 brosze
1244 5175 1454 5230 ordinis
1485 5177 1544 5230 S.
1577 5175 1851 5231 Benedicti
1879 5175 2272 5233 nometr’dedit.

1101 5246 1262 5317 ,(504)
1291 5247 1346 5300 In
1385 5247 1626 5302 editione
1659 5249 1784 5300 anni
1833 5248 1970 5301 15l3
1993 5261 2048 5302 et
2080 5249 2131 5302 in
2176 5248 2262 5300 illa
2291 5246 2639 5311 [Fontisboni

1036 5320 1241 5386 legitur
1264 5317 1414 5371 valde
1445 5319 1856 5386 speciosissima.
1883 5320 1937 5372 In
1969 5320 2232 5373 Vaticano
2256 5319 2468 5380 conice,
2497 5320 2640 5373 sicut

1035 5402 1097 5446 et
1123 5390 1174 5442 in
1204 5387 1500 5457 exemplari
1524 5405 1551 5441 a
1584 5387 1896 5443 Mahillonio
1918 5391 2064 5444 edito
2086 5391 2136 5443 in
2167 5390 2310 5442 Actis
2334 5400 2639 5443 sanctorum

1037 5459 1160 5516 0rd.
1193 5458 1250 5512 S.
1293 5458 1513 5522 Bencd.,
1549 5461 1744 5513 desunt
1788 5462 1949 5513 verba
1998 5461 2277 5520 nonnulla,
2321 5475 2384 5512 ac
2436 5460 2640 5514 solum-

1039 5531 1206 5586 modo
1240 5530 1433 5597 Iegitur
1463 5544 1476 5579 :
1504 5529 1623 5583 Alio
1656 5546 1774 5601 vero
1820 5541 2046 5600 tempore
2076 5548 2323 5601 magnum
2351 5531 2635 5600 quamdam

1039 5602 1248 5681 fagum,
1287 5615 1406 5668 qua:
1440 5615 1599 5669 prope
1643 5600 1830 5653 cellam
1865 5603 1978 5671 ejus
2024 5600 2254 5666 astabat,
2297 5602 2459 5654 incidi
2500 5618 2633 5669 prcr-

1039 5680 1194 5726 centt.

1103 5691 1268 5810 ἵὲὸῦ)
1299 5740 1579 5797 Editiones
1624 5741 1821 5809 aliquae
1855 5743 2076 5803 habent,
2107 5742 2192 5796 cui
2218 5759 2402 5795 nomen
2431 5753 2504 5795 est
2535 5742 2636 5794 (Ja-

1042 5813 1376 5874 maldulum;
1407 5813 1560 5879 quasi
1610 5827 1824 5879 campus
1875 5812 2126 5878 Maldult,
2156 5829 2183 5866 a
2233 5814 2468 5882 quodam
2507 5812 2634 5864 Mal-

2739 4683 2869 4738 dulo
2909 4681 3014 4738 loci
3063 4680 3304 4736 thmino.
3338 4682 3539 4736 Verum
3585 4691 3713 4748 tunc
3747 4680 3911 4734 etiam
3954 4697 4174 4748 campus
4202 4681 4350 4734 ama;-

2738 4753 2860 4808 bilis
2906 4753 3346 4821 nuncupabatur,
3393 4762 3450 4805 ut
3498 4753 3549 4804 in
3604 4743 3773 4805 Bullis
3807 4743 4100 4804 Alexandri
4138 4751 4201 4814 ll,
4234 4753 4349 4807 dat.

2737 4841 2876 4878 arma
2906 4823 3064 4886 I072,
3096 4834 3151 4878 et
3178 4823 3431 4894 Gregorii
3477 4821 3585 4882 Vll,
3626 4839 3767 4876 anno
3817 4821 3957 4875 1074
3985 4829 4043 4875 et
4072 4822 4226 4877 alibi.
4271 4823 4354 4879 Ex

2738 4897 2844 4950 hac
2903 4911 3111 4957 eremo,
3158 4893 3466 4964 quaeinter
3504 4893 3823 4962 Apenniuos
3871 4902 4083 4946 montes
4107 4895 4209 4947 sita
4245 4903 4353 4961 est,

2737 4965 3008 5020 Arretinzr
3035 4967 3364 5028 dimcescos,
3397 4964 3873 5020 nomenclatnram
3900 4965 4113 5031 accepit
4139 4965 4354 5017 Camal-

2739 5037 2979 5092 dulensis
3033 5035 3382 5090 Benedictina
3432 5035 3805 5106 ttongtegatio,
3863 5043 4049 5158 utBote
4091 5050 4213 5104 quae
4244 5050 4357 5102 pra:

2739 5109 2954 5158 cmteris
2991 5109 3190 5158 eremis
3238 5117 3401 5158 atoue
3450 5105 3801 5158 monasteriis
3855 5122 3884 5157 a
3976 5143 3991 5158 .
4053 5104 4357 5158 Romualdo

2737 5109 2954 5164 caneris
2991 5109 3190 5161 eremis
3238 5117 3401 5176 atque
3450 5104 3801 5162 monasteriis
3855 5122 3884 5157 a
3927 5104 3991 5158 D.
4053 5104 4359 5161 Romualdo

2739 5182 2822 5234 vel
2853 5179 3113 5239 fundatis,
3149 5179 3228 5232 vel
3256 5179 3418 5231 etiam
3456 5183 3521 5232 ad
3555 5177 3859 5246 regularem
3909 5191 4160 5230 normam
4195 5191 4354 5230 revo-

2745 5252 2903 5312 catis,
2928 5249 3280 5321 Anobilissima
3305 5263 3522 5317 semper
3550 5249 3778 5321 exstitit,
3813 5263 3875 5321 ac
3903 5257 4004 5301 est.

2817 5319 2969 5389 (506)
3001 5319 3202 5372 Desunt
3241 5320 3294 5372 in
3328 5316 3516 5374 codice
3549 5316 3815 5373 Vaticano
3858 5318 3974 5372 hzec
4001 5317 4190 5382 verba,
4213 5316 4357 5387 facto

2743 5394 2896 5462 signo
2927 5392 3099 5462 crucis
3130 5402 3314 5442 contra
3345 5407 3483 5443 eam.

2817 5460 2967 5528 (507)
3012 5461 3132 5513 Vat.
3163 5462 3311 5524 cod.,
3338 5462 3585 5512 deseruit.

2819 5532 2973 5603 (308)
3014 5531 3194 5584 Sitria:
3225 5547 3380 5603 mons
3425 5547 3529 5603 non
3579 5531 3736 5600 longe
3766 5540 3851 5584 est
3894 5529 3962 5603 ab
4009 5527 4358 5603 Avellnnensi

2746 5597 3040 5669 asceterio,
3084 5603 3172 5656 ubi
3203 5602 3330 5656 olim
3379 5601 3593 5654 cvlehre
3627 5597 4020 5655 nimiasterium
4065 5600 4120 5652 S.
4171 5597 4360 5653 Mariae

2745 5676 3017 5738 exstabat,
3047 5671 3204 5742 cujus
3241 5673 3397 5725 hodie
3430 5688 3597 5741 pauca
3631 5677 3881 5724 visuntur
3913 5671 4177 5739 vestigia,
4229 5685 4358 5722 nam

2745 5762 2773 5800 a
2803 5743 3274 5800 commendatario
3302 5744 3498 5797 abbate
3526 5743 3853 5813 possidetur.
