5652 6418
489 20 4474 94 “—

2690 392 2744 447 3.
2783 388 2982 446 PETRI
3023 390 3305 446 DAMIANi
3342 389 3492 442 UPI’.
3519 385 3694 442 PARS
3727 385 3859 441 διυ
3905 384 4140 439 ἰωιιλδ
4176 385 4241 437 lt.
4269 375 4781 436 —SANCTORUI
4822 375 5028 436 νιτλῑ.

2227 528 2349 568 cum
2373 509 2599 565 audierit
2628 508 2751 576 quia
2785 506 2864 558 vir
2891 514 3110 560 sanctus
3140 511 3214 557 tot
3245 501 3360 555 loca
3390 500 3700 561 mutaverit,
3733 498 3805 569 pii
3836 502 3880 560 Α
3911 495 4161 563 sumpsit.
4199 492 4438 548 Tandem
4471 507 4626 556 vero,
4677 493 4818 548 sicut
4852 494 4964 564 ipse
4994 494 5336 564 postmodum
5373 494 5474 550 els-

2227 603 2406 672 operis
2430 600 2635 667 pondus
2664 598 2793 650 vitio
2842 597 3072 649 levitatis
3101 592 3357 646 ascribat.
3409 589 3530 644 Haec
3570 605 3802 658 namque

2227 689 2582 746 mutationum
2616 685 2731 753 ejus
2762 699 2920 738 causa
2951 680 3133 750 procul
3177 681 3338 734 dubio
3369 679 3542 733 fuerat
3578 680 3701 747 quia
3734 677 3800 731 ad

2225 776 2586 831 venerabilem
2617 777 2790 828 virum
2816 814 2831 837 ,
2880 773 3186 841 ubicunque
3217 770 3466 839 degeret,
3501 769 3655 822 turba
3701 769 3800 822 bo-

2226 867 2431 920 iiiinuui
2461 879 2593 934 pene
2624 863 3033 916 innumerabilis
3057 861 3435 915 concurrebat.
3486 859 3644 913 Ratio
3671 873 3801 925 ergo

2226 957 2484 1027 poscebat
2512 964 2587 1019 ut,
2618 970 2739 1008 cum
2766 953 2927 1006 unius
2960 953 3057 1006 loci
3088 954 3316 1022 spatium
3350 951 3562 1019 plenum
3593 950 3805 1003 hnhita-

2226 1046 2434 1100 toribus
2463 1053 2730 1106 cerneret,
2766 1043 2873 1097 illic
2904 1044 3084 1111 priore
3126 1044 3448 1103 constituto,
3482 1043 3549 1094 ad
3593 1041 3802 1110 replen-

2227 1136 2352 1189 dum
2379 1149 2500 1187 mox
2532 1132 2674 1186 aliud
2715 1133 3015 1186 festinaret.
3045 1131 3100 1184 ln
3144 1131 3322 1201 Sytria
3354 1146 3480 1184 vero
3509 1140 3637 1197 quot
3669 1145 3801 1183 con-

2226 1225 2494 1285 tumelias,
2524 1234 2657 1294 quot
2694 1224 2945 1278 scandala
2972 1240 3002 1277 a
3033 1225 3143 1277 suis
3186 1223 3460 1291 discipulis
3490 1236 3678 1290 passus
3708 1220 3798 1285 sit,

2224 1335 2332 1372 non
2368 1327 2452 1374 est
2479 1328 2676 1371 nostra:
2709 1317 2978 1370 facultatis
3014 1315 3282 1370 evolvere.
3329 1315 3403 1368 Ex
3432 1317 3625 1381 quibus
3653 1301 3821 1365 νίας-⁵

2223 1408 2352 1462 licet
2395 1423 2557 1461 uuuni
2603 1406 2690 1459 hic
2737 1407 3020 1474 ponimus,
3067 1416 3263 1459 caetera
3314 1405 3591 1458 brevitatis
3623 1403 3801 1456 studio

2224 1497 2578 1566 praeterimus.
2617 1494 2854 1547 Habebat
2878 1509 3110 1563 uanique
3137 1495 3423 1564 quemdam
3453 1493 3800 1566 discipulina,

2221 1586 2527 1644 Romanum
2551 1585 2778 1640 nomine.
2808 1585 2895 1656 qui
2920 1585 3118 1642 nubilis
3139 1589 3353 1656 quidem
3383 1587 3560 1642 fuerat
3585 1603 3801 1657 genere,

2219 1682 2315 1735 sed
2350 1684 2570 1733 omnino
2600 1682 2832 1750 degener
2871 1681 3106 1733 actione.
3143 1679 3294 1733 lluiic
3326 1681 3508 1748 inque
3553 1679 3634 1731 vir
3679 1693 3801 1732 san—

2221 1781 2343 1825 ctus
2370 1785 2492 1824 cum
2520 1783 2617 1838 pro
2639 1783 2749 1822 sua:
2774 1770 2955 1822 carnis
2986 1770 3322 1822 lmmuuditia
3348 1783 3457 1821 non
3494 1767 3652 1821 modo
3676 1781 3797 1819 ver-

3909 587 4028 640 dcm
4060 586 4171 638 suis
4201 584 4478 653 discipulis
4509 584 4708 642 retullt.
4743 585 4998 640 divinitus
5022 585 5124 640 sibi
5160 587 5372 653 jussnm
5399 599 5475 641 est

3909 687 3988 741 ut,
4036 676 4079 730 si
4108 676 4347 729 divinatn
4382 676 4594 730 timeret
4627 676 4853 745 gratiam
4884 678 5141 747 perdere,
5166 677 5281 745 jam
5312 679 5475 733 indis-

3907 777 4111 820 cretain
4144 766 4785 834 simplicitatem-omnino
4825 776 5194 834 postponeret,
5244 777 5300 822 et
5325 783 5473 821 sacra

3907 858 4192 911 missarum
4226 856 4483 910 soli-mnia
4535 856 4856 911 lidncialiter
4893 857 5212 913 celebraret.
5259 858 5475 913 Postera

3906 945 4070 1016 igitur
4114 946 4199 1000 die
4250 944 4558 999 sacrillrare
4605 945 4904 1016 incipiens,
4955 961 5075 1001 cum
5124 948 5192 1002 ad
5247 950 5474 1002 secutii's

3907 1037 4086 1090 missa:
4112 1046 4319 1090 secreta
4354 1045 4671 1105 perventum
4697 1049 4861 1103 esset,
4892 1037 4944 1091 in
4989 1038 5244 1092 exstasim
5277 1051 5476 1106 rapéus.

3906 1134 4014 1178 tam
4044 1126 4202 1192 longo
4234 1127 4490 1194 temporis
4521 1129 4696 1195 spatio
4725 1127 4871 1182 siluit
4891 1168 4905 1190 ,
4953 1140 5009 1182 ut
5038 1145 5225 1186 omnes
5264 1132 5358 1198 qui
5391 1133 5456 1185 sd

3903 1226 4065 1269 erant
4118 1217 4468 1270 mirarentur.
4515 1216 4881 1288 Interrogatus
4919 1230 5098 1273 autem
5139 1222 5477 1289 postmodum

3904 1317 4001 1357 cur
4027 1305 4078 1356 in
4105 1302 4380 1358 offerendo
4406 1304 4672 1360 sacriﬁcio
4716 1316 4891 1362 tantas
4917 1321 5096 1362 moras
5139 1319 5338 1376 prmter
5360 1309 5474 1364 seli-

3906 1407 4018 1450 tum
4043 1398 4344 1464 habuisset,
4371 1401 4648 1470 rispuinlit
4677 1415 4691 1455 :
4722 1399 4951 1470 Raptus,
4983 1401 5176 1471 inquit,
5204 1400 5258 1454 in
5289 1401 5478 1456 calum

3904 1488 4117 1545 oblatus
4165 1505 4284 1543 sum
4323 1503 4445 1544 ante
4492 1491 4690 1556 Deum,
4730 1501 4787 1545 et
4826 1493 5085 1546 continuo
5127 1493 5260 1546 mihi
5308 1493 5478 1544 divina

3903 1595 4035 1635 voce
4063 1591 4390 1649 praceptum
4419 1591 4499 1635 est
4527 1590 4617 1644 ut,
4649 1582 4945 1636 secundum
4979 1582 5120 1636 hunc
5149 1583 5478 1637 in:ellectum

3906 1685 4069 1740 quem
4093 1671 4222 1724 mihi
4257 1671 4396 1725 Deus
4417 1671 4659 1735 immisit,
4687 1671 4923 1742 psalmu
4948 1686 5274 1741 exponerem
5304 1685 5356 1727 et
5387 1689 5480 1741 pro

3907 1761 4123 1815 modulo
4150 1762 4252 1814 mei
4283 1776 4477 1816 sensus
4503 1762 4765 1818 chartulis
4791 1779 4888 1832 per
4923 1764 5166 1816 ordinem
5210 1778 5480 1817 commen-

2223 1861 2309 1916 bis
2346 1869 2616 1930 argueret,
2645 1858 2736 1912 sed
2773 1874 2911 1924 saepe
2939 1860 3102 1912 etiam
3138 1859 3450 1911 verberibus
3470 1857 3803 1928 gravissimis
3833 1845 3876 1905 Β
3905 1850 4112 1906 darem.
4140 1851 4277 1922 Ego,
4301 1863 4482 1906 autem
4504 1854 4671 1907 nimio
4697 1863 4748 1908 et
4766 1853 5109 1908 inenarrabili
5134 1869 5480 1910 terror-econ-

2222 1960 2517 2012 coerceret,
2555 1962 2718 2003 ausus
2741 1955 2824 2002 est
2851 1947 3149 2002 dialiolicus
3187 1949 3267 2000 vir
3299 1948 3507 2001 titulum
3544 1946 3615 2002 illi
3659 1947 3801 2018 ejus-

2222 2039 2345 2094 dem
2381 2048 2562 2093 reatns
2587 2052 2880 2107 opponere,
2924 2047 2982 2092 et
3026 2038 3368 2107 impudenter
3401 2047 3590 2094 contra
3626 2038 3801 2092 sancti

2223 2129 2458 2198 Spiritus
2484 2129 2737 2198 templum
2769 2127 3033 2196 sacrilego
3059 2143 3152 2184 ore
3184 2139 3412 2192 iatrare,
3442 2129 3629 2183 dicens
3654 2128 3803 2182 vide-

2223 2218 2352 2273 licet
2373 2228 2615 2272 sanctum
2647 2218 2817 2272 virum
2842 2234 2941 2271 una
2969 2233 3150 2272 secum
3177 2234 3242 2273 ex
3271 2219 3458 2274 eadem
3486 2217 3804 2286 contagione

2224 2324 2496 2380 peccasse.
2525 2307 2643 2362 Mox
2686 2310 2867 2379 itaque
2891 2309 3134 2380 discipuli
3164 2325 3355 2365 omnes
3383 2309 3642 2364 adversus
3675 2324 3802 2363 eum

2226 2401 2372 2473 irati,
2405 2414 2591 2454 omnes
2622 2399 2822 2464 infesti,
2868 2399 2956 2454 alii
2985 2400 3221 2454 clamant
3250 2415 3435 2455 senem
3468 2400 3690 2470 impium
3722 2399 3804 2452 la-

2227 2505 2370 2561 queo
2416 2490 2614 2546 debere
2655 2491 2939 2562 suspendi,
2987 2491 3076 2545 alii
3127 2491 3347 2562 dignum
3390 2491 3628 2561 judicanl
3679 2506 3801 2544 eum

2226 2582 2342 2652 ipsa
2378 2579 2566 2636 cellula
2597 2581 2805 2651 ignibus
2847 2583 3200 2635 concremari.
3234 2580 3386 2647 Quod
3419 2581 3603 2650 utique
3650 2579 3802 2634 valle

2228 2672 2472 2729 mirabile
2505 2673 2627 2738 fuit,
2662 2674 2959 2742 prmsertim
2990 2673 3297 2744 spirituales
3333 2675 3478 2729 viros
3508 2689 3573 2728 ex
3617 2673 3803 2728 decre-

2224 2762 2338 2833 pito
2366 2775 2512 2824 sene,
2543 2771 2599 2815 et
2628 2761 2766 2815 ultra
2792 2777 2954 2830 quam
2991 2763 3304 2817 centenario
3341 2762 3486 2831 (309)
3519 2773 3624 2816 tam
3652 2762 3804 2815 nefa-

2226 2855 2364 2909 rium
2395 2853 2574 2908 scelus
2616 2853 2836 2908 credere
2876 2853 3145 2922 potuisse;
3179 2854 3266 2908 cui
3294 2855 3457 2907 etiam
3487 2855 3529 2907 si
3558 2853 3804 2906 voluntas

2223 2944 2455 3007 adesset,
2487 2951 2676 2995 natura
2707 2949 2883 2997 tanien
2907 2950 2961 2997 et
3004 2942 3227 3013 frigidus
3252 2944 3472 3012 sanguis
3497 2953 3549 2996 et
3580 2944 3804 2995 ariditas

2220 3033 2479 3085 atteiiuati
2529 3032 2774 3098 corporis
2814 3032 2916 3086 hoc
2946 3033 3160 3100 penitus
3188 3032 3496 3102 denegaret.
3545 3033 3650 3086 Sed
3681 3047 3798 3085 cre-

2222 3124 2456 3177 dendum
2508 3132 2592 3176 cst
2621 3121 2806 3192 procul
2846 3124 3008 3177 dubio
3052 3123 3119 3176 ad
3149 3125 3450 3192 augendum
3494 3123 3664 3176 sancti
3698 3121 3796 3174 viri

2222 3215 2472 3268 meritum
2519 3213 2618 3266 hoc
2663 3213 2764 3267 sibi
2813 3222 2920 3267 tam
2969 3214 3150 3284 gravis
3198 3214 3542 3267 adversitatis
3587 3194 3874 3267 cmlitusc

2222 3303 2484 3356 accidiSse
2507 3301 2796 3371 flagellum.
2819 3300 2986 3373 470
3012 3300 3142 3355 Nam
3164 3311 3219 3355 et
3247 3303 3359 3372 ipse
3381 3303 3672 3366 asserebat,
3702 3303 3803 3357 hoc

2221 3390 2275 3444 in
2328 3404 2516 3445 eremo
2551 3391 2692 3444 unde
2735 3404 2903 3460 nuper
2933 3389 3292 3456 abscesserat,
3341 3392 3606 3445 veraciter
3642 3405 3806 3461 agno-

2222 3481 2388 3543 visse,
2409 3489 2464 3532 et
2486 3479 2667 3532 adhoc
2687 3478 3446 3549 dehonestatisimproperium
3470 3481 3803 3534 subeundum

2223 3569 2478 3624 alacriter
2519 3569 2822 3625 advenisse.
2863 3569 2955 3623 llle
2991 3579 3171 3623 autem
3204 3569 3488 3625 Sarabaita
3523 3571 3668 3641 (510)
3718 3586 3805 3626 re-

2223 3659 2443 3731 probus,
2483 3659 2573 3730 qui
2604 3667 2794 3714 sancto
2825 3660 2941 3712 viro
2971 3660 3175 3713 crimen
3226 3659 3566 3725 intenderat,
3596 3661 3805 3730 episco-

2223 3765 2404 3824 patum
2433 3752 2770 3823 postmodum
2791 3749 3112 3806 Nucerinum
3140 3751 3285 3820 (311)
3313 3765 3408 3821 per
3439 3750 3801 3807 Siinoniacam

2225 3843 2474 3899 hmresim
2501 3841 2804 3912 aequisiVit,
2837 3850 3006 3911 eLper
3033 3841 3307 3896 biennium
3332 3842 3480 3897 illum
3509 3858 3798 3912 occupans,

2226 3935 2279 3988 in
2308 3933 2482 4005 primo
2511 3947 2653 3986 anno
2677 3933 2949 3986 incensam
2979 3932 3147 3986 :edem
3193 3949 3316 3986 cum
3344 3933 3499 3987 libris
3525 3944 3578 3987 et
3611 3936 3798 3988 tintin-

2227 4026 2440 4082 nabulis
2472 4040 2536 4080 ac
2576 4024 2792 4080 caeteris
2837 4023 3011 4079 sacris
3055 4025 3416 4089 ornamentis,
3462 4025 3804 4094 exigentibus

2226 4118 2339 4174 suis
2383 4115 2624 4179 meritis,
2655 4114 2820 4177 vidit;
2871 4113 2925 4168 in
2973 4113 3213 4168 secundo
3261 4123 3440 4169 autem
3489 4114 3803 4184 dignitatem

2225 4221 2347 4262 eum
2377 4205 2511 4269 vita,
2571 4204 2754 4259 divina
2811 4202 2959 4258 illum
3017 4202 3245 4258 feriente
3305 4203 3593 4270 sententia,
3638 4204 3802 4259 mise-

2225 4298 2469 4354 rabiliter
2497 4297 2748 4366 perdidit.

2843 4385 3072 4444 CAPUT
3109 4387 3172 4444 ιι.

2237 4481 2306 4535 De
2334 4479 2515 4533 divina
2538 4478 2776 4547 jussione
2819 4478 2887 4532 ad
2932 4476 3288 4532 Romsalduns
3309 4490 3366 4532 ιιι
3418 4481 3631 4536 missam
3671 4481 3802 4536 cele-

2598 4550 2770 4602 braret
2798 4558 2844 4602 et
2878 4551 3103 4618 psalmos
3130 4561 3423 4619 exponeret.

2296 4639 2673 4710 lmposuerunt
2703 4642 2886 4709 itaque
2910 4639 3156 4711 discipuli
3183 4650 3374 4696 sancto
3400 4641 3517 4696 viro
3555 4643 3711 4711 quasi
3738 4643 3803 4696 de

2229 4733 2516 4789 commisso
2545 4732 2772 4788 crimine
2797 4733 3192 4803 panitentiam,
3225 4743 3281 4790 et
3305 4734 3613 4792 celebrandi
3647 4751 3802 4792 sacra

2231 4825 2488 4899 mysteria
2515 4826 2730 4894 p‘enitus
2755 4825 3027 4880 abstulere
3054 4826 3348 4883 licentiam.
3371 4828 3522 4896 Quod
3554 4831 3641 4886 ille
3673 4847 3807 4901 pra:-

2223 4920 2486 4990 judicium
2517 4919 2747 4976 libenter
2789 4918 3150 4989 amplectens,
3175 4931 3232 4978 et
3265 4925 3633 4992 penitentiam
3663 4927 3805 4982 velut

2229 5027 2417 5068 revera
2445 5010 2712 5066 obnoxius
2741 5009 2987 5066 criminis
3001 5011 3326 5081 observavit,
3353 5024 3409 5068 et
3435 5016 3500 5069 ad
3527 5031 3814 5071 sacrosan-

2229 5111 2373 5160 ctnui
2402 5102 2573 5158 altare
2600 5117 2701 5173 per
2723 5117 2840 5171 .sex
2867 5101 2979 5159 fere
3009 5119 3223 5161 menses
3252 5107 3512 5164 accedere
3538 5125 3642 5165 non
3668 5108 3807 5181 pra:-

2301 5260 2452 5334 (309)
2490 5258 2567 5316 Ita
2592 5275 2689 5332 per
2709 5270 2990 5318 extensum
3011 5262 3208 5334 legitur
3228 5265 3281 5320 in
3314 5267 3496 5322 codice
3524 5269 3804 5334 Vaticano,

2233 5344 2298 5410 ac
2315 5332 2544 5410 ubique.
2590 5344 2768 5410 quare
2797 5337 2977 5410 nescio
3000 5332 3110 5405 quo
3137 5337 3475 5410 monimento
3495 5352 3602 5410 tam
3650 5332 3800 5410 aper;

2231 5409 2342 5455 tam
2394 5401 2637 5471 Damiani
2688 5401 3133 5471 signiﬁcationem
3185 5407 3331 5460 circa
3373 5407 3479 5461 divi
3519 5401 3800 5465 Roniu'aldi

2231 5469 2714 5549 aetateinnrefellant
2745 5469 2897 5549 iiqui
2927 5476 2996 5529 ad
3015 5484 3234 5549 tantum
3259 5480 3598 5549 septuaginta
3628 5497 3803 5537 annos

2233 5542 2414 5613 ipsius?
2433 5540 2715 5613 Roimnildi
2748 5540 2910 5598 vitam
2936 5545 3285 5600 reduxerunt.

2300 5612 2451 5681 ('5l0)
2503 5611 2684 5668 Genus
2724 5615 3146 5680 monachorum,
3179 5618 3297 5692 qui
3314 5619 3522 5692 mentiri
3550 5619 3671 5692 Deo
3711 5639 3804 5692 per

2234 5688 2501 5735 tonsuram
2549 5694 2864 5746 uexantur,
2906 5694 3006 5738 etc.
3039 5695 3097 5738 ut
3140 5689 3216 5740 ait
3267 5687 3323 5742 S.
3380 5687 3721 5746 Benedictus
3750 5695 3801 5747 in

2233 5764 2350 5817 cup.
2383 5752 2403 5802 1
2434 5753 2642 5820 regula.
2679 5753 2810 5806 Vide
2830 5763 2886 5810 et
2922 5753 3237 5810 Damianum
3280 5771 3524 5813 nostrum
3559 5762 3609 5814 in
3639 5765 3798 5831 epist.

3904 1942 4152 2006 strictus,
4180 1943 4508 2012 respondere
4537 1943 4670 1997 nihil
4713 1943 4858 2000 aliud
4893 1944 5062 2016 potui,
5096 1945 5198 1999 nisi
5244 1955 5479 1998 tantum-

3902 2033 4108 2088 modo:
4141 2031 4282 2098 Fiat,
4321 2035 4432 2087 liat.
4485 2032 4639 2089 Unde
4688 2044 4871 2105 postea
4921 2036 5003 2090 vir
5044 2045 5263 2090 sanctus
5313 2045 5480 2089 tntum

3902 2119 4227 2177 Psalterium
4253 2163 4267 2185 ,
4294 2131 4350 2178 et
4381 2123 4633 2177 nonnulla
4661 2123 5041 2194 prophetarum
5072 2125 5283 2178 cantica
5331 2124 5480 2177 Incu-

3903 2216 4079 2271 lenter
4098 2232 4160 2271 ex
4169 2219 4369 2287 posuit,
4389 2226 4462 2280 et,
4484 2218 4606 2294 licet
4622 2228 4874 2287 corrupta
4893 2218 5174 2289 grammati
5184 2233 5255 2273 cc
5273 2216 5480 2289 regula,

3904 2321 4096 2361 sanum
4129 2316 4308 2363 tanien
4337 2323 4553 2363 sensum
4583 2307 4781 2375 ubique
4815 2311 5046 2362 servavit
5075 2307 5246 2378 (312).

4426 2416 4585 2490 571
4626 2415 4853 2473 CAPUT
4892 2415 4975 2472 ι.ι.

3941 2506 4020 2563 De
4066 2509 4244 2562 animo
4284 2507 4602 2575 Rdinuldi,
4643 2526 4760 2580 qua
4797 2511 4972 2565 delata
5009 2519 5083 2564 ut
5111 2521 5238 2566 ante
5273 2509 5446 2567 Del-

4428 2580 4653 2633 candida
4685 2580 4816 2634 velut
4846 2583 4957 2633 nix.

3972 2676 4449 2746 lsterrogaverunt
4491 2686 4614 2725 eum
4659 2671 4947 2741 aliquando
4977 2670 5252 2742 discipuli,
5300 2672 5454 2729 dicen

3904 2777 3986 2824 tes
4018 2788 4030 2822 :
4067 2768 4348 2837 Magister,
4376 2762 4530 2831 cujus
4554 2778 4672 2819 esse
4695 2764 4867 2818 tetatis
4897 2764 5072 2818 anima
5101 2765 5368 2828 cernitur,
5400 2765 5482 2819 vel

3905 2858 3958 2911 in
3983 2874 4087 2926 qua
4115 2861 4281 2926 tigura
4313 2855 4378 2907 ad
4403 2854 4662 2923 judicium
4715 2853 5114 2924 praematuri
5143 2851 5436 2922 Respondit
5464 2871 5478 2908 :

3907 2947 4031 3001 Scio
4077 2947 4346 3001 hominem
4397 2946 4449 2999 in
4493 2944 4737 3006 Christo,
4767 2943 4920 3012 cujus
4967 2944 5141 2999 anima
5184 2943 5363 2998 delata
5402 2954 5480 2998 est

3903 3046 4025 3088 ante
4055 3035 4223 3088 Deum
4250 3034 4525 3102 splendida
4555 3032 4698 3087 velut
4727 3034 4838 3094 uix,
4866 3033 5094 3087 humana
5122 3031 5338 3102 quidem
5370 3031 5479 3085 clli-

3903 3124 4007 3194 gie,
4040 3111 4245 3175 statura
4289 3137 4418 3176 vero
4462 3120 4713 3190 perfectae
4738 3123 4934 3175 aetatis.
4965 3120 5255 3189 lnquisitus
5286 3122 5475 3175 iterum

3905 3213 4029 3282 quis
4058 3212 4145 3266 ille
4190 3221 4367 3276 esset,
4420 3212 4702 3282 indignans
4727 3220 4782 3266 et
4808 3211 5142 3266 contundens
5181 3226 5275 3266 eos
5303 3211 5479 3266 dicere

3907 3304 4096 3358 noluit.
4129 3301 4246 3356 lux
4275 3301 4520 3372 discipuli
4558 3316 4671 3357 rem
4697 3301 4764 3356 ad
4793 3316 4939 3366 enin,
4969 3312 5024 3355 ut
5052 3303 5318 3357 veraciter
5341 3311 5478 3367 erat,

3906 3394 4052 3449 inter
4074 3410 4133 3450 se
4164 3395 4395 3448 invicem
4429 3393 4689 3460 referunt,
4723 3405 4778 3448 et
4803 3393 4973 3465 ipsum
5015 3393 5179 3450 fuisse
5206 3395 5479 3451 hominem

3906 3494 4052 3541 certa
4086 3484 4516 3540 manifestatione
4543 3493 4888 3555 cngnosz-nnt.

4510 3574 4738 3632 CAPUT
4773 3575 4878 3631 LII.

3965 3662 4045 3718 De
4077 3664 4237 3717 nimia
4268 3664 4594 3718 districtione
4620 3665 4734 3718 sita-
4756 3682 4912 3734 quam
4939 3666 4993 3719 in
5024 3666 5203 3739 εμπ-ἕο
5234 3672 5422 3724 leuis.

3975 3754 4032 3808 ln
4071 3754 4251 3825 Sytria
4287 3755 4517 3824 denique
4544 3755 4628 3808 vir
4656 3757 4977 3812 venerabilis
5003 3773 5100 3829 per
5134 3770 5339 3830 septem
5373 3761 5485 3817 fere

3906 3860 4078 3900 annos
4106 3844 4342 3900 inclusus
4369 3846 4588 3912 mansit,
4609 3854 4666 3901 et
4691 3845 4959 3903 silentium
4984 3850 5297 3905 comiuuum
5315 3851 5484 3907 invio—

3905 3937 4141 3991 labiliter
4172 3938 4360 3991 tenuit.
4405 3937 4788 3992 Verumtamen
4813 3948 5024 3994 tacente
5052 3940 5230 4016 lingua
5262 3951 5317 3997 et
5341 3958 5482 4013 prt-

3907 4025 4120 4080 dicante
4153 4026 4281 4088 vita,
4313 4027 4397 4081 vix
4427 4042 4676 4097 nsquam,
4706 4039 4911 4083 tantum
4931 4028 5176 4087 laborare
5197 4033 5485 4104 aliquando

3909 4119 4110 4186 potuit,
4135 4117 4219 4171 vel
4247 4117 4296 4171 in
4326 4119 4698 4174 convertendis
4723 4119 5047 4187 hominibus,
5078 4123 5190 4178 sive
5223 4125 5293 4178 ad
5316 4125 5484 4195 peni-

3908 4208 4135 4261 tentiam
4186 4208 4649 4263 concurrentibus.
4697 4210 4922 4266 Vivebat
4967 4223 5175 4279 autem,
5225 4229 5482 4285 vergente

3897 4294 4012 4364 jam
4042 4304 4344 4360 senectute,
4379 4298 4538 4353 nimis
4566 4299 4832 4365 districtc,
4878 4302 5120 4357 videlicet
5143 4319 5265 4358 cum
5282 4304 5398 4373 jam
5430 4317 5484 4361 et

3905 4386 4007 4457 ipsi
4036 4386 4257 4456 perfecti
4288 4389 4388 4442 viri
4427 4387 4605 4443 solent
4649 4391 4925 4445 remissius
4955 4394 5163 4457 vivere,
5185 4403 5238 4448 et
5282 4396 5482 4464 aliquid

3907 4478 4009 4532 sibi
4044 4478 4109 4532 de
4143 4478 4226 4532 sui
4275 4478 4538 4548 prOpositi
4583 4479 4760 4550 rigore
4792 4480 4993 4536 laxare.
5041 4481 5170 4536 Nam
5203 4500 5302 4555 per
5327 4489 5482 4541 niiis

3835 4548 3885 4608 θ
3908 4565 4343 4635 Quadragesimae
4371 4570 4603 4636 spatium
4639 4548 4775 4622 nihil
4818 4570 4959 4624 aliud
5010 4548 5281 4641 neqnc'in
5325 4575 5482 4636 cibo,

3907 4670 4081 4724 neque
4119 4658 4167 4708 iii
4195 4665 4328 4732 potu.
4351 4658 4564 4724 penitus
4589 4659 4791 4720 habuit.
4821 4659 4923 4714 nisi
4966 4660 5032 4714 de
5074 4663 5281 4718 modica
5311 4663 5482 4720 farina

3913 4755 3967 4799 et
4015 4746 4199 4814 paucis
4237 4746 4420 4801 herbis
4461 4748 4905 4803 sorbitiunculani
4951 4749 5176 4815 faciens,
5200 4768 5264 4808 ex
5311 4770 5375 4809 ea
5419 4757 5483 4809 ad

3916 4837 4270 4893 imitationem
4304 4835 4597 4894 Hilarionis
4642 4840 4795 4893 vixit.
4838 4838 5084 4912 Quinque
5113 4856 5239 4898 veno
5283 4847 5484 4900 hebdo-

3916 4929 4162 4984 madibus
4187 4929 4321 4983 nihil
4346 4930 4489 4984 aliud
4514 4932 4824 4996 comedens,
4851 4933 4916 4986 ad
4944 4934 5210 4990 modicum
5235 4951 5293 4991 se
5323 4938 5480 4992 inlusi

3915 5011 4107 5072 ciceris
4134 5019 4407 5074 astrinxit.
4434 5018 4503 5074 Et
4550 5019 4625 5073 ita
4673 5019 5001 5078 Itomualdns
5028 5039 5124 5094 per
5166 5024 5336 5080 multa
5381 5029 5478 5080 alia

3913 5109 4126 5166 vivendi
4183 5126 4403 5182 genera,
4450 5111 4581 5183 quid
4607 5129 4706 5168 sua
4749 5115 4894 5186 (515)
4923 5118 5097 5171 virtus
5138 5129 5362 5188 posset,
5389 5136 5482 5191 per

3907 5268 3959 5333 9,
3991 5271 4083 5324 lib.
4112 5287 4165 5325 v.

3980 5343 4127 5418 (511)
4175 5341 4405 5418 Nuceria
4430 5343 4624 5400 civitas
4641 5355 4724 5418 est
4746 5344 5004 5418 Umbria,
5026 5364 5146 5418 qua
5165 5345 5474 5404 Castellan'a

3907 5411 4126 5475 dicitur,
4161 5416 4225 5466 ad
4251 5412 4607 5490 diﬂereutiam
4640 5417 4862 5472 alterius
4890 5411 5132 5473 tvmhc
5155 5423 5472 5490 paganorum

3908 5495 4247 5558 nuncupata},
4279 5501 4396 5554 qua:
4425 5487 4477 5539 in
4506 5487 4810 5557 Campania:
4833 5491 5108 5558 provincia
5137 5487 5240 5544 sita
5271 5501 5374 5545 est.

3986 5500 4247 5607 neugiaim,
4279 5501 4396 5554 qua:
4425 5503 4477 5539 in
4506 5500 4810 5557 campanis
4833 5503 5108 5558 provmcm
5137 5503 5240 5544 Sila
5271 5501 5374 5545 est.

3982 5555 4064 5623 (3|
4110 5555 4131 5634 >
4166 5553 4268 5638 llic
4298 5557 4624 5638 venerabilis
4651 5560 4913 5638 codex‘ab
4944 5560 5149 5638 ipsoB.
5187 5559 5472 5638 linniuallo

3908 5629 4249 5692 coiiscriptns
4298 5629 4457 5680 modo
4494 5630 4660 5680 etiam
4708 5629 4759 5681 iti
4802 5629 5199 5685 Cainaldulensi
5232 5631 5470 5685 Sacrario

3909 5707 4248 5770 asservzitur;
4286 5698 4353 5750 de
4382 5713 4488 5765 quo
4514 5700 4632 5770 vide
4662 5697 4885 5770 labill.,
4910 5701 4962 5754 in
4987 5698 5181 5757 Itinere
5217 5701 5414 5770 Ιιαιο.

3981 5765 4129 5826 (515)
4170 5764 4308 5833 Lege
4333 5764 4500 5821 nostri
4531 5767 4672 5822 Petri
4704 5784 4886 5834 opusc.
4921 5786 5008 5833 xv.
5029 5786 5150 5831 ω.
5187 5773 5254 5828 16
