5652 6436
1005 417 1107 482 997

994 634 1201 711 quippe
1226 632 1500 690 discretus
1544 632 1751 690 Christi
1783 633 1941 688 miles
1968 633 2035 687 ad
2088 647 2293 687 novum
2340 647 2401 687 se
2446 641 2622 686 certa-

1001 738 1123 779 mea
1154 737 1374 794 semper
1401 723 1711 794 accingere,
1739 733 1794 779 et
1823 739 1946 779 cum
1971 722 2202 794 jamjam
2230 723 2431 780 cadere
2461 723 2616 777 vide-

983 809 1150 868 .i'etur
1198 813 1382 886 (3M),
1439 815 1685 870 adhibita
1739 831 1866 871 mox
1915 816 2298 870 misericordia
2347 814 2617 872 vacillans

982 909 1379 977 corpusculum
1440 908 1706 965 relevare.
1763 911 1880 965 Duo
1929 920 2115 966 autem
2162 910 2249 966 vel
2284 911 2454 966 etiam
2508 910 2638 968 tria‘

991 1000 1326 1070 quandoque
1368 1000 1607 1056 habebat
1651 1001 1830 1056 cilicia
1872 1011 2099 1070 pr0pter
2140 1011 2460 1058 nascentem
2487 1018 2615 1057 cor-

989 1090 1142 1160 poris
1171 1092 1668 1162 importunitatem,
1696 1109 1818 1164 qtne
1841 1091 2011 1148 lavari
2042 1093 2356 1165 nullatenus
2374 1094 2609 1165 permit-

993 1181 1166 1249 lebat,
1195 1183 1290 1238 sed
1319 1199 1380 1238 ea
1409 1185 1593 1254 potius
1621 1182 1687 1236 ad
1719 1183 1950 1238 imbrem
1981 1183 2308 1256 projiciens,
2359 1195 2479 1258 post
2511 1186 2610 1240 tri-

988 1271 1139 1342 ginta
1171 1274 1289 1330 dies
1331 1284 1544 1330 mutare
1590 1284 2001 1336 cousneverat._,
2023 1275 2359 1332 Novaculam
2419 1290 2605 1333 autem

988 1377 1266 1434 nunquam
1316 1365 1371 1420 in
1405 1381 1562 1420 suum
1605 1374 1771 1436 caput
1805 1367 2118 1437 patiebatur
2155 1368 2477 1433 ascendere,
2509 1371 2605 1427 sed

987 1453 1104 1522 ipse
1131 1455 1233 1511 sibi
1277 1471 1508 1526 perraro
1543 1457 1755 1513 solebat
1785 1468 2139 1514 excrementa
2188 1462 2514 1533 capillorum
2547 1473 2604 1518 et

983 1544 1171 1603 barbae
1199 1549 1497 1618 forcipibus
1525 1551 1834 1607 attendere.
1880 1552 1937 1607 Si
1979 1555 2197 1623 quando
2225 1571 2362 1612 vero
2377 1573 2504 1613 cum
2534 1575 2598 1614 ex

983 1638 1167 1710 aliquo
1213 1643 1564 1698 esculentiori
1593 1645 1715 1700 cibo
1745 1644 1886 1716 gula:
1919 1646 2112 1702 vitium
2159 1649 2430 1717 titillaret,
2472 1669 2600 1710 mox

983 1742 1267 1788 accurrate
1293 1733 1442 1788 illum
1472 1737 1770 1806 prmparari
1801 1739 2148 1808 prmcipiens.
2178 1741 2260 1797 ori
2293 1751 2348 1798 et
2371 1746 2599 1802 naribus

981 1825 1307 1892 apponebat,
1357 1835 1414 1881 et
1465 1828 1640 1883 solum
1695 1843 1925 1900 captans
1965 1833 2225 1898 odorem,
2259 1835 2515 1892 dicebat:
2549 1838 2596 1896 Ο

2295 415 2460 473 VITA
2503 415 2564 473 S.
2609 410 3000 469 ROMUAIJM.

995 540 1120 601 hac
1146 546 1203 593 et
1230 537 1321 594 illa
1353 538 1638 613 sejugiter
1665 537 1996 604 exercendo,
2048 537 2316 593 tentahat.
2352 535 2624 593 Studebat
2652 539 2704 595 Λ

3347 522 3582 582 CAPUT
3622 524 3736 582 LV.

2725 623 2863 679 Item
2895 623 2962 678 de
2986 619 3267 695 Gregorio,
3295 639 3466 703 queat
3498 623 3564 678 de
3589 624 3743 703 grati
3769 625 3952 680 morbo
3983 644 4124 700 aqua
4150 629 4357 703 {rigida

3405 695 3666 750 liberavit.

2789 805 2914 863 Alio
2945 821 3167 879 quoque
3201 815 3471 880 tempore,
3524 807 3668 864 idem
3715 809 3810 880 qui
3855 826 4021 883 supra
4049 810 4357 888 Gregorius

2720 912 2830 960 tam
2860 907 3101 959 virosam
3126 913 3184 960 et
3204 906 3510 986 mareidam
3538 905 3814 963 tolerabat
3849 908 3904 964 in
3937 912 4200 968 cruribus
4227 930 4351 970 sca-

2703 995 2886 1063 biem,
2929 1005 2992 1052 ut
3031 995 3147 1068 jam
3192 1011 3260 1052 ex
3299 993 3632 1070 elephantine
3682 999 3833 1072 (315)
3868 1001 4063 1057 morbo
4095 1007 4351 1063 crederet

2714 1096 2829 1144 tam
2859 1102 3084 1161 gravem
3115 1089 3336 1160 prodire
3365 1099 3663 1149 tumorem.
3701 1093 3839 1151 Iluic
3873 1093 4216 1152 Romualdus
4245 1099 4351 1156 hoc

2711 1182 3052 1251 praecipuum
3101 1182 3394 1238 medicinae
3445 1201 3621 1257 genus
3676 1185 3914 1252 indixit,
3978 1189 4235 1246 videlicet
4289 1203 4349 1248 ιιι

2711 1286 2875 1326 crura
2905 1287 3006 1343 per
3029 1282 3143 1328 tres
3167 1272 3286 1329 dies
3316 1271 3515 1347 frigida
3539 1292 3680 1347 aqua
3702 1276 4083 1348 perfunderet.
4115 1285 4347 1354 promit-

2712 1371 2834 1418 tens
2855 1362 3022 1437 573
3045 1357 3175 1437 quia
3203 1369 3307 1424 hoc
3329 1368 3494 1423 modo
3524 1371 3822 1426 sanitatem
3859 1373 4150 1444 pristinam
4183 1390 4260 1432 rei
4281 1392 4345 1432 u-

2709 1469 2948 1530 pcrarct.
2982 1458 3140 1526 Quod
3190 1469 3373 1517 tamen
3421 1461 3514 1517 ille
3546 1462 3851 1535 adimplere
3881 1467 4096 1523 studuit
4121 1509 4137 1533 ,
4172 1470 4340 1525 nimi-

2707 1568 2829 1608 rum
2883 1555 3058 1626 magis
3103 1555 3434 1612 necessitate
3473 1555 3742 1626 jussionis
3792 1575 3960 1630 quam
4007 1563 4341 1636 recipienda

2700 1643 2906 1717 fiducia
2937 1645 3239 1716 sospitatis.
3274 1646 3472 1702 Mirum
3501 1651 3663 1715 satis,
3704 1661 3762 1707 et
3806 1653 3984 1709 solum
4015 1654 4218 1711 divina.-
4239 1671 4341 1727 po-

2705 1741 2894 1796 tentiae
2923 1741 3309 1799 referendum!
3342 1744 3634 1800 confestim
3668 1744 3928 1802 tibiarum
3962 1755 4144 1803 tumor
4173 1749 4339 1821 depu-

2704 1831 2877 1897 nitur,
2909 1833 3061 1889 virus
3079 1849 3244 1891 omne
3269 1836 3536 1904 siccatur,
3567 1847 3617 1891 et
3643 1837 3863 1908 penitus
3889 1831 4037 1893 oinni
4068 1839 4338 1912 languore

978 1912 1131 1982 gula,
1185 1916 1342 1985 gula.
1379 1933 1544 1986 ιμιειιιι
1594 1919 1798 1986 dulcis,
1847 1937 2014 1993 quam
2067 1926 2254 1981 suavis
2302 1927 2466 1984 modo
2499 1929 2595 1985 tibi
2628 1921 2674 1983 Β
2704 1922 2955 1992 deposito
2973 1923 3148 1982 frater
3173 1942 3342 1984 sanus
3368 1944 3469 1999 per
3492 1930 3678 1983 omnia
3712 1929 3981 1986 redditur.
4011 1930 4174 1987 Credi
4199 1949 4335 2004 ergo

977 2017 1195 2075 saperet
1220 2009 1322 2062 iste
1350 2009 1536 2063 cibus!
1570 2010 1664 2066 sed
1720 2027 1799 2066 va:
1832 2011 1926 2067 tibi
1955 2014 1968 2066 l
1999 2029 2067 2068 ex
2093 2030 2160 2069 eo
2192 2033 2472 2086 nunquam
2498 2037 2600 2094 gu-

976 2095 1185 2150 stabis:
1220 2106 1275 2151 et
1300 2098 1380 2151 sic
1407 2098 1673 2154 intactum
1702 2103 1769 2156 ad
1805 2101 2091 2158 cellarium
2124 2106 2462 2164 remittebat.

1475 2189 1642 2264 472
1683 2191 1914 2249 CAPUT
1953 2193 2084 2250 Llll.

1043 2278 1123 2335 De
1159 2283 1419 2338 miraculo
1447 2301 1549 2354 quo
1576 2285 1892 2356 Gregorium
1929 2288 2251 2360 insufflando
2281 2293 2516 2348 sanavit.

1043 2368 1153 2425 Sed
1200 2387 1516 2443 quanquam
1563 2376 1646 2428 vir
1692 2386 1917 2431 sanctus
1966 2386 2177 2434 tantam
2213 2396 2345 2453 erga
2382 2398 2442 2438 se
2472 2399 2591 2439 scr-

966 2470 1126 2516 varet
1152 2466 1533 2520 austeritatem
1561 2507 1574 2531 ,
1605 2481 1824 2537 semper
1857 2476 2041 2524 tamen
2092 2470 2324 2528 hilarem
2355 2473 2588 2541 vultum,

965 2565 1186 2622 semper
1214 2569 1465 2609 serenam
1497 2555 1695 2613 faciem
1727 2560 2076 2616 ostendebat.
2103 2561 2242 2618 Nam
2267 2562 2442 2621 frater
2468 2568 2590 2637 qui-

965 2643 1115 2710 dam,
1144 2643 1442 2717 Gregorius
1487 2650 1707 2704 nomine
1727 2692 1740 2713 ,
1774 2652 2162 2721 gravissimum
2203 2657 2401 2725 capitis
2430 2658 2586 2714 dolo-

963 2747 1084 2788 rem
1115 2749 1173 2789 se
1205 2737 1414 2806 perpeti
1449 2738 1744 2809 aliquando
1789 2753 2124 2813 conquestus
2166 2757 2270 2802 est.
2315 2748 2417 2816 Qui
2459 2767 2582 2807 cum

959 2820 1034 2876 ad
1061 2822 1206 2878 beati
1238 2825 1340 2880 viri
1375 2828 1650 2895 cellulam,
1677 2833 1768 2887 ubi
1797 2842 1854 2887 et
1879 2835 1971 2889 alii
2007 2835 2208 2893 fratres
2236 2849 2365 2897 tunc
2395 2855 2581 2910 erant,

959 2928 1090 2969 cum
1119 2916 1286 2972 nimia
1317 2919 1709 2978 lamentatione
1759 2927 2026 2993 venisset,
2081 2947 2204 2986 mox
2250 2945 2308 2989 ut
2336 2952 2459 2991 eum
2497 2939 2584 2994 vir

956 3010 1294 3068 venerabilis
1326 3014 1479 3076 vidit,
1516 3016 1661 3071 hunc
1692 3017 1937 3074 dolorem
1990 3038 2338 3096 nequaquam
2381 3030 2582 3084 humo-

956 3115 1083 3156 rum
1112 3102 1489 3174 inarqualitati,
1519 3110 1613 3164 sed
1660 3111 1874 3166 insidiis
1908 3115 2120 3184 antiqui
2153 3120 2329 3175 hostis
2364 3123 2577 3178 indubi-

955 3198 1142 3248 tanter
1169 3196 1440 3266 ascripsit,
1466 3208 1522 3253 ct
1556 3218 1677 3255 mox
1705 3205 1862 3273 quasi
1894 3207 2153 3263 derideus
2184 3226 2330 3274 eum,
2369 3223 2425 3266 ut
2455 3224 2577 3268 erat

2702 2018 3106 2076 rationabiliter
3132 2029 3313 2091 potest
3354 2023 3485 2093 quia
3532 2025 3728 2077 eodem
3759 2023 3956 2093 spiritu
3991 2023 4335 2084 Roumaldus

2699 2111 2972 2182 discipulo
3023 2123 3079 2168 ut
3131 2123 3216 2169 ter
3254 2116 3416 2186 aquis
3452 2117 3719 2171 tumentia
3761 2133 3926 2173 crura
3968 2119 4333 2190 perfunderet

2690 2199 2860 2271 jussit
2881 2219 2991 2273 quo
3023 2203 3235 2260 Eliseus
3259 2205 3507 2261 Naaman
3535 2207 3815 2277 leprosum
3844 2208 4020 2266 lavari
4044 2213 4249 2284 septies
4272 2214 4328 2268 in

2694 2292 2939 2352 Jordane
2967 2299 3250 2354 mandavit
3282 2297 3391 2371 (IV
3425 2298 3560 2370 Reg.
3594 2303 3672 2368 v).

3308 2412 3546 2471 CAPUT
3571 2413 3712 2471 LVI.

2691 2505 2775 2562 De
2805 2506 3088 2582 discipulo,
3116 2525 3274 2582 quem
3309 2507 3536 2563 Romam
3568 2522 3780 2566 euntem
3813 2529 3908 2576 per
3942 2513 4192 2582 spiritum
4233 2531 4324 2570 ro-

2765 2579 2966 2653 gitooit,
2996 2591 3045 2634 et
3088 2579 3153 2634 de
3192 2580 3286 2633 illo
3332 2582 3448 2652 qui,
3493 2582 3596 2635 sibi
3621 2583 3909 2653 derogans,
3966 2579 4321 2641 reclusoriuut

2765 2651 2947 2718 fregit.

2764 2761 3021 2818 Nonnulli
3058 2773 3240 2821 tamen
3270 2767 3522 2823 carnales
3572 2769 3825 2825 videlicet
3875 2770 4150 2834 homines,
4184 2786 4312 2826 cum

2689 2853 2964 2910 malitiose
3012 2859 3418 2926 reprehendere
3453 2870 3510 2915 et
3560 2863 3806 2932 ejusdem
3866 2863 4009 2918 dicta
4052 2864 4138 2920 vel
4169 2863 4317 2920 facta

2687 2963 2796 3002 non
2829 2947 3097 3004 timebant
3131 2950 3377 3008 levitatis
3407 2955 3543 3008 vitio
3567 2955 3856 3026 deputare.
3890 2956 4124 3024 Quidam
4155 2975 4337 3048 nam;

2685 3054 2792 3108 que
2813 3039 2932 3110 ejus
2967 3040 3271 3113 discipulus
3308 3045 3360 3098 in
3396 3045 3501 3098 alia
3531 3047 3719 3116 procul
3747 3063 3937 3104 eremo
3966 3039 4311 3114 morabatur;

2684 3130 2775 3198 qui
2811 3132 3243 3200 propinquorum
3288 3137 3603 3190 necessitati
3638 3137 3935 3207 aliquando
3969 3140 4312 3195 condescen-

2686 3223 2840 3286 dcos,
2870 3240 2967 3292 pro
2999 3241 3190 3278 eorum
3235 3229 3470 3283 utilitate
3512 3231 3732 3284 tandem
3772 3231 3920 3286 vtlut
3964 3234 4170 3289 invitus
4203 3235 4314 3290 Ilo-

956 3296 1179 3354 semper
1206 3286 1376 3344 alacri
1425 3292 1598 3355 vultu,
1635 3309 1732 3363 per
1779 3294 2077 3353 fenestram
2113 3300 2323 3357 cellqu
2355 3303 2458 3358 sibi
2493 3306 2575 3359 in-
2604 3292 2648 3352 C
2683 3330 2825 3368 mam
2870 3286 2962 3369 ire
3007 3315 3477 3388 Quadragesimali
3524 3330 3767 3392 tempore
3812 3325 4110 3395 acquievit.
4153 3325 4310 3394 Quod

957 3372 1188 3395 ---Μιηξι
1223 3377 1234 3395 9
1312 3378 1336 3395 ρ
1441 3390 1451 3395 -
1959 3390 1970 3395 -

955 3372 1194 3432 sumavit
1221 3377 1276 3432 in
1309 3378 1567 3448 frontem,
1601 3399 1656 3438 et
1683 3395 1742 3440 ut
1786 3390 1972 3444 eteteri
2000 3406 2194 3448 omnes
2222 3395 2315 3465 qui
2342 3399 2573 3455 aderant

952 3465 1216 3524 similiter
1256 3469 1538 3541 facerent,
1587 3476 1786 3532 innuit.
1819 3480 1934 3536 Hoc
1962 3493 2146 3538 autem
2191 3484 2341 3541 facto
2377 3489 2448 3543 ita
2482 3507 2572 3545 sa-

951 3567 1119 3615 natus
1149 3569 1236 3617 est
1285 3572 1348 3618 ut
1392 3565 1601 3623 nullum
1635 3571 1852 3639 penitus
1882 3575 2112 3629 sentiret
2155 3577 2207 3630 in
2261 3593 2361 3634 suo
2393 3583 2573 3650 capite

949 3651 1160 3710 doloris
1188 3653 1520 3718 remansisse
1553 3666 1863 3733 vestigium.
1894 3668 2154 3724 Arbitror
2184 3673 2330 3741 quod
2361 3673 2572 3732 idcirco

945 3746 1042 3802 vir
1065 3760 1287 3808 sanctus
1313 3753 1420 3811 hoc
1441 3754 1625 3812 facere
1654 3760 1824 3813 voluit
1852 3761 1980 3831 quia
2010 3779 2110 3833 per
2137 3765 2406 3836 Spiritum
2438 3785 2567 3826 san-

945 3846 1138 3908 ctum,
1165 3844 1258 3915 qui
1305 3846 1360 3901 in
1407 3845 1526 3916 ejus
1571 3860 1794 3920 pectore
1824 3856 2185 3925 prmsidebat,
2218 3859 2568 3934 eﬂ‘ugandum

942 3946 1074 3989 esse
1102 3933 1506 4006 iniquissimum
1541 3941 1754 3999 hostem
1803 3946 2008 4004 doloris
2041 3933 2411 4010 immissorem
2449 3972 2569 4013 cre-

943 4023 1107 4080 didit.
1139 4026 1220 4080 Ad
1250 4029 1559 4087 evitandam
1591 4050 1718 4090 vero
1753 4039 2029 4110 pr0priam
2057 4043 2275 4100 laudem
2298 4056 2355 4102 et
2377 4047 2565 4105 ludum

942 4113 1108 4170 fluxit
1144 4126 1199 4171 et
1229 4121 1409 4176 socios
1436 4125 1704 4191 quaeSivit.
1737 4126 1872 4183 Nam
1906 4139 1964 4184 et
1989 4130 2329 4205 Redemptor
2373 4147 2564 4194 noster

941 4205 1250 4264 insufﬂasse
1282 4209 1510 4281 legitur,
1542 4231 1664 4270 cum
1711 4217 1979 4289 Spiritum
2009 4236 2260 4282 sanctum
2299 4230 2564 4300 apostolis

940 4297 1163 4355 dedisse
1186 4304 1508 4371 perhibetur
1541 4309 1728 4379 (Joaa.
1766 4314 1882 4384 xx).

1546 4421 1777 4481 CAPUT
1818 4427 1954 4486 LIV.

1265 4508 1336 4564 De
1368 4512 1579 4575 insano,
1615 4532 1768 4582 quem
1801 4520 1982 4575 osculo
2012 4525 2236 4580 curavit.

1017 4595 1116 4650 Vir
1162 4598 1384 4668 quidam
1430 4604 1628 4672 capitis
1675 4609 1990 4678 patiebatur
2039 4614 2334 4686 insaniam,
2368 4621 2441 4676 ita
2477 4633 2554 4689 ut,

940 4703 1105 4743 sensu
1133 4691 1362 4747 rationis
1387 4696 1614 4761 amisso,
1648 4698 1730 4753 vel
1779 4701 1911 4772 quid
1943 4716 2133 4776 ageret
2177 4709 2258 4764 vel
2313 4713 2444 4783 quid
2476 4713 2556 4770 (II-

938 4789 1091 4834 ceret
1154 4781 1402 4838 funiitus
1452 4787 1751 4856 ignoraret.
1812 4791 1952 4849 Huic
2017 4781 2367 4858 Romualdus
2419 4807 2557 4862 nihil

937 4871 1085 4928 aliud
1114 4872 1264 4938 fecit,
1300 4877 1400 4933 nisi
1425 4880 1770 4939 solummodo
1790 4887 2039 4944 osculum
2068 4894 2325 4962 prtebuit,
2353 4906 2410 4953 et
2434 4915 2556 4970 pro-

940 4965 1088 5021 tinus
1134 4967 1285 5022 illum
1328 4972 1395 5025 ad
1445 4973 1874 5034 incolumitatem
1905 4981 2197 5051 pristinam
2250 4965 2552 5061 revocavit,

935 5067 994 5113 et
1021 5073 1145 5115 cum
1178 5061 1422 5132 inquieto
1449 5067 1668 5125 homine
1690 5072 1819 5127 dum
1858 5090 2051 5145 pacem
2075 5077 2225 5147 fecit,
2253 5084 2322 5140 ad
2354 5087 2553 5146 mentis

935 5161 1061 5206 eum
1083 5167 1199 5209 sua:
1209 5169 1398 5224 pacem
1423 5160 1654 5216 reduxit.
1679 5161 1970 5222 Referebat
1997 5180 2180 5227 autem
2202 5178 2549 5246 postmodum

933 5242 1029 5299 ille
1048 5245 1139 5316 qui
1162 5257 1386 5304 curatus
1406 5249 1601 5318 fuerat,
1627 5255 1845 5312 dicens:
1870 5257 2008 5327 Quia
2034 5278 2159 5319 cum
2188 5242 2348 5323 sacra
2398 5268 2545 5329 beati

930 5338 1039 5392 viri
1067 5339 1208 5396 labia
1240 5351 1464 5415 tangere
1495 5349 1690 5416 merui,
1726 5354 1911 5408 statim
1941 5358 2164 5426 prodire
2191 5374 2260 5416 ex
2292 5377 2389 5420 ore
2421 5367 2542 5438 ejus

928 5430 1089 5500 quasi
1115 5435 1452 5494 vehementis
1479 5454 1627 5497 anne
1656 5443 1910 5513 spiritum
1949 5451 2120 5516 sensi,
2146 5454 2239 5523 qui
2267 5462 2438 5513 totam
2455 5430 2546 5515 'fa-

929 5522 1073 5579 ciem
1100 5539 1298 5595 meam,
1331 5539 1387 5586 et
1409 5531 1586 5602 ipsum
1615 5534 1852 5608 denique
1875 5539 2113 5613 sinciput
2137 5522 2396 5617 perﬂans,
2415 5567 2538 5608 om-

927 5626 1058 5671 nem
1092 5617 1302 5674 cerebri
1332 5625 1615 5682 aestuantis
1643 5629 1897 5687 ardorem
1923 5636 2177 5704 protinus
2204 5641 2484 5716 ell'ugavit.

1194 5775 1500 5860 ,ΥΡιοΡοάεν
1542 5802 1846 5860 urgeretur.

1000 5847 1150 5922 (338)
1194 5847 1514 5923 Elephantia
1553 5847 1650 5915 seu
1688 5847 2084 5934 elepliantiasis
2133 5871 2298 5942 lepra:
2324 5877 2540 5946 species

2679 3420 2808 3459 mox
2857 3407 2942 3460 vir
2987 3419 3216 3464 sanctus
3261 3426 3362 3480 per
3387 3413 3639 3482 spiritum
3681 3430 4102 3487 reCOgnoscens,
4144 3419 4299 3476 velut

2677 3493 2970 3565 indignans
3011 3499 3234 3568 scripsit
3263 3503 3468 3556 astanti
3503 3504 3721 3558 cuidam
3768 3506 3925 3562 fratri
3970 3509 4119 3578 quod
4149 3495 4306 3566 vide-

2677 3582 2806 3638 licet
2843 3584 2933 3640 ille
2963 3587 3138 3643 bonus
3186 3590 3272 3644 vir
3305 3607 3406 3662 pro
3446 3593 3758 3664 hujusmodi
3808 3599 4030 3670 negotio
4067 3599 4305 3657 Romam

2675 3678 2758 3733 ire
2814 3682 3186 3752 prtesumpsit.
3239 3683 3334 3740 Ille
3391 3697 3578 3743 autem
3634 3690 3917 3746 admirans
3977 3694 4125 3749 unde
4198 3697 4305 3753 hoc

2674 3772 2938 3844 magister
2959 3787 3305 3846 agnosceret,
3328 3795 3454 3836 cum
3482 3798 3591 3851 quo
3615 3784 3869 3841 videlicet
3891 3802 4055 3842 neum
4078 3788 4304 3846 aliunde

2672 3865 2904 3920 veniens
2950 3868 3284 3938 colloquium
3315 3871 3621 3943 habuisset,
3647 3893 3760 3932 rem
3793 3877 4030 3936 sollicite
4069 3885 4300 3954 perqui-

2671 3956 2833 4024 sivit,
2879 3971 2934 4015 et
2997 3960 3070 4016 ita
3133 3979 3290 4030 esse,
3337 3966 3485 4022 sicut
3535 3970 3620 4024 vir
3676 3973 4012 4029 venerabilis
4055 3976 4296 4047 dixerat,

2670 4053 3070 4122 comprobavit.
3105 4054 3290 4130 Pergit
3331 4059 3419 4116 ille
3473 4061 3544 4118 ad
3589 4063 3759 4120 alium
3802 4082 3963 4123 suum
4009 4072 4294 4129 condisci-

2667 4145 2877 4212 pulum,
2908 4147 3165 4204 videlicet
3194 4150 3591 4223 lngelbertum,
3621 4158 3711 4225 qui
3747 4158 3992 4216 inclusus
4015 4151 4294 4228 manebat.

2667 4247 2722 4292 et
2759 4240 3078 4309 magiswnm
3121 4244 3238 4298 haec
3264 4244 3502 4311 dixisse,
3533 4257 3588 4303 et
3621 4251 3742 4305 sine
3769 4251 3937 4308 dubio
3977 4257 4288 4326 prophetia:

2667 4329 2923 4400 spiritum
2971 4333 3175 4389 habere
3227 4351 3459 4406 prorsus
3504 4339 3762 4397 afﬁrmat.
3811 4343 3908 4399 Ille
3952 4351 4289 4415 antem,dc-

2665 4433 2878 4480 testaus
2927 4437 2983 4482 ct
3031 4429 3254 4499 penitus
3282 4431 3582 4503 denegans,
3618 4435 3850 4492 fratrem
3894 4440 4187 4512 corripuit,
4238 4454 4294 4499 et

2663 4516 2791 4588 quia
2817 4520 2919 4573 hoc
2947 4519 3142 4576 falsum
3171 4533 3338 4596 esset,
3371 4525 3789 4596 imprccatiouis
3805 4545 3864 4585 se
3879 4531 4118 4590 vinculis
4147 4537 4288 4590 obli~

2663 4609 2830 4679 gavit,
2861 4611 3051 4667 dicens
3081 4631 3093 4664 :
3148 4593 3204 4667 Si
3231 4615 3321 4670 ille
3351 4593 3462 4673 hoc
3490 4633 3587 4688 per
3636 4622 3944 4691 prophetia
3996 4626 4282 4694 spiritum,

2664 4711 2718 4755 et
2771 4719 2877 4757 non
2914 4705 3090 4776 magis
3120 4723 3218 4775 per
3245 4709 3523 4765 diabolqu
3571 4712 3736 4780 dixit,
3770 4731 3878 4771 non
3915 4733 4002 4772 me
4035 4721 4294 4791 Ottlttipu-

2663 4804 2785 4852 tcns
2837 4797 2980 4855 Dens
3010 4801 3060 4854 in
3091 4800 3198 4857 hoc
3231 4803 3536 4862 reclusorio
3568 4823 3927 4878 perseverare
3978 4815 4285 4883 permittat.

2663 4887 2899 4953 Dictum.
2924 4890 3241 4966 factumque
3261 4906 3362 4952 est.
3389 4897 3524 4952 Nam
3549 4901 3638 4954 vix
3661 4901 3856 4972 paucis
3883 4903 4079 4960 diebus
4101 4914 4286 4962 trans-

2663 4984 2826 5050 actis,
2863 4983 3240 5054 lugelbertus,
3275 4991 3451 5046 fracto
3495 4993 3825 5062 reclusorio,
3874 4996 3995 5050 sine
4028 4997 4282 5070 magistri

2663 5075 2881 5133 licentia
2907 5079 3060 5147 abiit,
3086 5091 3142 5137 et
3165 5099 3290 5138 eum
3322 5084 3378 5139 in
3404 5087 3507 5143 hac
3537 5087 3666 5154 vita,
3696 5090 3842 5146 sicut
3879 5091 4102 5159 dicitur,
4139 5109 4282 5149 nun-

2659 5180 2826 5236 qnam
2858 5165 3091 5224 ulterius
3120 5171 3279 5226 vidit.

3259 5263 3491 5321 CAPUT
3525 5265 3681 5322 LVII.

2726 5349 2805 5406 De
2835 5349 3162 5421 Gaudentio,
3206 5367 3256 5412 et
3294 5357 3559 5429 Berardo,
3595 5372 3645 5414 et
3683 5364 3946 5419 monacho
3993 5376 4206 5422 sanato.

2724 5468 2880 5524 Alius
2902 5468 3095 5539 frater,
3128 5472 3472 5530 Gaudentius
3502 5479 3744 5544 nomine,
3772 5481 3992 5537 abbatis
4022 5481 4278 5540 videlicet

2649 5557 2812 5628 hujus
2842 5559 3160 5619 Mouasterii
3195 5565 3253 5620 S.
3288 5565 3458 5641 474
3484 5570 3736 5625 Vincenti
3768 5573 3919 5644 (516)
3945 5584 4120 5644 pater,
4145 5592 4272 5631 cum

2655 5667 2855 5724 magno
2905 5655 3126 5712 fervore
3177 5674 3503 5728 convrrsus,
3559 5665 3870 5720 ardentiori
3923 5670 4278 5737 postmodum

2648 5818 2758 5871 est.
2790 5811 2858 5865 de
2887 5826 2993 5873 tua
3019 5813 3075 5869 Ct
3100 5813 3234 5880 lsus,
3268 5815 3491 5880 aliique.

2723 5881 2877 5954 (3H3)
2906 5883 2978 5938 De
3009 5889 3350 5944 monasterio
3374 5881 3434 5944 S.
3465 5890 3736 5946 Vincentii
3762 5890 3826 5948 de
3853 5891 4014 5948 Petra
4038 5893 4274 5954 Pertusa

4245 417 4358 475 998

3957 71 3970 76 ’
4075 71 4156 84 ’⁵-³
4181 71 4198 76 Λ
4283 101 4286 104 .
4309 71 4322 76 -
4347 99 4350 102 ἢ
4455 87 4550 102 *πη-

2085 68 4552 128 Ἥτ
