5652 6414
611 0 5571 74 wn,”

2166 410 2289 468 .999
2604 404 2660 460 s.
2703 401 2901 458 perm
2947 395 3225 455 DAIIANI
3263 391 3410 450 ore.
3438 388 3617 445 PARS
3650 386 3780 444 seu
3823 379 4058 440 rosus
4088 376 4152 434 ιι.
4178 407 4249 420 -
4282 371 4948 451 εΑΝετοιιυκ,νιτιε.
5318 375 5446 438 tooo

2185 520 2377 590 spiritu
2434 518 2485 570 in
2532 516 2625 570 Dei
2670 523 2752 568 est
2809 511 3033 568 servitio
3086 518 3462 565 conversatus.
3521 504 3620 559 Ilic
3669 503 3769 556 ali-
3799 499 4078 590 A‘cietate
4127 493 4662 590 Romamn-librum
4686 507 4845 560 quem
4872 491 5444 590 meruerat,lpenlidit,

2186 609 2399 681 quando
2429 623 2464 660 a
2509 607 2568 661 Β.
2599 604 2897 659 Romualdo
2933 603 3204 656 licentiam
3233 602 3412 672 petiit,
3427 615 3566 668 ,-qua
3601 596 3762 650 vellet

2186 707 2380 753 cuncta
2421 696 2532 767 jam
2569 698 2843 766 pulmenta
2870 694 3167 754 dimittere,
3201 702 3276 755 et,
3309 706 3445 760 pane
3473 704 3593 744 cum
3625 704 3761 756 aqua

2184 795 2490 859 contentus,
2517 787 2690 854 pomis
2718 797 2932 854 quoque
2975 784 3087 835 sive
3123 782 3303 835 crudis
3335 779 3571 834 oleribus
3609 778 3762 829 victi-

2188 885 2322 927 tare.
2367 873 2478 927 Hoc
2515 875 2675 943 igitur
2697 873 3007 943 impetrato,
3036 885 3158 924 cum
3191 871 3243 922 in
3267 868 3455 922 eodem
3485 867 3762 934 proposito

2188 960 2594 1031 iufatigabiliter
2640 970 3001 1030 permaneret,
3053 957 3320 1011 Talaldus
3362 958 3577 1025 quidam
3627 956 3763 1009 alius

2189 1051 2376 1113 frater,
2406 1053 2703 1106 infirmitati
2733 1051 2876 1104 illius
2899 1052 3186 1104 indiscrete
3219 1049 3555 1117 compatiens
3577 1087 3590 1112 ,
3614 1049 3763 1102 adire

2188 1145 2503 1212 magistrum
2558 1144 2788 1207 studuit,
2821 1151 2875 1195 et
2921 1143 3044 1210 quia
3104 1141 3272 1195 frater
3323 1140 3410 1194 ille
3464 1150 3568 1192 tam
3601 1154 3764 1206 grave

2188 1234 2396 1304 pondus
2422 1242 2639 1302 portare
2670 1248 2770 1286 non
2797 1243 3000 1301 posset,
3031 1232 3169 1284 hanc
3198 1231 3312 1299 ejus
3342 1230 3759 1282 obstinationem

2191 1323 2364 1395 frangi
2399 1325 2618 1378 Omnino
2644 1325 2841 1377 debere
2876 1324 3161 1392 suggessit.
3201 1320 3528 1373 Roniualilus
3555 1329 3760 1380 autem,

2190 1423 2250 1467 ut
2276 1423 2403 1485 puta
2429 1416 2512 1467 vir
2537 1413 2795 1483 simplicis
2817 1415 3014 1474 animi,
3040 1412 3257 1463 Tcdaldi
3285 1411 3461 1464 verbis
3486 1423 3764 1462 assensum

2193 1505 2358 1569 dedit,
2391 1513 2444 1558 et
2479 1504 2781 1558 Gaudentio
2814 1503 2934 1555 talis
2963 1505 3081 1554 vit:e
3109 1501 3378 1554 licentiam
3410 1500 3650 1551 abstulit.
3676 1498 3767 1550 llle

2191 1608 2319 1648 vero
2351 1604 2588 1666 graviter
2619 1592 2814 1656 ferens,
2865 1607 3204 1660 nequaquam
3247 1591 3482 1657 amplius
3509 1603 3630 1642 cum
3663 1586 3765 1641 'I'e-

2190 1683 2349 1737 daldo
2392 1684 2444 1736 in
2493 1697 2675 1737 eremo
2727 1683 2778 1735 in
2817 1697 2921 1750 qua
2974 1699 3064 1734 eos
3130 1681 3768 1747 liomualdustposuerat

2191 1786 2383 1840 passus
2409 1781 2494 1826 est
2524 1773 2787 1834 habitare,
2821 1773 2913 1825 sed
2941 1771 3133 1839 higelb:
3159 1781 3259 1832 rto,
3294 1771 3382 1838 qui
3415 1786 3441 1821 a
3469 1768 3767 1821 Roniualdo

3859 588 3970 659 jam
3999 587 4113 655 ejus
4140 574 4326 654 gratia
4349 584 4654 647 restitutus,
4673 591 4728 637 et
4754 581 5094 636 orationibus
5118 582 5334 636 subleva
5345 592 5442 658 tusJ

3865 680 4108 732 eumdem
4159 675 4356 730 librum
4399 686 4719 744 recuperare
4767 673 4964 726 meruit
5005 690 5017 724 :
5058 679 5116 724 et
5152 686 5310 740 quem
5346 665 5445 725 Τὸ-

3866 768 4061 822 daldus
4120 782 4224 820 non
4281 767 4384 822 nisi
4437 780 4535 836 per
4582 763 4938 818 Romualdum
4986 762 5310 824 abstulerat,
5337 762 5443 828 jam

3867 857 4192 912 Romualdus
4218 856 4423 909 orando
4454 869 4554 926 pro
4585 853 4677 912 illo
4704 869 4826 909 cum
4849 851 5102 908 omnibus
5125 853 5287 908 simul
5329 853 5440 906 fra-

3869 947 4042 1000 tribus
4073 946 4281 1002 reddat.

4440 1035 4669 1094 CAPUT
4703 1034 4880 1092 LVIII.

3979 1124 4054 1176 De
4079 1124 4337 1194 discipulo
4375 1109 4425 1177 iii
4455 1127 4586 1179 lecto
4619 1124 4900 1179 Redualdi
4939 1141 4970 1177 α
5011 1126 5337 1180 dir-tonius

4513 1197 4806 1250 uerberare.

3939 1306 4246 1376 Aliquando
4275 1309 4355 1359 vir
4386 1307 4710 1362 venerabilis
4736 1306 5016 1380 cujusdam
5044 1322 5209 1362 causa
5259 1322 5447 1362 neces-

3875 1397 4054 1450 sitatis
4078 1399 4131 1450 iii
4164 1399 4304 1451 viam
4337 1399 4415 1453 ire
4447 1398 4774 1468 disponens,
4805 1399 4897 1453 uni
4924 1398 5311 1468 discipulorum
5341 1398 5444 1451 cel-

3870 1491 3977 1544 lam
4005 1493 4302 1552 commisit,
4333 1499 4386 1546 et
4407 1506 4577 1560 usque
4601 1492 4666 1544 ad
4689 1507 4845 1545 suum
4870 1491 5099 1545 reditum
5124 1492 5176 1544 in
5207 1507 5268 1545 ea
5299 1491 5447 1543 illum

3870 1597 4088 1637 manere
4127 1584 4399 1652 praecepit.
4451 1581 4541 1637 Ille
4581 1597 4709 1637 vero
4735 1583 5084 1644 temerarius,
5117 1583 5243 1636 dum
5285 1582 5449 1635 debiti

3872 1674 4093 1729 bonoris
4121 1676 4480 1729 reverentiam
4529 1676 4790 1744 magistro
4813 1691 4917 1729 non
4964 1685 5167 1738 servat,
5193 1675 5452 1729 audacter

3873 1765 3926 1819 in
3972 1768 4089 1835 ejus
4139 1777 4310 1820 strato
4349 1764 4536 1833 jacere
4573 1782 4679 1821 non
4727 1767 4951 1821 dubitat.
4987 1766 5124 1821 Ecce
5165 1776 5344 1820 autem
5400 1766 5450 1817 in

2192 1860 2492 1929 disiunctus
2526 1861 2738 1925 fuerat,
2772 1878 2830 1915 se
2862 1863 3129 1925 subdidit,
3160 1871 3210 1912 et
3240 1861 3306 1912 ab
3336 1874 3398 1911 eo
3430 1873 3757 1913 consensum
3798 1855 3837 1912 Β
3869 1859 3981 1925 ipsa
4031 1869 4187 1912 nocte
4238 1859 4454 1928 maligni
4503 1860 4727 1929 spiritus
4775 1875 4938 1928 super
4967 1875 5089 1914 eum
5139 1861 5451 1914 immaniter

2190 1953 2459 2023 pradicta:
2505 1952 2928 2006 conversationis
2970 1952 3198 2018 accepit.
3248 1949 3343 2002 llic
3387 1950 3568 2016 itaque
3619 1948 3766 2001 Gau-

2193 2040 2405 2094 dentius
2437 2057 2540 2093 non
2568 2040 2733 2093 multo
2755 2049 2874 2109 post
2901 2051 3140 2106 tempore
3177 2038 3459 2091 defunctus
3487 2048 3598 2100 est,
3627 2046 3679 2089 et
3711 2038 3762 2089 iii

2193 2133 2505 2186 cmmeterio
2534 2131 2591 2184 Β.
2629 2131 2895 2186 V'incentii
2933 2130 3086 2199 juxta
3127 2147 3322 2198 corpus
3351 2130 3570 2184 Iierardi
3605 2144 3766 2182 vene-

2195 2221 2319 2276 bilis
2343 2223 2467 2285 viri,
2496 2221 2585 2291 qui
2611 2237 2763 2291 mque
2811 2222 3089 2275 Romualdi
3123 2219 3419 2289 discipulus
3464 2218 3661 2280 fuerat,
3685 2227 3766 2271 est

2195 2311 2456 2378 sepultus.
2502 2311 2829 2365 liomualdus
2856 2319 3057 2372 autem,
3087 2312 3210 2379 quia
3243 2310 3328 2363 ille
3361 2311 3411 2362 in
3444 2310 3771 2378 praevarica-

2199 2400 2340 2455 tione
2385 2401 2755 2478 inobedieutiae
2789 2400 2951 2454 vitam
2979 2401 3211 2462 finierat,
3238 2401 3539 2453 orationem
3573 2415 3670 2466 pro
3701 2413 3765 2450 co

2197 2492 2312 2547 fieri
2341 2481 2555 2562 penitus
2598 2493 2892 2546 interdixit.
2928 2493 3216 2560 Aliquanto
3248 2501 3425 2544 autem
3455 2501 3575 2558 post
3623 2501 3763 2544 tem-

2195 2594 2325 2650 pore
2354 2582 2650 2635 monachus
2672 2582 2890 2650 quidam
2924 2583 3163 2649 prmdicti
3193 2582 3448 2642 cmuobii,
3476 2581 3600 2632 dum
3652 2595 3766 2631 ma-

2197 2673 2417 2726 tutinam
2453 2674 2699 2741 synaxim
2731 2688 2852 2725 cum
2894 2673 3114 2740 reliquis
3147 2671 3405 2724 fratribus
3433 2671 3762 2732 Celebraret,

2194 2772 2415 2829 repente
2437 2773 2541 2816 tam
2567 2778 2742 2816 acrem
2761 2761 2999 2814 dolorem
3026 2763 3226 2814 sentire
3250 2761 3300 2813 in
3325 2761 3575 2812 dentibus
3598 2759 3765 2826 erepit

2195 2863 2251 2905 ut
2287 2853 2398 2921 jam
2445 2855 2495 2905 in
2532 2853 2696 2906 choro
2730 2854 2794 2904 ad
2828 2852 3162 2920 psallendum
3207 2862 3352 2903 stare
3388 2852 3610 2902 omnino
3653 2864 3759 2902 non

2194 2952 2394 3009 posset.
2434 2942 2534 3006 Qui
2592 2943 2837 3009 protinus
2887 2943 3101 3001 exiens,
3148 2955 3310 3008 super
3351 2941 3656 3007 sepulcrum
3705 2953 3765 2993 se

2189 3032 2413 3084 Berardi
2467 3042 2630 3098 atque
2679 3032 2969 3084 Gaudeiitii
3033 3030 3377 3083 lamentando
3425 3030 3670 3095 jactavit,
3713 3037 3767 3081 et

2196 3122 2452 3174 medelam
2476 3122 2576 3174 sibi
2607 3135 2700 3189 per
2727 3135 2820 3173 eos
2847 3121 3130 3189 provenire
3160 3134 3383 3189 sperans
3401 3158 3413 3180 ,
3451 3121 3681 3171 medium
3707 3132 3764 3171 se

3870 1947 4104 2012 irruunt,
4155 1949 4489 2018 gravissimis
4537 1965 4660 2004 eum
4706 1950 5022 2005 verberibus
5064 1957 5339 2014 atterunt,
5391 1961 5448 2004 et

3867 2040 4167 2108 projectum
4211 2041 4276 2094 de
4317 2040 4458 2094 lecto
4503 2055 4642 2109 pene
4674 2042 5001 2096 seminecem
5048 2041 5451 2108 derelinquunt.

3875 2131 4070 2184 Merito
4093 2145 4323 2199 namque
4353 2142 4459 2184 tam
4492 2131 4752 2201 superbos
4775 2146 4884 2187 suae
4904 2129 5215 2186 olensionis
5242 2132 5450 2184 ultores

3868 2221 4112 2291 pertulit,
4155 2223 4246 2290 qui
4295 2224 4346 2275 iii
4394 2224 4563 2298 talem.
4593 2222 4770 2275 virum
4800 2222 5095 2293 postposita
5143 2222 5449 2276 humilitate

3869 2312 4135 2380 peccavit,
4167 2322 4219 2364 et
4266 2312 4388 2364 dum
4437 2312 4525 2380 pio
4565 2311 4825 2382 magistro
4855 2326 4959 2365 non
5003 2311 5248 2366 exhibuit
5293 2327 5448 2366 reve-

3871 2410 4125 2462 reiitiain,
4149 2416 4214 2454 ex
4251 2402 4398 2453 duris
4436 2408 4490 2454 et
4539 2401 4717 2470 impiis
4741 2400 4906 2454 sensit
4943 2401 5191 2455 manibus
5217 2401 5450 2472 discipli-

3869 2506 4014 2544 nam.
4057 2490 4324 2544 Similiter
4357 2506 4574 2560 quoque
4622 2491 4960 2559 postmodum
4994 2492 5326 2546 venerabilis
5368 2494 5449 2544 vir

3869 2583 3970 2636 iter
3993 2593 4114 2636 actu
4127 2598 4232 2642 rus.
4266 2582 4429 2635 alium
4457 2585 4507 2636 in
4538 2581 4724 2637 eadem
4748 2581 4880 2637 cella
4909 2583 5225 2653 discipulum
5253 2584 5448 2637 dereli-

3867 2676 4004 2745 quit.
4039 2677 4135 2728 Cui
4185 2692 4304 2729 cuin
4348 2675 4645 2745 discipulus
4668 2676 4874 2730 diceret
4904 2693 4916 2727 :
4952 2675 5229 2745 Magister,
5256 2692 5360 2747 ego
5389 2677 5440 2730 in

3869 2768 4008 2820 lecto
4044 2778 4134 2821 tuo
4181 2783 4286 2821 non
4331 2767 4507 2836 jaceo,
4558 2767 4683 2835 quia
4729 2767 4871 2833 quod
4900 2766 4991 2820 alii
5022 2771 5268 2837 contigit,
5310 2769 5440 2820 mihi

3869 2858 4036 2909 etiam
4066 2865 4460 2924 consequenter
4496 2856 4710 2910 evenire
4734 2855 4984 2921 formido,
5013 2855 5096 2910 ille
5124 2857 5399 2924 respondit
5427 2875 5438 2906 ;

3871 2944 3970 2999 Fili
4003 2947 4099 3006 mi,
4129 2947 4247 3014 jare
4273 2955 4324 2998 ct
4351 2945 4526 2998 dormi
4557 2959 4809 3008 securus;
4845 2945 4931 2997 ille
4959 2945 5099 2998 enim
5124 2945 5174 2998 in
5202 2960 5265 2999 eo
5295 2961 5444 2998 recu-

3870 3036 4044 3099 bans,
4095 3039 4295 3090 idcirco
4339 3039 4389 3089 in
4430 3052 4620 3089 manus
4669 3036 5010 3090 inimicorum
5063 3035 5271 3096 incidit,
5321 3037 5446 3103 quia

3870 3125 4154 3192 parvitatis
4198 3139 4328 3178 mea:
4360 3123 4634 3176 licentiam
4668 3138 4772 3176 non
4797 3124 5026 3192 accepit,
5056 3132 5110 3175 tu
5145 3132 5327 3176 autem
5362 3139 5449 3175 ac-

2195 3213 2332 3264 iutcr
2356 3187 2639 3280 utrumque
2668 3187 2944 3264 constiiuit
2973 3209 3141 3276 (317),
3167 3187 3401 3276 dumque
3433 3209 3766 3276 ibialiquaa-
3794 3187 3837 3248 (ἶ
3871 3187 4026 3282 cepto
4068 3227 4358 3273 consensu,
4404 3212 4455 3264 in
4499 3213 4608 3265 Deo
4648 3226 4796 3280 spem
4829 3187 4986 3280 pone,
5010 3219 5064 3264 et
5097 3211 5214 3265 sine
5245 3225 5448 3279 pavore

2195 3303 2498 3370 diu—jacens
2514 3313 2714 3368 oraret,
2747 3319 2868 3355 mox
2899 3318 3018 3356 eum
3048 3316 3271 3355 somnus
3301 3305 3587 3369 oppressit.
3622 3303 3766 3356 Illico

2193 3409 2324 3450 sane
2377 3395 2525 3448 videt
2588 3396 2882 3446 lierardum
2945 3392 3369 3446 sacerdotalibus
3432 3396 3766 3446 ornamentis

2192 3487 2623 3557 splendidissime
2679 3487 3024 3546 decoratum,
3073 3492 3344 3536 tenentem
3399 3485 3451 3535 in
3521 3486 3767 3538 manibus

2194 3578 2390 3629 librum
2426 3576 2605 3628 aureis
2635 3574 2826 3627 litteris
2856 3575 3142 3642 scriptum,
3187 3581 3310 3625 ante
3350 3571 3520 3629 altare
3560 3573 3769 3626 scilicet

2196 3676 2428 3721 stantem
2482 3676 2534 3719 et
2593 3667 2878 3718 missarum
2933 3663 3194 3717 solemnia
3252 3649 3641 3716 celebrantem.
3697 3665 3769 3716 At

2197 3758 2370 3811 cernit
2427 3756 2785 3809 Gaudentium
2843 3763 3203 3817 masrentem,
3255 3753 3465 3805 tristem
3533 3753 3769 3808 demisso

2201 3846 2370 3906 vultu,
2398 3855 2513 3914 post
2537 3855 2743 3912 tergum
2772 3843 2989 3896 Berardi
3015 3842 3200 3912 procul
3221 3842 3498 3905 assistere,
3521 3849 3597 3904 et,
3623 3843 3769 3896 velut

2197 3935 2745 3997 exeommunicatum,
2781 3936 2950 3987 sacris
2996 3933 3435 4002 appropinquare
3499 3935 3772 4001 mysteriis

2201 4041 2306 4078 non
2353 4026 2570 4076 audere.
2603 4023 2703 4088 Qui
2753 4038 2874 4075 mox
2903 4021 3112 4076 locutus
3140 4030 3221 4075 est
3245 4022 3312 4080 ei.
3347 4022 3534 4073 dicens
3563 4020 3769 4083 :V'idcs,

2203 4116 2408 4182 inquit,
2466 4114 2659 4174 frater,
2714 4113 2859 4166 illum
2915 4113 3137 4166 Bcrardi
3192 4113 3390 4165 librum
3449 4114 3772 4167 mirabiliter

2201 4205 2548 4258 deauratuni?
2603 4205 2717 4272 Ego
2767 4219 2976 4274 quoque
3034 4203 3194 4257 talem
3240 4219 3338 4272 per
3387 4207 3565 4256 omnia
3623 4221 3768 4259 nunc

2197 4295 2475 4357 haberem,
2508 4295 2609 4346 nisi
2654 4295 2797 4346 illiilli
2841 4295 2992 4359 mihi,
3029 4295 3153 4357 heu,
3187 4294 3317 4347 beul
3354 4292 3622 4347 Tedaldus
3659 4309 3770 4347 mo-

2200 4386 2406 4438 nachus
2435 4386 2763 4438 abstuli:set.
2790 4385 3090 4453 Statimque
3114 4383 3281 4438 frater
3302 4385 3580 4454 evigilans,
3609 4402 3770 4439 sanus

2200 4486 2257 4531 et
2301 4476 2606 4537 incolumis,
2639 4475 2821 4544 fugato
2853 4477 2999 4529 omni
3033 4476 3240 4539 dolore,
3271 4478 3529 4528 surrexit.
3569 4477 3768 4529 Deinde

2203 4567 2360 4623 latus
2399 4570 2659 4622 visionem
2699 4584 2848 4622 suam
2879 4570 3135 4622 fratribus
3166 4583 3262 4638 per
3293 4569 3534 4621 ordinem
3565 4570 3773 4626 retulit.

2201 4660 2352 4727 Quod
2391 4659 2722 4713 Romualdus
2759 4661 2980 4712 audiens
3025 4659 3164 4713 illico
3209 4660 3465 4726 praecepit
3514 4659 3771 4711 fratribus

2201 4757 2262 4803 ut
2299 4745 2413 4815 jam
2447 4747 2748 4800 Gaudentio
2789 4745 3084 4799 fraternam
3125 4746 3446 4799 cbaritatem
3493 4747 3771 4814 impende»

2200 4848 2340 4900 rent,
2381 4848 2542 4906 atque
2583 4854 2677 4906 pro
2710 4854 2775 4892 eo
2802 4839 3014 4890 enixius
3042 4848 3278 4891 orarent.
3313 4837 3461 4891 Unde
3510 4854 3614 4892 non
3653 4841 3770 4892 sise

2198 4930 2409 4983 ratione
2441 4927 2707 4997 colligitur
2741 4926 2902 4998 475
2941 4927 3084 4996 quod
3132 4926 3217 4985 ille
3266 4929 3356 4996 qui
3400 4939 3639 4995 privatus
3681 4944 3767 4983 so-

2200 5133 2290 5185 hic
2332 5145 2510 5185 sermo
2541 5138 2644 5188 est,
2677 5128 2830 5195 cujus
2854 5136 2909 5178 et
2940 5124 3142 5178 mentio
3182 5138 3484 5195 supracap.
3518 5123 3584 5176 45
3623 5124 3763 5177 facta

2198 5201 2321 5255 fuit.
2365 5201 2515 5264 Quod
2544 5214 2671 5252 vero
2700 5192 2758 5249 Il:
2789 5198 3022 5264 scriptor
3071 5195 3217 5246 addit
3255 5192 3410 5259 hujus
3441 5196 3763 5256 monasterii,

2201 5287 2322 5325 cum
2369 5269 2609 5338 proxime
2652 5276 2808 5320 antea
2847 5263 2961 5332 ejus
3013 5280 3118 5316 non
3148 5263 3481 5338 meminerit,
3522 5273 3767 5338 patenter

2200 5341 2344 5396 Idem
2372 5334 2488 5392 'boc
2535 5339 2918 5389 monasterium
2952 5348 3072 5387 esse
3091 5372 3106 5396 ,
3147 5335 3197 5385 in
3228 5348 3331 5398 quo
3358 5343 3464 5385 tuin
3492 5334 3768 5384 scribebat

2203 5419 2363 5477 atque
2405 5407 2846 5467 convei'sabatiir,
2883 5405 2967 5456 illa
2999 5404 3267 5477 ostensiva
3299 5402 3556 5477 particula
3591 5403 3766 5477 mani-

2200 5470 2382 5533 fesiat.
2420 5479 2496 5530 Ad
2535 5479 2635 5530 hoc
2666 5477 3051 5528 monasterium
3087 5474 3168 5526 bis
3198 5474 3419 5526 missum
3452 5471 3615 5525 fuisse
3661 5470 3764 5524 Da-

2200 5551 2436 5602 mianum
2465 5547 2698 5602 Joannes
2727 5545 2842 5612 ejus
2868 5543 2999 5596 Vitze
3026 5553 3214 5596 auctor
3247 5540 3430 5594 refert.
3457 5540 3556 5605 Qui
3584 5551 3762 5594 autem

2197 5619 2357 5687 hujus
2382 5620 2445 5671 ad
2467 5617 2756 5670 dictionem
2782 5615 3005 5687 abbatis,
3037 5628 3140 5666 non
3165 5613 3231 5665 ad
3256 5612 3481 5664 alteram
3507 5622 3766 5687 monaste-

2201 5679 2282 5749 ν·ῆῖ
2307 5688 2654 5757 spectandum
2689 5701 2808 5738 esse
2844 5686 3188 5757 existiment,
3233 5698 3370 5757 opus
3392 5679 3654 5757 profecto
3684 5690 3768 5757 est

2202 5767 2261 5809 ut
2298 5751 2517 5811 ciedant
2567 5757 2880 5808 Damianum
2929 5755 2995 5807 ad
3037 5753 3331 5807 monachos
3390 5751 3447 5803 S.
3501 5751 3768 5806 V’incentii

3869 3305 4105 3370 quiesce.
4153 3301 4253 3366 Qui
4295 3299 4539 3354 videlicet
4584 3302 4635 3354 in
4677 3315 4774 3364 eo,
4818 3300 4959 3354 sicut
4992 3300 5176 3369 jussus
5226 3301 5442 3362 fuerat,

3862 3390 4057 3456 jacuit,
4084 3398 4139 3441 et
4162 3389 4365 3446 nullutn
4398 3387 4621 3443 omnino
4668 3402 4853 3443 casum
4882 3389 5224 3443 adversitatis
5259 3391 5440 3443 incur-

3871 3481 3961 3534 rit.

4461 3567 4690 3626 CAPUT
4721 3567 4852 3625 ιιι.

3869 3664 3948 3719 De
3997 3666 4216 3719 muliere
4267 3665 4319 3717 in
4371 3667 4652 3717 amentiam
4699 3683 4865 3729 uersa,
4900 3675 4946 3718 et
4987 3664 5262 3719 Roniuafdi
5297 3668 5448 3720 bene-

4427 3735 4656 3787 dictione
4683 3748 4888 3788 sanata.

3943 3846 4229 3900 Saecularis
4247 3845 4461 3914 quidam
4479 3847 4582 3908 vir,
4597 3845 4869 3900 Arduinus
4890 3846 5124 3910 nomine,
5149 3845 5451 3903 Romna'do

3878 3954 3934 3991 se
3967 3940 4032 3991 ad
4076 3936 4477 4005 suscipiendum
4512 3947 4714 3990 sancta!
4741 3939 5169 3992 conversationis
5200 3939 5446 3992 habitum

3874 4028 4122 4089 tradidit;
4156 4026 4347 4079 deinde
4377 4026 4614 4084 domum.
4650 4037 4703 4078 ut
4738 4042 4829 4080 sua
4860 4043 5084 4096 quzeqne
5111 4028 5443 4095 disponerei,

3876 4119 4153 4171 remeavit.
4183 4119 4423 4185 liumque
4451 4133 4571 4170 eum
4602 4133 4737 4171 uxor
4765 4134 4858 4172 sua
4889 4123 5450 4180 vententemvidisset.

3873 4207 4105 4261 femineo
4127 4208 4378 4259 nimirum
4410 4205 4591 4260 furore
4614 4223 4894 4270 succensa,
4913 4209 5233 4263 exclamavit
5265 4212 5451 4265 adver-

3873 4313 3963 4352 sus
3976 4313 4118 4358 eum,
4140 4300 4325 4351 dicens
4347 4316 4358 4348 ε
4380 4297 4488 4360 Sic,
4517 4299 4654 4351 bone
4667 4299 4764 4358 vir,
4786 4299 4851 4351 ab
4874 4300 5121 4352 bmretico
5139 4300 5292 4353 illoet
5316 4305 5424 4354 anti
5439 4333 5452 4341 -

3874 4409 3979 4459 quo
3997 4392 4283 4444 seduciore
4309 4406 4449 4441 nunc
4476 4391 4644 4449 venis,
4674 4399 4726 4441 et
4759 4404 4844 4442 me
4872 4391 5120 4442 miseram
5151 4400 5205 4442 et
5226 4392 5406 4444 destiti
5429 4420 5452 4430 ο

3877 4494 3982 4535 tam
4018 4483 4160 4533 omni
4197 4482 4432 4533 humano
4460 4480 4651 4531 solatio
4674 4479 5040 4547 derelinquis?
5065 4478 5130 4532 Et
5157 4479 5259 4533 boc
5284 4482 5448 4538 dicto,

3879 4574 4122 4640 protinus
4167 4573 4216 4621 iii
4245 4571 4532 4622 amentiam
4559 4569 4816 4622 vertitur.
4851 4579 4903 4621 et
4936 4571 5006 4622 ita
5033 4567 5211 4625 furere
5243 4583 5296 4624 et
5323 4586 5446 4624 cor.-

3879 4664 4120 4729 quassari
4170 4661 4333 4728 cmpit
4361 4675 4422 4711 ac
4449 4661 4492 4712 si
4532 4669 4778 4730 patenter
4797 4675 4826 4712 ιι
4852 4661 5112 4713 dmmonio
5143 4673 5448 4714 vexaretur.

3879 4751 4118 4805 Habebat
4181 4760 4358 4801 autem
4403 4749 4485 4801 vir
4536 4759 4754 4802 sanctus
4807 4749 5107 4817 bujusmodi
5158 4763 5448 4805 consuetu-

3877 4843 4078 4902 dinem,
4113 4849 4168 4891 ut
4196 4840 4237 4891 si
4270 4839 4486 4908 quando
4509 4836 4706 4892 fratres
4736 4839 4786 4891 in
4821 4839 4959 4892 viam
4980 4838 5250 4908 dirigeret.
5283 4841 5432 4895 bene

3874 4932 4164 4985 dictionem
4198 4930 4320 4996 illis,
4351 4930 4463 4983 sive
4505 4943 4721 4997 panem,
4749 4929 4863 4984 sive
4888 4943 5124 4998 pomum,
5155 4944 5250 4985 seu
5285 4945 5454 4999 quoi-

3871 5129 4012 5183 banc
4057 5122 4342 5178 Romualdi
4401 5121 4685 5195 historiam
4725 5122 5022 5185 direxisse.
5059 5123 5202 5193 quod
5231 5127 5448 5195 penitus

3872 5205 4025 5252 caret
4066 5195 4441 5247 fundamento.
4483 5191 4557 5244 De
4594 5193 4695 5246 hoc
4731 5205 4908 5247 autem
4941 5191 5267 5248 monasterio
5299 5211 5448 5250 men-

3876 5269 4074 5320 tionem
4110 5263 4238 5317 facit
4277 5262 4467 5314 Petrus
4503 5262 4748 5315 Ilamiaui
4791 5263 4840 5314 in
4871 5264 5028 5331 epist.
5069 5263 5137 5317 32
5199 5264 5322 5318 libri
5371 5282 5442 5322 iv.

3872 5349 3924 5391 et
3955 5337 4060 5388 alia
4110 5335 4173 5387 15
4225 5333 4346 5385 libri
4382 5348 4474 5385 vii.
4527 5332 4715 5385 Exstat
4760 5335 4936 5386 medio
4981 5335 5031 5387 in
5079 5334 5273 5388 itinere
5306 5338 5443 5388 inter

3871 5407 4099 5460 (Lallium
4141 5419 4202 5456 ac
4236 5403 4776 5473 Forosempronium;
4821 5401 5216 5473 Urbinatesque
5271 5405 5442 5459 ωηο.

3873 5478 3980 5530 uici
4011 5475 4248 5538 ejusdem
4271 5474 4531 5527 reditibus
4547 5471 4801 5541 gaudent.

3919 5544 4088 5612 ’(317)
4126 5545 4249 5598 “(BC
4276 5544 4436 5596 verba
4460 5583 4472 5604 ,
4508 5555 4552 5594 et
4588 5543 4838 5595 medelam
4868 5544 4968 5595 sibi
5005 5559 5095 5612 per
5137 5560 5223 5596 eos
5261 5560 5439 5611 prose-

3873 5618 3984 5668 m're
4015 5631 4250 5683 sperans,
4291 5617 4532 5683 medium;
4566 5628 4617 5664 se
4663 5614 4797 5664 inter
4845 5623 5119 5680 utrumque
5155 5617 5440 5676 constituit,

3876 5688 3928 5740 in
3969 5680 4229 5739 Vaticano
4274 5686 4458 5737 codice
4503 5680 4897 5736 desiderantur.
