5652 6366
1002 379 1139 436 1009

1875 372 2040 428 νιτΑ
2089 370 2193 426 SS.
2227 363 2585 441 RODULPlll
2632 363 2717 418 ET
2755 363 3065 423 DOMINICI
3105 364 3453 424 LORICATL

4195 353 4348 424 tom-

1076 487 1312 553 Scribit
1348 487 1553 568 igitur
1587 503 1814 568 mores,
1848 485 2059 568 citant
2101 492 2156 542 et
2192 480 2591 568 sanctissima
2625 487 2797 568 gesta
2835 477 3162 568 Rodulpht'
3197 477 3495 568 episcopi
3513 477 3846 568 Eugubini
3869 485 3977 568 ,_et
4013 481 4341 568 Dominiet'

1076 561 1399 633 Loricatt':
1422 569 1560 630 Hos
1588 565 1908 645 proximis
1934 563 2152 625 diebus
2185 561 2347 621 diem
2367 580 2551 645 suum
2578 561 2814 645 obiisse
2846 562 3342 645 certiorlfarttts
3363 566 3520 645 erat,
3557 567 3612 619 et
3647 579 3725 620 ea:
3771 561 4108 645 utriusque
4139 561 4341 645 inter:

1079 651 1179 736 itit
1211 666 1340 709 non
1370 637 1604 736 parum-
1636 645 2357 736 molestias-perceperat.
2431 642 2515 701 De
2559 642 2748 736 Petro
2781 637 3387 736 quoqueﬂodulphi
3420 641 3742 736 [refrenet
3774 639 3923 736 aliis
3956 637 4341 704 monasterii

1076 728 1179 791 sui
1214 719 1560 801 monachis,
1605 726 1752 789 υὲιω
1780 719 2119 788 sanctitate
2147 719 2219 783 oc
2253 722 2733 785 conversatione
2760 719 3206 794 celeberrimis,
3237 719 3538 782 nonnihil
3572 719 3862 800 attingit.

1602 888 1996 948 PROLOGUS.

1071 987 1281 1045 Domno
1310 984 1645 1040 ALsxaanno
1672 983 1997 1038 beatissimo
2037 996 2192 1043 petite
2234 978 2456 1036 Perses
2479 993 2607 1050 pec-

993 1088 1151 1139 cator
1171 1079 1473 1135 monachus
1492 1077 1839 1133 servitutem.

1065 1168 1330 1241 Praecepit
1358 1169 1491 1224 mibi
1521 1156 1806 1223 beatitudo
1832 1175 1947 1232 tua,
1970 1163 2307 1221 venerabilis
2339 1171 2524 1234 pater,
2547 1170 2606 1217 ut

991 1280 1274 1335 nunquam
1327 1264 1424 1319 tibi
1481 1261 1697 1318 litteras
1724 1260 2023 1326 mitterem,
2060 1273 2184 1330 quae
2214 1257 2334 1313 leve
2362 1254 2516 1328 quid,
2550 1264 2607 1311 et

991 1357 1268 1416 oblivione
1320 1356 1566 1428 dignum,
1613 1371 1680 1410 ac
1736 1353 1994 1410 frivolum
2041 1352 2423 1416 continerent;
2466 1365 2607 1420 quas

993 1451 1230 1516 scilicet,
1287 1463 1412 1511 mox
1468 1456 1530 1502 ut
1587 1447 1768 1504 lector
1821 1445 2186 1503 transiliendo
2238 1442 2603 1514 percurrerit,

987 1545 1132 1603 edax
1153 1544 1371 1600 flamma
1400 1542 1712 1608 consumit;
1761 1541 1856 1597 sed
1888 1539 1996 1596 tale
2024 1539 2122 1595 tibi
2152 1553 2371 1610 semper
2396 1535 2605 1607 aliquid

987 1638 1329 1705 scriberem,
1383 1635 1528 1706 quod
1582 1643 1639 1690 et
1689 1633 1758 1688 ad
1816 1633 2243 1710 :edilicationem
2305 1629 2603 1702 legentium

988 1730 1220 1800 suscipi.
1253 1736 1309 1784 et
1349 1727 1493 1783 inter
1537 1725 1843 1797 scripturas
1893 1731 2209 1780 mereretur
2254 1721 2605 1776 authentieas

991 1821 1286 1880 reservari.
1322 1819 1480 1877 Unde
1499 1818 1653 1876 Patri
1681 1818 1948 1874 luminum
1973 1817 2200 1889 agendae
2233 1825 2363 1872 sunt
2386 1815 2600 1886 gratiae,

988 1915 1087 1988 qui
1119 1913 1420 1972 sacrarium
1450 1913 1526 1968 tui
1550 1912 1791 1982 pectoris
1842 1911 1948 1967 hoc
1995 1912 2120 1982 igne
2146 1910 2232 1966 sui
2271 1909 2478 1964 amoris
2513 1923 2608 1964 ac-

986 2004 1198 2070 cendit,
1224 2013 1284 2060 ut
1313 2014 1366 2061 et
1412 2007 1466 2060 iu
1498 2005 1852 2074 antiquorum
1892 2001 2118 2057 Patrum
2153 2001 2352 2058 studiis
2397 2001 2606 2073 jugiter

991 2098 1341 2167 requiescas;
1373 2105 1429 2153 et
1475 2097 1722 2167 insuper,
1755 2097 1801 2171 si
1851 2096 1946 2166 qui
1976 2095 2074 2151 tibi
2104 2095 2361 2150 videntur
2394 2092 2602 2158 idonei,

987 2190 1063 2247 ad
1090 2190 1440 2248 scribendum
1462 2205 1558 2246 eos
1581 2203 1885 2259 provocare
1907 2204 2013 2244 non
2044 2187 2311 2259 negligas.

2536 946 2538 949 τ
2637 891 2826 956 Aque
2884 885 3334 957 redargutionum
3387 894 3554 958 atque
3614 887 4026 958 correptionum
4087 887 4338 959 longiora

2711 979 2943 1052 ﬂagella,
2976 989 3235 1050 tanquam
3267 979 3569 1051 quaestione
3613 979 3830 1050 pulsato
3883 982 4216 1037 sententiam
4251 984 4338 1038 in-

2708 1071 2914 1136 ferens,
2960 1085 3060 1141 per
3109 1069 3477 1143 quadraginta
3523 1071 3640 1127 dies
3690 1071 3846 1127 illum
3884 1070 4014 1127 vino
4053 1073 4338 1131 abstinere

2706 1163 2965 1234 przecepi,
2994 1172 3051 1219 et
3081 1174 3263 1220 tamen
3294 1163 3630 1230 intentione,
3655 1173 3716 1219 ut
3736 1173 3950 1220 tantum
3986 1165 4054 1220 ad
4093 1181 4340 1236 praesens

2709 1257 2860 1312 illum
2890 1272 3015 1312 eum
3043 1257 3262 1313 ceteris
3310 1256 3380 1313 ab
3423 1255 3661 1312 incautis
3706 1256 4057 1313 sermonibus
4090 1259 4342 1316 deterre-

2707 1363 2846 1414 rem,
2887 1347 3240 1418 postmodum
3281 1363 3416 1427 vero
3464 1349 3800 1404 sententiam
3837 1348 4091 1405 discretae
4141 1351 4341 1408 remis-

2709 1439 2883 1495 sionis
2909 1439 3285 1495 moderamine
3309 1434 3698 1510 temperarem.
3734 1439 3844 1496 Sed
3875 1455 4000 1496 cum
4033 1457 4121 1496 me
4152 1441 4336 1497 conli-

2707 1519 2879 1605 gisset
2913 1532 3145 1588 diversis
3193 1532 3465 1588 intentum
3511 1549 3636 1589 esse
3685 1532 3943 1603 negotiis,
3992 1548 4173 1606 neque
4226 1533 4338 1590 hoc

2709 1627 2842 1682 mihi
2893 1626 3126 1698 quilibet
3173 1626 3228 1681 in
3279 1626 3605 1682 memoriam
3636 1635 3972 1690 revocasset,
4006 1625 4194 1697 elapso
4215 1623 4336 1696 jam

2707 1719 3028 1789 prmseripto
3058 1717 3275 1773 dierum
3317 1715 3552 1782 circulo,
3605 1717 3828 1772 tandem
3878 1718 4204 1772 recordatus
4233 1732 4334 1773 ex-

2704 1810 2854 1881 pavi,
2881 1819 2937 1865 et
2967 1809 3098 1881 quid
3124 1825 3192 1865 ex
3219 1807 3465 1878 injuncta
3489 1809 3591 1865 sibi
3623 1798 4160 1881 poenitentiaPetrus
4189 1809 4340 1880 egis-

2709 1912 2793 1958 set
2825 1904 3099 1958 attonitus
3125 1902 3421 1974 exquisivi.
3455 1893 3716 1957 Fratrum
3755 1902 3940 1972 itaque
3970 1903 4340 1959 relationibus

2709 1994 2875 2050 didici
2910 1994 3294 2066 paenitentiam
3330 2008 3454 2050 esse
3481 2002 3788 2064 peractam.
3821 1993 4106 2061 Poenituit,
4135 1995 4339 2060 fateor,

2707 2088 2935 2159 prolata:
2965 2090 3275 2155 sententize,
3309 2088 3405 2144 scd
3437 2088 3684 2161 gaudens
3716 2088 4020 2144 admiratus
4057 2104 4178 2142 sum
4211 2097 4334 2143 tan-

2706 2191 2823 2248 tam
2853 2182 3236 2253 paenitentiam
3282 2180 3473 2237 fratris
3516 2189 3577 2236 ut
3607 2197 3706 2251 pro
3736 2195 3845 2236 uno
3892 2179 4009 2236 solo
4039 2179 4212 2236 verbo
4255 2179 4338 2234 in-

991 2300 1002 2312 ’
1063 2283 1108 2337 Α
1153 2283 1307 2337 vobis
1349 2281 1536 2352 itaque
1575 2296 1750 2351 nuper
1789 2295 2070 2351 egressus,
2107 2294 2232 2336 cum
2271 2277 2603 2334 Florentium
2633 2266 2682 2327 B
2710 2275 2959 2330 consulte
2982 2274 3196 2346 prolato
3224 2282 3335 2330 tam
3380 2273 3596 2345 longam
3647 2273 4028 2344 pmnitentiam
4060 2272 4341 2345 praetulis-

987 2372 1145 2429 urbis
1192 2371 1395 2428 moenia
1445 2373 1610 2439 subii,
1656 2372 1898 2426 nuntius
1930 2372 2062 2427 mihi
2115 2385 2239 2428 mox
2282 2371 2604 2441 repentinus

986 2463 1253 2531 accurrit,
1276 2465 1370 2535 qui
1403 2465 1537 2520 mihi
1567 2465 1714 2521 diem
1751 2465 1993 2520 medium
2034 2460 2097 2520 in
2133 2462 2391 2522 tenebras
2414 2464 2603 2530 vertit,

984 2549 1344 2626 omniumque
1394 2571 1642 2612 meorum
1691 2557 1968 2612 viseerum
2021 2572 2188 2614 venas
2245 2556 2604 2612 amarissima:

985 2648 1275 2723 legationis
1297 2651 1421 2709 felle
1450 2652 1781 2723 complevit;
1809 2653 2132 2725 episcopum
2175 2651 2388 2708 scilicet
2415 2651 2602 2724 Eugu-

947 2765 951 2767 ·
985 2745 1175 2804 binum
1207 2761 1330 2803 esse
1357 2746 1699 2813 defunctum,
1722 2748 1884 2817 cujus
1924 2748 2118 2817 utique
2148 2746 2520 2812 conversatio,
2555 2745 2602 2800 si

986 2838 1268 2906 recoiitur,
1296 2855 1403 2896 non
1433 2839 1792 2896 mediocriter
1819 2839 2096 2896 aedificare
2143 2838 2347 2910 poterit
2373 2838 2605 2894 audien-

986 2939 1091 2987 tes.
1142 2929 1301 2986 Valct
1348 2931 1495 2986 enim
1526 2939 1582 2987 et
1624 2932 1692 2986 ad
1741 2931 2158 3002 exprimendam
2199 2938 2350 2984 recte
2379 2929 2601 2984 vivendi

982 3022 1260 3089 formam,
1317 3031 1375 3077 et
1422 3023 1491 3077 ad
1541 3020 1911 3077 adhibendam
1962 3020 2308 3092 corrigendis
2354 3019 2603 3074 moribus

983 3116 1354 3186 disciplinam.
1403 3115 1541 3170 Nam
1573 3124 1703 3172 ante
1757 3115 1873 3171 fere
1925 3114 2276 3184 septennium
2330 3111 2422 3167 ille
2462 3115 2599 3166 ‘cam

981 3198 1162 3266 lnatre
1188 3218 1246 3264 et
1290 3208 1440 3281 (535)
1487 3209 1702 3265 duobus
1733 3209 2001 3264 fratribus
2027 3224 2088 3263 se
2109 3208 2388 3279 paulisper
2439 3214 2601 3261 :etatc

981 3301 1441 3374 pmcedentibus,
1488 3303 1665 3358 servis
1723 3301 2018 3364 duntaxat,
2053 3300 2311 3356 libertate
2358 3298 2600 3364 donatis,

981 3401 1227 3449 castrum
1277 3410 1434 3448 suum
1471 3395 1605 3449 mihi
1653 3395 2067 3466 inexpugnabili
2101 3392 2407 3448 munitione
2427 3392 2601 3467 valla-

983 3497 1097 3542 tum
1122 3503 1243 3543 cum
1271 3488 1548 3553 Omnibus,
1580 3503 1704 3559 qua:
1727 3489 1809 3544 sui
1831 3488 1975 3556 juris
2003 3494 2184 3553 erant,
2215 3486 2438 3556 praediis
2462 3475 2596 3541 con-

981 3567 1139 3647 tulit,
1161 3590 1326 3650 atque
1351 3581 1420 3633 ad
1442 3572 1690 3636 eremum
1722 3580 1974 3645 veniens,
2005 3579 2253 3634 habitum
2277 3578 2598 3634 monasticae

976 3671 1342 3746 professionis
1372 3672 1547 3744 {336).

1486 3765 1719 3822 CAPUT
1784 3765 2078 3822 PRIMUM.

1343 3856 1406 3915 S.
1457 3857 1774 3927 Rodulphus
1812 3857 1873 3926 ﬁt
1913 3858 2228 3913 monachus.

1050 3949 1442 4006 Monasterium
1495 3951 1659 4021 plane
1709 3951 1762 4007 in
1823 3966 2017 4006 eorum
2062 3949 2414 4021 possessione
2462 3963 2595 4005 cou-

975 4043 1294 4107 struximus,
1322 4044 1389 4099 de
1412 4043 1570 4113 cujus
1601 4058 1746 4097 nunc
1798 4050 1989 4097 sancto
2029 4052 2303 4098 conventu
2329 4039 2594 4113 regulari-

975 4142 1063 4190 ter
1089 4134 1393 4199 victitante,
1420 4135 1557 4190 satis
1582 4132 1635 4189 in
1657 4133 1889 4190 Domino
1904 4133 2272 4203 gratulamur,
2296 4133 2390 4188 ubi
2415 4143 2592 4188 matre

971 4233 1032 4280 et
1058 4225 1252 4290 fratre,
1284 4225 1377 4296 qui
1411 4225 1681 4282 infirmior
1706 4236 1811 4290 est,
1857 4226 2199 4292 constitutis,
2246 4226 2351 4281 iste
2379 4225 2587 4281 llodul-

973 4320 1140 4390 phus,
1163 4318 1254 4391 qui
1273 4319 1619 4390 postmodum
1645 4320 1712 4374 ad
1739 4319 2092 4390 episc0patus
2119 4319 2338 4375 culmen
2361 4329 2591 4376 evectus

970 4421 1082 4480 est,
1121 4421 1176 4466 et
1229 4411 1424 4468 Petrus
1477 4413 1879 4484 primogenitus
1913 4411 2108 4478 frater,
2142 4411 2485 4468 eremiticam
2508 4412 2590 4467 vi-

974 4512 1088 4558 tam
1115 4503 1282 4576 585
1314 4513 1426 4559 tam
1454 4504 1823 4570 continenter,
1855 4515 1966 4559 tam
1996 4505 2250 4560 districto
2280 4505 2586 4568 duxerunt;

970 4603 1038 4651 ut
1061 4606 1116 4651 et
1147 4597 1491 4653 audientibus
1525 4598 1850 4668 praedicaret
1892 4613 1987 4653 eos
2019 4598 2162 4654 fama
2195 4598 2495 4664 mirabiles,
2535 4610 2594 4652 et

968 4687 1391 4744 conviventibus
1421 4689 1530 4743 vita
1582 4698 1918 4744 monstraret
1958 4689 2219 4761 insignes.
2270 4689 2415 4744 Sane
2450 4689 2492 4744 si
2522 4689 2590 4743 de

966 4778 1139 4838 Petro
1180 4781 1371 4838 vellem
1404 4792 1602 4841 cuncta
1653 4782 1864 4839 referre
1899 4799 2021 4853 quae
2072 4791 2391 4854 suppetunt,
2433 4783 2589 4855 prius

967 4872 1235 4940 schedula
1259 4872 1512 4929 fortassis
1544 4874 1648 4929 ista
1682 4875 1942 4930 deﬁceret
1988 4891 2112 4930 cum
2162 4874 2340 4929 adhuc
2371 4874 2584 4930 dicendi

969 4968 1204 5024 materia
1241 4977 1575 5037 superesset.
1614 4968 1750 5024 Nam
1785 4977 1845 5023 ut
1891 4984 1921 5024 e
1971 4967 2156 5024 multis
2190 4983 2359 5023 unum
2389 4967 2584 5023 saltem

967 5059 1211 5114 breviter
1240 5058 1495 5122 referam,
1515 5059 1644 5113 dum
1674 5059 1726 5113 in
1755 5059 1997 5129 capitulo
2023 5059 2460 5122 consideremus,
2491 5057 2590 5113 ali-

969 5153 1194 5224 quando
1231 5152 1298 5208 de
1342 5153 1648 5224 disciplinis
1698 5153 2041 5224 regularibus
2072 5152 2441 5223 disputantes,
2474 5152 2585 5213 ille.

967 5254 1032 5299 ut
1077 5253 1197 5300 erat
1245 5244 1505 5310 novitius,
1556 5261 1722 5298 untun
1775 5261 1841 5299 ex
1891 5245 2141 5301 saeculari
2193 5245 2588 5301 consuetudine

967 5337 1343 5392 inordinatum
1391 5337 1617 5408 protulit
1670 5339 1921 5393 verbum.
1967 5339 2122 5394 Tunc
2168 5354 2271 5409 ego
2309 5339 2455 5395 velut
2506 5340 2586 5395 ira

963 5441 1266 5504 permotus,
1294 5431 1428 5486 dura
1461 5432 1595 5487 satis
1624 5433 1772 5487 illum
1803 5434 2113 5489 invoctionc
2142 5435 2406 5506 corripui,
2438 5447 2590 5506 post-.

1041 5567 1193 5636 (3'55)
1247 5569 1339 5643 Ex_
1377 5569 1713 5643 nobilissima
1761 5570 2043 5641 Eugubiua
2079 5581 2240 5643 gente
2282 5570 2579 5626 Gabriellia

962 5650 1265 5711 prognatos
1321 5640 1487 5695 fuisse
1543 5642 1690 5696 viros
1724 5640 1913 5712 hosce
1972 5640 2316 5697 venerabiles
2375 5645 2580 5712 scripta

967 5712 1231 5784 nutunulla
1276 5721 1569 5784 testantur.
1608 5713 1682 5766 De
1711 5711 2022 5784 Rodulpho,
2071 5716 2214 5768 sicut
2237 5724 2292 5768 et
2319 5714 2386 5768 de
2416 5711 2579 5776 Retro

966 5780 1140 5852 fratre
1183 5783 1272 5837 hic
1318 5785 1429 5852 agit
1482 5783 1802 5847 Damiauus,
1837 5780 2024 5839 verum
2083 5786 2150 5839 de
2195 5785 2371 5840 altero
2419 5785 2575 5840 nihil.

969 5849 1125 5909 Hunc
1158 5849 1556 5909 tamen—fuisse
1601 5855 1656 5908 Β.
1712 5855 1934 5912 Fortem
1989 5858 2226 5914 fortasse
2269 5858 2577 5929 negandum

2709 2381 2816 2438 set,
2847 2382 2903 2426 et
2932 2387 3110 2443 neque
3141 2388 3243 2444 per
3288 2387 3348 2428 se
3405 2387 3584 2444 neque
3617 2387 3715 2443 per
3761 2371 3902 2428 alios
3935 2372 4339 2445 indulgentiam

2708 2464 3066 2538 postulasset.

3346 2560 3578 2618 CAPUT
3621 2561 3685 2617 ll.

2708 2654 2768 2710 S.
2796 2654 3113 2727 Rodtdphus
3157 2654 3292 2710 nihil
3341 2655 3422 2738 de.
3453 2656 3630 2738 rigore
3672 2656 3968 2710 monastico
4024 2654 4240 2726 deponit
4283 2655 4340 2710 in

3339 2737 3670 2798 episcopatu.

2780 2839 2937 2895 Nunc
2965 2839 3132 2911 igitur
3159 2840 3236 2910 ad
3259 2840 3601 2910 episcopum,
3631 2854 3661 2893 a
3713 2854 3821 2910 quo
3854 2847 4124 2910 cmperat,
4153 2853 4341 2897 sermo

2707 2939 2983 2986 recurrat.
3009 2929 3274 2998 Quamvis
3306 2931 3452 2985 enim
3483 2929 3684 2985 Petrus
3715 2931 3883 2998 idem,
3914 2939 3972 2985 ut
4007 2928 4336 2999 majorerat

2704 3033 2888 3090 artate,
2921 3024 3282 3079 nihilominus
3319 3024 3487 3078 etiam
3532 3023 3586 3078 in
3630 3023 3789 3078 ardui
3847 3023 4114 3095 propositi
4177 3032 4233 3080 et
4262 3023 4341 3079 di-

2705 3116 2915 3171 strictae
2941 3117 3071 3171 vitae
3100 3129 3319 3185 semper
3343 3115 3683 3186 praecederet
3705 3115 3926 3180 itinere,
3949 3114 4041 3170 hic
4069 3124 4250 3170 tamen
4268 3116 4339 3170 ad

2703 3207 3060 3278 sacerdotalis
3076 3207 3240 3264 ofﬁcii
3257 3207 3383 3278 jura
3407 3215 3713 3279 promotus,
3737 3207 3884 3279 quod
3909 3207 3961 3262 in
3987 3223 4175 3263 eremo
4198 3208 4336 3264 didi-

2705 3303 2782 3358 cit
2831 3303 2884 3356 in
2916 3301 3162 3358 Ecclesia
3198 3317 3306 3358 non
3357 3301 3564 3356 omisit.
3599 3301 3820 3356 Eisdem
3871 3302 4072 3373 quippe
4116 3303 4336 3358 terebat

2705 3408 2926 3464 semper
2995 3393 3244 3448 membra
3293 3391 3530 3457 ciliciis,
3589 3393 3798 3461 eisdem
3867 3402 4161 3449 contentus
4211 3405 4336 3470 erat

2705 3487 3019 3560 perexiguis
3050 3484 3345 3557 admodum
3400 3499 3466 3541 ac
3514 3483 4332 3554 despicabilibusindumentis.

2705 3581 2874 3637 Plane
2900 3582 3028 3636 dum
3056 3578 3316 3650 juvenilis
3344 3578 3524 3633 aetatis
3557 3578 3847 3649 ingruente
3878 3587 4076 3634 natura
4121 3580 4336 3651 gravis-

2625 3639 2670 3701 (ἶ
2705 3673 2900 3726 simam
2930 3685 3077 3752 saepe
3098 3678 3383 3740 pateretur
3422 3668 3691 3732 acediam,
3727 3669 4081 3742 laquearibus
4123 3672 4335 3728 cellulae

2704 3761 2977 3817 {utriculos
3005 3761 3347 3827 inuectebat,
3377 3760 3568 3830 sicque
3595 3759 3740 3815 ulnis
3769 3754 4331 3834 insertis'psalmodize

2699 3853 2884 3908 studio
2930 3852 3199 3924 pendulus
3239 3852 3552 3908 insistebat.
3603 3850 3896 3923 Nunquam
3957 3855 4140 3927 adipe,
4183 3873 4330 3911 nun-

2699 3964 2863 4019 quam
2913 3947 3054 4013 ovis,
3093 3947 3182 4002 vel
3241 3961 3404 4002 caseo
3434 3947 3786 4002 vescebatur.
3823 3947 3876 4001 lu
3926 3949 4137 4004 eisdem
4196 3966 4332 4005 vero

2684 4036 2819 4113 quae
2844 4038 3264 4111 apponebantur
3290 4037 3490 4094 eduliis
3535 4031 3848 4098 continens.
3893 4037 4333 4110 eumﬂfrugalitas

2695 4132 3003 4198 cruciabat,
3038 4140 3099 4186 ut
3123 4129 3476 4186 discumbens
3503 4145 3613 4185 non
3647 4139 3756 4184 tam
3786 4144 3846 4184 se
3875 4113 4325 4203 reﬁceretquam

2695 4235 2959 4293 certaret,
3010 4234 3066 4281 et
3114 4224 3443 4279 intestinum
3482 4224 3665 4294 potius
3709 4234 3858 4281 esset
3906 4224 4048 4296 gula:
4095 4224 4328 4288 bellum,

2695 4318 2840 4388 quod
2871 4319 3221 4374 extrinsecus
3267 4317 3559 4374 videbatur
3605 4332 3730 4373 esse
3777 4319 4116 4374 convivium.
4163 4319 4328 4389 Saepe

2695 4409 2935 4481 pugnavi
2990 4417 3047 4463 ut
3084 4408 3281 4464 saltem
3315 4407 3372 4462 in
3417 4406 3638 4463 hiemali
3686 4407 4038 4464 inclementia
4070 4408 4319 4479 frigoris,

2694 4514 2790 4558 aut
2815 4503 3097 4576 papyrinze
3123 4501 3225 4558 sibi
3251 4510 3450 4558 storcae
3480 4511 3785 4557 stramenta
3835 4511 4193 4572 supponeret,
4233 4513 4332 4558 aut

2697 4597 2927 4652 vestitus
2954 4595 3152 4651 saltem
3184 4603 3346 4650 nocte
3377 4594 3667 4650 dormiret.
3715 4595 3786 4649 At
3814 4594 3906 4650 ille
3931 4595 3985 4650 in
4014 4595 4162 4650 nuda
4191 4595 4327 4667 ligni

2696 4688 2879 4743 tabula
2921 4705 2937 4742 ι
2965 4689 3126 4753 udus,
3156 4687 3269 4744 sola
3297 4696 3589 4744 contentus
3621 4687 3856 4742 interula
3890 4689 4195 4744 cubitabat.
4233 4688 4310 4744 Ec

2693 4782 2919 4838 clesiam
2949 4797 3115 4852 μοι’το
3137 4781 3440 4851 deputabat
3459 4782 4110 4852 bospitium,solitudinis
4137 4793 4326 4839 autem

2693 4873 2944 4929 cellulam
3001 4873 3779 4943 habitaculumdecernebat.
3825 4875 4098 4944 Inconditi
4150 4876 4328 4946 siqui-

2695 4966 2820 5020 dem
2845 4981 3028 5021 mores
3055 4965 3265 5036 populi,
3297 4973 3351 5020 et
3376 4962 3802 5034 iudisciplinata:
3825 4966 4092 5032 cervices,
4119 4975 4176 5021 et
4204 4964 4326 5024 leve

2689 5058 2882 5130 jugum
2914 5057 3134 5127 (Matth.
3181 5058 3282 5128 χι).
3348 5057 3561 5112 Domini
3606 5072 3954 5128 nequaquam
3998 5056 4101 5112 sibi
4142 5058 4322 5128 patie-

2698 5152 2900 5208 bantur
2931 5150 3169 5221 imponi;
3211 5151 3306 5206 sed
3342 5151 3663 5206 muneribus
3693 5151 3928 5207 terrenis
3958 5151 4178 5215 intenti,
4212 5167 4323 5208 non

2695 5261 2761 5301 ex
2791 5261 2888 5301 ore
2919 5244 3195 5315 pontificis
3237 5244 3334 5300 Dei
3366 5233 3560 5309 verbo,
3592 5245 3688 5301 sed
3740 5244 3911 5318 486
3961 5255 4224 5316 tanquam
4257 5246 4324 5303 do

2697 5339 2954 5395 manibus
2979 5339 3249 5409 praesidis,
3300 5339 3605 5394 commodis
3655 5339 3965 5395 inhiabant.
4002 5340 4130 5396 llaec
4168 5341 4315 5396 enim

2699 5433 2847 5502 regio
2874 5448 2983 5504 quo
3014 5432 3190 5503 magis
3239 5431 3518 5487 invenitur
3551 5431 3730 5486 aliena
3756 5431 3986 5499 divitiis,
4027 5421 4094 5489 eo
4135 5432 4322 5504 copio-

2696 5586 2802 5624 non
2834 5569 2963 5632 erit,
2995 5567 3196 5638 quippe
3229 5567 3322 5637 qui
3354 5581 3420 5621 ex
3453 5567 3649 5621 eodem
3680 5565 4112 5622 Gabrielliorum
4146 5581 4320 5636 geue-

2697 5657 2776 5706 re,
2807 5641 2998 5695 eodem
3026 5640 3250 5706 saeculo,
3284 5654 3350 5693 ac
3396 5639 3449 5692 in
3513 5639 3708 5694 eodem
3742 5638 4092 5694 Avellanensi
4126 5653 4322 5693 mona-

2695 5713 2866 5767 sterio
2893 5712 3096 5766 vixisse
3147 5711 3290 5781 apud
3330 5709 3678 5781 Jaeohillum,
3715 5709 4032 5781 Ferrarium
4066 5707 4320 5780 aliosque

2697 5783 2992 5853 reperitur.
3020 5783 3096 5838 De
3120 5779 3197 5838 eo‘
3220 5791 3348 5838 nota
3371 5781 3460 5836 die
3489 5779 3624 5853 Maii
3648 5780 4017 5853 ABoﬁllnndiani.

2769 5854 2920 5926 (556)
2947 5855 3099 5911 Adde
3127 5855 3352 5924 accepit,
3379 5863 3438 5907 ut
3471 5854 3524 5907 iu
3557 5851 3944 5909 Mabillouiana
3961 5849 4225 5909 editione.
