5652 6410
2194 331 2336 429 ἰοιι

2201 576 2413 631 videtur
2449 573 2767 643 Eugubittm,
2795 573 2881 627 vel
2923 590 3088 646 egens
3110 575 3271 628 bono.
3302 575 3529 645 Ideoque
3559 588 3643 627 me
3673 574 3779 625 vim

2203 666 2476 735 ingerente
2519 675 2760 727 coactus,
2793 666 3090 719 Eeclesiam
3136 681 3298 734 quam
3338 666 3616 720 dimiserat
3659 674 3787 719 voto

2203 755 2469 811 retinebat
2494 754 2700 822 oﬂicio;
2732 757 2783 811 in
2805 772 2986 813 eremo
3012 767 3188 811 tamen
3217 757 3657 827 perseverantius
3683 756 3785 811 ha-

2201 845 2381 905 bitaha
2389 856 2427 901 t.

2810 939 3038 995 CAPUT
3078 940 3163 996 Ill.

2660 1032 2988 1087 Abstinentia
3040 1033 3322 1102 Rodii/pm.

2272 1137 2715 1212 Quandocunque
2765 1143 3056 1213 impetrare
3100 1152 3311 1213 poterat
3364 1152 3421 1197 ut
3480 1143 3785 1213 huiusmodi

2203 1233 2362 1303 panis
2391 1234 2446 1287 in
2476 1248 2661 1289 eremo
2709 1234 2887 1301 fieret,
2915 1235 3109 1291 edebat
3138 1250 3353 1304 panem,
3387 1251 3493 1289 non
3532 1235 3783 1298 fratrum,

2203 1340 2313 1378 non
2359 1324 2590 1393 denique
2617 1339 2943 1394 puerorum;
2973 1324 3065 1379 sed
3112 1340 3235 1379 eum
3286 1325 3376 1394 qui
3430 1325 3509 1378 vel
3555 1341 3620 1380 ex
3651 1338 3788 1395 puro

2200 1415 2355 1470 ﬁeret
2384 1417 2603 1480 hordeo,
2646 1416 2726 1471 vel
2770 1432 2834 1471 es
2884 1416 3145 1471 eantabro
3197 1418 3398 1488 potius,
3450 1419 3591 1488 quod
3623 1418 3788 1489 proji-

2202 1506 2452 1561 ciendum
2479 1507 2704 1562 canibus
2733 1507 2799 1563 dc
2827 1521 3117 1576 puerorum
3148 1509 3378 1579 panibus
3411 1509 3785 1563 remansisset.

2200 1598 2271 1654 Et
2300 1598 2435 1654 licet
2462 1611 2658 1669 praeter
2699 1599 3025 1655 celebriores
3065 1601 3181 1655 dies
3229 1601 3329 1654 hoc
3373 1610 3517 1654 esset
3547 1600 3788 1669 quotidie

2199 1706 2341 1763 pane
2364 1700 2674 1755 contentus,
2726 1706 3035 1747 mensuram
3086 1700 3267 1746 tamen
3319 1694 3583 1748 attentius
3621 1692 3789 1762 :rqui-

2200 1784 2331 1840 tatis
2376 1783 2620 1840 lant-ibus
2669 1784 3027 1854 appendebat.
3078 1782 3230 1837 Unde
3278 1786 3407 1837 mihi
3461 1784 3786 1852 quandoque

2198 1884 2527 1943 conquestus
2553 1886 2635 1927 est
2666 1874 2790 1944 quia
2841 1874 2889 1929 si
2929 1874 3031 1928 sibi
3078 1888 3329 1927 mensura
3372 1873 3785 1933 concederetur,

2197 1967 2344 2024 hunc
2387 1967 2635 2021 eunnlem
2686 1978 2875 2034 panem
2905 1965 3167 2036 prurienti
3199 1965 3335 2037 gula:
3380 1964 3579 2035 largius
3614 1962 3789 2016 indul-

2196 2064 2368 2126 geret.
2396 2054 2566 2108 Tanta
2595 2054 2789 2123 quippe
2805 2050 3154 2121 juveneulum
3180 2053 3453 2108 hominem
3481 2052 3786 2123 castigabat

2195 2148 2399 2207 inedia.
2434 2156 2493 2199 ut
2522 2147 2881 2216 undecunque
2904 2144 3154 2201 solatium
3181 2146 3421 2200 alimenti
3457 2145 3787 2215 perciperet,

2198 2252 2373 2295 vacuo
2393 2248 2583 2293 ventre
2601 2237 2915 2293 stomachus
2938 2252 3047 2293 non
3074 2246 3308 2293 curaret.
3329 2238 3633 2309 Aliquando
3660 2251 3789 2292 vero

2198 2329 2363 2387 etiam
2400 2330 2590 2385 diebus
2617 2329 2916 2385 Dominicis
2934 2328 3272 2400 pulmentum
3307 2332 3579 2393 nesciens,
3611 2329 3787 2399 pomis

2199 2426 2408 2475 tantum
2441 2428 2495 2475 et
2522 2435 2660 2489 pane
2685 2435 2807 2474 cum
2851 2434 2993 2490 aqua
3019 2420 3251 2474 vivebat.
3285 2418 3485 2475 Ferrea
3522 2421 3661 2473 circa
3694 2434 3785 2487 pe-

2196 2521 2318 2565 etus
2354 2511 2559 2565 circulo
2582 2511 2788 2581 jugiter
2809 2510 3161 2582 cingebatur;
3194 2525 3355 2579 quem
3386 2520 3563 2564 tamen
3595 2510 3781 2564 circu-

2192 2602 2309 2659 lum
2343 2601 2443 2655 sub
2472 2600 2562 2655 ilia
2594 2602 2916 2667 dimersum,
2943 2599 3071 2655 dum
3099 2616 3284 2656 coram
3319 2596 3578 2654 fratribus
3610 2601 3781 2653 nuda-

2195 2699 2389 2755 retur,
2453 2690 2767 2759 diligentius
2823 2690 3153 2748 occultabat.
3225 2690 3510 2762 Nunquam
3578 2691 3785 2745 scilicet

2198 2783 2436 2853 capi’ulo
2480 2782 2757 2839 confessor
2802 2784 3091 2847 intererat,
3137 2783 3191 2837 in
3230 2799 3336 2852 quo
3366 2799 3471 2837 non
3514 2785 3785 2851 acciperet

2193 2874 2568 2943 disciplinam,
2598 2885 2653 2929 et
2686 2886 2811 2929 tunc
2850 2873 3080 2929 festivus
3126 2875 3455 2941 exsultabat,
3502 2877 3544 2929 si
3578 2892 3685 2929 nou
3716 2876 3784 2929 ab

2196 2984 2305 3023 uno
2332 2978 2561 3032 tantum,
2595 2969 2689 3023 sed
2718 2984 2747 3021 a
2776 2968 2987 3023 duobus
3033 2968 3293 3038 ﬂagellari
3333 2969 3594 3022 fratribus
3620 2968 3783 3036 jube-

2664 373 2721 429 s.
2765 373 2965 430 perm
3001 374 3281 431 DAlllANl
3313 374 3464 432 ore.
3488 373 3669 431 ptas
3702 374 3836 432 seu
3864 375 4101 434 Totius
4138 374 4201 433 tt.
4240 368 4759 432 —s.uvc1'onuu
4794 347 5093 471 πτεᾙι-’ξ

2198 485 2312 539 sius
2340 488 2605 539 exuberat
2629 484 2794 537 vitiis.
2826 483 2905 538 Ab
2934 500 3095 555 egeno
3135 484 3401 553 siquidem
3448 482 3786 538 denominari
3820 489 3863 544 Α
3896 483 4032 537 bene
4058 484 4313 554 prodigus
4341 484 4392 538 in
4423 496 4693 561 pauperes

4956 166 4971 177 ι·
5055 161 5076 184 Ι

4990 172 5039 229 δὴ
5079 179 5098 198 ⁸

5529 235 5540 246 ,ι

4950 282 4953 283 ν
5109 259 5126 274 ο

5000 274 5035 329 ιι
5071 309 5114 322 '-

4972 352 4991 367 ι
5053 347 5056 350 “
5439 361 5444 364 .
5465 361 5476 382 Ι.
5578 362 5583 363 γ

4950 364 5017 435 ι
5032 384 5087 433 ιιε
5517 395 5553 420 -κ

5044 464 5055 473 ο
5076 446 5105 495 '1’
5141 471 5156 478 _
5443 459 5464 474 ur

5007 493 5010 498 '
5080 500 5083 503 η
5103 492 5112 524 ,Ι
5141 515 5146 520 _

5104 536 5180 570 β’
5391 567 5402 574 ,
5427 555 5456 572 ,ε

5026 592 5031 597 ,
5069 587 5072 590 .
5131 571 5168 592 ἔν’·
5243 579 5264 588 --
5470 572 5489 597 ςῒ

4950 580 5011 631 ﬂ
5299 631 5332 656 ".,_
5365 649 5368 652 .
5393 623 5464 659 I'h".

4950 666 4953 683 Γ
4980 662 5321 683 _A__,A“.-._-
5358 662 5455 683 ...Δ

3888 551 4192 629 anturaliter
4220 551 4509 646 synodalia.
4534 551 4745 630 bellum

3890 669 4167 721 seniorum
4199 682 4461 721 canonem
4493 682 4522 721 a
4552 664 4772 723 clericis
4812 664 4953 736 exigi
4978 651 5457 734 ιιοωίιῶῗᾶ

3887 772 3958 812 ne
4010 773 4039 810 a
4093 757 4256 826 lapsis
4324 755 4543 827 quidem
4603 754 4946 810 commodum
4999 754 5256 824 aliquod,
5302 753 5457 826 587

3886 856 4084 917 prmter
4124 846 4294 901 solam
4337 846 4739 916 penitentiam,
4793 844 5103 916 requirebat
5134 862 5145 895 :
5178 844 5351 907 Absit,
5384 847 5460 898 in-

3887 937 4098 1005 quiens,
4152 944 4210 990 ut
4252 936 4516 1008 synodum
4564 935 4826 1000 vendam;
4871 936 5047 1004 lapsos
5092 936 5257 988 etiam
5287 935 5462 1005 potius

3886 1028 4093 1097 erigant
4122 1043 4282 1095 quam
4317 1044 4382 1082 ex
4434 1044 4624 1084 eorum
4670 1028 5023 1083 cadaveribus
5055 1028 5279 1083 corviuo
5316 1032 5462 1083 more

3888 1119 4255 1189 pinguescam.
4291 1118 4474 1176 Tardet
4502 1120 4730 1176 ulterius
4757 1120 5041 1176 scribendo
5067 1123 5380 1191 procedere.
5407 1128 5461 1176 α

3886 1210 4025 1263 velut
4060 1220 4314 1277 paternus
4361 1227 4391 1265 a
4423 1212 4633 1281 pictura
4678 1227 4872 1267 manus
4908 1211 5061 1268 dolor
5095 1212 5314 1269 videtur
5352 1211 5464 1267 lca-

3888 1314 4009 1355 reus
4032 1300 4181 1372 (557)
4209 1302 4485 1357 cohibere.

4501 1414 4728 1472 CAPUT
4765 1415 4853 1471 IV.

4418 1503 4573 1560 Felix
4603 1508 4773 1560 obitus
4798 1508 4914 1577 ejus

3958 1591 4052 1648 llis
4086 1592 4249 1664 igitur
4279 1602 4333 1650 et
4361 1594 4665 1663 huiusmodi
4700 1597 4954 1651 virtutum
4986 1595 5211 1654 ﬂoribus
5234 1596 5469 1653 δόσι-ιη-

3890 1695 4023 1752 tum,
4055 1688 4209 1757 quasi
4239 1690 4480 1745 candens
4509 1689 4679 1745 lilium
4711 1691 5012 1746 immatura
5055 1692 5245 1747 mortis
5276 1693 5469 1762 pruina

3891 1780 4127 1845 decoxit,
4156 1781 4227 1834 ita
4253 1791 4446 1835 utcum
4478 1783 4563 1837 vis
4590 1782 4809 1855 triginta
4838 1782 4958 1853 plus
4985 1784 5161 1839 minus
5190 1785 5471 1840 videretur

3890 1887 4177 1935 annorum,
4212 1873 4279 1927 ad
4308 1888 4450 1928 verat
4503 1874 4641 1930 lucis
4692 1874 4984 1930 Auctorem
5024 1889 5090 1931 es
5140 1878 5243 1933 hac
5270 1876 5471 1932 infelici

3890 1961 4010 2017 luce
4061 1962 4315 2033 migravit
4360 1964 4532 2031 (338).
4582 1962 4987 2019 Consummtus
5025 1966 5163 2020 enim
5215 1968 5270 2021 in
5314 1967 5475 2033 brevi,

3889 2054 4030 2109 sicut
4085 2052 4368 2123 Scriptura
4414 2054 4677 2124 loquitur,
4737 2055 4955 2125 explerit
4999 2066 5232 2125 tempore
5278 2058 5463 2111 multa.

3893 2150 4100 2205 Placila
4132 2151 4267 2205 enim
4293 2160 4405 2204 erat
4437 2150 4543 2204 Deo
4572 2151 4749 2203 animo
4774 2150 4917 2204 illius
4942 2149 5090 2220 (Sep.
5120 2152 5215 2219 tv).
5250 2149 5319 2205 Et
5346 2152 5468 2218 jure

3888 2252 4296 2297 consummatus
4321 2242 4372 2295 in
4396 2240 4585 2305 brevi:
4600 2240 4764 2294 multa
4798 2251 5035 2309 tempora
5059 2242 5256 2296 dicitur
5286 2242 5471 2311 exple-

3888 2333 4049 2393 visse,
4083 2334 4226 2398 quia,
4264 2330 4391 2386 dum
4420 2332 4472 2386 in
4499 2346 4566 2387 eo
4591 2347 4759 2402 parvo
4784 2333 4924 2401 quod
4956 2331 5336 2399 visltjustitiae
5364 2344 5469 2387 tra-

3885 2424 4071 2479 mitem
4125 2425 4317 2485 tenuit,
4373 2432 4634 2493 quantum
4685 2424 4753 2477 ad
4800 2437 4859 2476 se
4904 2422 5082 2475 omnia
5134 2430 5378 2491 tempora
5415 2424 5467 2476 in

3884 2516 4203 2584 obsequium
4227 2514 4538 2569 Conditoris
4564 2513 4842 2584 expendit.
4874 2511 5035 2566 Plane
5073 2512 5339 2582 quidquid
5367 2512 5473 2566 illic

3884 2604 3950 2660 de
3975 2616 4166 2659 sancto
4192 2606 4310 2660 viro
4332 2605 4609 2674 Sapientia
4641 2604 4898 2674 loquitur,
4929 2603 4997 2657 ita
5018 2602 5143 2657 huic
5170 2617 5266 2672 per
5288 2604 5467 2656 munia

3885 2698 4156 2767 coiigruit,
4193 2712 4257 2751 ac
4290 2696 4335 2750 si
4370 2696 4438 2751 de
4487 2695 4579 2750 illo
4610 2694 4920 2765 specialiter
4960 2694 5275 2747 diceretur:
5305 2692 5474 2747 Seue-

3886 2799 4019 2849 ctus,
4037 2787 4554 2856 inquit,oenerobilis
4584 2798 4678 2848 est,
4729 2804 4832 2841 uou
4855 2786 5107 2839 diuturna
5135 2801 5228 2838 nec
5253 2801 5470 2838 numera

3885 2893 4144 2929 annorum
4172 2887 4493 2946 computata.
4522 2875 4655 2930 Cani
4681 2888 4801 2930 sunt
4825 2871 4996 2931 a‘utem
5020 2892 5201 2929 sensus
5223 2877 5469 2939 hominis,

3882 2978 3930 3022 et
3962 2978 4090 3023 tetas
4121 2970 4403 3023 senectutis
4429 2970 4530 3023 uita
4556 2969 4916 3034 immaculata,
4946 2968 5155 3039 placens
5171 2968 5299 3022 Deo.
5322 2967 5471 3024 Unde

2192 3068 2374 3113 retur.
2410 3056 2562 3127 Saepe
2606 3057 2981 3127 paenitentiam
3009 3066 3226 3113 centum
3260 3059 3589 3127 suscipiebat
3616 3073 3781 3113 anuo-
3880 3067 3936 3114 et
3978 3062 4262 3128 sequitur:
4296 3059 4495 3114 Factus
4529 3062 4775 3125 dilectus,
4802 3072 4849 3115 et
4880 3062 5049 3116 vivens
5078 3062 5215 3115 inter
5238 3073 5472 3129 peccato-

2192 3165 2346 3212 rum,
2368 3163 2530 3218 quam
2560 3148 2767 3203 scilicet
2796 3163 2893 3219 per
2931 3148 3125 3220 viginti
3167 3149 3281 3202 dies
3311 3150 3558 3202 allisione
3590 3164 3780 3218 seopa-
3810 3181 3859 3246 ο
3887 3168 3990 3215 res,
4028 3152 4318 3205 translatus
4369 3163 4468 3207 est.
4526 3151 4725 3222 Raptus
4776 3163 4872 3216 est,
4912 3170 4975 3207 ne
5019 3154 5219 3205 malitia
5249 3162 5473 3205 mutaret

2193 3258 2340 3302 rum,
2381 3241 2704 3311 ueterisque
2752 3242 3087 3311 poenitentia:
3126 3241 3376 3296 remediis
3420 3241 3781 3310 persolvebat.

2192 3333 2518 3392 Psalterium
2568 3337 2831 3406 quatidie,
2873 3350 2997 3390 cum
3047 3334 3156 3390 duo
3205 3351 3310 3388 non
3359 3343 3573 3404 posset,
3617 3350 3782 3388 unum

2193 3427 2388 3482 saltem
2422 3444 2526 3483 non
2564 3427 2864 3500 negligehat
2894 3427 3139 3498 implere.
3171 3428 3324 3495 Quod
3354 3429 3627 3487 nimirum,
3659 3444 3782 3484 cura

2199 3529 2348 3575 esset
2379 3521 2431 3574 in
2462 3521 2653 3576 cellula
2699 3521 3047 3586 constitutus,
3079 3531 3284 3575 armata
3330 3523 3509 3591 scopis
3555 3533 3784 3593 utraque

2202 3628 2389 3677 tnanu,
2410 3620 2577 3667 totum
2603 3628 2726 3668 cum
2753 3611 3037 3683 disciplina
3058 3614 3379 3669 continuare
3402 3624 3781 3668 consueverat.

2265 3705 2449 3761 Porro'
2470 3716 2650 3762 autem
2681 3722 2804 3763 cum
2828 3708 2880 3760 in
2905 3708 3247 3778 (speditione
3280 3719 3422 3762 esset
3453 3709 3628 3776 aliqua
3656 3724 3784 3763 ροη-

2193 3799 2441 3862 stitutus,
2475 3798 2813 3867 quantalibet
2838 3800 3178 3879 intempesta:
3210 3800 3385 3853 noctis
3416 3800 3787 3869 profunditale

2195 3899 2567 3969 consurgeret,
2598 3890 2752 3944 nudis
2774 3906 2991 3959 semper
3016 3892 3269 3945 cruribus
3291 3902 3344 3944 et
3365 3892 3590 3960 pedibus
3616 3906 3786 3962 usque

2196 3984 2324 4037 dum
2373 3982 2752 4047 dilucesceret,
2787 3982 3019 4053 psallere
3048 4000 3155 4038 non
3189 3985 3457 4039 cessabat.
3496 3985 3667 4053 Quam
3700 3987 3777 4040 vi-

2198 4074 2395 4129 delicet
2447 4073 2921 4137 consuetudinem,
2969 4073 3097 4127 dum
3153 4074 3205 4127 in
3261 4074 3393 4127 cella
3440 4076 3783 4141 consisteret,

2199 4166 2391 4221 diebus
2429 4181 2490 4219 ac
2520 4165 2767 4219 noctibus
2794 4164 2910 4218 sine
2938 4164 3242 4219 cessatione
3274 4164 3549 4218 servabat.
3586 4164 3787 4232 Quam~

2193 4256 2326 4313 libet
2370 4258 2553 4327 gravis
2606 4260 2795 4311 bruma
2846 4258 3161 4325 rigesceret,
3221 4257 3562 4325 Sltllplit'ibtts
3613 4257 3787 4312 soccis

2192 4351 2474 4407 muniebat
2504 4366 2570 4419 pe
2592 4352 2688 4409 lt'S.
2720 4365 2844 4404 cum
2875 4359 3053 4405 tamen
3087 4349 3257 4405 frater
3287 4350 3403 4418 ejus
3432 4351 3561 4405 solis
3587 4350 3786 4404 calceis

2193 4449 2484 4494 contentus
2532 4450 2675 4494 esset
2704 4459 2715 4492 :
2744 4439 2899 4507 Szrpe
2945 4454 3031 4493 me
3077 4456 3173 4510 per
3208 4440 3549 4495 clementiam
3581 4442 3783 4497 Christi

3890 3244 4207 3298 intellectum
4232 3245 4372 3313 ejus,
4394 3254 4484 3297 aut
4519 3261 4579 3297 ire
4608 3244 4752 3312 fictio
4776 3245 5031 3311 deciperet
5068 3246 5299 3297 animant
5332 3246 5469 3313 ejus.

3894 3331 4114 3401 Propter
4166 3334 4264 3386 hoc
4297 3335 4595 3403 properarit
4624 3335 4844 3388 educere
4876 3334 5026 3387 illqu
5073 3334 5136 3387 tle
5170 3334 5355 3389 medio
5376 3336 5475 3387 ini-

3883 3424 4098 3490 quitatis
4133 3420 4344 3495 (ηὸτι).

4502 3516 4731 3571 CAPl'T
4776 3515 4837 3570 ν.

4099 3603 4216 3659 Vita
4246 3608 4555 3661 venerabilis
4588 3610 4683 3661 riri
4718 3608 4975 3661 Dominici
5004 3607 5253 3661 Loricati.

3959 3695 4063 3752 Sed
4095 3714 4240 3762 ecce,
4266 3700 4392 3754 dum
4422 3699 4581 3769 hujus
4609 3700 4850 3770 epistola
4876 3700 5116 3769 gerulus,
5150 3700 5244 3767 qui
5280 3702 5349 3752 ad
5386 3716 5476 3753 vos

3889 3790 4067 3844 veniat
4089 3792 4351 3858 qureritur
4380 3801 4435 3845 et
4467 3807 4572 3846 non
4599 3791 4860 3861 suppetit,
4895 3801 5116 3860 repente
5153 3791 5299 3843 aliud
5332 3794 5476 3860 quod

3888 3883 4107 3936 uberius
4137 3883 4201 3935 ad
4229 3883 4639 3938 aediﬁcationem
4671 3884 4936 3953 prolicere
4966 3882 5169 3940 valeat.
5195 3884 5240 3934 si
5270 3886 5398 3936 seri'
5426 3900 5477 3935 a-

3888 3984 3995 4038 tur,
4026 3968 4281 4027 occurrit.
4318 3976 4381 4029 Et
4430 3974 4675 4030 fortassis
4705 3974 4774 4029 ob
4823 3976 4924 4029 hoc
4978 3976 5199 4027 nuntius
5230 3976 5361 4028 mihi
5391 3991 5479 4030 su-

3887 4081 4052 4136 perna
4080 4066 4439 4134 dispositione
4482 4065 4841 4127 subtrahitur,
4875 4074 4933 4119 ut
4982 4066 5217 4127 interim,
5248 4076 5477 4121 vacante

3887 4173 3995 4220 me,
4027 4158 4197 4227 stylus
4224 4159 4291 4213 ad
4320 4159 4462 4213 aliud
4493 4157 4874 4214 transferatur.
4910 4158 5003 4212 V'ir
5034 4158 5216 4227 itaque
5246 4158 5338 4213 Dei
5378 4160 5477 4213 Do-

3891 4250 4120 4303 miuieus
4149 4262 4322 4318 pater,
4352 4260 4403 4306 et
4434 4252 4686 4307 dominus
4726 4266 4878 4306 meus
4905 4262 5030 4306 ante
5054 4267 5257 4305 annum
5284 4250 5477 4306 defun-

3890 4355 4008 4399 ctus
4036 4355 4139 4405 est,
4168 4348 4320 4414 cujus
4368 4347 4473 4399 vita
4505 4347 4547 4399 si
4578 4345 4873 4406 scribatur,
4906 4359 5097 4398 vereor
5125 4360 5190 4398 ne
5224 4342 5477 4399 fortassis

3890 4453 3919 4489 a
3966 4438 4285 4504 quibusdam
4343 4437 4604 4491 fratribus
4656 4435 4991 4490 incredibilis
5034 4435 5332 4503 jttdiceiur.
5370 4436 5476 4490 Sed

2194 4532 2513 4587 terribiliter
2536 4530 2839 4600 adjurahat,
2867 4540 2927 4585 ut
2956 4531 2999 4585 si
3034 4532 3251 4602 quando
3282 4532 3530 4585 l'ortass's
3556 4534 3786 4587 ρηοδες
3814 4520 3864 4580 Ι)
3893 4530 4035 4583 absit
4062 4548 4087 4581 a
4120 4546 4203 4583 me
4236 4531 4574 4584 mendacium
4602 4529 4859 4583 scribere.
4890 4526 5020 4581 Nam
5066 4529 5156 4596 qui
5189 4530 5475 4584 veritatem

2192 4631 2295 4688 ret,
2331 4638 2673 4693 nequaquam
2722 4637 2808 4677 me
2855 4621 2923 4677 ab
2968 4621 3084 4691 ejus
3133 4624 3477 4692 correptione
3524 4623 3792 4679 subduce-

2199 4730 2338 4777 rem,
2371 4714 2466 4769 sed
2496 4729 2710 4767 omnem
2743 4713 2795 4767 in
2837 4728 2903 4768 eo
2948 4713 3245 4785 disciplina:
3275 4714 3515 4778 modum,
3557 4716 3647 4783 qui
3680 4731 3794 4768 nie-

2194 4805 2387 4861 nacb‘s
2415 4806 2734 4867 debebatur,
2764 4805 3068 4875 implerem.
3119 4806 3194 4858 lta
3242 4807 3398 4874 plane
3449 4815 3503 4859 et
3547 4805 3788 4873 regulari]

2194 4896 2447 4952 tt:0naclti
2485 4906 2541 4949 et
2572 4874 2950 4950 aucroriiatem
2995 4895 3234 4966 episcopi
3268 4897 3364 4950 suh
3393 4898 3596 4950 alterna
3632 4899 3791 4950 \‘it‘is-

2194 4986 2434 5042 situdine
2457 4985 2800 5040 laudabiliter
2819 4985 3163 5041 observabat.
3181 4986 3491 5056 Opportune
3517 4989 3785 5058 s'quidem

2192 5085 2251 5135 ot
2305 5078 2666 5148 inopportuno
2722 5078 2891 5132 verbo
2943 5077 3345 5148 praedicationis
3399 5080 3679 5143 insta'ut,
3731 5090 3786 5134 et

2196 5171 2460 5252 quidquid
2507 5169 2821 5229 domesticis
2865 5170 3147 5241 subripere
3175 5170 3388 5227 valebat
3424 5174 3701 5241 expensis,
3732 5183 3787 5227 et

2270 5349 2421 5418 (3'57)
2461 5349 2638 5404 Icarus
2669 5347 2866 5403 Dredali
2914 5348 3076 5411 filius,
3126 5347 3368 5415 paternis
3416 5348 3631 5401 monitis
3679 5363 3785 5401 non

2194 5420 2601 5488 obtemperans,
2627 5422 2823 5474 misere
2851 5420 3031 5489 periit,
3055 5435 3120 5474 ex
3144 5418 3334 5474 Ovidio
3367 5419 3458 5473 lib.
3496 5436 3588 5473 \‘lll
3623 5419 3791 5472 Meta-

2200 5492 2436 5557 morplt.,
2466 5489 2821 5544 Mahillonius.

2269 5561 2420 5629 (538)
2465 5559 2669 5613 Nullam
2709 5559 2987 5631 liodulpho
3016 5560 3421 5614 venerationem
3452 5560 3517 5611 ah
3549 5560 3783 5631 Eugubi-

2201 5634 2285 5687 uis
2314 5632 2560 5686 exhiberi
2594 5630 3027 5684 animmlvertunt
3058 5631 3399 5684 Bollandistre
3429 5632 3495 5683 ad
3528 5630 3665 5684 diem
3710 5633 3781 5685 2‘6

2201 5702 2363 5757 Junii.
2397 5703 2594 5757 Verum
2632 5703 2749 5770 ejus
2780 5704 3034 5755 memoria
3078 5711 3257 5756 exstat
3296 5702 3346 5755 in
3393 5702 3776 5769 martyrolo'gio

2207 5771 2558 5829 Benedictino
2602 5770 2861 5836 ilenardi,
2913 5774 2962 5825 in
2997 5772 3298 5842 menolugio
3329 5772 3611 5837 Bueellini,
3636 5784 3685 5826 et
3720 5776 3771 5827 in

3895 4636 3994 4692 pro
4032 4622 4233 4675 viribus
4268 4624 4537 4676 veraciter
4559 4623 4698 4683 colo,
4722 4630 5084 4674 commentum
5113 4620 5343 4674 fallacia?
5369 4637 5475 4675 non

3895 4714 4144 4766 admitto.
4200 4712 4379 4781 Neque
4428 4716 4570 4764 enim
4622 4712 4748 4765 illud
4798 4725 4893 4764 nos
4936 4710 5058 4763 lalet
5092 4712 5355 4779 Apostoli,
5384 4714 5475 4781 qui

3895 4823 4015 4861 cum
4045 4806 4393 4875 praemisisset
4425 4824 4437 4859 :
4471 4805 4532 4859 Si
4564 4803 4807 4857 Christus
4841 4819 4941 4855 non
4968 4803 5273 4865 resurrexit,
5305 4804 5475 4855 innuis

3894 4913 3969 4955 est
4000 4920 4120 4969 ergo
4150 4900 4457 4968 prrrdicatio
4508 4908 4719 4961 nostra;
4754 4907 4948 4966 praesto
4997 4895 5475 4961 sulijnnaitzlure—

3897 4994 4071 5047 nimur
4101 5003 4275 5045 autem
4297 4990 4466 5063 488
4494 5000 4541 5043 et
4570 4988 4693 5056 fulsi
4723 4998 4874 5041 testes
4909 4986 5018 5045 Dei,
5049 4988 5305 5053 quoniam
5339 4988 5473 5038 testi-

3896 5086 4125 5136 monium
4178 5083 4408 5135 diximus
4466 5078 4716 5132 adversus
4770 5077 4954 5141 Deum,
5006 5079 5093 5145 qui
5141 5078 5473 5129 suscitarent

3896 5172 4182 5228 Christum.
4213 5188 4363 5225 auem
4415 5186 4517 5223 non
4552 5169 4843 5223 slacilarit.
4872 5169 4919 5221 si
4948 5167 5135 5220 mortui
5167 5183 5269 5219 non
5308 5183 5472 5217 resur—

3895 5352 4143 5417 catalugu
4176 5350 4429 5408 Ferraru,
4474 5349 4561 5417 qui
4606 5356 4752 5399 cuitu
4786 5345 4999 5413 publico
5046 5360 5169 5417 eum
5204 5347 5340 5414 apud
5376 5346 5469 5398 Eu-

3898 5416 4124 5491 guhinos
4158 5421 4411 5473 honorari
4443 5422 4494 5491 in
4529 5417 4763 5491 notisad
4795 5418 4967 5491 ipsum
4999 5416 5305 5491 cataloguut
5341 5420 5467 5466 unli-

3896 5487 4065 5551 Eavit;
4100 5494 4239 5561 quod
4278 5494 4438 5543 etiam
4471 5487 5017 5561 Jaeohillusrepetit,
5050 5488 5253 5540 addens
5274 5502 5467 5561 corpus

3892 5563 4005 5630 ejus
4055 5557 4304 5616 in'veteri
4350 5562 4631 5631 Enguhina
4677 5557 4904 5631 ccilesia
4940 5558 5463 5631 lmtnatum,inde_rn

3888 5628 4110 5689 alteram
4146 5628 4463 5687 translatum
4499 5632 4683 5693 fuisse,
4715 5630 5102 5700 conditumque
5124 5630 5221 5683 sub
5244 5644 5335 5684 ara
5358 5628 5467 5695 ejus

3887 5706 4085 5763 nomini
4113 5719 4285 5760 sacra.
