5652 6360
1051 373 1190 434 lli-13

1948 366 2113 429 vm
2150 367 2253 431 ss.
2283 368 2643 431 nonnum
2680 366 2771 426 ET
2810 363 3116 425 DOMtNlCl
3151 358 3507 456 LQRICATI;

4236 351 4379 411 10H

1047 504 1174 566 gnat
1208 492 1256 565 (1
1292 492 1415 550 Cor.
1457 493 1569 564 XV).
1627 493 1691 552 lt:
1747 490 1947 569 quibus
1999 492 2315 566 apostolicae
2361 480 2654 550 sententias
2688 491 2733 553 Α
2762 502 2962 560 pensas
2990 484 3047 543 in
3076 493 3267 543 ventre
3286 482 3452 540 simul
3484 480 3735 537 haberet.
3758 475 4164 569 Tanta-quippe
4190 490 4378 569 mace-

1048 585 1247 653 verbis,
1275 595 1333 640 ut
1359 602 1463 640 nou
1489 586 1698 645 diul'ras
1722 590 2098 655 immoremur,
2116 590 2170 643 in
2194 598 2449 660 promptu
2482 588 2654 643 lector

1048 679 1323 750 intelligit,
1354 678 1617 747 quoniam
1652 684 1745 754 qui
1789 684 1876 739 vel
1930 684 2121 747 Deum,
2168 680 2253 735 vel
2304 680 2397 735 Dei
2429 696 2652 735 servum

1047 771 1295 827 mirabili:
1320 770 1448 840 quid
1475 769 1677 833 fecisse
1706 776 1990 847 conﬁngit,
2038 790 2147 829 non
2197 774 2359 829 modo
2401 772 2653 829 fabricati

1044 860 1302 933 ρι’ωεοιιίἰ
1358 868 1648 931 ράξπιίυιιι
1695 883 1802 923 non
1856 876 2117 929 meretur,
2150 879 2341 921 verum
2367 863 2657 947 etiamad—

1045 969 1238 1011 Vet‘sus
1283 971 1411 1017 cum
1447 977 1610 1033 quem
1647 961 2001 1027 laudaverat,
2033 957 2230 1015 falsum
2281 956 2655 1013 testimonium

1046 1044 1344 1117 proluiiSSQ
1373 1054 1739 1109 convincitur.

1654 1143 1889 1202 CAPUT
1943 1144 2029 1199 Vl.

1506 1236 1597 1293 Fit
1628 1239 1920 1294 monachus
1951 1238 2192 1293 eremila.

1113 1326 1441 1391 Dominicus
1486 1334 1672 1404 itaque
1706 1348 1830 1388 cum
1871 1342 2018 1388 esset
2066 1332 2121 1387 in
2174 1330 2372 1388 saeculo
2395 1329 2652 1397 clericus,

1046 1418 1179 1500 'q'uta
1210 1436 1339 1483 tunc
1384 1426 1697 1483 Simoniaca
1734 1426 1952 1498 vigebat
1996 1426 2243 1491 haeresis,
2272 1441 2396 1497 qua:
2425 1434 2479 1481 et
2508 1440 2658 1481 nunc

1050 1522 1265 1577 utinam
1293 1536 1516 1591 prorsus
1562 1529 1711 1576 esset
1747 1522 2042 1587 exstincta,
2073 1528 2130 1574 ut
2159 1524 2446 1592 presbyter
2474 1518 2653 1584 fleret,

1051 1628 1082 1668 a
1113 1612 1429 1681 parentibus
1467 1612 1585 1681 eius
1629 1611 1753 1665 data
1784 1620 1870 1666 est
1917 1611 2176 1682 episcopo
2226 1610 2465 1666 liircina:
2496 1610 2656 1680 pellis

1051 1702 1221 1769 aluta,
1250 1704 1397 1774 quia,
1427 1704 1571 1758 sicut
1598 1705 1676 1758 ait
1716 1703 2054 1783 Apostolus:
2082 1704 2435 1775 Diligentibus
2480 1704 2654 1760 Deum

1050 1794 1231 1849 mnia
1273 1809 1621 1863 coaperuntur
1650 1795 1705 1849 in
1739 1796 1932 1850 bonum
1983 1794 2164 1869 (Rom.
2200 1796 2346 1865 vni),
2398 1798 2515 1853 lucc
2547 1812 2653 1853 una

2758 578 3025 635 rabantur
3059 576 3240 633 inedia
3272 581 3334 629 ut
3360 572 3551 629 aridus
3581 569 3743 640 panis
3772 566 4184 637 constiparetur
4210 565 4266 622 iu
4294 563 4380 621 ili-

2755 672 2859 728 bus
2885 686 2952 725 ac
2975 669 3148 742 digeri
3177 665 3395 723 difficile
3419 664 3710 736 potuisset.

2826 766 2943 821 Illic
2966 766 3134 820 etiam
3160 762 3385 834 quidam
3418 759 3593 814 frater
3627 765 3770 823 erat,
3806 756 3899 827 qui
3923 767 4069 825 saepe
4092 753 4379 826 vagabun-

2756 857 2858 915 dus
2883 854 3067 927 egredi
3116 854 3183 908 de
3210 851 3347 909 cella
3382 855 3711 913 tentaverat,
3739 861 3903 917 quem
3959 843 4207 901 Joannes
4228 842 4382 915 prior

2755 949 2953 1015 eremi,
2983 954 3150 1019 prout
3202 946 3425 1017 dignum
3475 950 3622 1009 erat,
3647 941 3800 1014 prius
3832 948 4056 996 austere
4085 937 4377 1010 corripuit,
4421 986 4424 991 .

2755 1045 2952 1103 deinde
2981 1045 3035 1099 in
3064 1058 3164 1100 sua
3197 1040 3491 1113 prtesenlia
3519 1037 3781 1110 vapulare
3804 1034 4090 1107 praecepit.
4122 1032 4373 1105 Cumque

2747 1137 2978 1210 iubente
3002 1136 3268 1208 magistro
3292 1148 3352 1189 se
3377 1131 3636 1203 caepisset
3662 1129 3911 1196 induere,
3960 1128 4200 1199 superbe
4232 1124 4382 1181 locu-

2755 1238 2845 1287 tus
2864 1238 2967 1286 est.
2997 1228 3170 1297 Quem
3204 1240 3394 1282 rursus
3418 1224 3681 1294 magister
3705 1221 3855 1288 exui,
3890 1232 4084 1275 rursus
4112 1215 4381 1289 praecepit
4410 1258 4415 1263 .

2756 1322 3061 1379 verberari.
3088 1319 3197 1376 Sed
3221 1319 3402 1375 adhuc
3430 1318 3598 1373 etiam
3622 1330 3683 1372 se
3709 1314 3915 1371 vestire
3952 1312 4244 1384 incipiens,
4284 1323 4379 1365 su-
4404 1344 4413 1349 -

2757 1416 2986 1488 perbum
3012 1412 3144 1485 quid
3197 1410 3420 1467 efﬂuere
3452 1425 3560 1465 non
3608 1407 3867 1465 cessavit.
3922 1404 4017 1462 Sic
4066 1402 4250 1471 tertio,
4298 1400 4418 1459 sic:

2756 1516 2976 1578 quarto,
3001 1504 3120 1560 etsi
3154 1503 3258 1558 rite
3290 1510 3473 1566 teneo,
3506 1514 3683 1572 usque
3710 1497 3893 1556 sexies
3939 1494 4266 1552 verberatus
4292 1500 4379 1551 est

2757 1615 2861 1657 nec
2900 1598 3249 1655 emendatus.
3279 1595 3491 1652 Exutus
3520 1595 3666 1650 enim
3697 1601 3755 1649 et
3808 1590 4100 1648 reindutus
4148 1586 4383 1646 humilia

2756 1694 3091 1766 respondere
3113 1707 3220 1747 non
3249 1689 3444 1763 potuit.
3480 1687 3729 1760 Septima
3745 1701 3879 1742 vero
3904 1684 4025 1741 vice
4048 1681 4376 1756 ﬂagellatus,

2758 1801 2883 1842 cum
2912 1800 2974 1842 se
3007 1785 3267 1855 coepisset
3297 1783 3546 1847 induere,
3571 1780 3722 1837 clara
3751 1778 3920 1850 etrapit
3946 1792 4085 1833 voce
4115 1774 4378 1840 clamare,

1051 1882 1199 1939 beati
1231 1882 1330 1938 viri
1374 1884 1534 1953 culpa
1579 1884 1876 1941 multorum
1921 1866 2042 1958 post
2085 1884 2358 1943 bonorum
2391 1866 2733 1958 probaturB
2759 1878 2981 1935 dicens:
3007 1875 3148 1932 Ecce
3169 1874 3419 1931 diabolus
3452 1873 3609 1939 abiit,
3662 1882 3794 1929 ecce
3842 1868 4216 1949 nequissimus
4268 1866 4381 1923 mei
4401 1910 4415 1921 ,η

1047 1972 1328 2030 exstitisse
1356 1976 1606 2030 materia.
1630 1975 1766 2031 Nam
1782 1978 1896 2033 .hoc
1921 1992 2123 2048 pavore
2152 1978 2500 2052 perterritus,
2526 1998 2655 2039 con-

1055 2065 1276 2136 tempsit
1324 2067 1607 2134 steculum,
1664 2069 1844 2125 induit
1892 2071 2258 2140 monaclunn,
2313 2074 2658 2146 arduumque

1050 2170 1178 2213 mox
1229 2157 1525 2213 cremiticm
1572 2148 1721 2226 vitae,
1756 2167 2018 2232 tanquam
2049 2162 2283 2219 bellator
2320 2164 2654 2236 intrepidus,

1048 2246 1286 2317 arripuit
1332 2248 1663 2305 institutum.
1719 2250 1828 2306 Sed
1874 2253 2005 2323 quia
2053 2254 2197 2312 male
2238 2266 2521 2327 promotus
2549 2266 2654 2323 est,

1052 2338 1227 2397 donec
1251 2340 1486 2409 advixit,
1528 2348 1873 2401 sacrosancti
1906 2347 2100 2402 altaris
2122 2363 2389 2421 usurpare
2417 2351 2660 2407 ministe-

1052 2429 1198 2488 rium
1227 2448 1335 2488 non
1367 2436 1735 2506 praesumpsit.
1784 2436 1951 2511 Virgo
1982 2456 2155 2511 usque
2197 2442 2265 2497 ad
2291 2442 2502 2499 obitum
2533 2446 2654 2512 fuit,

1051 2516 1224 2577 vitam
1253 2525 1595 2580 eremiticam
1625 2542 1734 2583 non
1770 2530 1977 2597 omisit,
2008 2532 2101 2588 ubi
2130 2532 2390 2589 nimirum
2413 2536 2516 2591 sub
2541 2552 2661 2592 ma-

1051 2616 1282 2685 gisterio
1305 2620 1479 2674 sancti
1513 2620 1614 2675 viri
1655 2621 1902 2691 Joannis,
1941 2626 2034 2695 qui
2062 2625 2349 2707 dicebatur
2378 2628 2445 2683 de
2475 2639 2659 2686 monte

1054 2707 1289 2776 Feretri,
1322 2726 1419 2781 per
1442 2712 1707 2782 plurimos
1737 2717 1874 2772 vixit
1906 2734 2101 2776 annos.
2130 2719 2188 2774 in
2221 2719 2311 2775 illa
2342 2721 2511 2793 igitur
2532 2738 2658 2779 ere-

1051 2814 1164 2862 nio,
1195 2817 1315 2871 qua:
1341 2803 1551 2860 scilicet
1584 2818 1705 2861 erat
1754 2808 1809 2863 in
1863 2811 2089 2881 regione
2129 2827 2254 2882 qute
2307 2812 2511 2869 dicitur
2545 2814 2659 2869 Lu-

1053 2893 1193 2949 ceoli
1228 2894 1402 2967 (539).
1447 2900 1769 2968 constituta,
1816 2902 2005 2959 decem
2058 2914 2115 2961 et
2164 2914 2290 2961 octo
2333 2908 2660 2965 videbantur

1053 2986 1262 3042 celluhe
1291 2990 1357 3044 ad
1390 2990 1748 3048 habitandum
1799 2995 2068 3055 fratribus
2121 3000 2418 3071 deputatae,
2453 3003 2541 3058 ubi
2574 3004 2659 3057 ni-

1051 3079 1251 3136 mirum
1278 3083 1379 3137 sub
1402 3084 1504 3140 hac
1531 3086 1715 3158 regula
1740 3089 2047 3156 vivebatur,
2072 3100 2132 3146 ut
2162 3108 2440 3163 nunquam
2471 3094 2655 3151 vinum

1050 3169 1321 3239 biberent,
1351 3192 1626 3247 nunquam
1656 3180 1815 3251 adipe
1846 3182 2108 3239 alimenta
2135 3185 2456 3253 condirent;
2485 3204 2651 3244 unum
2681 3234 2727 3297 Ο

1050 3262 1108 3297 ἓ..
1140 3264 1415 3297 ηηηιςηζηη
1448 3271 1530 3297 ,ειη
1586 3273 1680 3297 -..Α
1706 3282 1753 3297 Α.
1791 3274 1969 3297 .--.:--.--
2020 3274 2144 3297 mea-
2194 3277 2523 3297 μηιμηῄμημ
2565 3294 2615 3297 ,η

1050 3262 1108 3320 in
1138 3264 1416 3323 Dominica
1446 3271 1552 3339 die,
1585 3273 1681 3327 sed
1702 3282 1757 3328 et
1787 3274 1974 3343 quinta
2019 3274 2151 3331 feria
2194 3277 2531 3348 pulmentum
2559 3294 2652 3335 su-

1050 3365 1289 3424 merent,
1336 3360 1579 3430 quinque
1628 3378 1726 3433 per
1756 3365 2153 3422 hebdomadam
2188 3368 2395 3425 .diebus
2428 3371 2479 3435 in
2512 3388 2656 3442 pane

960 3511 981 3527 ι
1054 3456 1114 3501 et
1136 3463 1281 3518 aqua
1324 3449 1595 3520 ieiunium
1646 3455 2025 3524 celebrarent;
2066 3460 2196 3515 solis
2226 3470 2423 3516 autem.
2453 3465 2659 3519 oratio-

1049 3538 1214 3595 nibus
1242 3551 1523 3607 vacantes,
1568 3544 1653 3600 vel
1704 3562 1962 3603 manuum
2007 3551 2267 3620 operibus
2321 3552 2660 3623 insistentes,

1050 3646 1161 3687 non
1208 3634 1593 3705 agriculturam
1641 3640 1995 3706 exercebant,
2030 3658 2136 3697 non
2163 3644 2395 3713 praedia,
2440 3646 2525 3702 vel
2556 3649 2659 3702 ali-

1048 3738 1215 3795 quam
1246 3726 1627 3793 substantiam,
1659 3740 1859 3801 prater
1902 3748 2067 3787 unum
2112 3736 2443 3805 sagmarium
2489 3741 2663 3809 possi-

1050 3815 1273 3871 debant.
1301 3818 1436 3873 Cum
1466 3836 1575 3891 quo
1617 3822 1828 3880 scilicet
1859 3826 2028 3881 asello
2082 3828 2166 3883 vel
2201 3844 2344 3900 equo
2373 3846 2516 3886 unus
2542 3844 2664 3889 erat

1051 3903 1324 3975 minister,
1355 3914 1447 3983 qui
1499 3915 1583 3970 vel
1630 3918 1697 3972 ad
1729 3920 2118 3989 acquirendas,
2175 3922 2261 3976 vel
2305 3924 2370 3976 ad
2408 3927 2663 3983 tercndas

1050 4000 1239 4072 fruges
1271 4003 1589 4061 iudcliciens
1640 4008 2006 4076 discurrebat,
2038 4011 2295 4084 solusque
2320 4030 2416 4070 eos
2444 4017 2496 4070 in
2526 4033 2663 4073 cun-

1052 4093 1159 4147 ctis
1192 4096 1609 4153 necessitatibus
1634 4103 1998 4167 sustentabat,
2040 4104 2281 4161 Joannes
2308 4108 2539 4175 scilicet,
2569 4111 2662 4182 qui

1050 4190 1402 4257 postmodum
1438 4190 1539 4246 loci
1572 4192 1741 4251 abbas
1774 4196 1969 4263 factus,
2000 4198 2101 4253 sub
2131 4201 2359 4257 honesta
2390 4205 2534 4259 rexit
2571 4207 2665 4261 ad-

1051 4278 1456 4339 ministratione
1475 4295 1822 4342 conventum.
1852 4288 2135 4347 Teucbant
2165 4302 2346 4348 autem
2373 4311 2471 4365 per
2493 4307 2663 4352 totam

1052 4369 1452 4429 hebdomadam
1486 4376 1734 4433 districta
1784 4396 2018 4437 censura
2052 4383 2353 4451 silentium,
2383 4392 2529 4458 quod
2561 4368 2663 4443 nti-

1051 4477 1162 4531 que
1180 4464 1455 4521 Dominica
1480 4469 1566 4523 die
1592 4481 1717 4538 post
1742 4488 2050 4544 vesperum,
2069 4477 2362 4550 cibumque
2390 4482 2664 4539 solventes

2759 1972 2944 2029 cordis
2991 1970 3275 2027 habitator
3322 1966 3558 2039 aulngit,
3643 1979 3842 2036 meque
3890 1963 4123 2019 nexibus
4180 1960 4384 2032 quibus

2760 2062 3107 2136 astringebar
3159 2058 3407 2117 ell'ractis
3481 2060 3716 2115 liberum
3777 2055 4089 2127 dereliquit.
4146 2051 4381 2125 Jamjam

2760 2158 2981 2217 domino
3013 2164 3069 2213 et
3093 2155 3358 2226 magistro
3381 2167 3504 2209 meo
3533 2151 3772 2209 libenter
3803 2150 4123 2220 obtempero
4151 2146 4382 2219 eiusque

2760 2242 2848 2305 me
2870 2247 3212 2305 subdendum
3251 2244 3464 2318 legibus
3488 2257 3589 2314 per
3633 2240 3819 2298 omnia
3879 2238 4226 2311 repromitto.
4265 2236 4384 2293 Hoc

2758 2342 2922 2398 modo
2947 2341 3119 2397 frater
3141 2340 3231 2397 ille
3254 2339 3322 2395 ad
3344 2336 3670 2394 humilitatis
3700 2333 4004 2391 custodiam
4030 2330 4215 2399 rediit,
4247 2339 4298 2387 et
4327 2329 4385 2387 in

2759 2434 2953 2492 cellula
2981 2433 3189 2506 iugiter
3216 2445 3602 2504 perseverans,
3651 2429 3720 2487 de
3745 2437 3950 2485 czetero
3980 2422 4384 2498 irreprehensi-
4416 2462 4417 2465 η

2761 2528 2951 2584 biliter
2975 2527 3132 2582 vixit.

3383 2621 3616 2679 CAPUT
3656 2619 3771 2677 VII.

3049 2717 3141 2772 Fit
3171 2716 3237 2773 Β.
3264 2716 3417 2772 Petri
3441 2716 3696 2781 Damiani
3722 2713 4038 2785 discrpulus.

2830 2811 3016 2883 Longe
3046 2825 3179 2865 vero
3222 2817 3367 2880 post,
3422 2807 3690 2880 magistro
3713 2806 3994 2877 prccbente
4020 2818 4376 2871 consensum,

2759 2906 3015 2978 dignatus
3038 2912 3125 2966 est
3155 2903 3241 2958 vir
3267 2912 3493 2957 sanctus
3544 2900 3840 2973 praedictus
3874 2899 4007 2955 mihi
4060 2899 4289 2959 misero.
4322 2911 4381 2955 et

2760 3017 2923 3073 quem
2960 3001 3077 3072 ipse
3121 2998 3403 3068 suscipere
3446 2997 3791 3067 dignaretur,
3845 2995 4088 3066 indigno,
4132 2995 4271 3050 mira
4316 3009 4378 3050 se

2760 3108 2987 3164 prorsus
3011 3090 3327 3146 humilitate
3350 3088 3721 3153 committere,
3752 3098 3809 3143 et
3834 3087 3979 3144 sicut
4020 3086 4207 3142 abbati
4264 3100 4381 3142 ιιιο·

2761 3187 3000 3242 nachum
3044 3182 3361 3252 subiugare.
3389 3180 3490 3237 Cui
3533 3180 3793 3235 nimirum
3819 3178 4099 3250 praestitit,
4128 3194 4236 3235 non
4290 3194 4383 3236 ac-

2760 3278 2924 3349 cepit.
2944 3277 3011 3331 Et
3039 3290 3202 3347 quem
3228 3287 3577 3343 snsceperam
3600 3270 3815 3325 velutin
3844 3268 4185 3339 subiectione
4208 3270 4381 3328 clien-

2761 3378 2893 3431 tem,
2924 3365 3135 3438 gaudeo
3167 3379 3253 3418 me
3290 3363 3342 3418 in
3366 3361 3553 3418 schola
3568 3360 3771 3417 Christi
3801 3374 3933 3416 vere
3986 3359 4379 3432 philosophum

2759 3460 3074 3532 percepisse
3098 3458 3403 3513 doctorem.
3434 3455 3573 3512 Tota
3601 3456 3803 3527 quippe
3824 3454 3938 3510 vita
3963 3454 4083 3525 eius
4104 3455 4379 3526 praedica-

2760 3555 2840 3610 tio
2864 3564 2919 3609 et
2940 3550 3255 3616 :edilicatio,
3277 3547 3528 3604 doctrina
3550 3556 3673 3602 erat
3700 3557 3755 3603 et
3777 3544 4087 3619 disciplina.
4114 3545 4222 3603 Sed
4245 3548 4378 3619 quia

2762 3662 2861 3702 nos
2888 3643 3147 3700 nonnulla
3194 3640 3356 3711 hujus
3395 3640 3575 3695 sancti
3618 3639 3720 3693 viri
3750 3639 3945 3720 dicta,“
3969 3637 4055 3693 vel
4085 3637 4232 3695 facta
4278 3654 4384 3713 per

2764 3738 2977 3794 diversa
3009 3736 3248 3791 dictatus
3279 3732 3451 3790 nostri
3470 3730 3585 3801 iam
3613 3730 3877 3802 opuscula
3903 3731 4233 3801 sparsimus,
4264 3747 4375 3790 non

2764 3832 2984 3885 videtur
3020 3829 3342 3893 absurdum,
3373 3825 3417 3880 si
3464 3826 3656 3880 eadem
3706 3824 3818 3889 hic,
3879 3839 4001 3895 quae
4044 3833 4228 3881 tamen
4264 3841 4382 3898 pra:

2766 3922 3023 3979 manibus
3077 3918 3370 3985 habentur,
3403 3932 3468 3973 eo
3517 3918 3636 3988 ipso
3664 3916 3806 3988 stylo
3837 3931 3947 3988 quo
3990 3917 4195 3988 scripta
4252 3927 4383 3975 sunt

2766 4027 3126 4085 apponamus.
3177 4011 3324 4065 Sane
3376 4008 3643 4065 facilioris
3683 4016 3770 4063 est
3824 4008 4008 4063 exitus
4064 4021 4132 4062 ex
4183 4008 4385 4064 dolatis

2766 4108 2930 4181 lignis
2986 4106 3207 4161 domum
3255 4113 3577 4159 construere
3633 4116 3799 4174 quam
3851 4092 4085 4157 dolande
4128 4100 4386 4160 simulet

2768 4197 3140 4256 construendo
3166 4194 3370 4250 laboris
3397 4193 3720 4250 exercitium
3745 4192 4048 4264 geminare.
4073 4191 4213 4249 Nam
4233 4200 4290 4249 et
4315 4191 4390 4253 de

2770 4292 2973 4364 templo
3004 4288 3315 4347 Salomonis
3345 4287 3769 4365 scriptumest:
3798 4285 4004 4340 Danaus
4044 4295 4223 4341 autem
4258 4302 4381 4341 eum

2769 4370 3429 4455 édiﬁcareturlapidibus,
3454 4380 3520 4433 de
3545 4377 3716 4451 5.90
3736 4376 3933 4433 dolatis
3954 4387 4112 4448 atque
4136 4377 4385 4450 perfectis

2770 4476 3038 4545 mdiﬁcata
3068 4486 3178 4539 est;
3219 4483 3267 4527 et
3316 4471 3562 4538 malleus,
3596 4482 3645 4526 et
3675 4470 3902 4536 securis,
3944 4482 3993 4525 et
4017 4486 4170 4526 omne
4215 4470 4386 4542 ferra-

1052 4552 1333 4609 habebant
1382 4556 1635 4626 loquendi
1689 4563 1918 4618 invicem
1956 4581 2129 4637 usque
2165 4570 2235 4623 ad
2284 4572 2665 4641 complelionis
2694 4606 2745 4665 υ
2772 4580 3028 4634 mentum,
3060 4584 3164 4621 non
3196 4575 3318 4621 sunt
3350 4564 3537 4619 audita
3568 4564 3624 4618 in
3666 4564 3846 4630 domo,
3879 4580 3996 4618 cum
4023 4564 4388 4633 aediﬁcaretur

1055 4642 1287 4665 -m-!”_,-
1325 4647 1376 4665 I'I
1414 4664 1421 4665 ,
1468 4659 1477 4665 .
1525 4660 1535 4665 -
1672 4652 1715 4665 ιο
1775 4656 1805 4665 ..
2241 4661 2271 4665 --
2514 4664 2537 4665 η
2807 4662 2826 4665 μ
2871 4661 2901 4665 _
3099 4660 3106 4665 .
3172 4658 3215 4665 --
3256 4659 3268 4665 -
3757 4652 3769 4665 ι
3857 4662 3867 4665 _
4065 4662 4073 4665 -

1050 4642 1293 4699 oliicium
1324 4647 1650 4706 libertatem.
1670 4652 1841 4709 Nudis
1865 4667 2125 4727 praeterea
2152 4661 2379 4730 pedibus
2406 4672 2463 4718 et
2496 4664 2666 4737 489

1052 4736 1311 4791 cruribus
1336 4738 1544 4810 iugiter
1581 4742 1634 4797 in
1657 4745 1869 4801 cellulis
1894 4750 2271 4805 morabantur.
2306 4752 2453 4807 Dixit
2480 4736 2662 4811 autem

1052 4828 1191 4883 mihi
1216 4832 1363 4900 quia,
1397 4848 1519 4888 cum
1570 4836 1914 4895 cohabitaret
1956 4842 2186 4907 Ausoni,
2237 4844 2490 4915 religioso
2518 4848 2667 4903 vide-

1056 4921 1187 4978 licet
1246 4925 1364 4981 viro
1401 4942 1561 4997 quem
1605 4939 1661 4983 et
1704 4929 1819 4999 ipse
1864 4932 1994 4997 vidi,
2046 4936 2289 5004 quotidie
2334 4951 2430 5008 per
2476 4953 2669 4995 omnes

1056 5015 1225 5071 horas
1254 5022 1546 5074 canonicas
1569 5021 1914 5094 disciplinam
1941 5026 2163 5082 sibimet
2207 5028 2440 5085 invicem
2468 5046 2665 5102 sc0pa-

1056 5121 1189 5186 rum
1215 5108 1412 5167 ictibus
1441 5110 1780 5184 ingerebant.
1816 5115 1915 5184 Qui
1958 5118 2213 5174 videlicet
2257 5120 2405 5175 Anso
2436 5120 2536 5176 sibi
2565 5122 2665 5177 ali-

1057 5199 1278 5268 quando
1308 5212 1639 5273 conquestus
1683 5214 1769 5261 est
1812 5208 1956 5277 quod
2001 5224 2195 5265 novem
2245 5210 2449 5268 diarias
2508 5213 2665 5284 panis

1132 5343 1281 5421 (339)
1303 5344 1596 5421 Luceoium
1628 5349 1822 5404 civitas
1846 5349 2088 5407 Umbriae
2115 5353 2494 5421 antiquissima
2520 5354 2664 5408 inter

1056 5414 1362 5494 Ca_leu53m
1391 5429 1445 5473 et
1471 5419 1806 5487 Eugubinam
1835 5423 2030 5494 urbem
2048 5426 2176 5478 olim
2204 5414 2326 5488 sita,
2352 5443 2473 5494 qum
2499 5428 2661 5481 modo

1038 5486 1221 5562 "vulgo
1251 5486 1636 5562 Ponterczzoli,
1670 5508 1803 5560 pons
1834 5492 2084 5557 Riccioli,
2122 5486 2383 5562 corrupto
2411 5497 2659 5552 vocabuli

1056 5560 1414 5635 uouiineloco
1438 5564 1617 5635 pontis
1634 5563 1871 5630 aneoli,
1900 5576 2264 5635 nuncupatur.
2293 5560 2405 5623 Hoc
2440 5582 2659 5622 monas-

1058 5634 1259 5685 terium
1285 5648 1313 5685 a
1422 5631 1735 5706 ltomualdo
1754 5631 2250 5692 Camaldulensium
2282 5649 2505 5706 parente
2532 5654 2664 5693 con—

1056 5711 1329 5777 structum
1362 5704 1526 5777 fuisse
1556 5705 1703 5760 circa
1740 5706 1935 5761 decimi
1967 5709 2149 5763 szeculi
2178 5704 2362 5777 linem,
2391 5711 2442 5766 in
2478 5709 2665 5766 Fontis

1056 5773 1334 5829 Avellana:
1358 5774 1618 5833 chronico
1654 5792 1754 5831 ms.
1786 5779 2099 5834 adnotatur.

1133 5845 1279 5917 (διο)
1312 5847 1403 5901 Est
1434 5848 1753 5917 opusculum
1800 5865 1873 5904 ιι.
1913 5850 2096 5907 'l'cuzo
2126 5860 2308 5907 autem
2362 5852 2664 5910 monachus

2773 4662 2826 4733 (I
2861 4661 2991 4733 Reg.
3043 4660 3148 4731 vi).
3172 4658 3451 4714 Habemus
3504 4665 3561 4713 et
3605 4652 3906 4723 nos,iuxta
3954 4662 4158 4709 nostra:
4188 4668 4385 4710 manus

2772 4755 3131 4827 imperitiam,
3156 4752 3357 4824 politos
3395 4750 3628 4821 lapides,
3650 4763 3790 4820 quos
3824 4746 4017 4818 utique
4060 4744 4264 4802 suﬁicit
4286 4760 4387 4802 no-

2773 4850 2878 4916 bis,
2907 4856 2965 4903 ut
3018 4848 3073 4901 in
3123 4843 3725 4911 structuraaduntaxat,
3772 4840 3847 4896 ita
3897 4847 3960 4896 ut
4002 4837 4211 4895 inventi
4234 4845 4385 4905 sunt,

2773 4941 3098 5015 simpliciter
3121 4939 3460 4996 ordinemus.

3378 5026 3611 5086 CAPUT
3650 5026 3785 5084 Vﬂl'.

2860 5122 2923 5181 S.
2953 5123 3263 5180 Dominicns
3292 5122 3468 5193 ferrea
3492 5120 3660 5177 lorica
3688 5121 3758 5176 ad
3795 5135 4011 5175 camena
4047 5119 4291 5176 indutus.

2837 5216 2896 5272 In
2920 5214 3147 5288 epistola
3170 5202 3355 5285 itaque
3377 5212 3447 5269 ad
3467 5212 3732 5268 domuum
3762 5210 4075 5268 Teuxonem
4124 5210 4278 5284 (540)
4303 5208 4391 5267 iu-

2766 5361 2889 5408 erat
2918 5350 2977 5407 S.
3014 5349 3209 5405 Mariae
3236 5349 3379 5419 apud
3403 5347 3768 5414 Florentiam,
3799 5348 3892 5420 qui
3944 5346 4014 5402 ab
4062 5346 4260 5403 abbate
4289 5360 4390 5403 suo

2763 5423 3025 5477 Albizone
3045 5422 3417 5477 dissentiense
3444 5420 3779 5475 monasterio
3800 5420 4146 5481 discesserat,
4167 5428 4217 5473 et
4237 5424 4388 5489 post-

2767 5511 2832 5551 ea
2860 5497 3025 5549 etiam
3060 5493 3275 5547 Petrum
3304 5492 3623 5547 Damianum
3650 5490 3717 5545 ad
3740 5506 3799 5545 se
3830 5491 4158 5548 venientem.
4186 5498 4388 5543 utenm

2772 5583 2896 5622 cum
2931 5567 3135 5621 abbate
3168 5562 3572 5624 reconciliaret,
3596 5576 3627 5616 e
3649 5560 3785 5617 cella
3837 5560 4001 5616 simul
4036 5575 4161 5616 cum
4190 5558 4391 5617 abbate

2773 5638 3030 5713 eiecerat,
3064 5634 3335 5713 quare__ad
3370 5650 3494 5713 eum
3526 5632 3726 5713 Petrus
3742 5632 3955 5713 scribit,
3981 5640 4044 5686 ut
4062 5638 4386 5713 sanctorum

2774 5702 2937 5783 diuis
2959 5702 3312 5783 et__ex_en_iplis'
3352 5706 3420 5783 ad
3468 5703 3751 5783 meliorem
3777 5702 3995 5783 frugem
4026 5709 4282 5783 revocet;
4314 5702 4388 5755 ita

2774 5779 2857 5834 Cl.
2895 5778 2959 5834 ν.
2990 5769 3338 5833 Mabillonins
3368 5778 3421 5835 in
3448 5769 3901 5833 adnotationibus
3924 5774 3991 5830 ad
4028 5772 4170 5829 hanc
4197 5769 4381 5828 Vitam

2777 5866 2899 5915 sate.
2933 5866 3010 5917 νι,
3038 5863 3157 5921 par.
3187 5865 3249 5905 ιι.
