5652 6416
88 1216 93 1225 ι

88 1076 151 1585 ἒ

98 1578 149 1597 ,λι

98 1810 105 1819 Ι

88 1580 163 1983 ἒ

452 13 4262 93 m—

2132 430 2267 485 1015

2559 423 2619 481 S.
2648 422 2863 478 'PETIU
2902 415 3185 475 DAULLVI
3214 413 3367 471 OPP.
3407 408 3591 468 PARS
3629 407 3757 465 SEU
3788 406 4035 464 1⁵031ιί8
4065 404 4130 462 ll.
4166 398 4233 446 :-
4263 403 4690 462 δΑΝιῖτοιιυιι
4733 400 4936 461 \‘lTJ'I.

5264 406 5400 460 9016

2125 548 2336 603 dmum
2361 543 2543 606 missa,
2573 541 2676 595 hoc
2698 552 2795 593 me.
2828 534 3113 605 εει-ἱρείη
3159 531 3406 601 reperio;
3438 548 3458 580 ο
3492 530 3586 583 sed
3615 543 3714 582 cur
3743 532 3786 586 Λ
3820 524 4085 587 tabescat,
4133 522 4331 576 mirum
4363 521 4503 577 unde
4531 521 4606 576 illi
4640 530 4823 577 tantus
4868 521 5045 576 fervor
5094 522 5403 585 incandeat,

2130 654 2233 711 ego
2278 646 2495 693 sanctos
2533 626 3014 688 commemorando
3052 625 3203 679 viros
3250 622 3468 677 diversa
3508 618 3712 690 passim

2130 735 2246 788 loca
2294 728 2587 800 perlustro,
2612 722 3047 795 quandoquidem
3078 719 3221 773 intra
3280 718 3473 781 limen,
3497 720 3552 769 et
3602 725 3714 781 pra:

2131 824 2378 882 manibus
2425 831 2603 883 teneo,
2634 820 2700 874 ad
2726 815 2879 885 cuius
2928 815 3091 886 digne
3131 812 3404 868 ederenda
3445 806 3713 879 praeonia

2131 918 2304 985 impar
2326 914 2532 968 viribus
2554 926 2665 965 non
2689 907 2952 979 assurgo?
2987 905 3145 960 Certe
3168 902 3379 958 cellulis
3393 899 3716 955 altrinsecus

2127 1004 2455 1064 constitutis.
2480 1001 2592 1057 solo
2621 1000 2859 1056 basilicae
2915 996 3203 1053 mediantis
3246 991 3558 1051 interstitio.
3612 1004 3719 1060 ego

2126 1098 2324 1167 illeque
2343 1093 2656 1149 dividimur.
2696 1090 2864 1159 Cujus
2903 1090 2949 1145 si
2993 1087 3284 1141 virtutibus
3330 1082 3717 1141 enumerandis

2127 1188 2365 1260 invigilo,
2402 1196 2527 1241 ante
2556 1184 2673 1239 dies
2692 1183 2925 1238 elabitur
2961 1196 3124 1251 quam
3162 1177 3436 1233 scribendi
3487 1177 3715 1233 materia

2124 1281 2355 1336 deiicere
2380 1293 2539 1347 posse
2569 1276 2833 1330 videatur.
2878 1271 3217 1328 Dominicum
3264 1269 3407 1333 dico,
3440 1269 3714 1323 doctorem

2122 1374 2378 1429 videlicet
2402 1381 2451 1427 et
2482 1372 2753 1435 dominum
2812 1385 3014 1431 mcum,
3069 1368 3223 1436 cujus
3269 1364 3486 1435 quidem
3534 1365 3713 1433 lingua

2125 1467 2326 1521 rustica
2349 1474 2452 1528 est,
2476 1465 2568 1519 sed
2591 1464 2697 1517 vita
2740 1462 3033 1517 artificiosa
3081 1460 3215 1514 satis
3266 1469 3320 1513 et
3345 1458 3541 1527 lepida.
3584 1455 3715 1522 Qua:

2123 1571 2255 1613 sane
2276 1555 2384 1610 vita
2406 1556 2539 1610 satis
2558 1555 2743 1609 utilius
2767 1554 2834 1609 ad
2862 1554 3272 1608 aedificationem
3297 1552 3436 1605 vivis
3460 1552 3715 1620 aperibus

2119 1647 2563 1719 praedicatquam
2590 1648 2792 1702 sterilis
2839 1645 3199 1715 quorumdam
3248 1644 3451 1711 lingua,
3475 1660 3595 1712 qua:
3626 1659 3716 1698 ac-

2120 1748 2307 1796 curata
2330 1740 2631 1811 phalerata:
2648 1739 2977 1794 urbanitatis
2996 1738 3160 1793 verba
3198 1738 3435 1791 inaniter
3465 1738 3711 1791 trutinat.

2119 1831 2305 1903 Longo
2338 1830 2453 1902 jam
2502 1847 2771 1887 annorum
2812 1830 3059 1885 elabente
3102 1828 3396 1891 curriculo,
3423 1827 3596 1882 ferrea
3645 1829 3710 1880 ad

2120 1936 2339 1977 carnem
2383 1920 2547 1975 lorica
2616 1922 2961 1990 praecinctus,
3008 1920 3435 1974 infoederabilem
3477 1935 3710 1988 pugnam

2119 2026 2241 2066 cum
2275 2010 2475 2080 iniquis
2496 2011 2780 2080 spiritibus
2821 2011 3079 2074 conserit,
3113 2025 3438 2078 semperque
3490 2018 3712 2078 paratus

2116 2101 2185 2155 ad
2210 2101 2478 2172 prmlinm,
2510 2118 2616 2156 non
2648 2100 2821 2155 solum
2849 2101 3034 2162 corde,
3098 2100 3193 2154 sed
3225 2108 3279 2152 et
3313 2114 3541 2166 corpore
3570 2117 3710 2168 pre-

2118 2192 2330 2247 munito
2354 2193 2617 2247 adversus
2646 2191 2872 2246 hostiles
2920 2190 3067 2246 acies
3098 2189 3337 2244 fervidus
3371 2188 3597 2241 bellator
3626 2188 3711 2241 in-

2120 2284 2283 2339 cedit.
2311 2281 2463 2338 Hanc
2485 2292 2664 2338 autem
2693 2283 2969 2338 continua:
3002 2281 3129 2333 vita:
3151 2279 3595 2331 consuetudinem
3626 2278 3709 2329 in-

2120 2376 2434 2433 dilferenter
2462 2378 2646 2441 habet,
2674 2387 2732 2430 ut
2781 2378 2871 2430 vix
2908 2377 3025 2433 dies
3072 2375 3522 2445 nllapreetereat.
3582 2376 3710 2443 quin

2120 2470 2230 2527 duo
2258 2468 2518 2541 psalteria
2567 2467 2895 2523 modulanda
2927 2477 3161 2535 utraque
3200 2483 3363 2519 manu
3397 2466 3575 2534 scopis
3628 2483 3715 2516 ar-

2118 2569 2266 2616 mata
2303 2560 2504 2614 nudum
2526 2574 2725 2627 corpus
2756 2558 2965 2612 allidat.
3000 2557 3065 2611 Et
3108 2557 3210 2610 hoc
3251 2556 3552 2610 remissiori
3595 2558 3713 2624 qni-

2117 2651 2238 2707 dem
2261 2658 2537 2721 tempore.‘
2557 2650 2689 2704 Nam
2712 2647 3277 2719 quadragesimalibus
3300 2648 3545 2712 circulis,
3595 2649 3709 2702 sive

2118 2756 2242 2796 cum
2284 2741 2662 2809 paenitentiam
2708 2740 3073 2811 peragendam
3105 2739 3268 2792 liabet
3298 2738 3530 2805 (crebro
3563 2740 3706 2793 enim

2114 2822 2339 2883 'eentum
2385 2842 2653 2881 annorum
2698 2827 3077 2897 penitentiam
3127 2826 3387 2894 suscipit)
3442 2836 3569 2880 tune
3615 2841 3712 2893 per

2117 2920 2235 2974 dies
2254 2916 2519 2987 singulos,
2542 2918 2669 2972 dum
2715 2933 2773 2972 se
2803 2932 3093 2987 sceparum
3142 2918 3485 2971 tunsionibus
3526 2918 3711 2979 allicit,

2117 3021 2175 3063 ut
2202 3008 2398 3066 minus.
2428 3009 2526 3061 tria
2552 3007 2807 3076 psalteria
2850 3007 3160 3061 meditando
3185 3007 3463 3073 persolvit.
3481 3008 3710 3061 Centum

2115 3106 2295 3152 autem
2319 3112 2586 3152 annorum
2626 3098 2965 3167 poenitentia.
2990 3096 3141 3167 (δυ)
3174 3099 3313 3151 sient
3338 3099 3453 3165 ipso
3487 3109 3710 3153 auctore

2116 3187 2424 3253 didicimus,
2450 3189 2529 3243 sic
2559 3188 2826 3256 expletur.
2870 3187 3041 3253 Porro
3080 3204 3202 3241 cum
3262 3190 3362 3241 tria
3412 3206 3703 3257 scoparum

3819 622 3877 666 ut
3916 614 3970 668 in
4024 610 4396 681 spiritualibus
4444 612 4724 668 exercitiis
4753 629 4811 668 se
4858 627 5074 683 semper
5120 612 5400 675 invictum.

3817 720 4031 775 semper
4052 702 4437 775 infatigabilem
4462 704 4674 759 reddat.
4704 702 4860 769 Nam.
4907 714 4966 759 ιιι
4989 705 5106 775 ipso
5136 705 5405 762 referente

3816 796 4065 867 cognovi,
4097 809 4240 864 saepe
4269 794 4377 850 duo
4404 794 4659 865 psalteria
4690 811 4815 851 cum
4864 795 5165 865 disciplinis
5210 797 5403 852 stando

3819 890 4121 954 continuat,
4154 887 4225 941 ita
4260 895 4318 941 ut
4346 902 4522 957 neque
4546 888 4765 943 interim
4788 889 4994 950 sedeat,
5021 904 5195 959 neque
5227 890 5306 944 vel
5337 893 5403 945 ad

3818 990 4149 1036 momentum
4172 994 4203 1033 a
4235 980 4675 1050 percussionibus
4724 980 5025 1035 incredibili
5069 980 5266 1037 mentis
5300 981 5405 1037 fer-

3818 1086 3944 1125 vore
3970 1070 4235 1139 quiescat.
4264 1068 4563 1137 inquirenti
4592 1070 4721 1124 milii
4746 1068 5041 1139 aliquando
5079 1080 5257 1124 utrum
5281 1088 5407 1140 [uis-

3818 1172 3895 1215 set
3920 1176 4042 1214 cum
4077 1160 4268 1215 ferrem
4292 1161 4458 1216 vestis
4485 1162 4723 1230 pondere
4753 1160 5146 1230 aliquantisper
5166 1178 5402 1231 genuum

3819 1251 4045 1305 ﬂexibus
4080 1251 4356 1313 insudare,
4387 1251 4487 1306 sub
4526 1252 4627 1306 liae
4685 1252 4817 1306 mibi
4869 1252 5019 1307 dedit
5070 1253 5405 1307 obscuritate

3820 1358 4134 1410 responsum
4176 1360 4187 1395 :
4226 1342 4360 1397 Cum
4418 1342 4783 1407 incolumitas,
4836 1342 5033 1412 inquit,
5064 1343 5195 1398 milii
5228 1346 5405 1398 votiva

3821 1434 4131 1502 respondet,
4181 1433 4512 1503 quandoque
4567 1450 4663 1503 per
4713 1448 4903 1489 omnes
4950 1434 5114 1489 totius
5161 1434 5409 1505 psalterii

3816 1524 4118 1591 quindenos
4148 1523 4384 1593 psalmos
4406 1525 4615 1578 centies
4644 1539 4819 1593 genua
4863 1522 5081 1579 ﬂectere
5127 1524 5406 1580 Consuev'i.

3818 1616 3969 1679 Quod
3998 1615 4218 1683 quidem
4240 1624 4371 1668 tunc
4394 1630 4498 1668 non
4527 1614 4812 1686 diligenter
4829 1615 5413 1685 attendi,postmodum

3820 1721 3947 1759 vero
3967 1706 4109 1776 quod
4161 1706 4365 1761 dictum
4420 1706 4615 1769 fuerat,
4665 1717 4848 1761 mente
4887 1708 5190 1773 revolvens,
5238 1724 5267 1763 a
5318 1710 5413 1763 de-

3817 1810 4007 1862 presso
4028 1796 4247 1850 bomine
4272 1796 4414 1849 mille
4444 1807 4743 1853 metanteas
4764 1800 4816 1852 in
4847 1813 4955 1852 uno
4980 1799 5239 1869 psalterio
5264 1798 5411 1861 ﬁeri.

3748 1888 3787 1945 Β
3820 1886 4122 1940 admiratus
4146 1887 4338 1955 espavi
4369 1888 4616 1954 (consule
4638 1888 4840 1941 scholia
4879 1890 4950 1941 ad
4984 1889 5182 1943 calcent
5224 1887 5354 1943 Vita-
5371 1892 5411 1957 ).

3817 1975 4061 2041 Quadam
4098 1976 4185 2029 die
4210 1988 4331 2045 post
4365 1991 4669 2047 vesperam,
4697 1977 4947 2032 cellulam
4991 1994 5167 2033 meam
5203 1980 5413 2050 inm

3818 2084 3909 2120 sus
3944 2086 3956 2120 :
3986 2066 4260 2137 Magister.
4292 2068 4467 2137 inquit
4514 2069 4656 2135 (hoc
4698 2069 4844 2123 enim
4878 2068 5099 2138 indigno
5146 2070 5415 2125 vocabulo

3817 2170 3905 2208 tne
3926 2171 3992 2208 ex
4024 2156 4326 2209 humilitate
4347 2156 4689 2227 compellat),
4720 2157 4881 2212 hodie
4909 2158 5008 2212 feci
5036 2159 5177 2227 quod
5230 2159 5413 2214 hacte-

3820 2264 3921 2301 nus
3946 2262 4031 2299 me
4064 2246 4257 2300 fecisse
4288 2263 4393 2300 non
4448 2248 4691 2331 tuemini,
4735 2257 4861 2302 octo
4908 2264 5098 2318 nempe
5152 2249 5415 2318 psalteria

3817 2342 3959 2394 inter
3989 2340 4128 2393 diem
4158 2348 4211 2393 et
4253 2349 4466 2393 noctem
4512 2340 4818 2395 niolulatus
4849 2340 5079 2409 explevi.
5114 2340 5413 2395 Videbatur

3816 2442 3996 2485 ιιειιριιι
4030 2440 4155 2484 tunc
4184 2439 4329 2485 totus
4357 2430 4538 2486 vultus
4571 2430 4688 2499 ejus
4714 2432 4782 2486 ita
4833 2430 5012 2500 scopis
5057 2433 5303 2495 attritus.
5346 2448 5415 2486 ac

3815 2524 4147 2579 sulcantibus
4180 2523 4502 2591 quibusdam
4520 2524 4784 2579 vibicibus
4816 2522 5116 2587 livefactus,
5153 2534 5413 2594 tanquam

3812 2618 3854 2669 si
3890 2616 3994 2685 pila
4039 2613 4222 2679 fuerit,
4250 2615 4586 2685 ptisanarum
4640 2616 4891 2670 videlicet
4936 2631 5085 2670 more
5127 2628 5413 2673 contusus.

3816 2703 4116 2757 Psalmodia
4146 2718 4274 2759 sane
4298 2704 4370 2757 illi
4405 2704 4607 2759 idcirco
4641 2714 4748 2759 tam
4787 2705 4942 2759 lacile
4992 2714 5261 2775 provenit,
5285 2707 5414 2775 quia

3815 2813 3920 2851 non
3946 2806 4052 2850 tam
4082 2798 4268 2861 verba,
4304 2807 4363 2849 nt
4417 2796 4534 2865 ipse
4560 2798 4774 2859 asserit,
4824 2798 5002 2867 lingua
5032 2807 5415 2867 perstrepente

3816 2887 4060 2951 revolvit,
4089 2903 4252 2956 quam
4282 2902 4500 2942 sensum
4529 2890 4729 2944 mentis
4763 2889 5049 2944 vivacitate
5071 2890 5362 2960 percurrit.
5388 2909 5411 2942 ι

4440 2997 4667 3053 CAPUT
4718 2998 4809 3054 IX.

4030 3088 4251 3171 Lautior
4278 3089 4425 3143 cibus
4446 3089 4562 3159 ejus
4581 3091 4736 3160 ponis
4764 3107 4884 3144 cum
4915 3091 5166 3160 [ειιὶςνιυ.

3891 3201 3909 3233 ι
3944 3182 4248 3253 Aliquando
4279 3199 4307 3237 a
4341 3199 4427 3239 me
4454 3194 4694 3240 remotus
4722 3186 5025 3251 habitabat,
5057 3202 5293 3257 cumque
5344 3189 5413 3242 ad

2119 3278 2285 3334 millia
2309 3296 2473 3334 unum
2502 3280 2845 3349 pmnitentia:
2866 3296 3066 3333 annum
3092 3284 3232 3349 apud
3261 3297 3358 3333 nos
3383 3282 3708 3349 regulariter
3736 3250 3780 3311 δ
3817 3290 3901 3329 Ine
3928 3276 4230 3341 ingressum
4255 3278 4451 3345 quibus
4479 3286 4608 3334 tunc
4632 3294 4691 3333 se
4714 3279 4837 3333 vita:
4867 3279 5072 3348 legibus
5092 3290 5281 3350 ageret
5331 3282 5414 3335 in-

2117 3370 2391 3439 expleant,
2422 3368 2611 3423 decem
2669 3378 2851 3422 autem
2898 3367 3226 3438 psalmorum
3272 3370 3591 3431 modulatio.
3653 3383 3708 3423 ut

2117 3476 2259 3529 saepe
2282 3459 2571 3528 probatum
2599 3467 2703 3522 est,
2728 3458 2875 3513 inille
2902 3474 3094 3527 scopas
3121 3458 3396 3535 admittat,
3435 3460 3563 3514 dum
3588 3477 3709 3515 cen-

2119 3561 2231 3607 tum
2256 3551 2643 3623 quinquaginta
2677 3550 2901 3620 psaimis
2947 3559 3199 3603 constare
3251 3550 3568 3617 psalterium
3604 3568 3710 3605 non

2120 3645 2441 3715 ambigitur,
2466 3646 2709 3713 quinque
2763 3657 3030 3696 annorum
3082 3642 3401 3710 pmnitentia
3452 3643 3502 3694 in
3554 3644 3714 3695 unius

2120 3735 2358 3803 psalterii
2414 3736 2699 3804 disciplina
2751 3745 2899 3789 recte
2947 3734 3368 3802 supputantibus
3416 3734 3707 3788 invenitur.

2121 3826 2227 3882 Sed
2252 3827 2366 3883 sive
2396 3826 2814 3896 quinquevicies
2839 3823 3157 3887 ducas,sive
3188 3824 3373 3894 viginti
3399 3825 3706 3894 quinquies,

2119 3916 2277 3991 591
2313 3926 2527 3972 centum
2562 3918 2787 3972 faciunt.
2820 3912 3187 3985 Consequitur
3230 3932 3379 3987 ergo,
3410 3926 3464 3969 ut
3494 3918 3583 3985 qui
3632 3919 3710 3970 vi-

2119 4007 2252 4075 ginti
2280 4008 2537 4077 psalteria
2569 4024 2690 4062 cum
2716 4006 2997 4077 disciplina
3050 4008 3327 4069 decantat,
3361 4002 3581 4061 centum
3617 4025 3710 4061 an-

2120 4113 2313 4152 norum
2332 4098 2713 4166 paenitentiam
2736 4112 2794 4151 se
2808 4096 3086 4165 peregisse
3102 4096 3353 4149 confidat.
3386 4096 3708 4166 Quanqttztttt

2122 4198 2178 4243 et
2200 4188 2251 4240 in
2278 4186 2381 4241 hoc
2404 4185 2689 4255 pleresque
2717 4194 2901 4239 noster
2938 4184 3253 4239 Dominicus
3293 4199 3532 4252 superet,
3582 4202 3709 4255 quia

2122 4297 2245 4334 eum
2271 4278 2510 4333 nonnulli
2545 4294 2709 4332 unam
2759 4292 2976 4331 manum
3026 4277 3078 4329 in
3132 4276 3435 4345 disciplinis
3486 4279 3710 4346 agendis

2121 4378 2429 4430 exerceant,
2469 4369 2590 4431 iste,
2624 4377 2681 4422 ut
2734 4383 2922 4423 revera
2981 4367 3263 4436 Beniamin
3318 4368 3479 4427 filius,
3522 4380 3709 4422 contra

2126 4462 2352 4517 rebelles
2376 4460 2561 4515 carnis
2584 4461 2871 4515 illecebras
2891 4471 3124 4529 utraque
3161 4477 3323 4515 manu
3358 4460 3705 4529 infatigabili-

2126 4564 2207 4605 ter
2232 4558 2450 4624 pugnat.
2480 4554 2632 4608 lianc
2662 4560 2841 4605 autem
2884 4560 3101 4611 centum
3138 4566 3408 4603 annorum
3442 4557 3701 4618 preniten-

2126 4651 2275 4710 tiam,
2299 4654 2356 4700 ut
2378 4646 2509 4700 mibi
2538 4645 2650 4714 ipse
2670 4641 2946 4712 professus
2976 4651 3073 4695 est.
3110 4641 3266 4697 facile
3297 4658 3389 4695 sex
3416 4643 3603 4717 diebus
3645 4660 3707 4696 ex

2124 4753 2274 4792 more
2300 4745 2659 4791 consummat.
2719 4733 2933 4788 Memini
2986 4747 3204 4803 quoque
3252 4735 3375 4801 quia
3426 4733 3708 4800 cujusdam

2124 4826 2558 4895 Quadragesimte
2576 4824 2911 4880 imminentis
2934 4824 3109 4887 initio,
3134 4824 3278 4878 mille
3308 4840 3485 4878 annos
3511 4827 3709 4895 imponi

2124 4918 2224 4972 sibi
2250 4932 2345 4987 per
2364 4932 2462 4972 nos
2483 4917 2548 4970 ad
2573 4916 2947 4986 paenitentiam
2973 4915 3153 4985 petiit,
3185 4929 3321 4982 quos
3346 4926 3494 4968 certe
3520 4932 3710 4969 omnes

2124 5009 2295 5063 ferme
2346 5016 2639 5077 antequam
2667 5005 2856 5077 ieiunii
2902 5016 3115 5077 tempus
3146 5008 3560 5078 transigeretur,
3610 5025 3707 5064 ex-

2122 5099 2289 5168 plevit
2342 5098 2513 5167 (542).
2566 5099 2631 5152 Et
2674 5098 2831 5167 paulo
2885 5107 3010 5169 post
3066 5100 3166 5154 boc
3206 5108 3527 5168 prosecutus
3566 5115 3709 5153 sum.

2192 5189 2347 5244 Nunc
2395 5188 2462 5241 ad
2492 5188 2851 5250 Dominieum,
2882 5190 2949 5244 de
2976 5204 3084 5257 quo
3105 5200 3369 5259 cmperat,
3398 5205 3580 5243 sermo
3624 5207 3709 5243 re-

2124 5288 2329 5338 wrrat.
2356 5279 2509 5333 Enim
2534 5292 2661 5333 vero
2689 5294 2808 5332 cum
2829 5278 3097 5346 huncjam
3128 5289 3183 5333 et
3207 5280 3427 5334 incurva
3462 5289 3712 5332 senectus

2124 5373 2413 5443 deprimat,
2436 5381 2491 5426 et
2513 5371 2725 5427 crebris
2761 5372 2981 5442 insuper
3018 5388 3159 5441 sirpe
3189 5372 3543 5443 languoribus
3582 5391 3710 5427 cou-

2196 5547 2344 5619 (341)
2375 5547 2695 5603 Graviorum
2749 5550 3039 5604 criminum
3088 5550 3194 5603 rcis
3221 5551 3512 5605 tnultnruut
3549 5569 3713 5605 anno-

2131 5636 2244 5673 rum
2277 5618 2596 5689 pmiiitentia
2645 5635 2708 5673 ex
2762 5635 3037 5673 sacrorum
3080 5637 3349 5673 canonum
3401 5626 3713 5689 llrJ’St‘l‘lpltt

2130 5692 2355 5759 irrogari
2387 5690 2649 5755 debebat;
2683 5705 2817 5757 quas
2841 5705 3028 5759 pinnas
3051 5691 3151 5744 sibi
3208 5692 3339 5760 ipsis
3392 5692 3589 5759 imponi
3621 5696 3713 5745 lla-

2128 5760 2509 5831 :zitabantAviri
2554 5760 2629 5814 illi
2676 5762 2772 5828 pii,
2820 5771 2872 5814 et
2907 5776 3001 5815 eas
3025 5764 3367 5829 postmodum
3416 5763 3716 5831 disciplinis

2130 5828 2585 5897 tqueutiuribns
2631 5831 2990 5896 redimebant,
3025 5828 3166 5887 Sient
3228 5828 3569 5887 "abi/tonius
3595 5838 3709 5889 ani-

3811 3364 4120 3430 quisissem,
4156 3364 4433 3433 respondit
4464 3380 4522 3421 se
4569 3366 4861 3421 Carnaliter
4888 3368 5085 3427 vivere.
5116 3378 5171 3421 et
5204 3369 5415 3438 quintis

3812 3472 4025 3525 semper
4056 3456 4204 3510 feriis
4230 3473 4353 3511 cum
4380 3458 4676 3513 Dominicis
4706 3459 4897 3514 diebus
4923 3477 4953 3513 a
4975 3459 5133 3514 solito
5158 3476 5217 3515 se
5245 3462 5413 3519 absti«

3814 3545 4198 3617 nentiam
4235 3548 4413 3618 rigore
4468 3547 4674 3604 laxare.
4713 3550 5029 3620 Requisitns
5059 3560 5240 3606 utrum
5280 3568 5415 3621 quo-

3816 3638 3945 3689 libet
3975 3636 4275 3705 pnluiento.
4309 3639 4429 3692 ovis
4475 3640 4557 3692 vel
4592 3654 4769 3695 caseo
4797 3651 5133 3706 vesceretur,
5167 3641 5409 3712 negavit;

3817 3742 4023 3787 rursus,
4059 3727 4102 3779 si
4152 3728 4392 3795 piscibus
4416 3738 4509 3782 ant
4545 3731 4740 3800 pomis.
4774 3730 4982 3793 Pisces,
5020 3732 5114 3795 ait,
5145 3741 5204 3785 et
5226 3746 5411 3801 poma.

3813 3819 3988 3886 siqua
4027 3826 4172 3879 sunt,
4198 3820 4587 3886 a'grotantibus
4634 3820 4871 3889 praebeo,
4915 3836 5141 3890 quorum
5172 3836 5279 3875 non
5314 3822 5415 3876 mi-

3815 3910 4017 3963 nimam
4058 3908 4455 3963 multitudinem
4496 3910 4680 3979 jacere
4723 3913 4775 3965 in
4828 3912 5030 3967 nostris
5057 3911 5305 3981 partibus
5335 3912 5417 3965 iu-

3819 4003 4075 4069 gemisco.
4109 4002 4352 4071 Cumque
4406 4002 4556 4056 illum
4614 4005 4780 4058 durus
4804 4012 5029 4059 exactor
5078 4003 5132 4056 in
5181 4014 5415 4074 angusto

3820 4092 4219 4153 concluderem,
4272 4094 4484 4147 dicens:
4520 4092 4670 4149 Unde
4699 4108 4827 4164 ergo
4853 4094 4958 4148 illis
4999 4094 5188 4149 diebus
5221 4096 5415 4149 remis-

3822 4186 3935 4238 sius
3964 4186 4119 4245 vivis,
4151 4186 4194 4239 si
4228 4185 4360 4239 nihil
4394 4199 4581 4241 eorum
4630 4187 4894 4249 comedis,
4942 4202 5061 4257 qua:
5092 4202 5318 4242 necesse
5347 4190 5419 4241 sit

3822 4276 3900 4329 vel
3934 4278 4146 4345 ignibus
4176 4277 4404 4346 decoqui
4433 4278 4516 4332 vel
4547 4278 4601 4332 in
4656 4279 4944 4334 arboribus
4991 4278 5256 4333 inveniri?
5310 4278 5411 4333 ιιε.

3818 4368 4058 4433 spondit:
4078 4367 4356 4429 Feniculo,
4372 4367 4643 4438 inquiens,
4664 4385 4785 4425 cum
4802 4385 4940 4439 pane
4960 4370 5189 4425 libenter
5202 4385 5410 4426 vescor.

3822 4459 3936 4512 .‘lov
3973 4460 4228 4513 nimirum
4276 4462 4449 4530 perite
4474 4463 4701 4533 ecguovi
4735 4478 4898 4533 quam
4929 4462 5223 4517 carnaliter
5250 4463 5415 4517 homo

3822 4552 4025 4603 viveret
4052 4553 4144 4619 qui
4182 4568 4308 4605 snas
4362 4552 4583 4609 delicias
4628 4555 4681 4608 iu
4732 4554 4968 4609 fenicnlo
5019 4553 5409 4609 constituisset.

3824 4642 3993 4695 liabet
4018 4644 4174 4711 plane
4209 4646 4426 4697 uberem
4451 4644 4811 4715 lacrymarum
4840 4646 5090 4715 gratiam.
5122 4644 5216 4700 sed
5250 4645 5413 4700 alter-

3823 4732 4125 4785 nani.Cum
4179 4735 4324 4786 enim
4375 4734 4621 4789 reclusus
4667 4736 4766 4789 sub
4798 4736 5045 4791 districto
5091 4752 5151 4790 se
5196 4736 5413 4791 silentio

3822 4825 4095 4893 reprimit;
4132 4841 4277 4886 mox,
4311 4834 4367 4879 ut
4394 4826 4644 4890 voluerit,
4684 4826 4968 4883 aﬂuenter
5010 4827 5231 4899 plangit.
5263 4828 5333 4883 At
5367 4830 5417 4885 si

3818 4917 4089 4986 colloquio
4144 4916 4536 4987 frequentetnr,
4566 4919 4749 4974 fletum
4780 4936 4839 4975 se
4869 4920 5117 4975 amisisse
5173 4935 5413 4991 conque-

3821 5012 3977 5072 ritur,
4017 5024 4139 5062 nam
4167 5020 4219 5062 et
4243 5025 4342 5079 ego
4379 5009 4453 5064 illi
4489 5026 4631 5080 stepe
4659 5014 4941 5082 penuriam
4964 5028 5096 5067 mea:
5141 5013 5413 5071 ariditatis

3825 5101 4152 5168 impropero,
4180 5100 4395 5155 dicens:
4423 5100 4567 5155 Heu!
4599 5103 4840 5174 inquam,
4871 5103 5133 5173 mipatcr.
5167 5104 5285 5160 ista:
5307 5116 5411 5163 tua:

3825 5191 4074 5259 laerynne
4103 5190 4403 5245 infecunda!
4428 5201 4574 5257 sunt,
4603 5209 4724 5263 quae
4743 5195 4888 5249 olias
4908 5196 5112 5252 orando
5146 5197 5410 5269 lacrymas

3826 5297 3887 5347 pa
3900 5297 4017 5334 rere
4042 5290 4335 5351 nequeunt.
4371 5281 4630 5350 Optarem
4647 5287 5056 5356 namque,un
5071 5302 5410 5359 consequens

3825 5386 3927 5437 est,
3965 5376 4219 5431 nimirum
4254 5387 4310 5430 ut
4334 5378 4477 5433 sicut
4521 5387 4573 5433 tu
4626 5379 4757 5435 mibi
4785 5390 4940 5450 pater
4970 5397 5062 5447 es,
5102 5383 5177 5437 ita
5208 5384 5405 5440 nihilo-

3824 5554 4132 5606 madvertit.

3893 5625 4039 5681 (δη)
4077 5625 4631 5697 Nonnnilasnbjnugit
4665 5628 4715 5683 in
4736 5630 4851 5697 ipso
4872 5630 5136 5697 opusculo
5164 5630 5232 5686 ad
5264 5641 5407 5687 luen-

3820 5696 3946 5771 dum
3976 5697 4238 5771 ejusmodi
4272 5696 4679 5771 disciplinarum
4733 5696 4917 5771 usum.
4942 5715 5104 5771 quem
5132 5702 5193 5758 S.
5234 5703 5408 5760 Domi-

3822 5768 3970 5819 nivus
4000 5765 4281 5822 lmicatus
4311 5768 4448 5822 miro
4477 5770 4637 5824 modo
4662 5770 4949 5840 promovit.
