5652 6358
1010 356 1144 413 1017

1010 475 1187 531 minus
1206 478 1262 527 et
1281 476 1389 525 tua
1434 465 1692 541 lacryma
1717 478 1966 520 mearum
1990 476 2210 535 quoque
2254 460 2625 531 lacrymarum
2656 460 2705 520 Α

1011 567 1199 621 tierent
1223 560 1534 633 genitrices.
1570 576 1591 610 ι

1082 655 1141 710 ln
1166 650 1355 724 regula
1406 663 1623 723 quoque
1648 647 1933 704 eremitica
1963 646 2069 702 hoc
2092 645 2393 702 inseruisse
2421 657 2511 699 me
2537 658 2630 699 re-

1010 746 1149 805 colo.
1183 746 1398 803 Dicam.
1460 742 1569 799 Sed
1603 741 1728 813 quis
1748 741 1889 797 sciat
1914 748 2099 794 utrum
2156 738 2293 794 lides
2334 734 2628 793 assertioni

1015 841 1344 899 ﬁdelissima
1371 836 1718 911 prabeatur?
1752 833 1860 891 Sed
1900 831 2408 905 parvipendendum
2440 840 2528 887 est
2582 830 2627 885 si

1015 938 1248 994 humana
1284 934 1564 991 temeritas
1586 941 1782 1004 arguat
1809 934 1973 1001 quem
2003 943 2219 984 summa
2250 926 2457 983 veritas
2478 924 2633 981 falsi-

1017 1027 1142 1085 tatis
1162 1034 1406 1084 excusat.
1440 1024 1535 1079 Est
1592 1023 1736 1078 inter
1768 1036 1869 1077 nos
1913 1019 2007 1092 qui
2048 1034 2469 1089 nonnunquam,
2520 1032 2630 1073 uno

1016 1118 1101 1173 die
1126 1117 1449 1173 continuato
1465 1130 1589 1171 cum
1604 1124 1783 1181 nocte,
1818 1127 2013 1174 novem
2030 1112 2293 1184 psalteria
2311 1112 2631 1169 meditando

1015 1209 1285 1275 decurrat,
1313 1218 1371 1265 et
1398 1208 1617 1264 interim
1648 1222 1786 1277 pene
1811 1220 2031 1275 semper
2052 1218 2286 1277 utraque
2307 1220 2475 1262 manu
2502 1219 2629 1261 sco-

1014 1304 1097 1375 pis
1120 1313 1335 1360 armata
1365 1305 1569 1359 nudum
1594 1319 1795 1375 corpus
1820 1304 2041 1361 alliciat.
2077 1301 2388 1358 Notandum
2445 1307 2629 1353 autem

1015 1398 1160 1469 quia,
1201 1400 1329 1455 dum
1360 1400 1478 1454 haec
1526 1413 1791 1469 peragere
1826 1398 2049 1470 satagit,
2082 1405 2243 1452 nocte
2272 1394 2358 1449 vel
2388 1392 2478 1448 die
2504 1392 2633 1448 dor—

1016 1491 1151 1548 mire
1180 1509 1289 1548 non
1319 1502 1501 1556 vacat,
1524 1493 1619 1547 sed
1644 1492 1940 1562 aliquando
1972 1506 2150 1563 genua
2195 1480 2445 1553 flectens,
2498 1486 2631 1541 dum

1015 1593 1179 1656 caput
1201 1594 1361 1642 terra
1397 1585 1639 1656 deponit,
1673 1585 1755 1640 sic
1780 1585 1927 1639 nudo
1956 1592 2183 1656 repente
2212 1596 2440 1639 somnus
2469 1580 2632 1633 obre-

1014 1676 1111 1747 pit,
1134 1691 1244 1747 quo
1276 1677 1395 1732 solo
1420 1685 1714 1731 contentus
1736 1688 1841 1731 est.
1878 1676 1981 1732 llic
2026 1673 2163 1730 mibi
2202 1670 2498 1743 aliquando
2519 1669 2633 1725 fra-

1014 1774 1169 1823 terna
1198 1768 1574 1824 familiaritate
1597 1777 1935 1839 conquestus
1964 1778 2072 1833 est,
2101 1768 2230 1838 quia
2272 1782 2399 1822 cum
2432 1780 2630 1821 novem

1874 347 2037 403 VlTA
2071 344 2174 402 SS.
2219 341 2582 402 RODULPlll
2621 337 2711 394 ΕΤ
2756 333 3062 392 οουικλει
3098 331 3451 390 ιοιιιρΑτι.

4224 330 4369 391 1018

2812 471 2831 504 ι
2877 450 3014 508 Erat
3073 459 3258 508 autem
3319 463 3427 504 nox
3482 445 3574 501 illa
3638 446 3954 517 pracedeiis
4003 447 4354 505 Dominicam

2734 545 2880 603 diem
2940 555 2998 603 et
3036 545 3101 601 Β.
3149 540 3436 600 Michaelis
3478 538 3863 596 festivitatem.
3912 540 4163 611 Cumque
4212 540 4369 599 facto

2734 656 2897 697 mane
2923 640 2993 695 ad
3027 638 3353 709 pradictum
3398 651 3588 693 senem
3637 633 3815 691 frater
3864 633 3957 689 ille
4001 634 4269 700 venisset,
4297 633 4369 688 ti-

2732 746 3003 803 mensque
3026 746 3097 789 ne
3124 732 3193 786 de
3217 729 3558 786 discretione
3583 726 4037 800 redargueretur,
4061 742 4188 782 cum
4215 726 4368 799 quod

2730 837 2945 900 egerat,
2962 842 3061 898 per
3087 825 3342 882 ordinem
3371 822 3679 887 retulisset,
3714 822 3821 878 hac
3852 820 4107 877 ille.voce
4135 834 4368 893 respon-

2734 917 2817 974 dit
2847 935 2860 973 :
2893 915 3039 982 Noli,
3082 914 3277 983 frater,
3319 913 3692 987 pusillanimis
3716 928 3841 969 esse
3873 912 3961 968 vel
3996 927 4096 984 pro
4137 911 4243 968 hac
4273 920 4369 968 tua

2734 1019 2858 1083 qua
2910 1027 3060 1067 nunc
3108 1018 3217 1077 est,
3269 1009 3597 1065 infirmitate
3647 1006 3938 1072 diuidere;
3991 1015 4172 1079 potest
4215 1006 4367 1061 enim

2735 1105 2881 1161 Deus
2926 1118 2995 1161 ex
3045 1103 3173 1159 imis
3224 1111 3278 1158 te
3321 1100 3390 1157 ad
3439 1100 3640 1156 altiora
3694 1099 4027 1171 provehere,
4085 1106 4144 1155 et
4199 1095 4367 1166 hujus

2733 1194 2979 1251 lacteola
3010 1205 3115 1250 tua
3144 1192 3591 1251 conversationis
3639 1189 3935 1246 infantiam
3986 1189 4057 1245 ad
4095 1187 4368 1259 juvenilis

2737 1295 2951 1350 roboris
2998 1294 3342 1353 incrementa
3396 1288 3648 1345 firmare.
3693 1287 3765 1343 Et
3800 1286 4071 1356 adjiciens
4098 1287 4220 1343 ait:
4256 1284 4370 1341 Nos

2733 1387 2904 1443 etiam
2952 1389 3135 1457 primo
3187 1382 3530 1455 pedetentim
3585 1381 3881 1451 capimus,
3930 1378 4253 1449 sensimque
4302 1378 4373 1433 ad

2734 1479 2881 1549 quod
2931 1494 3033 1534 nos
3075 1478 3265 1533 divina
3306 1468 3488 1549 pietas
3523 1475 3831 1547 perducere
3860 1473 4059 1538 voluit,
4093 1473 4227 1529 licet
4262 1472 4370 1529 im-

2735 1570 2959 1628 becilles
2986 1587 3051 1627 ac
3078 1569 3306 1641 fragiles
3328 1569 3515 1626 educti
3544 1583 3757 1625 sumus.
3813 1565 4017 1637 Sicque
4042 1567 4256 1623 factum
4283 1574 4373 1622 est

2737 1674 2797 1719 ut
2820 1680 2929 1720 non
2974 1680 3100 1720 eum
3135 1666 3204 1735 de
3237 1664 3610 1724 immoderato
3638 1658 3882 1725 fervore,
3910 1659 4055 1714 sicut
4086 1658 4179 1715 ille
4212 1658 4375 1714 time-

2738 1758 2858 1825 bat,
2914 1764 3207 1829 argueret,
3262 1754 3360 1811 sed
3411 1768 3480 1809 ne
3526 1752 3904 1824 desperationi
3957 1751 4372 1826 sqccumberet,

1012 1860 1095 1917 sic
1117 1860 1374 1932 psalteria
1407 1876 1551 1931 saepe
1580 1838 1913 1917 modulanda
1930 1860 2245 1932 perliceret,
2272 1859 2341 1915 ad
2356 1860 2630 1916 decimum
2668 1838 2712 1898 Β
2743 1863 3004 1925 tanquam
3036 1852 3131 1922 qui
3168 1850 3459 1906 minimum
3500 1847 3633 1917 quid
3681 1846 3883 1918 egerit,
3925 1846 4172 1901 animum
4223 1842 4375 1901 refo-

1016 1963 1294 2025 nunquam
1321 1956 1564 2025 potuerit
1597 1957 1909 2026 pervenire.

1086 2046 1144 2102 lu
1173 2047 1399 2119 epistola
1435 2062 1675 2118 quoque,
1705 2064 1868 2119 quam
1898 2048 2115 2105 Blanca
2158 2048 2457 2105 comitissa
2491 2046 2638 2103 dire—

1014 2139 1219 2205 ximus,
1253 2140 1357 2195 hoc
1380 2155 1479 2195 nos
1507 2140 1772 2196 indidisse
1807 2140 2061 2196 videmur
2094 2164 2108 2195 ;
2160 2141 2385 2198 Utinam
2410 2141 2637 2196 daretur

1014 2232 1112 2288 tibi
1156 2250 1300 2289 nunc
1330 2234 1592 2289 domuum
1642 2247 1823 2291 Ineunt
1875 2235 2066 2291 videre
2120 2235 2489 2299 Dominicum,
2541 2234 2635 2304 qui

1009 2324 1159 2394 quod
1190 2324 1453 2396 imperitae
1480 2324 1678 2395 lingua
1701 2340 1967 2381 conamur
1996 2325 2191 2392 ollii-io,
2224 2325 2343 2396 ipse
2375 2336 2427 2380 te
2451 2323 2636 2380 ellica—

1009 2411 1151 2470 ciori
1201 2413 1652 2470 luculentissima
1715 2416 1842 2471 vita
1912 2415 2137 2471 doceret
2193 2426 2251 2470 et
2314 2415 2641 2470 informarct

1010 2504 1285 2575 exemplo.
1319 2503 1420 2561 Hic
1447 2506 1683 2577 denique
1710 2522 1739 2561 a
1772 2506 1945 2562 tribus
1977 2506 2092 2575 jam
2118 2508 2344 2563 circiter
2364 2523 2636 2562 annorum

1010 2594 1206 2651 lustris
1231 2596 1398 2652 lorica
1428 2596 1608 2653 ferrea
1632 2598 1867 2653 vestitur
1889 2599 1956 2653 ad
2011 2615 2263 2662 carnem.
2293 2600 2506 2655 duobus
2535 2616 2632 2653 au-

1013 2694 1127 2743 tem
1159 2686 1355 2743 ferreis
1374 2688 1596 2744 circulis
1622 2688 1676 2743 in
1705 2704 1942 2761 corpore
1970 2690 2236 2759 cingitur,
2268 2691 2483 2747 duobus
2504 2689 2637 2745 item

1013 2792 1115 2849 per
1140 2776 1490 2833 brachiorum
1513 2793 1702 2834 armos
1726 2788 1976 2834 aretatur
2000 2779 2177 2852 (54³5).

1638 2895 1871 2953 CAPUT
1907 2896 1977 2951 Χ.

1018 2986 1315 3043 Duodecim
1343 2986 1599 3059 psalteria
1628 2987 1961 3059 continenter
1974 2986 2225 3055 absolvit,
2240 2988 2404 3059 virgis
2426 2987 2641 3044 interim

1663 3073 1725 3112 se
1750 3058 1983 3113 credens.

1092 3170 1200 3226 Sed
1230 3168 1357 3241 quia
1373 3170 1439 3226 de
1472 3169 1565 3225 illo
1596 3169 1649 3224 in
1674 3169 1799 3225 aliis
1824 3170 2030 3226 nostris
2048 3165 2336 3241 'opuscuiis
2352 3172 2465 3243 jam
2482 3170 2638 3242 plura

1015 3261 1378 3332 digessimus,
1404 3276 1551 3315 nunc
1575 3262 1721 3329 quod
1758 3261 1851 3315 vix
1912 3270 2040 3317 ante
2065 3262 2232 3336 493
2270 3278 2369 3318 sex
2397 3261 2517 3317 dies
2567 3261 2637 3315 ad

1014 3364 1125 3407 nos
1140 3350 1367 3407 veniens
1396 3351 1606 3415 retulit,
1631 3349 2001 3423 proferamus.
2036 3353 2130 3407 Ait
2161 3353 2348 3424 itaque
2386 3370 2400 3405 :
2436 3370 2455 3403 ι
2489 3350 2635 3406 Con-

1020 3444 1146 3516 tigit
1169 3460 1258 3501 me
1305 3459 1488 3508 nosse,
1521 3445 1667 3514 quod
1697 3444 2020 3516 scripseris,
2050 3460 2247 3501 novem
2292 3459 2381 3501 me
2418 3458 2527 3498 uno
2552 3444 2641 3498 die

1022 3534 1286 3608 psalteria
1338 3538 1659 3593 deeantasse
1712 3553 1838 3592 cum
1874 3538 2255 3607 corporalibus
2310 3535 2637 3606 disciplinis.

1017 3628 1177 3698 Quod
1203 3638 1353 3685 certe
1375 3643 1501 3684 cum
1532 3629 1736 3694 audivi,
1764 3628 2123 3686 tremefactus
2155 3630 2374 3700 expavi,
2426 3637 2483 3685 et
2506 3644 2641 3684 con-

1018 3721 1255 3781 scientia
1279 3723 1625 3778 remordente
1652 3722 1958 3793 congemui.
2015 3721 2131 3787 Va,
2182 3722 2428 3793 inquam,
2484 3721 2639 3783 mihi,

1016 3826 1153 3889 ecce
1165 3812 1268 3869 hoc
1294 3814 1361 3868 de
1387 3828 1495 3878 me,
1515 3814 1794 3869 nesciente
1816 3829 1924 3880 me,
1955 3815 2219 3884 scriptum
2244 3823 2430 3879 est;et
2459 3824 2638 3867 tamen

1020 3914 1208 3962 utrum
1237 3918 1266 3958 a
1299 3920 1385 3960 me
1412 3905 1517 3960 hoc
1548 3904 1666 3959 ﬁeri
1696 3906 1984 3975 potuisset,
2018 3907 2229 3976 ignoro.
2260 3906 2402 3975 Ergo
2448 3922 2643 3961 rursus

1016 3996 1301 4068 experior,
1330 4007 1385 4052 ει
1411 4012 1480 4051 an
1509 3997 1613 4052 hoc
1641 3997 1871 4068 implere
1917 3998 2217 4069 potuerim,
2272 3998 2643 4054 indubitanter

1020 4104 1341 4161 agnoscam.
1367 4088 1575 4157 Quarta
1607 4090 1775 4160 igitur
1822 4090 1958 4145 feria
1999 4107 2086 4147 me
2112 4092 2357 4147 vestibus
2387 4092 2537 4155 exui,
2588 4100 2645 4145 et

1021 4188 1236 4235 armata
1269 4181 1450 4250 scopis
1477 4190 1707 4252 utraque
1732 4199 1915 4247 manu,
1951 4192 2122 4239 totam
2148 4194 2363 4241 noctem
2395 4185 2643 4240 ducendo

1022 4274 1343 4346 pervigilem
1396 4276 1630 4346 psallere
1685 4292 1751 4332 ac
1788 4294 1875 4332 me
1921 4279 2223 4334 verberare
2263 4295 2371 4334 non
2428 4279 2639 4343 destiti,

1022 4370 1201 4425 donec
1212 4370 1300 4425 die
1320 4352 1493 4425 allero
1512 4370 1757 4426 decursis
1779 4372 2065 4428 duodecim
2082 4388 2149 4428 ex
2164 4389 2317 4429 more
2339 4373 2642 4444 psalteriis,

1006 4460 1116 4514 die
1141 4461 1301 4516 tertio
1326 4462 1549 4517 decimo
1563 4462 1630 4517 ad
1660 4463 1951 4532 psalmum,
1979 4464 2155 4533 Beati,
2188 4482 2441 4537 quorum,
2467 4482 2643 4538 usque

1024 4552 1257 4624 reptavi.
1284 4552 1475 4614 Porro,
1509 4552 1655 4621 quod
1686 4553 1845 4608 nobis
1904 4556 2104 4609 durum
2156 4572 2301 4627 sape
2332 4556 2549 4613 videtur
2589 4565 2643 4612 et

1024 4660 1308 4714 asperum,
1336 4659 1500 4714 quam
1554 4643 1645 4699 ille
1679 4646 1891 4715 puerile
1934 4646 2159 4715 deputet
2206 4663 2271 4702 ac
2298 4648 2641 4718 despectum,

1023 4750 1142 4791 uno
1189 4735 1484 4790 doceamus
1533 4736 1806 4807 exemplo.
1870 4738 2066 4793 Frater
2124 4740 2349 4809 quidam
2406 4756 2531 4797 cum
2580 4757 2645 4808 se

1026 4842 1324 4897 scoparum
1360 4830 1559 4886 ictibus
1588 4826 1754 4887 nimis
1794 4832 2123 4889 abhorreret
2173 4845 2435 4899 atterere,
2482 4844 2646 4905 atque

1027 4935 1092 4980 ut
1116 4926 1230 4996 ipse
1251 4924 1472 4979 sibimet
1502 4924 1691 4995 plagas
1722 4925 1953 4982 inferret
1994 4915 2158 4998 alque
2206 4928 2497 4999 perferret,
2528 4945 2650 5000 gra-
2689 4940 2699 4946 '

1027 5014 1317 5074 Yissimum
1341 5014 1638 5085 judicaret,
1675 5017 1893 5071 tandem
1939 5026 2121 5071 tamen
2162 5019 2345 5073 domui
2380 5019 2645 5074 Dominici

1021 5106 1284 5167 crebrius
1309 5106 1615 5162 insistentis
1633 5109 2111 5166 adhortationibus
2134 5113 2431 5183 acquievit,
2465 5128 2529 5169 ac
2552 5130 2651 5183 per

1030 5188 1467 5256 modulationem
1502 5199 1667 5254 totius
1693 5202 1959 5270 psaltvrii,
2011 5212 2068 5257 et
2097 5205 2323 5275 insuper
2372 5206 2646 5277 quinqua-

1028 5290 1187 5361 ginta
1211 5290 1544 5360 psalmorum
1574 5291 2156 5365 sibimetdisciplinam
2186 5295 2388 5354 inferre
2412 5298 2651 5370 propriis

1032 5382 1293 5439 manilius
1314 5398 1423 5438 non
1453 5384 1707 5439 cessavit.

1109 5538 1263 5611 (545)
1286 5539 1364 5611 Ea
1394 5550 1477 5596 est
1503 5543 1827 5611 opusculum
1863 5562 1912 5600 ι..

1111 5611 1264 5689 (544)
1304 5610 1582 5689 Suavicini
1613 5629 1834 5689 oremus
1881 5631 1917 5689 a
1953 5616 2229 5689 Damiano
2260 5618 2313 5673 in
2346 5633 2478 5689 agro
2516 5617 2651 5687 Sep-

1111 5616 1264 5735 (544’
1304 5616 1582 5667 Suavicini
1613 5629 1834 5669 oremus
1881 5631 1909 5668 a
1953 5616 2229 5689 Damiano
2260 5618 2313 5673 in
2346 5633 2478 5689 agro
2516 5617 2651 5687 Sep-

1034 5694 1391 5757 tetitpetano,
1438 5684 1601 5756 vulgo
1644 5686 1700 5737 di
1737 5683 2154 5752 Son-Seuerino,
2204 5699 2519 5745 constructa
2573 5693 2656 5757 (ut

1035 5754 1158 5823 ipse
1186 5762 1421 5809 testatur
1449 5754 1638 5828 opusc.
1674 5772 1765 5821 xv,
1788 5777 1836 5813 ρ.
1864 5758 1942 5828 6),
1977 5760 2137 5813 modo
2166 5760 2424 5815 Frontale
2473 5754 2653 5815 ilalice

1034 5834 1413 5895 lltltlﬂlpzlllll'.
1449 5826 1712 5897 Superest
1744 5826 1950 5885 tantum
1982 5831 2216 5887 ecclesia
2254 5834 2351 5898 ipsi
2384 5834 2437 5885 ὃ.
2476 5834 2655 5888 Domi-

2744 1953 2919 2000 veret.
2972 1942 3149 2014 Hujus
3198 1942 3387 2011 itaque
3433 1939 3614 1995 sancti
3646 1938 3797 1993 senis
3828 1936 4081 2008 exemplo
4108 1936 4377 1993 facienda

2741 2037 3047 2108 disciplina
3082 2051 3203 2092 mos
3234 2034 3375 2089 adeo
3407 2034 3460 2089 in
3494 2032 3704 2088 nostris
3744 2032 3996 2102 partibus
4035 2030 4285 2097 inolevit,
4316 2043 4378 2087 ut

2741 2147 2851 2188 non
2885 2131 3051 2187 modo
3080 2131 3211 2196 viri,
3243 2130 3340 2185 sed
3364 2138 3421 2183 et
3445 2128 3658 2184 nobiles
3686 2129 3950 2183 mulieres
3978 2128 4084 2183 hoc
4112 2135 4377 2199 purgato-

2741 2225 2809 2280 rii
2832 2224 3008 2298 genus
3037 2223 3319 2279 inbianter
3348 2221 3685 2293 arriperent.
3719 2220 3859 2275 Nam
3890 2230 3947 2276 et
3981 2220 4176 2278 relicta
4206 2219 4380 2276 'l'eth-

2742 2316 2914 2383 baldi,
2947 2314 3201 2371 sublimis
3226 2314 3421 2385 utique
3448 2313 3687 2385 generis,
3730 2321 3785 2369 et
3819 2329 3927 2369 non
3967 2312 4173 2368 intima
4196 2310 4383 2383 digni-

2744 2409 2895 2473 tatis,
2951 2407 3086 2463 mihi
3139 2406 3437 2477 aliquando
3486 2406 3696 2471 retulit,
3738 2421 3837 2477 per
3870 2404 4156 2477 pralixam
4204 2402 4376 2475 hujus

2742 2490 3049 2574 disciplina
3076 2501 3323 2575 regulam
3352 2510 3576 2557 centum
3600 2514 3877 2557 annorum
3899 2514 3959 2555 se
3986 2497 4383 2571 paenitentiam

2742 2596 3047 2669 peregisse.
3080 2616 3100 2647 ι

2816 2710 2873 2765 ln
2903 2707 3137 2780 epistola
3161 2709 3329 2764 etiam
3360 2707 3429 2762 ad
3460 2706 3729 2763 Joannem
3757 2707 3998 2778 priorem
4028 2707 4224 2770 eremi,
4253 2721 4382 2777 qua

2736 2803 2897 2874 juxta
2933 2800 3287 2857 Suavicinum
3317 2799 3474 2871 (546)
3502 2810 3747 2856 montem
3781 2810 3865 2856 est
3892 2800 4218 2864 constituta,
4251 2814 4376 2854 cum

2743 2910 2869 2950 eum
2915 2892 3150 2964 ejusque
3195 2892 3477 2961 subjectos
3506 2892 3574 2947 ad
3607 2891 3991 2948 extensionem
4019 2891 4378 2948 brachiorum

2745 2986 2799 3042 in
2842 2986 3189 3042 orationibus
3235 2984 3619 3041 exhortatorie
3656 2999 4045 3054 provocarem,
4076 2984 4187 3039 dixi
4221 2984 4381 3054 prius

2748 3081 2818 3135 de
2865 3080 3106 3151 quodam
3158 3078 3568 3135 ferventissimo
3603 3077 3774 3151 494
3809 3078 3864 3133 in
3919 3093 4112 3134 amore
4166 3078 4381 3134 Christi

2753 3171 2930 3227 fratre
2969 3180 3185 3238 nostro,
3215 3171 3391 3225 Adam
3423 3170 3669 3237 nomine,
3710 3169 3910 3226 deinde
3937 3169 4288 3226 Dominicum
4324 3170 4379 3226 in

2743 3262 3276 3334 exeinplo‘subjeci,
3336 3261 3414 3317 ita
3472 3262 3770 3332 inquiens:
3804 3261 4127 3318 (Habemus
4177 3271 4369 3317 autem

2745 3355 3044 3425 quemdam
3086 3354 3446 3424 juveneulum
3480 3354 3747 3421 fratrem,
3789 3356 3884 3425 qui
3919 3355 4055 3410 mihi
4087 3357 4383 3411 confessus

2743 3455 2831 3501 est
2860 3461 2890 3500 a
2922 3446 3104 3516 capite
3139 3460 3314 3515 usque
3339 3444 3409 3499 ad
3443 3444 3608 3499 linem
3639 3444 3886 3515 psalterii
3912 3446 4127 3500 elevata
4156 3460 4217 3500 se
4245 3447 4381 3503 bra-

2744 3538 2871 3593 chia
2907 3548 3115 3602 tenere.
3159 3538 3289 3592 dum
3343 3536 3555 3608 psallit,
3604 3536 3679 3591 ita
3714 3546 3777 3592 ut
3805 3535 4037 3608 laquear
4070 3538 4382 3595 tabulatum

2744 3630 2955 3687 cellula
2981 3630 3238 3685 manibus
3268 3644 3415 3699 sape
3454 3629 3761 3699 contingat.
3801 3628 3920 3684 Hac
3960 3640 4141 3684 tamen
4170 3629 4385 3687 discre.

2724 3723 2898 3777 'tione
2930 3732 3171 3788 servata,
3204 3731 3263 3777 ut
3292 3737 3393 3793 per
3426 3722 3851 3792 quinquagenos
3878 3722 4127 3791 psalmos
4157 3722 4227 3778 ad
4264 3741 4385 3781 mo-

2748 3825 2992 3871 mentum
3040 3815 3267 3871 brachia
3320 3816 3551 3871 remissa
3599 3817 3841 3886 deponat
3898 3826 3955 3871 et
3986 3817 4245 3888 protinus
4269 3819 4383 3874 eri-

2744 3916 2855 3977 gat.
2890 3905 3170 3963 Habemus
3219 3914 3275 3962 et
3318 3906 3556 3963 alterum
3607 3906 3981 3977 provectioris
4031 3909 4240 3976 atatis,
4294 3910 4389 3965 in-t

2746 4013 2976 4053 curvum
3006 3997 3263 4053 videlicet
3312 4012 3525 4063 senem,
3574 4008 3650 4064 et,
3701 4006 3762 4052 ut
3809 3998 3908 4054 tibi
3951 4007 4169 4056 secrete
4204 4001 4382 4057 conli-

2748 4102 2889 4153 tear,
2924 4090 3013 4145 hic
3056 4090 3382 4146 Dominicus
3411 4100 3518 4145 est.
3571 4089 3623 4146 Is
3664 4090 3849 4161 itaque
3888 4093 4187 4161 quamdam
4236 4095 4381 4151 scri-

2750 4183 3092 4255 ptiunculam
3154 4184 3396 4255 reperit,
3458 4182 3553 4239 ubi
3608 4184 4109 4253 dicebatur:Quia
4162 4186 4209 4241 si
4257 4186 4385 4256 quis

2750 4275 3040 4332 duodecim
3080 4276 3192 4331 illic
3227 4286 3447 4332 notatos
3482 4276 3725 4348 psalmos
3754 4277 3896 4332 vicie
3926 4286 4147 4348 quater,
4179 4280 4387 4335 erectis

2752 4371 2805 4425 in
2854 4372 3077 4427 modum
3116 4372 3301 4426 crucis
3350 4372 3605 4427 manibus
3648 4358 3895 4435 caneret,
3931 4387 4031 4441 pro
4058 4388 4172 4427 uno
4195 4385 4381 4444 posset

2749 4480 2895 4519 anno
2926 4464 3265 4536 poenitentiae
3307 4464 3635 4535 regulariter
3674 4478 4060 4535 compensare.
4114 4463 4383 4523 Protinus

2752 4560 2841 4616 ille
2874 4560 2928 4613 in
2989 4558 3319 4615 exercitium
3366 4558 3419 4614 id
3468 4559 3615 4630 quod
3672 4559 3984 4624 dicebatur,
4028 4559 4286 4630 arripuit,
4328 4569 4387 4616 et

2752 4650 3041 4705 duodecim
3069 4649 3190 4703 illos
3243 4648 3509 4719 psalmos,
3546 4650 3793 4704 extensis
3838 4650 3891 4704 in
3934 4650 4157 4706 modum
4198 4652 4395 4707 crucis.

2753 4741 3016 4803 brachiis,
3068 4741 3211 4796 sicut
3258 4740 3466 4796 dictum
3498 4751 3608 4807 est,
3656 4742 3849 4813 viginti
3890 4758 3989 4797 sex
4034 4741 4253 4799 vicibus
4278 4745 4383 4798 sub

2757 4834 2903 4889 nullo
2942 4849 3171 4903 prorsus
3203 4832 3519 4900 intervallo,
3552 4834 3649 4890 sed
3680 4850 3793 4891 uno
3821 4834 3987 4890 ductu
4015 4836 4261 4906 quotidie
4286 4838 4385 4892 de-

2756 4926 3077 4980 cantabat.»
3132 4923 3347 4997 Scripsi
3396 4941 3565 4996 super
3612 4926 3719 4981 hoc
3766 4936 3823 4982 et
3870 4927 3923 4981 in
3972 4927 4096 4983 aliis
4125 4926 4395 4985 fortassis,

2757 5018 3059 5089 opusculis,
3090 5019 3187 5074 sed
3211 5020 3339 5090 quia
3365 5017 3452 5074 vel
3480 5020 3547 5074 ad
3574 5035 3818 5090 praesens
3849 5020 4073 5086 desunt,
4106 5020 4193 5076 vel
4222 5020 4393 5076 facile-

2757 5098 3038 5166 memoria
3065 5126 3172 5167 non
3207 5120 3533 5177 occurrunt,
3562 5110 3679 5180 jam
3711 5112 3780 5166 ab
3806 5128 3999 5167 eorum
4024 5112 4390 5183 replicatione

2756 5220 2877 5273 qua
2899 5204 3103 5276 scripta
3143 5215 3291 5273 sunt,
3326 5205 3395 5260 ad
3436 5219 3575 5258 nova
3604 5204 3866 5275 qualibet
3891 5204 4161 5261 articulus
4194 5214 4380 5260 trans-

2756 5295 2985 5352 feratur.

2830 5390 3124 5446 Enimvero
3168 5389 3323 5461 quasi
3356 5388 3585 5462 quidam
3627 5387 3849 5445 divinus
3883 5388 4025 5459 ignis
4057 5388 4111 5443 in
4139 5383 4257 5455 ejus
4288 5402 4383 5457 pe-

2766 5552 2892 5607 nico
2942 5568 3119 5617 sacra,
3166 5553 3257 5607 ubi
3303 5552 3691 5622 antiquissima
3743 5552 3957 5621 depicta
3990 5551 4172 5621 imago
4207 5553 4386 5607 sancti

2769 5625 2871 5678 viri
2900 5624 3108 5679 cuculla
3140 5624 3261 5678 allia
3302 5625 3474 5679 induti
3512 5633 3852 5686 asset-vatur.
3891 5640 3997 5679 una
4040 5637 4165 5680 cum
4212 5624 4389 5679 sacris

2766 5688 3014 5765 ejusdem
3044 5696 3255 5750 exuviis
3280 5714 3295 5759 ;
3329 5711 3518 5751 verum
3546 5695 4142 5752 commendatariorum
4172 5693 4388 5751 incuria

2768 5771 2780 5827 (
2793 5777 2851 5822 ut
2880 5767 3102 5839 dicitur)
3136 5784 3307 5839 pauca
3337 5784 3460 5823 cum
3490 5768 3772 5841 religione.
