5652 6358
1099 375 1231 433 Nil

1096 502 1187 551 est
1243 488 1433 553 idiota,
1483 492 1763 555 utcunque
1815 480 2130 554 syllabatim
2190 479 2421 550 legeret,
2482 480 2706 544 repente
2737 476 2782 532 Δ
2816 454 2919 530 nus
2972 476 3183 532 addidit
3236 495 3250 531 :

1098 583 1537 658 compunctionis
1591 595 1716 637 cum
1776 578 2006 649 Spiritus
2063 578 2116 630 in
2177 574 2447 643 lacrymas
2510 568 2703 631 solvit,

1097 682 1401 750 eodemque
1438 682 1717 733 momento
1764 670 2003 727 circulus
2054 668 2145 723 ille
2188 667 2394 720 fractus
2432 663 2705 735 apparuit.

1100 772 1257 841 Quod
1276 768 1623 831 miraculum,
1653 764 1912 835 quoniam
1936 762 2065 816 alibi
2086 760 2200 830 jam
2224 773 2325 814 nos
2348 752 2708 825 descripsisse

1100 865 1472 925 meminimus,
1498 860 1757 915 celeriter
1779 863 2247 915 transcurrentes,
2275 864 2512 920 sequens
2537 846 2708 910 aliud,

1100 956 1247 1028 quod
1293 954 1527 1011 necdum
1576 950 1776 1006 litteris
1808 948 2080 1003 insertum
2106 952 2212 1009 est,
2243 937 2590 999 enucleatius
2629 938 2711 993 di—

1100 1061 1378 1120 geramus.

1722 1130 1952 1189 CAPUT
1980 1128 2096 1185 XII.

1365 1251 1433 1307 B.
1472 1250 1581 1306 Viri
1610 1251 1664 1305 in
1687 1248 1956 1303 domanda
1987 1262 2146 1301 carne
2173 1259 2439 1300 excessus.

1173 1370 1345 1427 Paulo
1368 1378 1491 1441 post
1517 1380 1755 1437 namque
1769 1364 2087 1419 Ravennam
2114 1360 2333 1426 urbem,
2360 1373 2447 1413 me
2458 1354 2708 1428 jubente,

1102 1460 1375 1532 perrexit,
1417 1469 1476 1515 ut
1512 1458 1729 1515 reculas
1759 1471 1891 1513 suas
1917 1465 2084 1526 atque
2113 1451 2440 1515 sarcinulas,
2469 1462 2609 1520 quas
2637 1446 2710 1502 ibi

992 1545 1013 1561 “
1106 1556 1173 1612 de
1209 1555 1329 1611 navi
1358 1553 1618 1625 prodiens
1647 1552 1969 1621 reliquerat,
1999 1555 2343 1620 exportaret.
2385 1544 2501 1600 lllie
2526 1542 2713 1613 itaque

1104 1648 1247 1716 apud
1308 1644 1531 1702 fabriles
1589 1642 1848 1699 ollicinas
1893 1654 2035 1697 nova
2096 1638 2403 1695 ferreorum
2468 1647 2709 1691 nexuum

1102 1745 1447 1793 armamenta
1508 1735 1794 1793 confinxit.
1856 1732 2157 1803 multisque
2210 1745 2271 1787 se
2325 1726 2567 1784 Vinculis
2614 1739 2715 1795 per

1939 365 2106 424 Vl’l‘A
2142 364 2244 422 SS.
2288 359 2647 421 RODULPHI
2688 354 2777 414 ΕΤ
2820 357 3128 420 ῡῦΜΙΝΙΟΙ
3164 359 3497 421 LORICATI

4290 358 4436 416 10ἳὲ

3317 473 3443 546 Ipse
3489 473 3637 549 dabit
3693 470 3937 525 virtutem
3980 476 4030 523 et
4061 466 4435 536 fortitudinem

2812 571 2951 643 plebi
2971 589 3084 627 suae
3113 568 3288 639 (Paul.
3321 570 3513 641 van).
3547 567 3664 625 Non
3698 569 3774 622 ait
3806 570 3984 639 signa,
4016 568 4133 625 sive
4160 565 4436 639 prodigia,

2815 666 2908 722 sed
2947 666 3063 737 ipse
3094 664 3249 731 dabit
3275 659 3537 720 virtutem
3564 661 4053 719 et'l'ortitudinem.

2886 779 3161 834 Praeterea
3207 792 3332 833 cum
3365 774 3650 830 Romanus
3695 772 3947 845 quidam.
3978 770 4296 842 Stephanus
4336 784 4440 825 nec

2816 872 2985 937 mine,
3009 870 3174 940 judex
3204 869 3348 924 sacri
3381 867 3567 939 palatii
3593 882 3868 923 summam
3901 864 4232 938 pra‘sidatns
4260 862 4441 919 admi-

2815 966 3079 1020 nistraret
3130 962 3389 1028 Auximi,
3426 962 3681 1035 exigente
3733 976 3924 1027 causa,
3983 958 4307 1016 Dominicus
4361 956 4436 1014 ad

2815 1074 2940 1115 eum
2992 1057 3161 1121 venit,
3219 1070 3459 1127 eumque
3508 1072 3677 1127 super
3714 1056 3957 1126 quadam
3995 1054 4169 1110 eremi
4210 1066 4442 1124 posses-

2815 1152 2994 1219 sione,
3022 1167 3189 1223 quam
3221 1167 3289 1207 ex
3314 1148 3441 1219 jure
3471 1151 3619 1208 aedis
3645 1148 3961 1220 apostolicae
3990 1144 4292 1214 detinebat,
4339 1145 4444 1202 ob-

2814 1245 2947 1302 nixe
2992 1241 3441 1315 rogavit..Quem
3475 1240 3564 1296 ille
3606 1250 3799 1312 utpote
3834 1238 3980 1295 nulla
4023 1238 4263 1295 vestium
4287 1251 4443 1295 como

2814 1335 3089 1408 positione
3125 1334 3407 1399 festivum,
3432 1332 3744 1404 despiciens
3772 1331 4011 1404 sprevit;
4039 1331 4201 1402 eique
4237 1327 4313 1385 nil
4346 1342 4446 1393 eo.

2816 1444 2941 1484 rum
2969 1442 3091 1499 qua:
3132 1425 3416 1496 poscebat,
3450 1424 3697 1480 indulsit.
3729 1424 3980 1496 Cumque
4007 1422 4111 1480 sibi
4140 1439 4169 1480 a
4202 1422 4445 1479 cireum-

2817 1521 3094 1578 stantibus
3140 1520 3419 1575 diceretur
3441 1557 3456 1573 .
3494 1516 3613 1573 Noli
3643 1532 3772 1573 eum
3815 1526 3930 1573 tam
3959 1518 4098 1575 dure
4128 1517 4440 1589 suscipere,

2817 1622 3043 1671 sanctus
3093 1612 3241 1669 enim
3288 1611 3377 1665 vir
3426 1620 3531 1667 est.
3594 1610 3689 1666 llle
3727 1620 3990 1683 tanquam
4038 1610 4110 1669 fel
4150 1624 4443 1677 evomens,

2819 1708 2946 1764 ait:
2998 1706 3083 1762 Sit
3134 1711 3385 1769 sanctus,
3445 1710 3508 1759 ut
3564 1701 3734 1759 vultis
3776 1719 3793 1759 :
3845 1703 3943 1759 sed
3989 1702 4185 1782 beatus
4241 1701 4443 1760 Petrus

1104 1829 1320 1885 diversa
1349 1825 1594 1883 membra
1614 1824 1742 1894 ipse
1771 1823 1991 1879 sibimet
2014 1792 2181 1891 iudex
2207 1829 2265 1877 et
2286 1834 2415 1875 reus
2442 1792 2715 1873 violenter
2741 1842 2792 1904 Β
2821 1810 2971 1904 θέης
3025 1798 3268 1904 εθιξοιῖοτ
3294 1813 3336 1904 ,ε

2214 1829 2265 1877 et
2286 1834 2415 1875 reus
2442 1792 2715 1873 violenter
2741 1842 2792 1904 Β
2821 1810 2971 1904 θέης
3025 1798 3268 1904 εθιξοιῖοτ
3294 1803 3432 1904 ,θῗίο
3462 1792 3657 1904 full-IS.
3682 1809 3800 1901 ego.
3839 1810 4062 1855 causam
4108 1796 4162 1900 in
4194 1795 4299 1904 hac
4332 1795 4446 1904 ,εις-

1102 1919 1358 1976 arctavit.
1420 1917 1557 1973 3am
1619 1917 1729 1971 duo
1791 1915 2174 1986 dependebant
2221 1911 2445 1967 vincula
2497 1907 2714 1965 cervice

1104 2020 1269 2068 tenus
1319 2025 1419 2084 per
1468 2010 1733 2065 humeros
1780 2005 2131 2070 altrinsecus,
2187 2003 2319 2059 hinc
2365 2001 2435 2057 ad
2486 2012 2712 2064 sexum,

1103 2104 1255 2161 illine
1312 2100 1496 2173 usque
1544 2103 1613 2156 ad
1665 2099 1890 2165 femur;
1955 2097 2096 2153 duos
2141 2110 2271 2151 vere
2323 2094 2376 2148 in
2427 2089 2715 2149 coxalibus

1102 2196 1359 2262 circulos,
1391 2196 1530 2251 duos
1560 2193 1803 2264 suscepit
1828 2192 1882 2247 in
1918 2190 2082 2247 ulnis.
2119 2187 2375 2259 Undique
2404 2186 2572 2258 igitur
2603 2194 2712 2239 tam

1101 2289 1390 2361 multiplici
1453 2286 1851 2345 constrictione
1916 2284 2192 2345 vallatus,
2259 2279 2328 2336 ad
2386 2294 2487 2335 nos
2551 2277 2715 2333 rediit

1102 2390 1336 2443 secrete,
1366 2378 1509 2449 quod
1552 2380 1704 2434 circa
1749 2392 1810 2432 se
1851 2374 2061 2431 factum
2092 2372 2521 2436 eratnstendit;
2576 2384 2715 2424 neve

1100 2471 1248 2543 quod
1282 2471 1488 2527 fecerat
1519 2470 1892 2532 immutarem,
1938 2467 2031 2522 vix
2064 2467 2285 2521 tandem
2330 2464 2441 2518 voti
2488 2476 2715 2532 compos

1099 2561 1359 2621 obtinuit;
1412 2562 1519 2619 Sed
1567 2578 1692 2618 cum
1736 2562 1853 2617 htee
1897 2560 2051 2616 illum
2091 2560 2233 2614 ultra
2262 2558 2412 2614 vires
2440 2564 2715 2611 tormenta

1101 2663 1431 2727 gravarent,
1482 2662 1539 2712 et
1590 2670 1658 2710 ex
1709 2653 1921 2710 attritis
1968 2654 2233 2710 carnibus
2284 2649 2513 2721 jamjam
2575 2649 2719 2704 fetor

1101 2761 1437 2826 erumperet,
1489 2752 1718 2821 insuper
1756 2750 2017 2814 accessit,
2064 2750 2209 2819 quod
2251 2762 2349 2803 cor
2380 2745 2569 2801 fratris
2598 2744 2714 2817 glo-

1100 2846 1242 2901 riam
1274 2846 1584 2916 respuentis
1612 2844 1798 2900 acrius
1833 2840 2197 2914 perturbavit.
2232 2839 2415 2910 Cmpit
2441 2837 2589 2893 enim
2623 2838 2719 2891 hn-

1095 2938 1188 3013 jus
1210 2938 1460 3011 mysterii
1486 2936 1632 2992 fama
1658 2949 2042 3006 prorumpere,
2074 2942 2127 2988 et
2148 2934 2304 3004 prius
2334 2946 2432 3001 per
2460 2929 2713 2990 fratrum,

1101 3032 1299 3090 deinde
1318 3045 1415 3101 per
1428 3046 1525 3087 ora
1547 3027 2050 3099 supervenientium
2075 3024 2444 3097 quorumlibet
2464 3021 2715 3075 volitare.

1101 3124 1333 3197 Rogavit
1375 3125 1560 3194 itaque
1604 3120 1995 3193 omnipotentis
2023 3121 2117 3176 Dei
2154 3117 2622 3175 miscricordiam,
2658 3122 2719 3168 ut

1098 3219 1263 3295 497
1294 3220 1423 3291 quid
1453 3219 1554 3275 sibi
1592 3234 1759 3290 super
1794 3218 1898 3273 hoc
1946 3225 2128 3287 empto
2159 3213 2424 3285 placeret,
2459 3226 2557 3282 per
2595 3224 2706 3266 sua:
2735 3212 2782 3278 ι]

1099 3318 1322 3372 virtutis
1344 3315 1601 3371 indicium
1631 3313 1913 3368 evidenter
1947 3311 2285 3367 ostenderet.
2327 3305 2552 3362 Interim
2584 3319 2716 3358 vero

1100 3410 1230 3465 dum
1279 3406 1588 3476 huiusmodi
1630 3405 1885 3475 precibus
1915 3405 2238 3474 frequenter
2285 3400 2586 3461 insisteret,
2634 3395 2718 3451 bis

1099 3516 1201 3572 per
1227 3498 1500 3556 somnium
1546 3497 1886 3552 confortatus
1933 3495 2141 3550 audivit
2174 3511 2187 3547 :
2227 3492 2354 3561 quia
2386 3489 2717 3545 ferramenta

1101 3594 1192 3648 illa
1225 3593 1339 3663 jam
1370 3598 1558 3647 essent
1588 3589 1854 3644 divinitus
1890 3587 2149 3643 resoluta.
2210 3586 2383 3640 Porro
2433 3588 2617 3635 autem
2663 3577 2716 3631 in

1100 3687 1402 3744 festivitate
1432 3686 1718 3740 beatorum
1770 3680 2141 3754 apostolorum
2187 3676 2428 3734 Simonis
2456 3683 2512 3728 et
2542 3671 2715 3735 Iudae,

1100 3796 1267 3852 quant
1309 3777 1623 3848 nuperrime
1646 3774 2067 3840 celebravimus,
2097 3774 2224 3827 dum
2273 3779 2555 3825 nocturno-
2592 3782 2716 3822 cum

1102 3872 1367 3929 fratribus
1409 3873 1699 3927 interesset
1730 3867 1925 3930 officio,
1978 3876 2202 3938 repente
2248 3866 2356 3919 duo
2400 3863 2488 3919 illa
2544 3863 2720 3919 ferra-

1102 3975 1283 4021 menta
1314 3982 1435 4037 qua:
1462 3977 1626 4034 super
1672 3963 1931 4018 humeros
1957 3962 2134 4033 posita
2182 3962 2441 4031 utrinque
2487 3958 2719 4015 inferius

1103 4058 1503 4130 dependebant,
1531 4067 1892 4126 ventremque
1923 4072 2047 4111 cum
2086 4056 2308 4111 renibus
2337 4054 2715 4118 coarctabant,

1102 4167 1330 4223 prorsus
1358 4149 1583 4207 effracta
1615 4158 1773 4217 sunt,
1806 4156 1861 4203 et
1893 4164 2060 4203 unum
2091 4149 2143 4202 in
2172 4148 2330 4210 duas,
2374 4146 2609 4201 alterum
2663 4145 2716 4198 in

1104 4254 1217 4301 tres
1244 4246 1477 4301 divisum
1506 4253 1590 4299 est
1616 4252 1821 4313 partes.
1854 4241 2052 4299 Caneri
2086 4257 2217 4297 vero
2246 4239 2436 4295 circuli
2466 4255 2573 4294 non
2597 4240 2720 4309 qui-

1104 4338 1226 4395 dem
1258 4353 1357 4409 per
1386 4345 1568 4409 partes
1596 4336 1834 4406 abrupti,
1868 4334 2071 4390 sedita
2104 4332 2269 4388 laxati
2313 4341 2460 4394 sunt,
2494 4341 2549 4386 ct
2580 4347 2718 4402 qua-

1106 4430 1229 4485 dam
1247 4428 1380 4485 facti
1410 4437 1535 4485 sunt
1565 4428 1771 4483 mollita
1807 4427 2029 4483 lenitate
2055 4425 2341 4489 ﬂexibiles,
2371 4434 2429 4478 ut
2454 4426 2722 4495 quodam-

1107 4525 1270 4580 modo
1306 4538 1414 4578 non
1447 4532 1554 4577 tam
1589 4521 1750 4577 ferrei
1771 4537 1935 4591 quam
1960 4520 2197 4589 plumbei
2222 4495 2722 4583 viderentur,adco

2820 1892 3225 1948 ministratione
3275 1888 3533 1946 defendo.
3582 1889 3757 1962 Igitur
3786 1888 3964 1958 impos
3991 1886 4158 1959 coepti
4194 1884 4444 1943 Domini-

2816 2002 2914 2043 cus
2943 1984 3087 2041 redit
3110 1985 3180 2040 ad
3210 1982 3502 2047 cellulam;
3536 1982 3625 2038 ille
3651 1996 3869 2052 quoque
3893 1987 4018 2050 post
4033 1977 4318 2050 paululum
4354 1990 4447 2033 re-

2815 2092 3012 2135 versus
3038 2086 3125 2133 cst
3148 2076 3405 2133 Romam.
3458 2073 3797 2143 Porropuer
3820 2070 4043 2143 quidam
4076 2069 4228 2143 (3-58)
4258 2067 4448 2141 despi-

2815 2174 3031 2238 cabilis,
3071 2170 3161 2243 qui
3199 2171 3268 2227 ad
3315 2169 3727 2239 exsequendum
3758 2168 4125 2239 quodcunque
4161 2164 4445 2237 negotium

2818 2269 2872 2324 in
2922 2263 3402 2321 administratione
3461 2260 3753 2325 remansit,
3807 2257 4072 2330 quidquid
4120 2255 4446 2313 Dominicus

2818 2362 3047 2432 petierat
3076 2374 3106 2413 a
3129 2358 3338 2429 judice,
3367 2362 3569 2410 cuncta
3608 2360 3927 2408 reverenter
3955 2349 4224 2422 implevit.
4263 2345 4441 2404 Judex

2817 2466 3000 2509 autem
3032 2467 3139 2506 non
3169 2448 3259 2505 ditt
3290 2458 3582 2519 postquam
3617 2445 3685 2499 ad
3728 2443 3952 2515 propria
3993 2441 4297 2514 repedavit,
4346 2440 4453 2496 ho-

2818 2544 3037 2601 Stilihus
3058 2541 3253 2613 gladiis
3283 2536 3567 2610 perfossus
3597 2535 3829 2600 interiit,
3869 2532 4179 2604 multasque
4198 2530 4450 2599 divitias,

2820 2639 2945 2709 quia
2977 2630 3221 2692 sobolem
3251 2648 3359 2688 non
3401 2630 3662 2695 habebat,
3696 2627 3981 2685 extraneis
4014 2625 4325 2682 haeredibus
4354 2626 4454 2682 dc-

2820 2728 3063 2799 reliquit.

2894 2822 3026 2877 Erat
3043 2827 3310 2890 prtcterea
3330 2814 3651 2869 Dominieus
3674 2824 3831 2866 vatuc
3856 2818 4056 2865 cautus
4084 2806 4138 2863 in
4160 2804 4453 2872 verbis,ut

2823 2922 2947 2984 apte
2966 2912 3069 2965 sihi
3098 2914 3431 2979 congrueret
3459 2904 3546 2959 illa
3581 2901 3883 2961 sententia,
3912 2914 4020 2971 qua
4044 2895 4284 2954 Jacobus
4313 2910 4450 2967 apo-

2822 3007 2998 3065 stolus
3017 3004 3126 3059 ait:
3162 2999 3221 3057 Si
3249 3001 3369 3071 quis
3400 2999 3455 3052 in
3484 2996 3638 3052 verbo
3667 3011 3772 3050 non
3801 2992 4043 3059 offendit,
4076 2990 4163 3044 hic
4184 2988 4453 3060 perfectus

2821 3109 2896 3155 est
2943 3101 3023 3152 vir
3070 3094 3214 3162 (Jac.
3267 3094 3375 3161 ιιι).
3419 3089 3558 3145 Nam
3606 3088 3656 3143 si
3699 3084 3921 3158 quando
3957 3084 4125 3139 etiam
4174 3096 4455 3152 quaerere-

2819 3213 2927 3262 tur,
2953 3200 3117 3264 quota
3145 3187 3253 3245 diei
3291 3186 3426 3240 bora
3474 3190 3648 3246 esset,
3694 3194 3974 3247 nunquam
4009 3174 4263 3231 absolute
4298 3173 4455 3230 dice-

2826 3294 2939 3354 bat,
2977 3295 3087 3343 tota
3116 3291 3228 3346 cst;
3275 3276 3371 3333 sed
3418 3274 3590 3348 498
3628 3288 3753 3327 eum
3802 3270 4178 3325 additamento
4208 3281 4454 3339 semper,

2824 3398 2996 3457 pr0pe
3029 3377 3191 3435 tertia
3222 3376 3361 3429 hora
3395 3377 3503 3434 est,
3538 3382 3709 3438 prope
3740 3374 3895 3420 sexta
3926 3364 4061 3418 hora
4091 3373 4196 3417 est.
4226 3360 4459 3438 Inquisi-

2826 3455 2912 3533 tus
2943 3492 2971 3530 a
3016 3487 3105 3528 me
3150 3484 3252 3524 cur
3293 3478 3515 3533 semper
3559 3461 3634 3515 ita
3683 3460 3933 3515 diceret:
3969 3458 4200 3520 luhoe,
4252 3455 4453 3528 inquit,

2825 3566 3178 3626 mendacium
3203 3574 3394 3617 caveo.
3428 3555 3561 3611 Nam
3595 3556 3711 3610 sive
3738 3554 3810 3607 sit
3843 3553 3974 3607 hora
4008 3561 4313 3617 transacta,
4337 3549 4459 3606 sive

2823 3662 3001 3717 adimo
3032 3653 3284 3711 fortassis
3313 3648 3614 3708 immineat.
3650 3644 3958 3717 propinqua
3980 3652 4166 3698 tamen
4195 3650 4305 3708 est,
4328 3656 4454 3713 qua:

2823 3750 3082 3807 videlicet
3140 3761 3172 3801 a
3214 3750 3498 3800 momento
3539 3739 3595 3796 in
3637 3752 3750 3809 quo
3785 3736 4088 3809 loquimur,
4135 3749 4247 3791 non
4297 3735 4459 3791 elon-

2822 3830 3028 3915 gatura

2897 3958 3146 4015 Habebat
3196 3952 3497 4023 aliquando
3542 3945 3797 4004 cellulam
3828 3944 3992 4018 juxta
4028 3940 4456 4009 monasterium,

2821 4051 2968 4122 quod
3000 4048 3205 4103 dicitur
3250 4040 3628 4114 Conjnnctuli.
3683 4038 3740 4092 ln
3789 4036 3973 4107 Vlgllla
4029 4035 4217 4105 itaque
4264 4034 4457 4093 Domi-

2820 4144 2958 4199 nieae
3005 4136 3363 4202 Nativitatis,
3393 4141 3534 4190 'cum
3586 4140 3701 4186 tota
3750 4128 4080 4200 pmccedcnti
4137 4126 4459 4198 Quadrage-

2821 4237 2961 4292 sima
3014 4232 3164 4305 (3W)
3219 4229 3519 4286 mansisset
3572 4224 3843 4289 inclusus,
3900 4223 4181 4292 tantisque
4226 4218 4458 4293 jejuniis

2822 4338 2987 4398 atque
3021 4321 3302 4379 laboribus
3335 4329 3485 4376 esset
3509 4318 3864 4374 vehementer
3883 4312 4145 4379 amictus,
4188 4312 4457 4368 invitante

2790 4422 2994 4492 gloria
3047 4413 3416 4473 solemnitatis
3454 4424 3733 4485 egressus,
3786 4406 3974 4463 abbati
4017 4406 4124 4462 loci
4170 4402 4458 4459 humiliter

2828 4511 3090 4584 procidit,
3124 4510 3337 4563 veniam
3389 4503 3578 4576 petiit,
3614 4510 3775 4558 actus
3805 4514 3936 4556 suos
3978 4506 4035 4555 et
4083 4496 4457 4568 cogitationes

1106 4623 1169 4670 ut
1218 4615 1387 4670 etiam
1420 4614 1463 4668 si
1512 4613 1674 4668 vellet
1704 4587 2068 4669 defluentibus
2099 4612 2181 4668 eis
2216 4627 2281 4668 ae
2310 4611 2722 4683 prolabcntibus
2751 4587 2801 4646 Ῐ)
2828 4603 3267 4679 lacrymabiliter
3291 4598 3596 4657 accusavit.
3625 4596 3719 4653 ille
3760 4602 3971 4658 autem,
4011 4600 4073 4646 ut
4101 4599 4220 4646 erat
4256 4590 4458 4661 juven-

1105 4711 1411 4780 astringere
1440 4724 1521 4769 se.
1556 4708 1700 4762 ultra
1744 4722 1849 4762 non
1877 4714 2082 4777 posset.
2130 4704 2223 4761 Sic
2273 4706 2352 4761 sic
2385 4705 2579 4769 frater,
2628 4705 2720 4775 qui

1106 4812 1313 4858 sanctae
1335 4792 1641 4857 devotionis
1665 4799 1917 4855 aestuanti
1949 4798 2126 4854 fuerat
2150 4800 2346 4853 ardore
2365 4798 2721 4863 constrictus,

1022 4898 1031 4905 '
1103 4894 1197 4966 pio
1229 4894 1321 4948 Dei
1348 4892 1555 4962 judicio
1585 4900 1670 4946 est
1712 4878 2040 4947 mirabiliter
2070 4891 2379 4949 absolutus.
2419 4890 2561 4959 Quid
2592 4906 2737 4962 ergo.

1104 5002 1362 5058 maguum
1392 4984 1437 5041 si
1469 5000 1567 5056 per
1604 4983 1971 5048 Dominicum,
2004 4984 2316 5041 mirabilem
2348 4984 2603 5040 videlicet
2638 4987 2723 5039 vi-

1104 5093 1251 5143 rum,
1282 5078 1497 5147 signum
1525 5076 1742 5147 aliquod
1778 5077 1920 5131 Deus
1946 5075 2210 5132 voluisset
2246 5076 2561 5142 ostendere,
2595 5092 2719 5132 cum

1104 5170 1161 5227 in
1194 5159 1313 5241 ipso
1356 5171 1437 5225 sui
1482 5170 1723 5225 tirocinii
1770 5170 1997 5227 exordio
2043 5185 2144 5241 per
2188 5170 2337 5227 hunc
2364 5167 2718 5239 juvenculum

1104 5262 1215 5319 duo
1236 5262 1501 5318 miracula
1526 5263 1785 5332 dignatus
1804 5270 1889 5319 est
1914 5262 2195 5327 exhibere,
2234 5278 2359 5319 cum
2391 5261 2721 5319 laudabilius

1103 5357 1180 5413 sit
1227 5355 1391 5411 fortia
1446 5358 1725 5427 peregisse
1776 5371 1944 5427 quam
1975 5356 2151 5411 nova?
2202 5355 2357 5413 Unde
2386 5356 2557 5412 David
2594 5372 2718 5412 cum

1105 5447 1466 5518 praemisisset
1499 5466 1510 5498 :
1546 5446 1813 5502 Mil-abitis
1844 5447 1986 5503 Deus
2032 5449 2088 5503 in
2135 5449 2334 5503 sanctis
2367 5447 2513 5513 suis;
2551 5447 2723 5518 proti-

1182 5622 1333 5707 (54_8)
1373 5622 1487 5709 line
1551 5625 1605 5678 in
1662 5626 1781 5709 ipe-.0
1826 5625 1998 5709 pueri.
2034 5624 2259 5709 nomine
2310 5625 2721 5709 intelligentiam

1102 5708 1232 5819 :33:
1264 5695 1520 5821 iignobilis
1547 5696 1880 5753 conditionis
1929 5697 2273 5763 ministrum,
2322 5700 2548 5753 adnotat
2602 5695 2725 5751 Μα-

1239 5783 1269 5819 η
1297 5784 1378 5821 us.
1688 5794 1691 5797 '

1177 5835 1329 5935 (359)
1373 5838 1497 5896 llaec
1524 5838 1953 5913 Quadragesima
2002 5841 2231 5915 intelligi
2265 5841 2426 5899 debet
2468 5840 2535 5898 de
2572 5841 2723 5911 Qua-

2827 4701 3005 4765 culus,
3035 4698 3172 4755 levis
3195 4694 3442 4752 moribus
3470 4700 3527 4750 et
3571 4690 3823 4748 consiliis
3854 4685 4235 4761 spiritualibus
4266 4683 4457 4740 insue-

2831 4802 2939 4858 tus,
2990 4806 3116 4848 cum
3162 4789 3266 4846 sibi
3300 4784 3577 4844 sufﬁceret
3620 4799 3789 4838 unum
3822 4781 4095 4855 psalmum
4126 4777 4211 4833 vel
4239 4776 4459 4849 perexi-

2828 4902 2994 4959 guum
3021 4885 3152 4956 quid
3180 4883 3485 4953 imponere,
3516 4877 3781 4951 pmcepit
3820 4884 3878 4931 ut
3903 4890 4005 4947 pro
4036 4874 4125 4959 his
4164 4887 4291 4944 quae
4321 4886 4457 4928 con-

2829 4953 3012 5035 fessus
3037 4953 3244 5040 fuerat,
3272 4973 3499 5046 triginta
3534 4968 3797 5040 psalteria
3826 4953 4170 5023 decantaret.
4210 4961 4328 5030 Qua
4372 4961 4457 5017 ni-

2826 5072 3029 5127 mirum
3063 5068 3151 5125 ille
3178 5066 3456 5123 sententia
3485 5064 3635 5120 velut
3664 5060 3870 5135 sagitta
3909 5058 4221 5131 perculsus,
4258 5056 4326 5110 ad
4358 5070 4457 5111 cor

2827 5164 3013 5231 rediit,
3045 5171 3212 5233 atque
3258 5158 3367 5216 huc
3405 5156 3728 5229 provenisse
3770 5168 3841 5210 ex
3888 5149 4064 5207 divini
4094 5146 4457 5218 dispositione

2819 5260 3016 5331 judicii
3044 5256 3348 5330 deputavit.
3383 5254 3570 5325 Itaque
3594 5264 3881 5323 regressus
3915 5248 3969 5303 in
3996 5243 4280 5309 cellulam,
4310 5256 4457 5298 nuu-

2829 5367 2995 5426 quam
3028 5349 3257 5422 prodiit,
3290 5347 3467 5403 donec
3513 5342 3800 5416 praefixum
3848 5336 4073 5397 indicta;
4112 5334 4458 5409 poenitentia:

2830 5458 3099 5501 canonem
3131 5438 3533 5497 instantissima
3568 5433 3863 5492 sedulitate
3888 5429 4177 5504 persolvit.

2830 5620 3156 5694 dragesima
3172 5616 3233 5674 S.
3266 5615 3509 5678 Martini,
3537 5629 3659 5686 quae
3681 5611 4119 5694 protendebatur
4141 5607 4211 5691 ab
4242 5605 4458 5694 octavis

2830 5677 3089 5751 Omnium
3124 5689 3457 5746 Sanctorum
3493 5677 3781 5751 us'que'ad
3825 5682 4017 5739 Natale
4052 5677 4290 5737 Domini.
4326 5677 4460 5751 Ejus

2831 5749 2952 5821 luco
2983 5762 3144 5819 modo
3170 5761 3430 5818 observat
3473 5749 3721 5817 Ecclesia
3757 5755 4050 5829 jejunium.
4080 5751 4229 5819 quod
4271 5749 4459 5822 appel-

2831 5838 2976 5895 latur
3001 5834 3305 5903 Adventus.
