  <div class='ocr_page' id='page_1' title='image "/cluster/home/n/w/nwhite01/storage/ocr_20150623/144-145/uc1.31175001639262/520.png"; bbox 0 0 5652 6372; ppageno 0'>
   <div class='ocr_carea' id='block_1_1' title="bbox 1092 363 1228 422">
    <p class='ocr_par' dir='ltr' id='par_1_1' title="bbox 1092 363 1228 422">
     <span class='ocr_line' id='line_1_1' title="bbox 1092 363 1228 422; baseline -0.007 0"><span class='ocrx_word' id='word_1_1' title='bbox 1092 363 1228 422; x_wconf 61' lang='grc' dir='ltr'><strong>εαξη</strong></span> 
     </span>
    </p>
   </div>
   <div class='ocr_carea' id='block_1_2' title="bbox 1955 461 1978 494">
    <p class='ocr_par' dir='ltr' id='par_1_2' title="bbox 1955 461 1978 494">
     <span class='ocr_line' id='line_1_2' title="bbox 1955 461 1978 494; baseline 0 -22"><span class='ocrx_word' id='word_1_2' title='bbox 1955 461 1978 494; x_wconf 62' lang='grc' dir='ltr'><strong><em>τ</em></strong></span> 
     </span>
    </p>
   </div>
   <div class='ocr_carea' id='block_1_3' title="bbox 2126 334 3347 407">
    <p class='ocr_par' dir='ltr' id='par_1_3' title="bbox 2126 334 3347 407">
     <span class='ocr_line' id='line_1_3' title="bbox 2126 334 3347 407; baseline -0.016 1"><span class='ocrx_word' id='word_1_3' title='bbox 2126 346 2375 407; x_wconf 77' lang='lat' dir='ltr'><strong>PASSIO</strong></span> <span class='ocrx_word' id='word_1_4' title='bbox 2419 347 2521 403; x_wconf 89' lang='lat' dir='ltr'><strong>SS.</strong></span> <span class='ocrx_word' id='word_1_5' title='bbox 2562 339 2822 400; x_wconf 61' lang='grc' dir='ltr'><strong>νιοειιιῖ</strong></span> <span class='ocrx_word' id='word_1_6' title='bbox 2865 338 2954 398; x_wconf 82' lang='grc' dir='ltr'><strong>ΕΤ</strong></span> <span class='ocrx_word' id='word_1_7' title='bbox 2990 334 3347 394; x_wconf 69' lang='grc' dir='ltr'><strong>ωειιιΑε.</strong></span> 
     </span>
    </p>
   </div>
   <div class='ocr_carea' id='block_1_4' title="bbox 1198 530 4341 572">
    <p class='ocr_par' dir='ltr' id='par_1_4' title="bbox 1198 530 4341 572">
     <span class='ocr_line' id='line_1_4' title="bbox 1198 530 4341 572; baseline -0.004 0"><span class='ocrx_word' id='word_1_8' title='bbox 1198 530 4341 572; x_wconf 51' lang='grc' dir='ltr'><strong>*Μ’-Μ’*</strong></span> 
     </span>
    </p>
   </div>
   <div class='ocr_carea' id='block_1_5' title="bbox 4283 325 4432 387">
    <p class='ocr_par' dir='ltr' id='par_1_5' title="bbox 4283 325 4432 387">
     <span class='ocr_line' id='line_1_5' title="bbox 4283 325 4432 387; baseline -0.02 0"><span class='ocrx_word' id='word_1_9' title='bbox 4283 325 4432 387; x_wconf 70' lang='grc'><strong>10⁸26</strong></span> 
     </span>
    </p>
   </div>
   <div class='ocr_carea' id='block_1_6' title="bbox 1361 620 4168 854">
    <p class='ocr_par' dir='ltr' id='par_1_6' title="bbox 1361 620 4168 854">
     <span class='ocr_line' id='line_1_6' title="bbox 1361 620 4168 854; baseline -0.008 -39"><span class='ocrx_word' id='word_1_10' title='bbox 1361 620 1697 815; x_wconf 79' lang='lat' dir='ltr'><strong>PASSIO</strong></span> <span class='ocrx_word' id='word_1_11' title='bbox 1786 706 2378 812; x_wconf 81' lang='lat' dir='ltr'><strong>SANGTABUM</strong></span> <span class='ocrx_word' id='word_1_12' title='bbox 2452 701 2955 854; x_wconf 78' lang='lat' dir='ltr'><strong>VIRGINUM</strong></span> <span class='ocrx_word' id='word_1_13' title='bbox 3029 698 3394 800; x_wconf 57' lang='grc' dir='ltr'><strong>ηοω</strong></span> <span class='ocrx_word' id='word_1_14' title='bbox 3472 698 3600 796; x_wconf 75' lang='lat' dir='ltr'><strong>ur</strong></span> <span class='ocrx_word' id='word_1_15' title='bbox 3680 697 4168 798; x_wconf 74' lang='lat' dir='ltr'><strong>LUCILLAl.</strong></span> 
     </span>
    </p>
   </div>
   <div class='ocr_carea' id='block_1_7' title="bbox 2521 915 2933 1013">
    <p class='ocr_par' dir='ltr' id='par_1_7' title="bbox 2521 915 2933 1013">
     <span class='ocr_line' id='line_1_7' title="bbox 2521 915 2933 1013; baseline -0.007 -18"><span class='ocrx_word' id='word_1_16' title='bbox 2521 915 2524 919; x_wconf 76' lang='grc'>’</span> <span class='ocrx_word' id='word_1_17' title='bbox 2586 934 2685 1013; x_wconf 74' lang='lat'><strong>(29</strong></span> <span class='ocrx_word' id='word_1_18' title='bbox 2719 929 2933 1011; x_wconf 84' lang='lat' dir='ltr'><strong>Julii.)</strong></span> 
     </span>
    </p>
   </div>
   <div class='ocr_carea' id='block_1_8' title="bbox 1978 1077 3551 1176">
    <p class='ocr_par' dir='ltr' id='par_1_8' title="bbox 1978 1077 3551 1176">
     <span class='ocr_line' id='line_1_8' title="bbox 1978 1077 3551 1176; baseline -0.003 -9"><span class='ocrx_word' id='word_1_19' title='bbox 1978 1105 2135 1167; x_wconf 84' lang='lat' dir='ltr'><strong>Cum</strong></span> <span class='ocrx_word' id='word_1_20' title='bbox 2168 1098 2696 1164; x_wconf 76' lang='lat' dir='ltr'><strong>adnotationibus</strong></span> <span class='ocrx_word' id='word_1_21' title='bbox 2730 1095 3066 1161; x_wconf 80' lang='lat' dir='ltr'><strong>Guillelmi</strong></span> <span class='ocrx_word' id='word_1_22' title='bbox 3101 1077 3344 1176; x_wconf 76' lang='lat' dir='ltr'><strong>Cuperi</strong></span> <span class='ocrx_word' id='word_1_23' title='bbox 3372 1097 3443 1160; x_wconf 88' lang='lat' dir='ltr'><strong>s.</strong></span> <span class='ocrx_word' id='word_1_24' title='bbox 3482 1098 3551 1162; x_wconf 88' lang='lat' dir='ltr'><strong>J.</strong></span> 
     </span>
    </p>
   </div>
   <div class='ocr_carea' id='block_1_9' title="bbox 1699 1423 2092 1484">
    <p class='ocr_par' dir='ltr' id='par_1_9' title="bbox 1699 1423 2092 1484">
     <span class='ocr_line' id='line_1_9' title="bbox 1699 1423 2092 1484; baseline -0.015 0"><span class='ocrx_word' id='word_1_25' title='bbox 1699 1423 2092 1484; x_wconf 83' lang='lat' dir='ltr'><strong>PROLOGUS.</strong></span> 
     </span>
    </p>
   </div>
   <div class='ocr_carea' id='block_1_10' title="bbox 1168 1510 2713 1590">
    <p class='ocr_par' dir='ltr' id='par_1_10' title="bbox 1168 1510 2713 1590">
     <span class='ocr_line' id='line_1_10' title="bbox 1168 1510 2713 1590; baseline -0.018 -1"><span class='ocrx_word' id='word_1_26' title='bbox 1168 1535 1343 1590; x_wconf 86' lang='lat' dir='ltr'><strong>Deum</strong></span> <span class='ocrx_word' id='word_1_27' title='bbox 1373 1524 1680 1583; x_wconf 81' lang='lat' dir='ltr'><strong>mirabnem</strong></span> <span class='ocrx_word' id='word_1_28' title='bbox 1715 1523 1768 1576; x_wconf 92' lang='lat' dir='ltr'><strong>in</strong></span> <span class='ocrx_word' id='word_1_29' title='bbox 1802 1520 2008 1576; x_wconf 76' lang='lat' dir='ltr'><strong>sanctis</strong></span> <span class='ocrx_word' id='word_1_30' title='bbox 2046 1515 2182 1579; x_wconf 91' lang='lat' dir='ltr'><strong>suis,</strong></span> <span class='ocrx_word' id='word_1_31' title='bbox 2211 1510 2505 1568; x_wconf 87' lang='lat' dir='ltr'><strong>Psalmista</strong></span> <span class='ocrx_word' id='word_1_32' title='bbox 2546 1515 2713 1572; x_wconf 89' lang='lat' dir='ltr'><strong>teste,</strong></span> 
     </span>
    </p>
   </div>
   <div class='ocr_carea' id='block_1_11' title="bbox 1102 1599 2716 1692">
    <p class='ocr_par' dir='ltr' id='par_1_11' title="bbox 1102 1599 2716 1692">
     <span class='ocr_line' id='line_1_11' title="bbox 1102 1599 2716 1692; baseline -0.02 -9"><span class='ocrx_word' id='word_1_33' title='bbox 1102 1625 1394 1683; x_wconf 82' lang='lat' dir='ltr'><strong>didicimus</strong></span> <span class='ocrx_word' id='word_1_34' title='bbox 1422 1617 1597 1692; x_wconf 79' lang='lat' dir='ltr'><strong>(Psal.</strong></span> <span class='ocrx_word' id='word_1_35' title='bbox 1640 1613 1835 1682; x_wconf 81' lang='lat' dir='ltr'><strong>van),</strong></span> <span class='ocrx_word' id='word_1_36' title='bbox 1864 1627 1974 1666; x_wconf 91' lang='lat' dir='ltr'><strong>non</strong></span> <span class='ocrx_word' id='word_1_37' title='bbox 2003 1608 2178 1664; x_wconf 92' lang='lat' dir='ltr'><strong>solum</strong></span> <span class='ocrx_word' id='word_1_38' title='bbox 2231 1606 2284 1660; x_wconf 91' lang='lat' dir='ltr'><strong>in</strong></span> <span class='ocrx_word' id='word_1_39' title='bbox 2322 1619 2390 1660; x_wconf 91' lang='lat' dir='ltr'><strong>eo</strong></span> <span class='ocrx_word' id='word_1_40' title='bbox 2420 1602 2573 1672; x_wconf 42' lang='lat' dir='ltr'><strong>quod.</strong></span> <span class='ocrx_word' id='word_1_41' title='bbox 2611 1599 2716 1653; x_wconf 90' lang='lat' dir='ltr'><strong>mi-</strong></span> 
     </span>
    </p>
   </div>
   <div class='ocr_carea' id='block_1_12' title="bbox 1105 1697 2716 1782">
    <p class='ocr_par' dir='ltr' id='par_1_12' title="bbox 1105 1697 2716 1782">
     <span class='ocr_line' id='line_1_12' title="bbox 1105 1697 2716 1782; baseline -0.017 -8"><span class='ocrx_word' id='word_1_42' title='bbox 1105 1717 1302 1774; x_wconf 86' lang='lat' dir='ltr'><strong>rabilia</strong></span> <span class='ocrx_word' id='word_1_43' title='bbox 1336 1715 1488 1782; x_wconf 87' lang='lat' dir='ltr'><strong>signa</strong></span> <span class='ocrx_word' id='word_1_44' title='bbox 1516 1726 1614 1782; x_wconf 90' lang='lat' dir='ltr'><strong>per</strong></span> <span class='ocrx_word' id='word_1_45' title='bbox 1650 1723 1746 1764; x_wconf 91' lang='lat' dir='ltr'><strong>eos</strong></span> <span class='ocrx_word' id='word_1_46' title='bbox 1793 1713 2056 1776; x_wconf 81' lang='lat' dir='ltr'><strong>operatur</strong></span> <span class='ocrx_word' id='word_1_47' title='bbox 2100 1703 2153 1757; x_wconf 92' lang='lat' dir='ltr'><strong>in</strong></span> <span class='ocrx_word' id='word_1_48' title='bbox 2186 1701 2274 1756; x_wconf 89' lang='lat' dir='ltr'><strong>his</strong></span> <span class='ocrx_word' id='word_1_49' title='bbox 2302 1699 2396 1770; x_wconf 88' lang='lat' dir='ltr'><strong>qui</strong></span> <span class='ocrx_word' id='word_1_50' title='bbox 2431 1697 2716 1751; x_wconf 88' lang='lat' dir='ltr'><strong>inﬁrman-</strong></span> 
     </span>
    </p>
   </div>
   <div class='ocr_carea' id='block_1_13' title="bbox 1106 1791 2722 1872">
    <p class='ocr_par' dir='ltr' id='par_1_13' title="bbox 1106 1791 2722 1872">
     <span class='ocr_line' id='line_1_13' title="bbox 1106 1791 2722 1872; baseline -0.015 -6"><span class='ocrx_word' id='word_1_51' title='bbox 1106 1820 1231 1872; x_wconf 87' lang='lat' dir='ltr'><strong>tur;</strong></span> <span class='ocrx_word' id='word_1_52' title='bbox 1265 1822 1456 1863; x_wconf 88' lang='lat' dir='ltr'><strong>verum</strong></span> <span class='ocrx_word' id='word_1_53' title='bbox 1479 1804 1642 1859; x_wconf 88' lang='lat' dir='ltr'><strong>etiam</strong></span> <span class='ocrx_word' id='word_1_54' title='bbox 1672 1800 1814 1870; x_wconf 84' lang='lat' dir='ltr'><strong>quod</strong></span> <span class='ocrx_word' id='word_1_55' title='bbox 1851 1815 1950 1869; x_wconf 91' lang='lat' dir='ltr'><strong>per</strong></span> <span class='ocrx_word' id='word_1_56' title='bbox 1979 1813 2104 1853; x_wconf 89' lang='lat' dir='ltr'><strong>eum</strong></span> <span class='ocrx_word' id='word_1_57' title='bbox 2136 1795 2237 1864; x_wconf 86' lang='lat' dir='ltr'><strong>ipsi</strong></span> <span class='ocrx_word' id='word_1_58' title='bbox 2271 1791 2722 1849; x_wconf 76' lang='lat' dir='ltr'><strong>convalescentes</strong></span> 
     </span>
    </p>
   </div>
   <div class='ocr_carea' id='block_1_14' title="bbox 1105 1882 2720 1956">
    <p class='ocr_par' dir='ltr' id='par_1_14' title="bbox 1105 1882 2720 1956">
     <span class='ocr_line' id='line_1_14' title="bbox 1105 1882 2720 1956; baseline -0.012 0"><span class='ocrx_word' id='word_1_59' title='bbox 1105 1901 1174 1956; x_wconf 87' lang='lat' dir='ltr'><strong>de</strong></span> <span class='ocrx_word' id='word_1_60' title='bbox 1218 1897 1541 1954; x_wconf 90' lang='lat' dir='ltr'><strong>inﬁrmitate</strong></span> <span class='ocrx_word' id='word_1_61' title='bbox 1584 1891 1887 1956; x_wconf 91' lang='lat' dir='ltr'><strong>communi,</strong></span> <span class='ocrx_word' id='word_1_62' title='bbox 1931 1889 2101 1944; x_wconf 81' lang='lat' dir='ltr'><strong>fortes</strong></span> <span class='ocrx_word' id='word_1_63' title='bbox 2130 1886 2256 1941; x_wconf 88' lang='lat' dir='ltr'><strong>facti</strong></span> <span class='ocrx_word' id='word_1_64' title='bbox 2287 1893 2412 1940; x_wconf 90' lang='lat' dir='ltr'><strong>sunt</strong></span> <span class='ocrx_word' id='word_1_65' title='bbox 2451 1884 2506 1938; x_wconf 90' lang='lat' dir='ltr'><strong>in</strong></span> <span class='ocrx_word' id='word_1_66' title='bbox 2553 1882 2720 1938; x_wconf 86' lang='lat' dir='ltr'><strong>bello.</strong></span> 
     </span>
    </p>
   </div>
   <div class='ocr_carea' id='block_1_15' title="bbox 1105 1976 2720 2049">
    <p class='ocr_par' dir='ltr' id='par_1_15' title="bbox 1105 1976 2720 2049">
     <span class='ocr_line' id='line_1_15' title="bbox 1105 1976 2720 2049; baseline -0.011 -2"><span class='ocrx_word' id='word_1_67' title='bbox 1105 1991 1400 2048; x_wconf 83' lang='lat' dir='ltr'><strong>lnﬁrmitas</strong></span> <span class='ocrx_word' id='word_1_68' title='bbox 1424 1987 1566 2045; x_wconf 88' lang='lat' dir='ltr'><strong>enim</strong></span> <span class='ocrx_word' id='word_1_69' title='bbox 1591 1985 1876 2041; x_wconf 87' lang='lat' dir='ltr'><strong>hominum</strong></span> <span class='ocrx_word' id='word_1_70' title='bbox 1908 1992 2028 2036; x_wconf 88' lang='lat' dir='ltr'><strong>avet</strong></span> <span class='ocrx_word' id='word_1_71' title='bbox 2061 1991 2294 2035; x_wconf 89' lang='lat' dir='ltr'><strong>mortem</strong></span> <span class='ocrx_word' id='word_1_72' title='bbox 2320 1978 2528 2049; x_wconf 78' lang='lat' dir='ltr'><strong>fugere,</strong></span> <span class='ocrx_word' id='word_1_73' title='bbox 2547 1976 2720 2030; x_wconf 80' lang='lat' dir='ltr'><strong>maxi-</strong></span> 
     </span>
    </p>
   </div>
   <div class='ocr_carea' id='block_1_16' title="bbox 1107 2071 2723 2140">
    <p class='ocr_par' dir='ltr' id='par_1_16' title="bbox 1107 2071 2723 2140">
     <span class='ocr_line' id='line_1_16' title="bbox 1107 2071 2723 2140; baseline -0.01 0"><span class='ocrx_word' id='word_1_74' title='bbox 1107 2100 1196 2140; x_wconf 97' lang='lat' dir='ltr'><strong>me</strong></span> <span class='ocrx_word' id='word_1_75' title='bbox 1224 2097 1356 2138; x_wconf 85' lang='lat' dir='ltr'><strong>vero</strong></span> <span class='ocrx_word' id='word_1_76' title='bbox 1380 2081 1426 2136; x_wconf 92' lang='lat' dir='ltr'><strong>si</strong></span> <span class='ocrx_word' id='word_1_77' title='bbox 1457 2081 1676 2134; x_wconf 90' lang='lat' dir='ltr'><strong>sitcum</strong></span> <span class='ocrx_word' id='word_1_78' title='bbox 1701 2077 2040 2132; x_wconf 83' lang='lat' dir='ltr'><strong>cruciatibus</strong></span> <span class='ocrx_word' id='word_1_79' title='bbox 2070 2072 2377 2129; x_wconf 89' lang='lat' dir='ltr'><strong>inferenda.</strong></span> <span class='ocrx_word' id='word_1_80' title='bbox 2407 2071 2516 2127; x_wconf 87' lang='lat' dir='ltr'><strong>Sed</strong></span> <span class='ocrx_word' id='word_1_81' title='bbox 2542 2071 2723 2126; x_wconf 82' lang='lat' dir='ltr'><strong>sancti</strong></span> 
     </span>
    </p>
   </div>
   <div class='ocr_carea' id='block_1_17' title="bbox 1106 2164 2729 2246">
    <p class='ocr_par' dir='ltr' id='par_1_17' title="bbox 1106 2164 2729 2246">
     <span class='ocr_line' id='line_1_17' title="bbox 1106 2164 2729 2246; baseline -0.009 -16"><span class='ocrx_word' id='word_1_82' title='bbox 1106 2183 1378 2246; x_wconf 80' lang='lat' dir='ltr'><strong>martyres</strong></span> <span class='ocrx_word' id='word_1_83' title='bbox 1409 2173 1550 2227; x_wconf 90' lang='lat' dir='ltr'><strong>hanc</strong></span> <span class='ocrx_word' id='word_1_84' title='bbox 1591 2170 1966 2225; x_wconf 90' lang='lat' dir='ltr'><strong>inﬁrmitatem</strong></span> <span class='ocrx_word' id='word_1_85' title='bbox 2007 2183 2104 2237; x_wconf 91' lang='lat' dir='ltr'><strong>per</strong></span> <span class='ocrx_word' id='word_1_86' title='bbox 2135 2167 2231 2221; x_wconf 91' lang='lat' dir='ltr'><strong>Dei</strong></span> <span class='ocrx_word' id='word_1_87' title='bbox 2250 2164 2500 2233; x_wconf 75' lang='lat' dir='ltr'><strong>gratiam</strong></span> <span class='ocrx_word' id='word_1_88' title='bbox 2532 2177 2729 2234; x_wconf 89' lang='lat' dir='ltr'><strong>super-</strong></span> 
     </span>
    </p>
   </div>
   <div class='ocr_carea' id='block_1_18' title="bbox 1115 2259 2731 2335">
    <p class='ocr_par' dir='ltr' id='par_1_18' title="bbox 1115 2259 2731 2335">
     <span class='ocr_line' id='line_1_18' title="bbox 1115 2259 2731 2335; baseline -0.007 -12"><span class='ocrx_word' id='word_1_89' title='bbox 1115 2277 1294 2335; x_wconf 81' lang='lat' dir='ltr'><strong>antes,</strong></span> <span class='ocrx_word' id='word_1_90' title='bbox 1335 2280 1446 2321; x_wconf 91' lang='lat' dir='ltr'><strong>non</strong></span> <span class='ocrx_word' id='word_1_91' title='bbox 1479 2263 1655 2320; x_wconf 90' lang='lat' dir='ltr'><strong>solum</strong></span> <span class='ocrx_word' id='word_1_92' title='bbox 1701 2261 1882 2317; x_wconf 86' lang='lat' dir='ltr'><strong>oblata</strong></span> <span class='ocrx_word' id='word_1_93' title='bbox 1910 2259 2185 2332; x_wconf 88' lang='lat' dir='ltr'><strong>pertulere</strong></span> <span class='ocrx_word' id='word_1_94' title='bbox 2213 2268 2506 2325; x_wconf 84' lang='lat' dir='ltr'><strong>tormenta,</strong></span> <span class='ocrx_word' id='word_1_95' title='bbox 2539 2266 2594 2312; x_wconf 93' lang='lat' dir='ltr'><strong>et</strong></span> <span class='ocrx_word' id='word_1_96' title='bbox 2632 2273 2731 2328; x_wconf 87' lang='lat' dir='ltr'><strong>per</strong></span> 
     </span>
    </p>
   </div>
   <div class='ocr_carea' id='block_1_19' title="bbox 1108 2349 2729 2430">
    <p class='ocr_par' dir='ltr' id='par_1_19' title="bbox 1108 2349 2729 2430">
     <span class='ocr_line' id='line_1_19' title="bbox 1108 2349 2729 2430; baseline -0.007 -15"><span class='ocrx_word' id='word_1_97' title='bbox 1108 2360 1228 2430; x_wconf 87' lang='lat' dir='ltr'><strong>ipsa</strong></span> <span class='ocrx_word' id='word_1_98' title='bbox 1280 2373 1434 2413; x_wconf 88' lang='lat' dir='ltr'><strong>suam</strong></span> <span class='ocrx_word' id='word_1_99' title='bbox 1475 2357 1643 2411; x_wconf 90' lang='lat' dir='ltr'><strong>vitam</strong></span> <span class='ocrx_word' id='word_1_100' title='bbox 1691 2353 1981 2416; x_wconf 89' lang='lat' dir='ltr'><strong>fuderunt;</strong></span> <span class='ocrx_word' id='word_1_101' title='bbox 2034 2366 2226 2406; x_wconf 86' lang='lat' dir='ltr'><strong>verum</strong></span> <span class='ocrx_word' id='word_1_102' title='bbox 2264 2349 2431 2404; x_wconf 88' lang='lat' dir='ltr'><strong>etiam</strong></span> <span class='ocrx_word' id='word_1_103' title='bbox 2480 2350 2624 2406; x_wconf 77' lang='lat' dir='ltr'><strong>ultro</strong></span> <span class='ocrx_word' id='word_1_104' title='bbox 2669 2365 2729 2404; x_wconf 84' lang='lat' dir='ltr'><strong>se</strong></span> 
     </span>
    </p>
   </div>
   <div class='ocr_carea' id='block_1_20' title="bbox 1109 2441 2730 2521">
    <p class='ocr_par' dir='ltr' id='par_1_20' title="bbox 1109 2441 2730 2521">
     <span class='ocr_line' id='line_1_20' title="bbox 1109 2441 2730 2521; baseline -0.006 -15"><span class='ocrx_word' id='word_1_105' title='bbox 1109 2449 1360 2521; x_wconf 80' lang='lat' dir='ltr'><strong>tyrannis</strong></span> <span class='ocrx_word' id='word_1_106' title='bbox 1393 2457 1448 2502; x_wconf 90' lang='lat' dir='ltr'><strong>et</strong></span> <span class='ocrx_word' id='word_1_107' title='bbox 1479 2445 1833 2503; x_wconf 90' lang='lat' dir='ltr'><strong>carniﬁcibus</strong></span> <span class='ocrx_word' id='word_1_108' title='bbox 1890 2443 1963 2498; x_wconf 88' lang='lat' dir='ltr'><strong>ad-</strong></span> <span class='ocrx_word' id='word_1_109' title='bbox 1991 2458 2185 2514; x_wconf 66' lang='lat' dir='ltr'><strong>poenas</strong></span> <span class='ocrx_word' id='word_1_110' title='bbox 2228 2441 2605 2497; x_wconf 80' lang='lat' dir='ltr'><strong>atrocissimas</strong></span> <span class='ocrx_word' id='word_1_111' title='bbox 2636 2443 2730 2497; x_wconf 84' lang='lat' dir='ltr'><strong>ob-</strong></span> 
     </span>
    </p>
   </div>
   <div class='ocr_carea' id='block_1_21' title="bbox 1109 2532 2733 2606">
    <p class='ocr_par' dir='ltr' id='par_1_21' title="bbox 1109 2532 2733 2606">
     <span class='ocr_line' id='line_1_21' title="bbox 1109 2532 2733 2606; baseline -0.006 -11"><span class='ocrx_word' id='word_1_112' title='bbox 1109 2540 1373 2595; x_wconf 80' lang='lat' dir='ltr'><strong>tulerunt.</strong></span> <span class='ocrx_word' id='word_1_113' title='bbox 1421 2538 1577 2606; x_wconf 91' lang='lat' dir='ltr'><strong>Quod</strong></span> <span class='ocrx_word' id='word_1_114' title='bbox 1611 2537 1892 2592; x_wconf 89' lang='lat' dir='ltr'><strong>hominum</strong></span> <span class='ocrx_word' id='word_1_115' title='bbox 1931 2549 2103 2606; x_wconf 89' lang='lat' dir='ltr'><strong>genus</strong></span> <span class='ocrx_word' id='word_1_116' title='bbox 2153 2533 2361 2603; x_wconf 86' lang='lat' dir='ltr'><strong>Optimo</strong></span> <span class='ocrx_word' id='word_1_117' title='bbox 2407 2532 2535 2601; x_wconf 77' lang='lat' dir='ltr'><strong>jure</strong></span> <span class='ocrx_word' id='word_1_118' title='bbox 2577 2533 2733 2587; x_wconf 56' lang='lat' dir='ltr'><strong>dixe.</strong></span> 
     </span>
    </p>
   </div>
   <div class='ocr_carea' id='block_1_22' title="bbox 1111 2626 2729 2699">
    <p class='ocr_par' dir='ltr' id='par_1_22' title="bbox 1111 2626 2729 2699">
     <span class='ocr_line' id='line_1_22' title="bbox 1111 2626 2729 2699; baseline -0.004 -10"><span class='ocrx_word' id='word_1_119' title='bbox 1111 2634 1252 2699; x_wconf 88' lang='lat' dir='ltr'><strong>rim,</strong></span> <span class='ocrx_word' id='word_1_120' title='bbox 1306 2630 1492 2686; x_wconf 90' lang='lat' dir='ltr'><strong>divino</strong></span> <span class='ocrx_word' id='word_1_121' title='bbox 1539 2644 1788 2696; x_wconf 88' lang='lat' dir='ltr'><strong>munere,</strong></span> <span class='ocrx_word' id='word_1_122' title='bbox 1845 2626 2223 2682; x_wconf 81' lang='lat' dir='ltr'><strong>fortitudinem</strong></span> <span class='ocrx_word' id='word_1_123' title='bbox 2258 2642 2412 2680; x_wconf 92' lang='lat' dir='ltr'><strong>suam</strong></span> <span class='ocrx_word' id='word_1_124' title='bbox 2459 2636 2729 2682; x_wconf 82' lang='lat' dir='ltr'><strong>mutasse.</strong></span> 
     </span>
    </p>
   </div>
   <div class='ocr_carea' id='block_1_23' title="bbox 1113 2718 2732 2794">
    <p class='ocr_par' dir='ltr' id='par_1_23' title="bbox 1113 2718 2732 2794">
     <span class='ocr_line' id='line_1_23' title="bbox 1113 2718 2732 2794; baseline -0.006 -13"><span class='ocrx_word' id='word_1_125' title='bbox 1113 2723 1276 2792; x_wconf 87' lang='lat' dir='ltr'><strong>Cum,</strong></span> <span class='ocrx_word' id='word_1_126' title='bbox 1300 2723 1444 2794; x_wconf 89' lang='lat' dir='ltr'><strong>quod</strong></span> <span class='ocrx_word' id='word_1_127' title='bbox 1467 2738 1566 2793; x_wconf 90' lang='lat' dir='ltr'><strong>per</strong></span> <span class='ocrx_word' id='word_1_128' title='bbox 1590 2731 1846 2776; x_wconf 87' lang='lat' dir='ltr'><strong>naturam</strong></span> <span class='ocrx_word' id='word_1_129' title='bbox 1871 2728 2106 2782; x_wconf 84' lang='lat' dir='ltr'><strong>amatur,</strong></span> <span class='ocrx_word' id='word_1_130' title='bbox 2127 2718 2280 2773; x_wconf 90' lang='lat' dir='ltr'><strong>nullo</strong></span> <span class='ocrx_word' id='word_1_131' title='bbox 2309 2727 2541 2788; x_wconf 78' lang='lat' dir='ltr'><strong>cogente</strong></span> <span class='ocrx_word' id='word_1_132' title='bbox 2567 2719 2732 2788; x_wconf 83' lang='lat' dir='ltr'><strong>depo-</strong></span> 
     </span>
    </p>
   </div>
   <div class='ocr_carea' id='block_1_24' title="bbox 2733 1413 4448 1489">
    <p class='ocr_par' dir='ltr' id='par_1_24' title="bbox 2733 1413 4448 1489">
     <span class='ocr_line' id='line_1_24' title="bbox 2733 1413 4448 1489; baseline 0.005 -22"><span class='ocrx_word' id='word_1_133' title='bbox 2733 1422 2782 1482; x_wconf 85' lang='grc' dir='ltr'><strong>Α</strong></span> <span class='ocrx_word' id='word_1_134' title='bbox 2813 1413 3138 1480; x_wconf 79' lang='lat' dir='ltr'><strong>maximum,</strong></span> <span class='ocrx_word' id='word_1_135' title='bbox 3172 1429 3403 1470; x_wconf 88' lang='lat' dir='ltr'><strong>cernere</strong></span> <span class='ocrx_word' id='word_1_136' title='bbox 3433 1430 3561 1471; x_wconf 85' lang='lat' dir='ltr'><strong>eum</strong></span> <span class='ocrx_word' id='word_1_137' title='bbox 3593 1417 3687 1486; x_wconf 91' lang='lat' dir='ltr'><strong>qui</strong></span> <span class='ocrx_word' id='word_1_138' title='bbox 3718 1416 4072 1475; x_wconf 88' lang='lat' dir='ltr'><strong>Christianus</strong></span> <span class='ocrx_word' id='word_1_139' title='bbox 4098 1437 4207 1476; x_wconf 90' lang='lat' dir='ltr'><strong>non</strong></span> <span class='ocrx_word' id='word_1_140' title='bbox 4237 1423 4448 1489; x_wconf 81' lang='lat' dir='ltr'><strong>fuerat,</strong></span> 
     </span>
    </p>
   </div>
   <div class='ocr_carea' id='block_1_25' title="bbox 2824 1504 4453 1585">
    <p class='ocr_par' dir='ltr' id='par_1_25' title="bbox 2824 1504 4453 1585">
     <span class='ocr_line' id='line_1_25' title="bbox 2824 1504 4453 1585; baseline 0.007 -23"><span class='ocrx_word' id='word_1_141' title='bbox 2824 1504 3129 1574; x_wconf 89' lang='lat' dir='ltr'><strong>cervicem,</strong></span> <span class='ocrx_word' id='word_1_142' title='bbox 3164 1526 3263 1580; x_wconf 90' lang='lat' dir='ltr'><strong>pro</strong></span> <span class='ocrx_word' id='word_1_143' title='bbox 3281 1508 3509 1566; x_wconf 87' lang='lat' dir='ltr'><strong>Christo</strong></span> <span class='ocrx_word' id='word_1_144' title='bbox 3551 1513 3805 1578; x_wconf 78' lang='lat' dir='ltr'><strong>tendere;</strong></span> <span class='ocrx_word' id='word_1_145' title='bbox 3835 1524 3890 1569; x_wconf 89' lang='lat' dir='ltr'><strong>et</strong></span> <span class='ocrx_word' id='word_1_146' title='bbox 3917 1529 4041 1570; x_wconf 90' lang='lat' dir='ltr'><strong>eum</strong></span> <span class='ocrx_word' id='word_1_147' title='bbox 4071 1516 4164 1585; x_wconf 90' lang='lat' dir='ltr'><strong>qui</strong></span> <span class='ocrx_word' id='word_1_148' title='bbox 4207 1517 4453 1573; x_wconf 88' lang='lat' dir='ltr'><strong>nondum</strong></span> 
     </span>
    </p>
   </div>
   <div class='ocr_carea' id='block_1_26' title="bbox 2823 1600 4457 1676">
    <p class='ocr_par' dir='ltr' id='par_1_26' title="bbox 2823 1600 4457 1676">
     <span class='ocr_line' id='line_1_26' title="bbox 2823 1600 4457 1676; baseline 0.005 -22"><span class='ocrx_word' id='word_1_149' title='bbox 2823 1607 2944 1654; x_wconf 86' lang='lat' dir='ltr'><strong>erat</strong></span> <span class='ocrx_word' id='word_1_150' title='bbox 2975 1609 3199 1654; x_wconf 88' lang='lat' dir='ltr'><strong>renatus</strong></span> <span class='ocrx_word' id='word_1_151' title='bbox 3227 1600 3581 1670; x_wconf 82' lang='lat' dir='ltr'><strong>baptismate,</strong></span> <span class='ocrx_word' id='word_1_152' title='bbox 3611 1618 3709 1672; x_wconf 89' lang='lat' dir='ltr'><strong>per</strong></span> <span class='ocrx_word' id='word_1_153' title='bbox 3734 1604 3986 1675; x_wconf 87' lang='lat' dir='ltr'><strong>martyrii</strong></span> <span class='ocrx_word' id='word_1_154' title='bbox 4012 1605 4251 1675; x_wconf 90' lang='lat' dir='ltr'><strong>palmam</strong></span> <span class='ocrx_word' id='word_1_155' title='bbox 4276 1605 4457 1676; x_wconf 79' lang='lat' dir='ltr'><strong>bapti-</strong></span> 
     </span>
    </p>
   </div>
   <div class='ocr_carea' id='block_1_27' title="bbox 2829 1692 4457 1771">
    <p class='ocr_par' dir='ltr' id='par_1_27' title="bbox 2829 1692 4457 1771">
     <span class='ocr_line' id='line_1_27' title="bbox 2829 1692 4457 1771; baseline 0.006 -27"><span class='ocrx_word' id='word_1_156' title='bbox 2829 1692 2968 1746; x_wconf 88' lang='lat' dir='ltr'><strong>zatis</strong></span> <span class='ocrx_word' id='word_1_157' title='bbox 2990 1692 3241 1762; x_wconf 89' lang='lat' dir='ltr'><strong>plurimis</strong></span> <span class='ocrx_word' id='word_1_158' title='bbox 3265 1693 3560 1749; x_wconf 88' lang='lat' dir='ltr'><strong>anteferri!</strong></span> <span class='ocrx_word' id='word_1_159' title='bbox 3587 1694 3696 1751; x_wconf 86' lang='lat' dir='ltr'><strong>Sed</strong></span> <span class='ocrx_word' id='word_1_160' title='bbox 3723 1696 3838 1766; x_wconf 87' lang='lat' dir='ltr'><strong>ipsa</strong></span> <span class='ocrx_word' id='word_1_161' title='bbox 3864 1697 4021 1752; x_wconf 91' lang='lat' dir='ltr'><strong>nobis</strong></span> <span class='ocrx_word' id='word_1_162' title='bbox 4045 1699 4271 1753; x_wconf 86' lang='lat' dir='ltr'><strong>historia</strong></span> <span class='ocrx_word' id='word_1_163' title='bbox 4299 1698 4457 1771; x_wconf 86' lang='grc'>(555)</span> 
     </span>
    </p>
   </div>
   <div class='ocr_carea' id='block_1_28' title="bbox 2823 1784 4457 1862">
    <p class='ocr_par' dir='ltr' id='par_1_28' title="bbox 2823 1784 4457 1862">
     <span class='ocr_line' id='line_1_28' title="bbox 2823 1784 4457 1862; baseline 0.006 -25"><span class='ocrx_word' id='word_1_164' title='bbox 2823 1784 2942 1854; x_wconf 87' lang='lat' dir='ltr'><strong>jam</strong></span> <span class='ocrx_word' id='word_1_165' title='bbox 2979 1784 3258 1855; x_wconf 83' lang='lat' dir='ltr'><strong>loquatur,</strong></span> <span class='ocrx_word' id='word_1_166' title='bbox 3293 1785 3412 1856; x_wconf 90' lang='lat' dir='ltr'><strong>ipsa</strong></span> <span class='ocrx_word' id='word_1_167' title='bbox 3467 1786 3627 1842; x_wconf 87' lang='lat' dir='ltr'><strong>nobis</strong></span> <span class='ocrx_word' id='word_1_168' title='bbox 3657 1801 3975 1844; x_wconf 84' lang='lat' dir='ltr'><strong>sanctorum</strong></span> <span class='ocrx_word' id='word_1_169' title='bbox 3998 1789 4304 1862; x_wconf 84' lang='lat' dir='ltr'><strong>&#39;originem,</strong></span> <span class='ocrx_word' id='word_1_170' title='bbox 4339 1792 4457 1862; x_wconf 87' lang='lat' dir='ltr'><strong>ipsa</strong></span> 
     </span>
    </p>
   </div>
   <div class='ocr_carea' id='block_1_29' title="bbox 2828 1877 4459 1950">
    <p class='ocr_par' dir='ltr' id='par_1_29' title="bbox 2828 1877 4459 1950">
     <span class='ocr_line' id='line_1_29' title="bbox 2828 1877 4459 1950; baseline 0.007 -22"><span class='ocrx_word' id='word_1_171' title='bbox 2828 1891 3025 1929; x_wconf 84' lang='lat' dir='ltr'><strong>eorum</strong></span> <span class='ocrx_word' id='word_1_172' title='bbox 3075 1877 3201 1930; x_wconf 80' lang='lat' dir='ltr'><strong>vitae</strong></span> <span class='ocrx_word' id='word_1_173' title='bbox 3224 1892 3604 1948; x_wconf 89' lang='lat' dir='ltr'><strong>progressum,</strong></span> <span class='ocrx_word' id='word_1_174' title='bbox 3638 1880 3757 1950; x_wconf 91' lang='lat' dir='ltr'><strong>ipsa</strong></span> <span class='ocrx_word' id='word_1_175' title='bbox 3787 1883 4156 1937; x_wconf 88' lang='lat' dir='ltr'><strong>consummati</strong></span> <span class='ocrx_word' id='word_1_176' title='bbox 4188 1885 4459 1940; x_wconf 89' lang='lat' dir='ltr'><strong>certami-</strong></span> 
     </span>
    </p>
   </div>
   <div class='ocr_carea' id='block_1_30' title="bbox 2829 1969 3631 2044">
    <p class='ocr_par' dir='ltr' id='par_1_30' title="bbox 2829 1969 3631 2044">
     <span class='ocr_line' id='line_1_30' title="bbox 2829 1969 3631 2044; baseline 0.004 -20"><span class='ocrx_word' id='word_1_177' title='bbox 2829 1969 2916 2024; x_wconf 89' lang='lat' dir='ltr'><strong>nis</strong></span> <span class='ocrx_word' id='word_1_178' title='bbox 2941 1969 3174 2042; x_wconf 75' lang='lat' dir='ltr'><strong>gloriam</strong></span> <span class='ocrx_word' id='word_1_179' title='bbox 3197 1971 3311 2044; x_wconf 87' lang='lat' dir='ltr'><strong>jam</strong></span> <span class='ocrx_word' id='word_1_180' title='bbox 3336 1983 3631 2044; x_wconf 86' lang='lat' dir='ltr'><strong>proponat.</strong></span> 
     </span>
    </p>
   </div>
   <div class='ocr_carea' id='block_1_31' title="bbox 3359 2087 3932 2146">
    <p class='ocr_par' dir='ltr' id='par_1_31' title="bbox 3359 2087 3932 2146">
     <span class='ocr_line' id='line_1_31' title="bbox 3359 2087 3932 2146; baseline 0 -2"><span class='ocrx_word' id='word_1_181' title='bbox 3359 2087 3593 2144; x_wconf 85' lang='lat' dir='ltr'><strong>CAPUT</strong></span> <span class='ocrx_word' id='word_1_182' title='bbox 3633 2088 3932 2146; x_wconf 73' lang='lat' dir='ltr'><strong>PRIMUM.</strong></span> 
     </span>
    </p>
   </div>
   <div class='ocr_carea' id='block_1_32' title="bbox 2833 2175 4467 2252">
    <p class='ocr_par' dir='ltr' id='par_1_32' title="bbox 2833 2175 4467 2252">
     <span class='ocr_line' id='line_1_32' title="bbox 2833 2175 4467 2252; baseline 0 -14"><span class='ocrx_word' id='word_1_183' title='bbox 2833 2175 3062 2238; x_wconf 83' lang='lat' dir='ltr'><strong>Harum</strong></span> <span class='ocrx_word' id='word_1_184' title='bbox 3097 2189 3410 2236; x_wconf 79' lang='lat' dir='ltr'><strong>sanctarum</strong></span> <span class='ocrx_word' id='word_1_185' title='bbox 3447 2182 3715 2250; x_wconf 75' lang='lat' dir='ltr'><strong>virginum</strong></span> <span class='ocrx_word' id='word_1_186' title='bbox 3749 2182 3952 2249; x_wconf 76' lang='lat' dir='ltr'><strong>pietas,</strong></span> <span class='ocrx_word' id='word_1_187' title='bbox 4012 2182 4297 2252; x_wconf 78' lang='lat' dir='ltr'><strong>captivitas</strong></span> <span class='ocrx_word' id='word_1_188' title='bbox 4327 2190 4378 2237; x_wconf 80' lang='lat' dir='ltr'><strong>et</strong></span> <span class='ocrx_word' id='word_1_189' title='bbox 4407 2183 4467 2238; x_wconf 78' lang='lat' dir='ltr'><strong>in</strong></span> 
     </span>
    </p>
   </div>
   <div class='ocr_carea' id='block_1_33' title="bbox 3359 2252 3947 2322">
    <p class='ocr_par' dir='ltr' id='par_1_33' title="bbox 3359 2252 3947 2322">
     <span class='ocr_line' id='line_1_33' title="bbox 3359 2252 3947 2322; baseline 0 -16"><span class='ocrx_word' id='word_1_190' title='bbox 3359 2253 3669 2322; x_wconf 76' lang='lat' dir='ltr'><strong>captivitate</strong></span> <span class='ocrx_word' id='word_1_191' title='bbox 3701 2252 3947 2306; x_wconf 80' lang='lat' dir='ltr'><strong>libertas.</strong></span> 
     </span>
    </p>
   </div>
   <div class='ocr_carea' id='block_1_34' title="bbox 2909 2344 4470 2406">
    <p class='ocr_par' dir='ltr' id='par_1_34' title="bbox 2909 2344 4470 2406">
     <span class='ocr_line' id='line_1_34' title="bbox 2909 2344 4470 2406; baseline 0.001 -5"><span class='ocrx_word' id='word_1_192' title='bbox 2909 2345 3114 2404; x_wconf 85' lang='lat' dir='ltr'><strong>Urbem</strong></span> <span class='ocrx_word' id='word_1_193' title='bbox 3149 2345 3386 2401; x_wconf 82' lang='lat' dir='ltr'><strong>Romam</strong></span> <span class='ocrx_word' id='word_1_194' title='bbox 3419 2345 3712 2399; x_wconf 88' lang='lat' dir='ltr'><strong>universas</strong></span> <span class='ocrx_word' id='word_1_195' title='bbox 3757 2345 3921 2400; x_wconf 88' lang='lat' dir='ltr'><strong>urbes</strong></span> <span class='ocrx_word' id='word_1_196' title='bbox 3964 2345 4113 2400; x_wconf 90' lang='lat' dir='ltr'><strong>omni</strong></span> <span class='ocrx_word' id='word_1_197' title='bbox 4161 2344 4470 2406; x_wconf 75' lang='lat' dir='ltr'><strong>nobilitatis</strong></span> 
     </span>
    </p>
   </div>
   <div class='ocr_carea' id='block_1_35' title="bbox 2837 2436 4467 2512">
    <p class='ocr_par' dir='ltr' id='par_1_35' title="bbox 2837 2436 4467 2512">
     <span class='ocr_line' id='line_1_35' title="bbox 2837 2436 4467 2512; baseline -0.001 -17"><span class='ocrx_word' id='word_1_198' title='bbox 2837 2455 3037 2512; x_wconf 84' lang='lat' dir='ltr'><strong>genere</strong></span> <span class='ocrx_word' id='word_1_199' title='bbox 3078 2436 3468 2508; x_wconf 78' lang='lat' dir='ltr'><strong>przecessisse,</strong></span> <span class='ocrx_word' id='word_1_200' title='bbox 3519 2445 3576 2491; x_wconf 89' lang='lat' dir='ltr'><strong>et</strong></span> <span class='ocrx_word' id='word_1_201' title='bbox 3615 2445 3781 2506; x_wconf 88' lang='lat' dir='ltr'><strong>caput</strong></span> <span class='ocrx_word' id='word_1_202' title='bbox 3824 2436 3977 2492; x_wconf 84' lang='lat' dir='ltr'><strong>orbis</strong></span> <span class='ocrx_word' id='word_1_203' title='bbox 4017 2437 4190 2493; x_wconf 83' lang='lat' dir='ltr'><strong>fuisse</strong></span> <span class='ocrx_word' id='word_1_204' title='bbox 4229 2436 4467 2493; x_wconf 89' lang='lat' dir='ltr'><strong>manife-</strong></span> 
     </span>
    </p>
   </div>
   <div class='ocr_carea' id='block_1_36' title="bbox 2837 2528 4466 2599">
    <p class='ocr_par' dir='ltr' id='par_1_36' title="bbox 2837 2528 4466 2599">
     <span class='ocr_line' id='line_1_36' title="bbox 2837 2528 4466 2599; baseline -0.001 -13"><span class='ocrx_word' id='word_1_205' title='bbox 2837 2543 2984 2586; x_wconf 90' lang='lat' dir='ltr'><strong>stum</strong></span> <span class='ocrx_word' id='word_1_206' title='bbox 3029 2540 3134 2586; x_wconf 82' lang='lat' dir='ltr'><strong>est.</strong></span> <span class='ocrx_word' id='word_1_207' title='bbox 3177 2529 3236 2585; x_wconf 87' lang='lat' dir='ltr'><strong>Si</strong></span> <span class='ocrx_word' id='word_1_208' title='bbox 3271 2545 3418 2584; x_wconf 88' lang='lat' dir='ltr'><strong>cmm</strong></span> <span class='ocrx_word' id='word_1_209' title='bbox 3451 2539 3580 2582; x_wconf 87' lang='lat' dir='ltr'><strong>ante</strong></span> <span class='ocrx_word' id='word_1_210' title='bbox 3615 2528 3824 2599; x_wconf 84' lang='lat' dir='ltr'><strong>Christi</strong></span> <span class='ocrx_word' id='word_1_211' title='bbox 3872 2529 4088 2584; x_wconf 88' lang='lat' dir='ltr'><strong>Domini</strong></span> <span class='ocrx_word' id='word_1_212' title='bbox 4115 2529 4466 2586; x_wconf 77' lang='lat' dir='ltr'><strong>nativitatem</strong></span> 
     </span>
    </p>
   </div>
   <div class='ocr_carea' id='block_1_37' title="bbox 2839 2623 4468 2690">
    <p class='ocr_par' dir='ltr' id='par_1_37' title="bbox 2839 2623 4468 2690">
     <span class='ocr_line' id='line_1_37' title="bbox 2839 2623 4468 2690; baseline -0.002 -8"><span class='ocrx_word' id='word_1_213' title='bbox 2839 2627 3162 2682; x_wconf 87' lang='lat' dir='ltr'><strong>consideres</strong></span> <span class='ocrx_word' id='word_1_214' title='bbox 3186 2667 3200 2690; x_wconf 94' lang='lat'><strong>,</strong></span> <span class='ocrx_word' id='word_1_215' title='bbox 3244 2624 3526 2678; x_wconf 83' lang='lat' dir='ltr'><strong>Romanos</strong></span> <span class='ocrx_word' id='word_1_216' title='bbox 3564 2623 3779 2678; x_wconf 89' lang='lat' dir='ltr'><strong>iuvenis</strong></span> <span class='ocrx_word' id='word_1_217' title='bbox 3823 2639 4010 2678; x_wconf 88' lang='lat' dir='ltr'><strong>rerum</strong></span> <span class='ocrx_word' id='word_1_218' title='bbox 4045 2624 4342 2690; x_wconf 90' lang='lat' dir='ltr'><strong>dominos;</strong></span> <span class='ocrx_word' id='word_1_219' title='bbox 4379 2623 4468 2679; x_wconf 88' lang='lat' dir='ltr'><strong>sin</strong></span> 
     </span>
    </p>
   </div>
   <div class='ocr_carea' id='block_1_38' title="bbox 2841 2715 4466 2790">
    <p class='ocr_par' dir='ltr' id='par_1_38' title="bbox 2841 2715 4466 2790">
     <span class='ocr_line' id='line_1_38' title="bbox 2841 2715 4466 2790; baseline 0.001 -17"><span class='ocrx_word' id='word_1_220' title='bbox 2841 2729 2986 2790; x_wconf 92' lang='lat' dir='ltr'><strong>post,</strong></span> <span class='ocrx_word' id='word_1_221' title='bbox 3012 2733 3109 2789; x_wconf 93' lang='lat' dir='ltr'><strong>per</strong></span> <span class='ocrx_word' id='word_1_222' title='bbox 3129 2718 3191 2772; x_wconf 88' lang='grc' dir='ltr'><strong>Β.</strong></span> <span class='ocrx_word' id='word_1_223' title='bbox 3211 2716 3368 2783; x_wconf 78' lang='lat' dir='ltr'><strong>Petri</strong></span> <span class='ocrx_word' id='word_1_224' title='bbox 3399 2717 3587 2772; x_wconf 75' lang='lat' dir='ltr'><strong>sedem</strong></span> <span class='ocrx_word' id='word_1_225' title='bbox 3613 2724 3781 2785; x_wconf 90' lang='lat' dir='ltr'><strong>caput</strong></span> <span class='ocrx_word' id='word_1_226' title='bbox 3801 2716 3955 2771; x_wconf 90' lang='lat' dir='ltr'><strong>orbis</strong></span> <span class='ocrx_word' id='word_1_227' title='bbox 3983 2715 4240 2773; x_wconf 79' lang='lat' dir='ltr'><strong>effectam</strong></span> <span class='ocrx_word' id='word_1_228' title='bbox 4274 2717 4466 2783; x_wconf 80' lang='lat' dir='ltr'><strong>vides;</strong></span> 
     </span>
    </p>
   </div>
   <div class='ocr_carea' id='block_1_39' title="bbox 1113 2807 4473 2882">
    <p class='ocr_par' dir='ltr' id='par_1_39' title="bbox 1113 2807 4473 2882">
     <span class='ocr_line' id='line_1_39' title="bbox 1113 2807 4473 2882; baseline -0.002 -12"><span class='ocrx_word' id='word_1_229' title='bbox 1113 2823 1274 2880; x_wconf 89' lang='lat' dir='ltr'><strong>nunt,</strong></span> <span class='ocrx_word' id='word_1_230' title='bbox 1299 2823 1356 2870; x_wconf 91' lang='lat' dir='ltr'><strong>et</strong></span> <span class='ocrx_word' id='word_1_231' title='bbox 1385 2813 1527 2882; x_wconf 85' lang='lat' dir='ltr'><strong>quod</strong></span> <span class='ocrx_word' id='word_1_232' title='bbox 1550 2811 1876 2867; x_wconf 89' lang='lat' dir='ltr'><strong>naturaliter</strong></span> <span class='ocrx_word' id='word_1_233' title='bbox 1900 2809 2246 2874; x_wconf 75' lang='lat' dir='ltr'><strong>c’xhorretur,</strong></span> <span class='ocrx_word' id='word_1_234' title='bbox 2281 2809 2383 2880; x_wconf 91' lang='lat' dir='ltr'><strong>ipsi</strong></span> <span class='ocrx_word' id='word_1_235' title='bbox 2411 2825 2505 2864; x_wconf 84' lang='lat' dir='ltr'><strong>sua</strong></span> <span class='ocrx_word' id='word_1_236' title='bbox 2533 2819 2732 2880; x_wconf 80' lang='lat' dir='ltr'><strong>sponte</strong></span> <span class='ocrx_word' id='word_1_237' title='bbox 2761 2810 2806 2869; x_wconf 82' lang='grc' dir='ltr'><strong>Β</strong></span> <span class='ocrx_word' id='word_1_238' title='bbox 2836 2810 2885 2866; x_wconf 88' lang='lat' dir='ltr'><strong>si</strong></span> <span class='ocrx_word' id='word_1_239' title='bbox 2925 2810 3074 2863; x_wconf 90' lang='lat' dir='ltr'><strong>viros</strong></span> <span class='ocrx_word' id='word_1_240' title='bbox 3098 2807 3190 2879; x_wconf 89' lang='lat' dir='ltr'><strong>qui</strong></span> <span class='ocrx_word' id='word_1_241' title='bbox 3221 2817 3594 2878; x_wconf 85' lang='lat' dir='ltr'><strong>provenerant</strong></span> <span class='ocrx_word' id='word_1_242' title='bbox 3627 2807 3681 2861; x_wconf 90' lang='lat' dir='ltr'><strong>in</strong></span> <span class='ocrx_word' id='word_1_243' title='bbox 3708 2822 3797 2872; x_wconf 89' lang='lat' dir='ltr'><strong>ea,</strong></span> <span class='ocrx_word' id='word_1_244' title='bbox 3832 2816 4014 2862; x_wconf 88' lang='lat' dir='ltr'><strong>mente</strong></span> <span class='ocrx_word' id='word_1_245' title='bbox 4040 2809 4313 2875; x_wconf 81' lang='lat' dir='ltr'><strong>revolvas,</strong></span> <span class='ocrx_word' id='word_1_246' title='bbox 4338 2824 4473 2865; x_wconf 83' lang='lat' dir='ltr'><strong>con-</strong></span> 
     </span>
    </p>
   </div>
   <div class='ocr_carea' id='block_1_40' title="bbox 1114 2901 2733 2975">
    <p class='ocr_par' dir='ltr' id='par_1_40' title="bbox 1114 2901 2733 2975">
     <span class='ocr_line' id='line_1_40' title="bbox 1114 2901 2733 2975; baseline -0.002 -14"><span class='ocrx_word' id='word_1_247' title='bbox 1114 2913 1439 2975; x_wconf 86' lang='lat' dir='ltr'><strong>sequuntur.</strong></span> <span class='ocrx_word' id='word_1_248' title='bbox 1461 2902 1617 2970; x_wconf 83' lang='lat' dir='ltr'><strong>Quod</strong></span> <span class='ocrx_word' id='word_1_249' title='bbox 1645 2901 1916 2972; x_wconf 79' lang='lat' dir='ltr'><strong>siquidem</strong></span> <span class='ocrx_word' id='word_1_250' title='bbox 1941 2901 2140 2956; x_wconf 87' lang='lat' dir='ltr'><strong>mentis</strong></span> <span class='ocrx_word' id='word_1_251' title='bbox 2168 2901 2360 2966; x_wconf 90' lang='lat' dir='ltr'><strong>robur,</strong></span> <span class='ocrx_word' id='word_1_252' title='bbox 2401 2903 2656 2971; x_wconf 81' lang='lat' dir='ltr'><strong>quamvis</strong></span> <span class='ocrx_word' id='word_1_253' title='bbox 2679 2903 2733 2957; x_wconf 90' lang='lat' dir='ltr'><strong>in</strong></span> 
     </span>
    </p>
   </div>
   <div class='ocr_carea' id='block_1_41' title="bbox 1113 2990 2732 3066">
    <p class='ocr_par' dir='ltr' id='par_1_41' title="bbox 1113 2990 2732 3066">
     <span class='ocr_line' id='line_1_41' title="bbox 1113 2990 2732 3066; baseline -0.001 -18"><span class='ocrx_word' id='word_1_254' title='bbox 1113 2994 1251 3048; x_wconf 75' lang='lat' dir='ltr'><strong>viris</strong></span> <span class='ocrx_word' id='word_1_255' title='bbox 1282 2993 1415 3066; x_wconf 81' lang='lat' dir='ltr'><strong>ipsis</strong></span> <span class='ocrx_word' id='word_1_256' title='bbox 1451 2992 1704 3047; x_wconf 90' lang='lat' dir='ltr'><strong>mirabile</strong></span> <span class='ocrx_word' id='word_1_257' title='bbox 1729 2992 1820 3057; x_wconf 89' lang='lat' dir='ltr'><strong>sit,</strong></span> <span class='ocrx_word' id='word_1_258' title='bbox 1853 3000 1908 3046; x_wconf 89' lang='lat' dir='ltr'><strong>et</strong></span> <span class='ocrx_word' id='word_1_259' title='bbox 1939 2992 2171 3046; x_wconf 91' lang='lat' dir='ltr'><strong>summis</strong></span> <span class='ocrx_word' id='word_1_260' title='bbox 2195 2990 2456 3046; x_wconf 88' lang='lat' dir='ltr'><strong>laudibus</strong></span> <span class='ocrx_word' id='word_1_261' title='bbox 2479 2992 2732 3062; x_wconf 89' lang='lat' dir='ltr'><strong>dignum,</strong></span> 
     </span>
    </p>
   </div>
   <div class='ocr_carea' id='block_1_42' title="bbox 1114 3081 2737 3156">
    <p class='ocr_par' dir='ltr' id='par_1_42' title="bbox 1114 3081 2737 3156">
     <span class='ocr_line' id='line_1_42' title="bbox 1114 3081 2737 3156; baseline -0.001 -17"><span class='ocrx_word' id='word_1_262' title='bbox 1114 3084 1275 3156; x_wconf 84' lang='lat' dir='ltr'><strong>longe</strong></span> <span class='ocrx_word' id='word_1_263' title='bbox 1337 3093 1521 3138; x_wconf 91' lang='lat' dir='ltr'><strong>tamen</strong></span> <span class='ocrx_word' id='word_1_264' title='bbox 1556 3091 1642 3138; x_wconf 91' lang='lat' dir='ltr'><strong>est</strong></span> <span class='ocrx_word' id='word_1_265' title='bbox 1683 3081 1990 3138; x_wconf 89' lang='lat' dir='ltr'><strong>mirabilius</strong></span> <span class='ocrx_word' id='word_1_266' title='bbox 2029 3090 2084 3137; x_wconf 90' lang='lat' dir='ltr'><strong>et</strong></span> <span class='ocrx_word' id='word_1_267' title='bbox 2129 3081 2457 3138; x_wconf 89' lang='lat' dir='ltr'><strong>laudabilius</strong></span> <span class='ocrx_word' id='word_1_268' title='bbox 2502 3083 2556 3136; x_wconf 91' lang='lat' dir='ltr'><strong>in</strong></span> <span class='ocrx_word' id='word_1_269' title='bbox 2601 3098 2737 3138; x_wconf 81' lang='lat' dir='ltr'><strong>sexu</strong></span> 
     </span>
    </p>
   </div>
   <div class='ocr_carea' id='block_1_43' title="bbox 1118 3174 2737 3247">
    <p class='ocr_par' dir='ltr' id='par_1_43' title="bbox 1118 3174 2737 3247">
     <span class='ocr_line' id='line_1_43' title="bbox 1118 3174 2737 3247; baseline 0.002 -19"><span class='ocrx_word' id='word_1_270' title='bbox 1118 3176 1277 3247; x_wconf 79' lang='lat'><strong>501</strong></span> <span class='ocrx_word' id='word_1_271' title='bbox 1314 3174 1548 3231; x_wconf 90' lang='lat' dir='ltr'><strong>femineo</strong></span> <span class='ocrx_word' id='word_1_272' title='bbox 1574 3215 1591 3242; x_wconf 94' lang='lat'><strong>,</strong></span> <span class='ocrx_word' id='word_1_273' title='bbox 1634 3175 1728 3245; x_wconf 89' lang='lat' dir='ltr'><strong>qui</strong></span> <span class='ocrx_word' id='word_1_274' title='bbox 1764 3174 2069 3243; x_wconf 86' lang='lat' dir='ltr'><strong>frigiditate</strong></span> <span class='ocrx_word' id='word_1_275' title='bbox 2116 3190 2230 3230; x_wconf 63' lang='lat' dir='ltr'><strong>suae</strong></span> <span class='ocrx_word' id='word_1_276' title='bbox 2269 3184 2482 3232; x_wconf 75' lang='lat' dir='ltr'><strong>natura:</strong></span> <span class='ocrx_word' id='word_1_277' title='bbox 2513 3177 2737 3232; x_wconf 82' lang='lat' dir='ltr'><strong>timidus</strong></span> 
     </span>
    </p>
   </div>
   <div class='ocr_carea' id='block_1_44' title="bbox 1118 3266 2737 3338">
    <p class='ocr_par' dir='ltr' id='par_1_44' title="bbox 1118 3266 2737 3338">
     <span class='ocr_line' id='line_1_44' title="bbox 1118 3266 2737 3338; baseline 0 -15"><span class='ocrx_word' id='word_1_278' title='bbox 1118 3278 1174 3323; x_wconf 88' lang='lat' dir='ltr'><strong>et</strong></span> <span class='ocrx_word' id='word_1_279' title='bbox 1205 3267 1384 3322; x_wconf 86' lang='lat' dir='ltr'><strong>mollis</strong></span> <span class='ocrx_word' id='word_1_280' title='bbox 1410 3277 1530 3332; x_wconf 89' lang='lat' dir='ltr'><strong>est;</strong></span> <span class='ocrx_word' id='word_1_281' title='bbox 1578 3275 1635 3322; x_wconf 89' lang='lat' dir='ltr'><strong>et</strong></span> <span class='ocrx_word' id='word_1_282' title='bbox 1664 3267 1807 3322; x_wconf 89' lang='lat' dir='ltr'><strong>sicut</strong></span> <span class='ocrx_word' id='word_1_283' title='bbox 1857 3266 2015 3322; x_wconf 88' lang='lat' dir='ltr'><strong>bellis</strong></span> <span class='ocrx_word' id='word_1_284' title='bbox 2071 3267 2445 3338; x_wconf 89' lang='lat' dir='ltr'><strong>ineptissimus</strong></span> <span class='ocrx_word' id='word_1_285' title='bbox 2493 3277 2612 3332; x_wconf 89' lang='lat' dir='ltr'><strong>est,</strong></span> <span class='ocrx_word' id='word_1_286' title='bbox 2660 3269 2737 3324; x_wconf 90' lang='lat' dir='ltr'><strong>ita</strong></span> 
     </span>
    </p>
   </div>
   <div class='ocr_carea' id='block_1_45' title="bbox 1120 3348 2736 3433">
    <p class='ocr_par' dir='ltr' id='par_1_45' title="bbox 1120 3348 2736 3433">
     <span class='ocr_line' id='line_1_45' title="bbox 1120 3348 2736 3433; baseline 0.002 -20"><span class='ocrx_word' id='word_1_287' title='bbox 1120 3359 1341 3433; x_wconf 81' lang='lat' dir='ltr'><strong>gladios</strong></span> <span class='ocrx_word' id='word_1_288' title='bbox 1385 3361 1502 3416; x_wconf 91' lang='lat' dir='ltr'><strong>odit</strong></span> <span class='ocrx_word' id='word_1_289' title='bbox 1546 3370 1601 3416; x_wconf 90' lang='lat' dir='ltr'><strong>et</strong></span> <span class='ocrx_word' id='word_1_290' title='bbox 1631 3375 1824 3427; x_wconf 89' lang='lat' dir='ltr'><strong>arma;</strong></span> <span class='ocrx_word' id='word_1_291' title='bbox 1866 3368 1920 3414; x_wconf 92' lang='lat' dir='ltr'><strong>et</strong></span> <span class='ocrx_word' id='word_1_292' title='bbox 1958 3377 2064 3415; x_wconf 93' lang='lat' dir='ltr'><strong>non</strong></span> <span class='ocrx_word' id='word_1_293' title='bbox 2117 3361 2295 3415; x_wconf 90' lang='lat' dir='ltr'><strong>solum</strong></span> <span class='ocrx_word' id='word_1_294' title='bbox 2353 3348 2736 3433; x_wconf 88' lang='lat' dir='ltr'><strong>conspectum,</strong></span> 
     </span>
    </p>
   </div>
   <div class='ocr_carea' id='block_1_46' title="bbox 1120 3453 2740 3530">
    <p class='ocr_par' dir='ltr' id='par_1_46' title="bbox 1120 3453 2740 3530">
     <span class='ocr_line' id='line_1_46' title="bbox 1120 3453 2740 3530; baseline 0 -20"><span class='ocrx_word' id='word_1_295' title='bbox 1120 3455 1232 3530; x_wconf 82' lang='lat' dir='ltr'><strong>sed</strong></span> <span class='ocrx_word' id='word_1_296' title='bbox 1252 3463 1308 3510; x_wconf 89' lang='lat' dir='ltr'><strong>et</strong></span> <span class='ocrx_word' id='word_1_297' title='bbox 1354 3455 1678 3511; x_wconf 88' lang='lat' dir='ltr'><strong>memoriam</strong></span> <span class='ocrx_word' id='word_1_298' title='bbox 1708 3453 1994 3525; x_wconf 84' lang='lat' dir='ltr'><strong>sanguinis</strong></span> <span class='ocrx_word' id='word_1_299' title='bbox 2051 3454 2447 3523; x_wconf 88' lang='lat' dir='ltr'><strong>perhorrescit.</strong></span> <span class='ocrx_word' id='word_1_300' title='bbox 2497 3455 2622 3510; x_wconf 66' lang='lat' dir='ltr'><strong>Haec</strong></span> <span class='ocrx_word' id='word_1_301' title='bbox 2658 3456 2740 3510; x_wconf 79' lang='lat' dir='ltr'><strong>id-</strong></span> 
     </span>
    </p>
   </div>
   <div class='ocr_carea' id='block_1_47' title="bbox 1119 3533 2736 3616">
    <p class='ocr_par' dir='ltr' id='par_1_47' title="bbox 1119 3533 2736 3616">
     <span class='ocr_line' id='line_1_47' title="bbox 1119 3533 2736 3616; baseline -0.001 -14"><span class='ocrx_word' id='word_1_302' title='bbox 1119 3546 1274 3602; x_wconf 90' lang='lat' dir='ltr'><strong>circo</strong></span> <span class='ocrx_word' id='word_1_303' title='bbox 1295 3545 1657 3616; x_wconf 57' lang='lat' dir='ltr'><strong>praemiserim</strong></span> <span class='ocrx_word' id='word_1_304' title='bbox 1687 3533 1746 3599; x_wconf 87' lang='lat' dir='ltr'><strong>ut</strong></span> <span class='ocrx_word' id='word_1_305' title='bbox 1775 3544 2118 3615; x_wconf 80' lang='lat' dir='ltr'><strong>int&#39;elligatis,</strong></span> <span class='ocrx_word' id='word_1_306' title='bbox 2156 3543 2362 3601; x_wconf 85' lang='lat' dir='ltr'><strong>fratres</strong></span> <span class='ocrx_word' id='word_1_307' title='bbox 2397 3546 2736 3611; x_wconf 91' lang='lat' dir='ltr'><strong>charissimi,</strong></span> 
     </span>
    </p>
   </div>
   <div class='ocr_carea' id='block_1_48' title="bbox 1121 3635 2741 3707">
    <p class='ocr_par' dir='ltr' id='par_1_48' title="bbox 1121 3635 2741 3707">
     <span class='ocr_line' id='line_1_48' title="bbox 1121 3635 2741 3707; baseline 0.001 -17"><span class='ocrx_word' id='word_1_308' title='bbox 1121 3637 1316 3706; x_wconf 86' lang='lat' dir='ltr'><strong>quales</strong></span> <span class='ocrx_word' id='word_1_309' title='bbox 1336 3645 1664 3707; x_wconf 55' lang='lat' dir='ltr'><strong>quantaeque</strong></span> <span class='ocrx_word' id='word_1_310' title='bbox 1694 3635 1804 3691; x_wconf 91' lang='lat' dir='ltr'><strong>sint</strong></span> <span class='ocrx_word' id='word_1_311' title='bbox 1831 3637 2096 3705; x_wconf 75' lang='lat' dir='ltr'><strong>virgines,</strong></span> <span class='ocrx_word' id='word_1_312' title='bbox 2122 3636 2189 3690; x_wconf 90' lang='lat' dir='ltr'><strong>ad</strong></span> <span class='ocrx_word' id='word_1_313' title='bbox 2216 3650 2448 3705; x_wconf 88' lang='lat' dir='ltr'><strong>quarum</strong></span> <span class='ocrx_word' id='word_1_314' title='bbox 2474 3637 2741 3692; x_wconf 88' lang='lat' dir='ltr'><strong>solemnia</strong></span> 
     </span>
    </p>
   </div>
   <div class='ocr_carea' id='block_1_49' title="bbox 1123 3727 2742 3799">
    <p class='ocr_par' dir='ltr' id='par_1_49' title="bbox 1123 3727 2742 3799">
     <span class='ocr_line' id='line_1_49' title="bbox 1123 3727 2742 3799; baseline 0 -15"><span class='ocrx_word' id='word_1_315' title='bbox 1123 3729 1432 3784; x_wconf 86' lang='lat' dir='ltr'><strong>convenitis</strong></span> <span class='ocrx_word' id='word_1_316' title='bbox 1483 3728 1658 3799; x_wconf 74' lang='lat'><strong>(552),</strong></span> <span class='ocrx_word' id='word_1_317' title='bbox 1695 3729 1750 3783; x_wconf 89' lang='lat' dir='ltr'><strong>in</strong></span> <span class='ocrx_word' id='word_1_318' title='bbox 1803 3727 2001 3798; x_wconf 88' lang='lat' dir='ltr'><strong>quibus</strong></span> <span class='ocrx_word' id='word_1_319' title='bbox 2056 3743 2162 3781; x_wconf 90' lang='lat' dir='ltr'><strong>non</strong></span> <span class='ocrx_word' id='word_1_320' title='bbox 2183 3727 2370 3795; x_wconf 83' lang='lat' dir='ltr'><strong>solum</strong></span> <span class='ocrx_word' id='word_1_321' title='bbox 2424 3728 2742 3798; x_wconf 85' lang='lat' dir='ltr'><strong>religionem</strong></span> 
     </span>
    </p>
   </div>
   <div class='ocr_carea' id='block_1_50' title="bbox 1123 3819 2747 3890">
    <p class='ocr_par' dir='ltr' id='par_1_50' title="bbox 1123 3819 2747 3890">
     <span class='ocr_line' id='line_1_50' title="bbox 1123 3819 2747 3890; baseline 0.002 -18"><span class='ocrx_word' id='word_1_322' title='bbox 1123 3821 1376 3875; x_wconf 83' lang='lat' dir='ltr'><strong>venerari</strong></span> <span class='ocrx_word' id='word_1_323' title='bbox 1417 3820 1702 3885; x_wconf 88' lang='lat' dir='ltr'><strong>debemus,</strong></span> <span class='ocrx_word' id='word_1_324' title='bbox 1761 3835 1863 3875; x_wconf 93' lang='lat' dir='ltr'><strong>nec</strong></span> <span class='ocrx_word' id='word_1_325' title='bbox 1890 3819 2261 3890; x_wconf 88' lang='lat' dir='ltr'><strong>virginitatem</strong></span> <span class='ocrx_word' id='word_1_326' title='bbox 2306 3829 2542 3886; x_wconf 87' lang='lat' dir='ltr'><strong>tantum,</strong></span> <span class='ocrx_word' id='word_1_327' title='bbox 2575 3822 2670 3876; x_wconf 90' lang='lat' dir='ltr'><strong>sed</strong></span> <span class='ocrx_word' id='word_1_328' title='bbox 2690 3831 2747 3876; x_wconf 88' lang='lat' dir='ltr'><strong>et</strong></span> 
     </span>
    </p>
   </div>
   <div class='ocr_carea' id='block_1_51' title="bbox 1126 3911 2745 3984">
    <p class='ocr_par' dir='ltr' id='par_1_51' title="bbox 1126 3911 2745 3984">
     <span class='ocr_line' id='line_1_51' title="bbox 1126 3911 2745 3984; baseline -0.001 -16"><span class='ocrx_word' id='word_1_329' title='bbox 1126 3911 1307 3983; x_wconf 88' lang='lat' dir='ltr'><strong>ipsum</strong></span> <span class='ocrx_word' id='word_1_330' title='bbox 1333 3912 1678 3984; x_wconf 84' lang='lat' dir='ltr'><strong>martyrium,</strong></span> <span class='ocrx_word' id='word_1_331' title='bbox 1704 3925 1804 3966; x_wconf 89' lang='lat' dir='ltr'><strong>nec</strong></span> <span class='ocrx_word' id='word_1_332' title='bbox 1826 3911 2207 3982; x_wconf 89' lang='lat' dir='ltr'><strong>qualecunque</strong></span> <span class='ocrx_word' id='word_1_333' title='bbox 2253 3913 2605 3984; x_wconf 86' lang='lat' dir='ltr'><strong>martyrium,</strong></span> <span class='ocrx_word' id='word_1_334' title='bbox 2647 3912 2745 3967; x_wconf 86' lang='lat' dir='ltr'><strong>sed</strong></span> 
     </span>
    </p>
   </div>
   <div class='ocr_carea' id='block_1_52' title="bbox 1127 3992 2746 4075">
    <p class='ocr_par' dir='ltr' id='par_1_52' title="bbox 1127 3992 2746 4075">
     <span class='ocr_line' id='line_1_52' title="bbox 1127 3992 2746 4075; baseline 0.002 -19"><span class='ocrx_word' id='word_1_335' title='bbox 1127 4001 1239 4057; x_wconf 89' lang='lat' dir='ltr'><strong>tale</strong></span> <span class='ocrx_word' id='word_1_336' title='bbox 1264 4002 1329 4057; x_wconf 92' lang='lat' dir='ltr'><strong>ad</strong></span> <span class='ocrx_word' id='word_1_337' title='bbox 1360 4003 1507 4073; x_wconf 92' lang='lat' dir='ltr'><strong>quod</strong></span> <span class='ocrx_word' id='word_1_338' title='bbox 1541 4003 1673 4073; x_wconf 73' lang='lat' dir='ltr'><strong>ipsae</strong></span> <span class='ocrx_word' id='word_1_339' title='bbox 1699 4018 1796 4058; x_wconf 87' lang='lat' dir='ltr'><strong>sua</strong></span> <span class='ocrx_word' id='word_1_340' title='bbox 1823 4011 2020 4074; x_wconf 90' lang='lat' dir='ltr'><strong>sponte</strong></span> <span class='ocrx_word' id='word_1_341' title='bbox 2045 4003 2113 4057; x_wconf 90' lang='lat' dir='ltr'><strong>de</strong></span> <span class='ocrx_word' id='word_1_342' title='bbox 2149 4003 2379 4059; x_wconf 89' lang='lat' dir='ltr'><strong>remotis</strong></span> <span class='ocrx_word' id='word_1_343' title='bbox 2419 3992 2746 4075; x_wconf 85' lang='lat' dir='ltr'><strong>regionibus</strong></span> 
     </span>
    </p>
   </div>
   <div class='ocr_carea' id='block_1_53' title="bbox 1127 4087 2742 4168">
    <p class='ocr_par' dir='ltr' id='par_1_53' title="bbox 1127 4087 2742 4168">
     <span class='ocr_line' id='line_1_53' title="bbox 1127 4087 2742 4168; baseline 0 -17"><span class='ocrx_word' id='word_1_344' title='bbox 1127 4109 1238 4151; x_wconf 74' lang='lat' dir='ltr'><strong>non</strong></span> <span class='ocrx_word' id='word_1_345' title='bbox 1277 4110 1436 4151; x_wconf 90' lang='lat' dir='ltr'><strong>secus</strong></span> <span class='ocrx_word' id='word_1_346' title='bbox 1481 4111 1644 4168; x_wconf 92' lang='lat' dir='ltr'><strong>quam</strong></span> <span class='ocrx_word' id='word_1_347' title='bbox 1673 4098 1742 4164; x_wconf 84' lang='lat' dir='ltr'><strong>ad</strong></span> <span class='ocrx_word' id='word_1_348' title='bbox 1792 4111 2037 4150; x_wconf 88' lang='lat' dir='ltr'><strong>summas</strong></span> <span class='ocrx_word' id='word_1_349' title='bbox 2067 4094 2289 4150; x_wconf 89' lang='lat' dir='ltr'><strong>delicias</strong></span> <span class='ocrx_word' id='word_1_350' title='bbox 2331 4087 2651 4152; x_wconf 85' lang='lat' dir='ltr'><strong>cucurrere.</strong></span> <span class='ocrx_word' id='word_1_351' title='bbox 2686 4097 2742 4151; x_wconf 88' lang='lat' dir='ltr'><strong>In</strong></span> 
     </span>
    </p>
   </div>
   <div class='ocr_carea' id='block_1_54' title="bbox 2841 2899 4470 2967">
    <p class='ocr_par' dir='ltr' id='par_1_54' title="bbox 2841 2899 4470 2967">
     <span class='ocr_line' id='line_1_54' title="bbox 2841 2899 4470 2967; baseline 0.001 -12"><span class='ocrx_word' id='word_1_352' title='bbox 2841 2901 2964 2956; x_wconf 85' lang='lat' dir='ltr'><strong>silio</strong></span> <span class='ocrx_word' id='word_1_353' title='bbox 3011 2909 3234 2964; x_wconf 90' lang='lat' dir='ltr'><strong>cautos,</strong></span> <span class='ocrx_word' id='word_1_354' title='bbox 3269 2908 3528 2956; x_wconf 80' lang='lat' dir='ltr'><strong>strenuos</strong></span> <span class='ocrx_word' id='word_1_355' title='bbox 3571 2899 3780 2965; x_wconf 89' lang='lat' dir='ltr'><strong>armis,</strong></span> <span class='ocrx_word' id='word_1_356' title='bbox 3815 2900 4141 2957; x_wconf 83' lang='lat' dir='ltr'><strong>fortitudine</strong></span> <span class='ocrx_word' id='word_1_357' title='bbox 4189 2918 4470 2967; x_wconf 85' lang='lat' dir='ltr'><strong>summos,</strong></span> 
     </span>
    </p>
   </div>
   <div class='ocr_carea' id='block_1_55' title="bbox 2839 2991 4473 3063">
    <p class='ocr_par' dir='ltr' id='par_1_55' title="bbox 2839 2991 4473 3063">
     <span class='ocr_line' id='line_1_55' title="bbox 2839 2991 4473 3063; baseline 0.002 -15"><span class='ocrx_word' id='word_1_358' title='bbox 2839 3003 3172 3063; x_wconf 65' lang='lat' dir='ltr'><strong>praestantes</strong></span> <span class='ocrx_word' id='word_1_359' title='bbox 3211 2991 3461 3060; x_wconf 86' lang='lat' dir='ltr'><strong>justitia,</strong></span> <span class='ocrx_word' id='word_1_360' title='bbox 3515 2992 3838 3048; x_wconf 88' lang='lat' dir='ltr'><strong>moderatos</strong></span> <span class='ocrx_word' id='word_1_361' title='bbox 3891 2994 3945 3048; x_wconf 92' lang='lat' dir='ltr'><strong>in</strong></span> <span class='ocrx_word' id='word_1_362' title='bbox 3996 2993 4165 3050; x_wconf 89' lang='lat' dir='ltr'><strong>rebus</strong></span> <span class='ocrx_word' id='word_1_363' title='bbox 4212 2993 4473 3051; x_wconf 89' lang='lat' dir='ltr'><strong>omnibus</strong></span> 
     </span>
    </p>
   </div>
   <div class='ocr_carea' id='block_1_56' title="bbox 2840 3083 4474 3155">
    <p class='ocr_par' dir='ltr' id='par_1_56' title="bbox 2840 3083 4474 3155">
     <span class='ocr_line' id='line_1_56' title="bbox 2840 3083 4474 3155; baseline 0.001 -15"><span class='ocrx_word' id='word_1_364' title='bbox 2840 3084 3247 3155; x_wconf 77' lang='lat' dir='ltr'><strong>comprobabis.</strong></span> <span class='ocrx_word' id='word_1_365' title='bbox 3284 3083 3460 3140; x_wconf 90' lang='lat' dir='ltr'><strong>Unum</strong></span> <span class='ocrx_word' id='word_1_366' title='bbox 3500 3084 3648 3152; x_wconf 91' lang='lat' dir='ltr'><strong>quod</strong></span> <span class='ocrx_word' id='word_1_367' title='bbox 3693 3093 3820 3138; x_wconf 86' lang='lat' dir='ltr'><strong>ante</strong></span> <span class='ocrx_word' id='word_1_368' title='bbox 3849 3083 4132 3140; x_wconf 89' lang='lat' dir='ltr'><strong>Christum</strong></span> <span class='ocrx_word' id='word_1_369' title='bbox 4182 3085 4474 3155; x_wconf 85' lang='lat' dir='ltr'><strong>defuerat,</strong></span> 
     </span>
    </p>
   </div>
   <div class='ocr_carea' id='block_1_57' title="bbox 2855 3175 4478 3251">
    <p class='ocr_par' dir='ltr' id='par_1_57' title="bbox 2855 3175 4478 3251">
     <span class='ocr_line' id='line_1_57' title="bbox 2855 3175 4478 3251; baseline 0.004 -21"><span class='ocrx_word' id='word_1_370' title='bbox 2855 3176 2979 3231; x_wconf 88' lang='lat' dir='ltr'><strong>ﬁdei</strong></span> <span class='ocrx_word' id='word_1_371' title='bbox 3011 3176 3224 3247; x_wconf 85' lang='lat' dir='ltr'><strong>scilicet</strong></span> <span class='ocrx_word' id='word_1_372' title='bbox 3247 3175 3455 3245; x_wconf 88' lang='lat' dir='ltr'><strong>pietas,</strong></span> <span class='ocrx_word' id='word_1_373' title='bbox 3481 3191 3580 3244; x_wconf 89' lang='lat' dir='ltr'><strong>per</strong></span> <span class='ocrx_word' id='word_1_374' title='bbox 3609 3175 3834 3231; x_wconf 88' lang='lat' dir='ltr'><strong>Petrum</strong></span> <span class='ocrx_word' id='word_1_375' title='bbox 3871 3177 4019 3231; x_wconf 90' lang='lat' dir='ltr'><strong>illata</strong></span> <span class='ocrx_word' id='word_1_376' title='bbox 4034 3218 4057 3243; x_wconf 20' lang='lat' dir='ltr'><strong>I,</strong></span> <span class='ocrx_word' id='word_1_377' title='bbox 4083 3179 4275 3233; x_wconf 88' lang='lat' dir='ltr'><strong>urbem</strong></span> <span class='ocrx_word' id='word_1_378' title='bbox 4301 3221 4316 3245; x_wconf 92' lang='lat'><strong>,</strong></span> <span class='ocrx_word' id='word_1_379' title='bbox 4350 3195 4478 3251; x_wconf 74' lang='lat' dir='ltr'><strong>qua:</strong></span> 
     </span>
    </p>
   </div>
   <div class='ocr_carea' id='block_1_58' title="bbox 2849 3267 4478 3340">
    <p class='ocr_par' dir='ltr' id='par_1_58' title="bbox 2849 3267 4478 3340">
     <span class='ocr_line' id='line_1_58' title="bbox 2849 3267 4478 3340; baseline 0.004 -18"><span class='ocrx_word' id='word_1_380' title='bbox 2849 3278 3076 3322; x_wconf 90' lang='lat' dir='ltr'><strong>eatenus</strong></span> <span class='ocrx_word' id='word_1_381' title='bbox 3106 3268 3158 3321; x_wconf 92' lang='lat' dir='ltr'><strong>in</strong></span> <span class='ocrx_word' id='word_1_382' title='bbox 3188 3267 3409 3322; x_wconf 69' lang='lat' dir='ltr'><strong>caeteris</strong></span> <span class='ocrx_word' id='word_1_383' title='bbox 3459 3279 3691 3322; x_wconf 63' lang='lat' dir='ltr'><strong>caeteras</strong></span> <span class='ocrx_word' id='word_1_384' title='bbox 3730 3279 4129 3340; x_wconf 83' lang='lat' dir='ltr'><strong>superaverat,</strong></span> <span class='ocrx_word' id='word_1_385' title='bbox 4161 3270 4478 3329; x_wconf 84' lang='lat' dir='ltr'><strong>nobilitavit</strong></span> 
     </span>
    </p>
   </div>
   <div class='ocr_carea' id='block_1_59' title="bbox 2849 3359 4476 3430">
    <p class='ocr_par' dir='ltr' id='par_1_59' title="bbox 2849 3359 4476 3430">
     <span class='ocr_line' id='line_1_59' title="bbox 2849 3359 4476 3430; baseline 0.006 -17"><span class='ocrx_word' id='word_1_386' title='bbox 2849 3359 3006 3424; x_wconf 87' lang='lat' dir='ltr'><strong>adeo,</strong></span> <span class='ocrx_word' id='word_1_387' title='bbox 3043 3368 3102 3412; x_wconf 90' lang='lat' dir='ltr'><strong>ut</strong></span> <span class='ocrx_word' id='word_1_388' title='bbox 3131 3360 3184 3412; x_wconf 91' lang='lat' dir='ltr'><strong>in</strong></span> <span class='ocrx_word' id='word_1_389' title='bbox 3219 3360 3323 3414; x_wconf 93' lang='lat' dir='ltr'><strong>hoc</strong></span> <span class='ocrx_word' id='word_1_390' title='bbox 3345 3359 3513 3414; x_wconf 88' lang='lat' dir='ltr'><strong>etiam</strong></span> <span class='ocrx_word' id='word_1_391' title='bbox 3543 3369 3776 3415; x_wconf 83' lang='lat' dir='ltr'><strong>caeteras</strong></span> <span class='ocrx_word' id='word_1_392' title='bbox 3800 3363 4118 3418; x_wconf 86' lang='lat' dir='ltr'><strong>antecedat.</strong></span> <span class='ocrx_word' id='word_1_393' title='bbox 4148 3362 4290 3430; x_wconf 88' lang='lat' dir='ltr'><strong>Quid</strong></span> <span class='ocrx_word' id='word_1_394' title='bbox 4322 3365 4476 3422; x_wconf 86' lang='lat' dir='ltr'><strong>enim</strong></span> 
     </span>
    </p>
   </div>
   <div class='ocr_carea' id='block_1_60' title="bbox 2847 3450 4484 3526">
    <p class='ocr_par' dir='ltr' id='par_1_60' title="bbox 2847 3450 4484 3526">
     <span class='ocr_line' id='line_1_60' title="bbox 2847 3450 4484 3526; baseline 0.003 -19"><span class='ocrx_word' id='word_1_395' title='bbox 2847 3450 3081 3509; x_wconf 72' lang='lat' dir='ltr'><strong>sufﬁciat</strong></span> <span class='ocrx_word' id='word_1_396' title='bbox 3117 3466 3411 3506; x_wconf 89' lang='lat' dir='ltr'><strong>numerare</strong></span> <span class='ocrx_word' id='word_1_397' title='bbox 3447 3453 3592 3522; x_wconf 90' lang='lat' dir='ltr'><strong>quod</strong></span> <span class='ocrx_word' id='word_1_398' title='bbox 3628 3451 3792 3522; x_wconf 89' lang='lat' dir='ltr'><strong>hujus</strong></span> <span class='ocrx_word' id='word_1_399' title='bbox 3825 3452 3974 3507; x_wconf 90' lang='lat' dir='ltr'><strong>urbis</strong></span> <span class='ocrx_word' id='word_1_400' title='bbox 4017 3454 4291 3526; x_wconf 68' lang='lat' dir='ltr'><strong>indigena:</strong></span> <span class='ocrx_word' id='word_1_401' title='bbox 4318 3455 4484 3512; x_wconf 88' lang='lat' dir='ltr'><strong>Chri-</strong></span> 
     </span>
    </p>
   </div>
   <div class='ocr_carea' id='block_1_61' title="bbox 2847 3544 4483 3616">
    <p class='ocr_par' dir='ltr' id='par_1_61' title="bbox 2847 3544 4483 3616">
     <span class='ocr_line' id='line_1_61' title="bbox 2847 3544 4483 3616; baseline 0.004 -16"><span class='ocrx_word' id='word_1_402' title='bbox 2847 3545 3043 3602; x_wconf 86' lang='lat' dir='ltr'><strong>stianis</strong></span> <span class='ocrx_word' id='word_1_403' title='bbox 3073 3544 3410 3616; x_wconf 89' lang='lat' dir='ltr'><strong>temporibus</strong></span> <span class='ocrx_word' id='word_1_404' title='bbox 3446 3544 3588 3600; x_wconf 82' lang='lat' dir='ltr'><strong>bello</strong></span> <span class='ocrx_word' id='word_1_405' title='bbox 3622 3561 3870 3615; x_wconf 82' lang='lat' dir='ltr'><strong>paceque</strong></span> <span class='ocrx_word' id='word_1_406' title='bbox 3898 3546 4246 3604; x_wconf 84' lang='lat' dir='ltr'><strong>claruerint?</strong></span> <span class='ocrx_word' id='word_1_407' title='bbox 4293 3549 4483 3607; x_wconf 79' lang='lat' dir='ltr'><strong>Vincit</strong></span> 
     </span>
    </p>
   </div>
   <div class='ocr_carea' id='block_1_62' title="bbox 2850 3637 4478 3707">
    <p class='ocr_par' dir='ltr' id='par_1_62' title="bbox 2850 3637 4478 3707">
     <span class='ocr_line' id='line_1_62' title="bbox 2850 3637 4478 3707; baseline 0.005 -17"><span class='ocrx_word' id='word_1_408' title='bbox 2850 3638 3075 3707; x_wconf 90' lang='lat' dir='ltr'><strong>quidem</strong></span> <span class='ocrx_word' id='word_1_409' title='bbox 3107 3637 3427 3706; x_wconf 82' lang='lat' dir='ltr'><strong>Opinionem</strong></span> <span class='ocrx_word' id='word_1_410' title='bbox 3456 3652 3648 3691; x_wconf 89' lang='lat' dir='ltr'><strong>eorum</strong></span> <span class='ocrx_word' id='word_1_411' title='bbox 3684 3653 3971 3704; x_wconf 82' lang='lat' dir='ltr'><strong>ntnnerus,</strong></span> <span class='ocrx_word' id='word_1_412' title='bbox 4003 3639 4175 3694; x_wconf 88' lang='lat' dir='ltr'><strong>vincit</strong></span> <span class='ocrx_word' id='word_1_413' title='bbox 4205 3650 4261 3696; x_wconf 87' lang='lat' dir='ltr'><strong>et</strong></span> <span class='ocrx_word' id='word_1_414' title='bbox 4289 3640 4478 3698; x_wconf 89' lang='lat' dir='ltr'><strong>ﬁdem.</strong></span> 
     </span>
    </p>
   </div>
   <div class='ocr_carea' id='block_1_63' title="bbox 2852 3729 4485 3801">
    <p class='ocr_par' dir='ltr' id='par_1_63' title="bbox 2852 3729 4485 3801">
     <span class='ocr_line' id='line_1_63' title="bbox 2852 3729 4485 3801; baseline 0.002 -16"><span class='ocrx_word' id='word_1_415' title='bbox 2852 3730 2962 3785; x_wconf 89' lang='lat' dir='ltr'><strong>Sed</strong></span> <span class='ocrx_word' id='word_1_416' title='bbox 3007 3730 3151 3785; x_wconf 89' lang='lat' dir='ltr'><strong>inter</strong></span> <span class='ocrx_word' id='word_1_417' title='bbox 3189 3744 3283 3785; x_wconf 89' lang='lat' dir='ltr'><strong>eos</strong></span> <span class='ocrx_word' id='word_1_418' title='bbox 3311 3731 3404 3799; x_wconf 88' lang='lat' dir='ltr'><strong>qui</strong></span> <span class='ocrx_word' id='word_1_419' title='bbox 3433 3730 3775 3785; x_wconf 90' lang='lat' dir='ltr'><strong>cruciatibus</strong></span> <span class='ocrx_word' id='word_1_420' title='bbox 3812 3729 3928 3784; x_wconf 91' lang='lat' dir='ltr'><strong>suis</strong></span> <span class='ocrx_word' id='word_1_421' title='bbox 3974 3745 4207 3801; x_wconf 83' lang='lat' dir='ltr'><strong>regnum</strong></span> <span class='ocrx_word' id='word_1_422' title='bbox 4253 3731 4485 3789; x_wconf 74' lang='lat' dir='ltr'><strong>mdeste</strong></span> 
     </span>
    </p>
   </div>
   <div class='ocr_carea' id='block_1_64' title="bbox 2851 3819 4484 3894">
    <p class='ocr_par' dir='ltr' id='par_1_64' title="bbox 2851 3819 4484 3894">
     <span class='ocr_line' id='line_1_64' title="bbox 2851 3819 4484 3894; baseline 0 -18"><span class='ocrx_word' id='word_1_423' title='bbox 2851 3821 3244 3886; x_wconf 87' lang='lat' dir='ltr'><strong>mercatisunt,</strong></span> <span class='ocrx_word' id='word_1_424' title='bbox 3267 3821 3348 3874; x_wconf 65' lang='lat' dir='ltr'><strong>ha:</strong></span> <span class='ocrx_word' id='word_1_425' title='bbox 3370 3819 3653 3884; x_wconf 88' lang='lat' dir='ltr'><strong>nimirum,</strong></span> <span class='ocrx_word' id='word_1_426' title='bbox 3670 3819 3739 3875; x_wconf 91' lang='lat' dir='ltr'><strong>ad</strong></span> <span class='ocrx_word' id='word_1_427' title='bbox 3759 3835 3993 3888; x_wconf 87' lang='lat' dir='ltr'><strong>quarum</strong></span> <span class='ocrx_word' id='word_1_428' title='bbox 4031 3819 4294 3876; x_wconf 86' lang='lat' dir='ltr'><strong>solemnia</strong></span> <span class='ocrx_word' id='word_1_429' title='bbox 4315 3821 4484 3894; x_wconf 71' lang='lat'><strong>502</strong></span> 
     </span>
    </p>
   </div>
   <div class='ocr_carea' id='block_1_65' title="bbox 2853 3911 4482 3990">
    <p class='ocr_par' dir='ltr' id='par_1_65' title="bbox 2853 3911 4482 3990">
     <span class='ocr_line' id='line_1_65' title="bbox 2853 3911 4482 3990; baseline 0.001 -23"><span class='ocrx_word' id='word_1_430' title='bbox 2853 3913 3166 3967; x_wconf 86' lang='lat' dir='ltr'><strong>convenitis</strong></span> <span class='ocrx_word' id='word_1_431' title='bbox 3190 3953 3205 3978; x_wconf 91' lang='lat'><strong>,</strong></span> <span class='ocrx_word' id='word_1_432' title='bbox 3253 3911 3549 3982; x_wconf 89' lang='lat' dir='ltr'><strong>specialem</strong></span> <span class='ocrx_word' id='word_1_433' title='bbox 3581 3911 3836 3966; x_wconf 89' lang='lat' dir='ltr'><strong>obtinent</strong></span> <span class='ocrx_word' id='word_1_434' title='bbox 3867 3911 4217 3983; x_wconf 89' lang='lat' dir='ltr'><strong>dignitatem.</strong></span> <span class='ocrx_word' id='word_1_435' title='bbox 4248 3911 4482 3990; x_wconf 73' lang='lat' dir='ltr'><strong>Virilem</strong></span> 
     </span>
    </p>
   </div>
   <div class='ocr_carea' id='block_1_66' title="bbox 2855 4003 4484 4076">
    <p class='ocr_par' dir='ltr' id='par_1_66' title="bbox 2855 4003 4484 4076">
     <span class='ocr_line' id='line_1_66' title="bbox 2855 4003 4484 4076; baseline 0.002 -19"><span class='ocrx_word' id='word_1_436' title='bbox 2855 4003 3132 4072; x_wconf 85' lang='lat' dir='ltr'><strong>siquidem</strong></span> <span class='ocrx_word' id='word_1_437' title='bbox 3190 4005 3438 4057; x_wconf 88' lang='lat' dir='ltr'><strong>animum</strong></span> <span class='ocrx_word' id='word_1_438' title='bbox 3511 4003 3839 4068; x_wconf 88' lang='lat' dir='ltr'><strong>induentes,</strong></span> <span class='ocrx_word' id='word_1_439' title='bbox 3893 4003 4082 4059; x_wconf 58' lang='lat' dir='ltr'><strong>Romae</strong></span> <span class='ocrx_word' id='word_1_440' title='bbox 4143 4006 4484 4076; x_wconf 61' lang='lat' dir='ltr'><strong>progenita,</strong></span> 
     </span>
    </p>
   </div>
   <div class='ocr_carea' id='block_1_67' title="bbox 2856 4095 4484 4168">
    <p class='ocr_par' dir='ltr' id='par_1_67' title="bbox 2856 4095 4484 4168">
     <span class='ocr_line' id='line_1_67' title="bbox 2856 4095 4484 4168; baseline 0.001 -16"><span class='ocrx_word' id='word_1_441' title='bbox 2856 4096 3047 4152; x_wconf 66' lang='lat' dir='ltr'><strong>Romae</strong></span> <span class='ocrx_word' id='word_1_442' title='bbox 3078 4095 3494 4167; x_wconf 79' lang='lat' dir='ltr'><strong>religiosissime</strong></span> <span class='ocrx_word' id='word_1_443' title='bbox 3522 4096 3708 4150; x_wconf 84' lang='lat' dir='ltr'><strong>vivere</strong></span> <span class='ocrx_word' id='word_1_444' title='bbox 3733 4137 3746 4160; x_wconf 93' lang='lat'><strong>,</strong></span> <span class='ocrx_word' id='word_1_445' title='bbox 3789 4095 3979 4151; x_wconf 65' lang='lat' dir='ltr'><strong>Romae</strong></span> <span class='ocrx_word' id='word_1_446' title='bbox 4011 4095 4232 4168; x_wconf 84' lang='lat' dir='ltr'><strong>defungi</strong></span> <span class='ocrx_word' id='word_1_447' title='bbox 4262 4099 4484 4154; x_wconf 88' lang='lat' dir='ltr'><strong>demum</strong></span> 
     </span>
    </p>
   </div>
   <div class='ocr_carea' id='block_1_68' title="bbox 1129 4187 4479 4263">
    <p class='ocr_par' dir='ltr' id='par_1_68' title="bbox 1129 4187 4479 4263">
     <span class='ocr_line' id='line_1_68' title="bbox 1129 4187 4479 4263; baseline 0.002 -23"><span class='ocrx_word' id='word_1_448' title='bbox 1129 4202 1239 4258; x_wconf 84' lang='lat' dir='ltr'><strong>quo</strong></span> <span class='ocrx_word' id='word_1_449' title='bbox 1267 4202 1495 4244; x_wconf 62' lang='lat' dir='ltr'><strong>summie</strong></span> <span class='ocrx_word' id='word_1_450' title='bbox 1530 4189 1872 4245; x_wconf 91' lang='lat' dir='ltr'><strong>fortitudinis</strong></span> <span class='ocrx_word' id='word_1_451' title='bbox 1917 4198 2042 4244; x_wconf 91' lang='lat' dir='ltr'><strong>actu</strong></span> <span class='ocrx_word' id='word_1_452' title='bbox 2072 4204 2180 4244; x_wconf 92' lang='lat' dir='ltr'><strong>non</strong></span> <span class='ocrx_word' id='word_1_453' title='bbox 2229 4187 2406 4244; x_wconf 89' lang='lat' dir='ltr'><strong>solum</strong></span> <span class='ocrx_word' id='word_1_454' title='bbox 2447 4190 2744 4256; x_wconf 88' lang='lat' dir='ltr'><strong>emicuere,</strong></span> <span class='ocrx_word' id='word_1_455' title='bbox 2777 4188 2823 4250; x_wconf 89' lang='lat' dir='ltr'><strong>C</strong></span> <span class='ocrx_word' id='word_1_456' title='bbox 2855 4187 3308 4243; x_wconf 86' lang='lat' dir='ltr'><strong>constantissime</strong></span> <span class='ocrx_word' id='word_1_457' title='bbox 3347 4197 3691 4244; x_wconf 89' lang='lat' dir='ltr'><strong>meruerunt.</strong></span> <span class='ocrx_word' id='word_1_458' title='bbox 3726 4189 3995 4244; x_wconf 63' lang='lat' dir='ltr'><strong>Gloriosa:</strong></span> <span class='ocrx_word' id='word_1_459' title='bbox 4031 4189 4199 4261; x_wconf 88' lang='lat' dir='ltr'><strong>igitur</strong></span> <span class='ocrx_word' id='word_1_460' title='bbox 4230 4191 4479 4263; x_wconf 87' lang='lat' dir='ltr'><strong>virgines</strong></span> 
     </span>
    </p>
   </div>
   <div class='ocr_carea' id='block_1_69' title="bbox 1131 4279 2746 4357">
    <p class='ocr_par' dir='ltr' id='par_1_69' title="bbox 1131 4279 2746 4357">
     <span class='ocr_line' id='line_1_69' title="bbox 1131 4279 2746 4357; baseline 0.002 -24"><span class='ocrx_word' id='word_1_461' title='bbox 1131 4279 1228 4334; x_wconf 90' lang='lat' dir='ltr'><strong>sed</strong></span> <span class='ocrx_word' id='word_1_462' title='bbox 1249 4280 1414 4334; x_wconf 91' lang='lat' dir='ltr'><strong>etiam</strong></span> <span class='ocrx_word' id='word_1_463' title='bbox 1472 4296 1583 4337; x_wconf 83' lang='lat' dir='ltr'><strong>suae</strong></span> <span class='ocrx_word' id='word_1_464' title='bbox 1633 4280 1966 4351; x_wconf 85' lang='lat' dir='ltr'><strong>virginitatis</strong></span> <span class='ocrx_word' id='word_1_465' title='bbox 2022 4279 2318 4357; x_wconf 83' lang='lat' dir='ltr'><strong>exemplo,</strong></span> <span class='ocrx_word' id='word_1_466' title='bbox 2383 4281 2746 4336; x_wconf 88' lang='lat' dir='ltr'><strong>barbarorum</strong></span> 
     </span>
    </p>
   </div>
   <div class='ocr_carea' id='block_1_70' title="bbox 1133 4371 2752 4443">
    <p class='ocr_par' dir='ltr' id='par_1_70' title="bbox 1133 4371 2752 4443">
     <span class='ocr_line' id='line_1_70' title="bbox 1133 4371 2752 4443; baseline 0.003 -18"><span class='ocrx_word' id='word_1_467' title='bbox 1133 4385 1318 4443; x_wconf 84' lang='lat' dir='ltr'><strong>regem</strong></span> <span class='ocrx_word' id='word_1_468' title='bbox 1345 4373 1588 4428; x_wconf 91' lang='lat' dir='ltr'><strong>nondum</strong></span> <span class='ocrx_word' id='word_1_469' title='bbox 1619 4373 1966 4443; x_wconf 85' lang='lat' dir='ltr'><strong>baptismatis</strong></span> <span class='ocrx_word' id='word_1_470' title='bbox 1996 4373 2141 4427; x_wconf 90' lang='lat' dir='ltr'><strong>unda</strong></span> <span class='ocrx_word' id='word_1_471' title='bbox 2181 4380 2456 4437; x_wconf 88' lang='lat' dir='ltr'><strong>renatum,</strong></span> <span class='ocrx_word' id='word_1_472' title='bbox 2510 4372 2576 4426; x_wconf 90' lang='lat' dir='ltr'><strong>ad</strong></span> <span class='ocrx_word' id='word_1_473' title='bbox 2607 4371 2752 4430; x_wconf 89' lang='lat' dir='ltr'><strong>idem</strong></span> 
     </span>
    </p>
   </div>
   <div class='ocr_carea' id='block_1_71' title="bbox 1132 4456 2754 4533">
    <p class='ocr_par' dir='ltr' id='par_1_71' title="bbox 1132 4456 2754 4533">
     <span class='ocr_line' id='line_1_71' title="bbox 1132 4456 2754 4533; baseline -0.003 -9"><span class='ocrx_word' id='word_1_474' title='bbox 1132 4456 1452 4533; x_wconf 85' lang='lat' dir='ltr'><strong>certamen,</strong></span> <span class='ocrx_word' id='word_1_475' title='bbox 1510 4467 1700 4522; x_wconf 89' lang='lat' dir='ltr'><strong>eodem</strong></span> <span class='ocrx_word' id='word_1_476' title='bbox 1764 4466 2105 4523; x_wconf 86' lang='lat' dir='ltr'><strong>subeundum</strong></span> <span class='ocrx_word' id='word_1_477' title='bbox 2161 4463 2356 4521; x_wconf 74' lang='lat' dir='ltr'><strong>affectu</strong></span> <span class='ocrx_word' id='word_1_478' title='bbox 2407 4465 2754 4520; x_wconf 72' lang='lat' dir='ltr'><strong>aemulatione</strong></span> 
     </span>
    </p>
   </div>
   <div class='ocr_carea' id='block_1_72' title="bbox 1133 4558 2752 4630">
    <p class='ocr_par' dir='ltr' id='par_1_72' title="bbox 1133 4558 2752 4630">
     <span class='ocr_line' id='line_1_72' title="bbox 1133 4558 2752 4630; baseline -0.002 -14"><span class='ocrx_word' id='word_1_479' title='bbox 1133 4560 1508 4625; x_wconf 84' lang='lat' dir='ltr'><strong>sanctissima,</strong></span> <span class='ocrx_word' id='word_1_480' title='bbox 1537 4561 1932 4630; x_wconf 82' lang='lat' dir='ltr'><strong>perduxerunt.</strong></span> <span class='ocrx_word' id='word_1_481' title='bbox 1966 4558 2112 4628; x_wconf 91' lang='lat' dir='ltr'><strong>Quas</strong></span> <span class='ocrx_word' id='word_1_482' title='bbox 2163 4559 2381 4629; x_wconf 89' lang='lat' dir='ltr'><strong>quidem</strong></span> <span class='ocrx_word' id='word_1_483' title='bbox 2408 4559 2653 4629; x_wconf 85' lang='lat' dir='ltr'><strong>virgines</strong></span> <span class='ocrx_word' id='word_1_484' title='bbox 2695 4568 2752 4613; x_wconf 89' lang='lat' dir='ltr'><strong>et</strong></span> 
     </span>
    </p>
   </div>
   <div class='ocr_carea' id='block_1_73' title="bbox 1133 4651 2752 4724">
    <p class='ocr_par' dir='ltr' id='par_1_73' title="bbox 1133 4651 2752 4724">
     <span class='ocr_line' id='line_1_73' title="bbox 1133 4651 2752 4724; baseline -0.001 -16"><span class='ocrx_word' id='word_1_485' title='bbox 1133 4666 1321 4724; x_wconf 84' lang='lat' dir='ltr'><strong>regem</strong></span> <span class='ocrx_word' id='word_1_486' title='bbox 1359 4653 1406 4708; x_wconf 91' lang='lat' dir='ltr'><strong>si</strong></span> <span class='ocrx_word' id='word_1_487' title='bbox 1437 4668 1824 4724; x_wconf 86' lang='lat' dir='ltr'><strong>comparemus</strong></span> <span class='ocrx_word' id='word_1_488' title='bbox 1877 4651 1945 4708; x_wconf 89' lang='lat' dir='ltr'><strong>ad</strong></span> <span class='ocrx_word' id='word_1_489' title='bbox 1997 4653 2231 4708; x_wconf 85' lang='lat' dir='ltr'><strong>invicem</strong></span> <span class='ocrx_word' id='word_1_490' title='bbox 2291 4653 2343 4706; x_wconf 87' lang='lat' dir='ltr'><strong>in</strong></span> <span class='ocrx_word' id='word_1_491' title='bbox 2409 4661 2532 4708; x_wconf 90' lang='lat' dir='ltr'><strong>actu</strong></span> <span class='ocrx_word' id='word_1_492' title='bbox 2589 4662 2752 4707; x_wconf 86' lang='lat' dir='ltr'><strong>tantae</strong></span> 
     </span>
    </p>
   </div>
   <div class='ocr_carea' id='block_1_74' title="bbox 1135 4743 2748 4817">
    <p class='ocr_par' dir='ltr' id='par_1_74' title="bbox 1135 4743 2748 4817">
     <span class='ocr_line' id='line_1_74' title="bbox 1135 4743 2748 4817; baseline 0.002 -19"><span class='ocrx_word' id='word_1_493' title='bbox 1135 4743 1381 4811; x_wconf 89' lang='lat' dir='ltr'><strong>virtutis,</strong></span> <span class='ocrx_word' id='word_1_494' title='bbox 1428 4760 1562 4800; x_wconf 76' lang='lat' dir='ltr'><strong>sexu</strong></span> <span class='ocrx_word' id='word_1_495' title='bbox 1591 4745 1812 4815; x_wconf 90' lang='lat' dir='ltr'><strong>quidem</strong></span> <span class='ocrx_word' id='word_1_496' title='bbox 1863 4755 2128 4817; x_wconf 89' lang='lat' dir='ltr'><strong>superant</strong></span> <span class='ocrx_word' id='word_1_497' title='bbox 2154 4745 2362 4816; x_wconf 88' lang='lat' dir='ltr'><strong>pietate</strong></span> <span class='ocrx_word' id='word_1_498' title='bbox 2389 4755 2444 4800; x_wconf 88' lang='lat' dir='ltr'><strong>et</strong></span> <span class='ocrx_word' id='word_1_499' title='bbox 2475 4746 2748 4816; x_wconf 86' lang='lat' dir='ltr'><strong>e:emplo;</strong></span> 
     </span>
    </p>
   </div>
   <div class='ocr_carea' id='block_1_75' title="bbox 1138 4836 2755 4908">
    <p class='ocr_par' dir='ltr' id='par_1_75' title="bbox 1138 4836 2755 4908">
     <span class='ocr_line' id='line_1_75' title="bbox 1138 4836 2755 4908; baseline 0.002 -18"><span class='ocrx_word' id='word_1_500' title='bbox 1138 4844 1467 4905; x_wconf 81' lang='lat' dir='ltr'><strong>superantur</strong></span> <span class='ocrx_word' id='word_1_501' title='bbox 1493 4845 1674 4892; x_wconf 91' lang='lat' dir='ltr'><strong>autem</strong></span> <span class='ocrx_word' id='word_1_502' title='bbox 1707 4853 1736 4892; x_wconf 91' lang='lat' dir='ltr'><strong>a</strong></span> <span class='ocrx_word' id='word_1_503' title='bbox 1764 4853 1915 4908; x_wconf 78' lang='lat' dir='ltr'><strong>rege,</strong></span> <span class='ocrx_word' id='word_1_504' title='bbox 1945 4837 2090 4908; x_wconf 86' lang='lat' dir='ltr'><strong>quod</strong></span> <span class='ocrx_word' id='word_1_505' title='bbox 2123 4836 2431 4892; x_wconf 18' lang='lat' dir='ltr'><strong>isvnondum</strong></span> <span class='ocrx_word' id='word_1_506' title='bbox 2463 4853 2755 4908; x_wconf 85' lang='lat' dir='ltr'><strong>regenera-</strong></span> 
     </span>
    </p>
   </div>
   <div class='ocr_carea' id='block_1_76' title="bbox 1139 4926 2754 4995">
    <p class='ocr_par' dir='ltr' id='par_1_76' title="bbox 1139 4926 2754 4995">
     <span class='ocr_line' id='line_1_76' title="bbox 1139 4926 2754 4995; baseline 0.002 -14"><span class='ocrx_word' id='word_1_507' title='bbox 1139 4935 1228 4982; x_wconf 88' lang='lat' dir='ltr'><strong>tus</strong></span> <span class='ocrx_word' id='word_1_508' title='bbox 1272 4926 1326 4982; x_wconf 90' lang='lat' dir='ltr'><strong>in</strong></span> <span class='ocrx_word' id='word_1_509' title='bbox 1354 4928 1594 4995; x_wconf 85' lang='lat' dir='ltr'><strong>Christo,</strong></span> <span class='ocrx_word' id='word_1_510' title='bbox 1632 4929 1942 4985; x_wconf 83' lang='lat' dir='ltr'><strong>tirocinium</strong></span> <span class='ocrx_word' id='word_1_511' title='bbox 1977 4945 2136 4986; x_wconf 90' lang='lat' dir='ltr'><strong>suum</strong></span> <span class='ocrx_word' id='word_1_512' title='bbox 2169 4946 2196 4982; x_wconf 86' lang='lat' dir='ltr'><strong>a</strong></span> <span class='ocrx_word' id='word_1_513' title='bbox 2245 4936 2392 4983; x_wconf 87' lang='lat' dir='ltr'><strong>tanta</strong></span> <span class='ocrx_word' id='word_1_514' title='bbox 2425 4928 2754 4985; x_wconf 88' lang='lat' dir='ltr'><strong>celsitudine</strong></span> 
     </span>
    </p>
   </div>
   <div class='ocr_carea' id='block_1_77' title="bbox 1139 5011 2750 5096">
    <p class='ocr_par' dir='ltr' id='par_1_77' title="bbox 1139 5011 2750 5096">
     <span class='ocr_line' id='line_1_77' title="bbox 1139 5011 2750 5096; baseline 0.002 -22"><span class='ocrx_word' id='word_1_515' title='bbox 1139 5020 1498 5092; x_wconf 85' lang='lat' dir='ltr'><strong>perfectionis</strong></span> <span class='ocrx_word' id='word_1_516' title='bbox 1534 5023 1780 5092; x_wconf 88' lang='lat' dir='ltr'><strong>incepit,</strong></span> <span class='ocrx_word' id='word_1_517' title='bbox 1828 5033 1885 5078; x_wconf 89' lang='lat' dir='ltr'><strong>ut</strong></span> <span class='ocrx_word' id='word_1_518' title='bbox 1916 5023 2073 5096; x_wconf 91' lang='lat' dir='ltr'><strong>prius</strong></span> <span class='ocrx_word' id='word_1_519' title='bbox 2110 5032 2325 5094; x_wconf 88' lang='lat' dir='ltr'><strong>martyr</strong></span> <span class='ocrx_word' id='word_1_520' title='bbox 2368 5022 2548 5089; x_wconf 87' lang='lat' dir='ltr'><strong>ﬁeret,</strong></span> <span class='ocrx_word' id='word_1_521' title='bbox 2582 5011 2750 5094; x_wconf 87' lang='lat' dir='ltr'><strong>quam</strong></span> 
     </span>
    </p>
   </div>
   <div class='ocr_carea' id='block_1_78' title="bbox 1139 5112 2758 5186">
    <p class='ocr_par' dir='ltr' id='par_1_78' title="bbox 1139 5112 2758 5186">
     <span class='ocr_line' id='line_1_78' title="bbox 1139 5112 2758 5186; baseline 0.002 -18"><span class='ocrx_word' id='word_1_522' title='bbox 1139 5112 1268 5170; x_wconf 86' lang='lat' dir='ltr'><strong>ﬁdei</strong></span> <span class='ocrx_word' id='word_1_523' title='bbox 1299 5116 1603 5186; x_wconf 89' lang='lat' dir='ltr'><strong>susciperet</strong></span> <span class='ocrx_word' id='word_1_524' title='bbox 1627 5129 2066 5179; x_wconf 88' lang='lat' dir='ltr'><strong>sacramentum;</strong></span> <span class='ocrx_word' id='word_1_525' title='bbox 2112 5126 2168 5172; x_wconf 88' lang='lat' dir='ltr'><strong>et</strong></span> <span class='ocrx_word' id='word_1_526' title='bbox 2193 5117 2285 5186; x_wconf 90' lang='lat' dir='ltr'><strong>qui</strong></span> <span class='ocrx_word' id='word_1_527' title='bbox 2317 5117 2461 5172; x_wconf 90' lang='lat' dir='ltr'><strong>lotus</strong></span> <span class='ocrx_word' id='word_1_528' title='bbox 2485 5132 2625 5186; x_wconf 87' lang='lat' dir='ltr'><strong>aqua</strong></span> <span class='ocrx_word' id='word_1_529' title='bbox 2651 5134 2758 5172; x_wconf 92' lang='lat' dir='ltr'><strong>non</strong></span> 
     </span>
    </p>
   </div>
   <div class='ocr_carea' id='block_1_79' title="bbox 1141 5202 2760 5280">
    <p class='ocr_par' dir='ltr' id='par_1_79' title="bbox 1141 5202 2760 5280">
     <span class='ocr_line' id='line_1_79' title="bbox 1141 5202 2760 5280; baseline 0.002 -21"><span class='ocrx_word' id='word_1_530' title='bbox 1141 5202 1345 5273; x_wconf 79' lang='lat' dir='ltr'><strong>fuerat,</strong></span> <span class='ocrx_word' id='word_1_531' title='bbox 1374 5221 1474 5264; x_wconf 92' lang='lat' dir='ltr'><strong>suo</strong></span> <span class='ocrx_word' id='word_1_532' title='bbox 1496 5207 1764 5280; x_wconf 86' lang='lat' dir='ltr'><strong>sanguine</strong></span> <span class='ocrx_word' id='word_1_533' title='bbox 1814 5208 2122 5264; x_wconf 87' lang='lat' dir='ltr'><strong>lavaretur.</strong></span> <span class='ocrx_word' id='word_1_534' title='bbox 2153 5208 2197 5264; x_wconf 92' lang='grc' dir='ltr'><strong>Ο</strong></span> <span class='ocrx_word' id='word_1_535' title='bbox 2227 5223 2356 5263; x_wconf 86' lang='lat' dir='ltr'><strong>vere</strong></span> <span class='ocrx_word' id='word_1_536' title='bbox 2385 5209 2760 5279; x_wconf 89' lang='lat' dir='ltr'><strong>spectaculum</strong></span> 
     </span>
    </p>
   </div>
   <div class='ocr_carea' id='block_1_80' title="bbox 2856 4277 4485 4350">
    <p class='ocr_par' dir='ltr' id='par_1_80' title="bbox 2856 4277 4485 4350">
     <span class='ocr_line' id='line_1_80' title="bbox 2856 4277 4485 4350; baseline 0.004 -17"><span class='ocrx_word' id='word_1_537' title='bbox 2856 4278 3022 4334; x_wconf 87' lang='lat' dir='ltr'><strong>Flora</strong></span> <span class='ocrx_word' id='word_1_538' title='bbox 3053 4290 3106 4334; x_wconf 91' lang='lat' dir='ltr'><strong>et</strong></span> <span class='ocrx_word' id='word_1_539' title='bbox 3129 4277 3335 4334; x_wconf 90' lang='lat' dir='ltr'><strong>Lucilla</strong></span> <span class='ocrx_word' id='word_1_540' title='bbox 3363 4294 3615 4341; x_wconf 88' lang='lat' dir='ltr'><strong>sorores,</strong></span> <span class='ocrx_word' id='word_1_541' title='bbox 3653 4281 3992 4350; x_wconf 86' lang='lat' dir='ltr'><strong>temporibus</strong></span> <span class='ocrx_word' id='word_1_542' title='bbox 4014 4291 4280 4350; x_wconf 83' lang='lat' dir='ltr'><strong>quantum</strong></span> <span class='ocrx_word' id='word_1_543' title='bbox 4315 4283 4485 4341; x_wconf 88' lang='lat' dir='ltr'><strong>intel-</strong></span> 
     </span>
    </p>
   </div>
   <div class='ocr_carea' id='block_1_81' title="bbox 2859 4371 4484 4447">
    <p class='ocr_par' dir='ltr' id='par_1_81' title="bbox 2859 4371 4484 4447">
     <span class='ocr_line' id='line_1_81' title="bbox 2859 4371 4484 4447; baseline 0.002 -21"><span class='ocrx_word' id='word_1_544' title='bbox 2859 4371 2952 4442; x_wconf 92' lang='lat' dir='ltr'><strong>ligi</strong></span> <span class='ocrx_word' id='word_1_545' title='bbox 2978 4379 3176 4442; x_wconf 84' lang='lat' dir='ltr'><strong>potest,</strong></span> <span class='ocrx_word' id='word_1_546' title='bbox 3205 4381 3262 4425; x_wconf 90' lang='lat' dir='ltr'><strong>et</strong></span> <span class='ocrx_word' id='word_1_547' title='bbox 3285 4373 3469 4437; x_wconf 90' lang='lat' dir='ltr'><strong>datur,</strong></span> <span class='ocrx_word' id='word_1_548' title='bbox 3498 4372 3780 4435; x_wconf 82' lang='lat' dir='ltr'><strong>Antonini,</strong></span> <span class='ocrx_word' id='word_1_549' title='bbox 3804 4383 4176 4442; x_wconf 88' lang='lat' dir='ltr'><strong>cognomento</strong></span> <span class='ocrx_word' id='word_1_550' title='bbox 4200 4373 4282 4429; x_wconf 88' lang='lat' dir='ltr'><strong>Pii</strong></span> <span class='ocrx_word' id='word_1_551' title='bbox 4307 4375 4484 4447; x_wconf 71' lang='lat'><strong>(554),</strong></span> 
     </span>
    </p>
   </div>
   <div class='ocr_carea' id='block_1_82' title="bbox 2861 4462 4488 4537">
    <p class='ocr_par' dir='ltr' id='par_1_82' title="bbox 2861 4462 4488 4537">
     <span class='ocr_line' id='line_1_82' title="bbox 2861 4462 4488 4537; baseline 0.006 -22"><span class='ocrx_word' id='word_1_552' title='bbox 2861 4478 2985 4516; x_wconf 92' lang='lat' dir='ltr'><strong>cum</strong></span> <span class='ocrx_word' id='word_1_553' title='bbox 3033 4464 3222 4518; x_wconf 81' lang='lat' dir='ltr'><strong>Romae</strong></span> <span class='ocrx_word' id='word_1_554' title='bbox 3269 4463 3385 4518; x_wconf 90' lang='lat' dir='ltr'><strong>suis</strong></span> <span class='ocrx_word' id='word_1_555' title='bbox 3432 4463 3640 4518; x_wconf 83' lang='lat' dir='ltr'><strong>sanctis</strong></span> <span class='ocrx_word' id='word_1_556' title='bbox 3691 4462 3942 4519; x_wconf 90' lang='lat' dir='ltr'><strong>moribus</strong></span> <span class='ocrx_word' id='word_1_557' title='bbox 3988 4464 4042 4519; x_wconf 91' lang='lat' dir='ltr'><strong>in</strong></span> <span class='ocrx_word' id='word_1_558' title='bbox 4094 4468 4488 4537; x_wconf 84' lang='lat' dir='ltr'><strong>conspectibus</strong></span> 
     </span>
    </p>
   </div>
   <div class='ocr_carea' id='block_1_83' title="bbox 2859 4553 4484 4620">
    <p class='ocr_par' dir='ltr' id='par_1_83' title="bbox 2859 4553 4484 4620">
     <span class='ocr_line' id='line_1_83' title="bbox 2859 4553 4484 4620; baseline 0.006 -13"><span class='ocrx_word' id='word_1_559' title='bbox 2859 4553 3058 4608; x_wconf 90' lang='lat' dir='ltr'><strong>divinis</strong></span> <span class='ocrx_word' id='word_1_560' title='bbox 3102 4554 3362 4610; x_wconf 89' lang='lat' dir='ltr'><strong>arderent</strong></span> <span class='ocrx_word' id='word_1_561' title='bbox 3401 4572 3416 4620; x_wconf 91' lang='lat'><strong>;</strong></span> <span class='ocrx_word' id='word_1_562' title='bbox 3475 4553 3612 4610; x_wconf 90' lang='lat' dir='ltr'><strong>foris</strong></span> <span class='ocrx_word' id='word_1_563' title='bbox 3664 4571 3798 4611; x_wconf 91' lang='lat' dir='ltr'><strong>vero</strong></span> <span class='ocrx_word' id='word_1_564' title='bbox 3845 4557 4153 4613; x_wconf 88' lang='lat' dir='ltr'><strong>secundum</strong></span> <span class='ocrx_word' id='word_1_565' title='bbox 4196 4561 4484 4616; x_wconf 90' lang='lat' dir='ltr'><strong>nominum</strong></span> 
     </span>
    </p>
   </div>
   <div class='ocr_carea' id='block_1_84' title="bbox 2857 4645 4490 4720">
    <p class='ocr_par' dir='ltr' id='par_1_84' title="bbox 2857 4645 4490 4720">
     <span class='ocr_line' id='line_1_84' title="bbox 2857 4645 4490 4720; baseline 0.004 -20"><span class='ocrx_word' id='word_1_566' title='bbox 2857 4660 3081 4700; x_wconf 86' lang='lat' dir='ltr'><strong>suorum</strong></span> <span class='ocrx_word' id='word_1_567' title='bbox 3112 4646 3510 4715; x_wconf 85' lang='lat' dir='ltr'><strong>proprietatem</strong></span> <span class='ocrx_word' id='word_1_568' title='bbox 3540 4645 3805 4703; x_wconf 81' lang='lat' dir='ltr'><strong>florerent</strong></span> <span class='ocrx_word' id='word_1_569' title='bbox 3839 4656 3895 4702; x_wconf 91' lang='lat' dir='ltr'><strong>et</strong></span> <span class='ocrx_word' id='word_1_570' title='bbox 3919 4647 4192 4716; x_wconf 90' lang='lat' dir='ltr'><strong>lucerent,</strong></span> <span class='ocrx_word' id='word_1_571' title='bbox 4222 4652 4490 4720; x_wconf 83' lang='lat' dir='ltr'><strong>apostoli-</strong></span> 
     </span>
    </p>
   </div>
   <div class='ocr_carea' id='block_1_85' title="bbox 2857 4733 4491 4813">
    <p class='ocr_par' dir='ltr' id='par_1_85' title="bbox 2857 4733 4491 4813">
     <span class='ocr_line' id='line_1_85' title="bbox 2857 4733 4491 4813; baseline 0.005 -19"><span class='ocrx_word' id='word_1_572' title='bbox 2857 4755 2977 4794; x_wconf 91' lang='lat' dir='ltr'><strong>cam</strong></span> <span class='ocrx_word' id='word_1_573' title='bbox 3005 4741 3172 4794; x_wconf 89' lang='lat' dir='ltr'><strong>vitam</strong></span> <span class='ocrx_word' id='word_1_574' title='bbox 3203 4733 3559 4812; x_wconf 89' lang='lat' dir='ltr'><strong>delegerunt,</strong></span> <span class='ocrx_word' id='word_1_575' title='bbox 3590 4757 3701 4813; x_wconf 86' lang='lat' dir='ltr'><strong>qua</strong></span> <span class='ocrx_word' id='word_1_576' title='bbox 3739 4758 3800 4798; x_wconf 89' lang='lat' dir='ltr'><strong>se</strong></span> <span class='ocrx_word' id='word_1_577' title='bbox 3843 4757 3873 4796; x_wconf 89' lang='lat' dir='ltr'><strong>a</strong></span> <span class='ocrx_word' id='word_1_578' title='bbox 3905 4753 4253 4798; x_wconf 87' lang='lat' dir='ltr'><strong>terrenarum</strong></span> <span class='ocrx_word' id='word_1_579' title='bbox 4297 4761 4491 4802; x_wconf 79' lang='lat' dir='ltr'><strong>amore</strong></span> 
     </span>
    </p>
   </div>
   <div class='ocr_carea' id='block_1_86' title="bbox 2859 4835 4487 4916">
    <p class='ocr_par' dir='ltr' id='par_1_86' title="bbox 2859 4835 4487 4916">
     <span class='ocr_line' id='line_1_86' title="bbox 2859 4835 4487 4916; baseline 0.006 -28"><span class='ocrx_word' id='word_1_580' title='bbox 2859 4835 3240 4902; x_wconf 85' lang='lat' dir='ltr'><strong>retraherent,</strong></span> <span class='ocrx_word' id='word_1_581' title='bbox 3269 4847 3324 4891; x_wconf 90' lang='lat' dir='ltr'><strong>et</strong></span> <span class='ocrx_word' id='word_1_582' title='bbox 3355 4838 3606 4908; x_wconf 91' lang='lat' dir='ltr'><strong>corporis</strong></span> <span class='ocrx_word' id='word_1_583' title='bbox 3632 4839 3716 4894; x_wconf 93' lang='lat' dir='ltr'><strong>sui</strong></span> <span class='ocrx_word' id='word_1_584' title='bbox 3749 4841 4095 4896; x_wconf 89' lang='lat' dir='ltr'><strong>sanctiﬁcata</strong></span> <span class='ocrx_word' id='word_1_585' title='bbox 4129 4843 4352 4898; x_wconf 85' lang='lat' dir='ltr'><strong>vascula</strong></span> <span class='ocrx_word' id='word_1_586' title='bbox 4384 4860 4487 4916; x_wconf 85' lang='lat' dir='ltr'><strong>pu-</strong></span> 
     </span>
    </p>
   </div>
   <div class='ocr_carea' id='block_1_87' title="bbox 2857 4927 4488 5006">
    <p class='ocr_par' dir='ltr' id='par_1_87' title="bbox 2857 4927 4488 5006">
     <span class='ocr_line' id='line_1_87' title="bbox 2857 4927 4488 5006; baseline 0.006 -24"><span class='ocrx_word' id='word_1_587' title='bbox 2857 4927 3058 4983; x_wconf 69' lang='lat' dir='ltr'><strong>dicitiae</strong></span> <span class='ocrx_word' id='word_1_588' title='bbox 3089 4929 3527 4986; x_wconf 88' lang='lat' dir='ltr'><strong>sanctiﬁcatione</strong></span> <span class='ocrx_word' id='word_1_589' title='bbox 3559 4930 3783 4986; x_wconf 84' lang='lat' dir='ltr'><strong>litarent</strong></span> <span class='ocrx_word' id='word_1_590' title='bbox 3811 4951 3822 4986; x_wconf 79' lang='grc' dir='ltr'><strong>ε</strong></span> <span class='ocrx_word' id='word_1_591' title='bbox 3851 4941 3908 4987; x_wconf 89' lang='lat' dir='ltr'><strong>et</strong></span> <span class='ocrx_word' id='word_1_592' title='bbox 3935 4949 4058 5005; x_wconf 83' lang='lat' dir='ltr'><strong>quae</strong></span> <span class='ocrx_word' id='word_1_593' title='bbox 4081 4944 4358 4990; x_wconf 89' lang='lat' dir='ltr'><strong>noverant</strong></span> <span class='ocrx_word' id='word_1_594' title='bbox 4387 4953 4488 5006; x_wconf 86' lang='lat' dir='ltr'><strong>per</strong></span> 
     </span>
    </p>
   </div>
   <div class='ocr_carea' id='block_1_88' title="bbox 2856 5022 4489 5097">
    <p class='ocr_par' dir='ltr' id='par_1_88' title="bbox 2856 5022 4489 5097">
     <span class='ocr_line' id='line_1_88' title="bbox 2856 5022 4489 5097; baseline 0.005 -21"><span class='ocrx_word' id='word_1_595' title='bbox 2856 5022 3170 5091; x_wconf 87' lang='lat' dir='ltr'><strong>superbiam</strong></span> <span class='ocrx_word' id='word_1_596' title='bbox 3188 5023 3412 5092; x_wconf 84' lang='lat' dir='ltr'><strong>angelos</strong></span> <span class='ocrx_word' id='word_1_597' title='bbox 3428 5025 3710 5080; x_wconf 88' lang='lat' dir='ltr'><strong>corruisse</strong></span> <span class='ocrx_word' id='word_1_598' title='bbox 3725 5068 3739 5093; x_wconf 94' lang='lat'><strong>,</strong></span> <span class='ocrx_word' id='word_1_599' title='bbox 3766 5042 3863 5097; x_wconf 86' lang='lat' dir='ltr'><strong>per</strong></span> <span class='ocrx_word' id='word_1_600' title='bbox 3887 5027 4256 5083; x_wconf 88' lang='lat' dir='ltr'><strong>humilitatem</strong></span> <span class='ocrx_word' id='word_1_601' title='bbox 4287 5028 4391 5084; x_wconf 89' lang='lat' dir='ltr'><strong>sibi</strong></span> <span class='ocrx_word' id='word_1_602' title='bbox 4418 5030 4489 5084; x_wconf 89' lang='lat' dir='ltr'><strong>ad</strong></span> 
     </span>
    </p>
   </div>
   <div class='ocr_carea' id='block_1_89' title="bbox 2861 5115 4495 5192">
    <p class='ocr_par' dir='ltr' id='par_1_89' title="bbox 2861 5115 4495 5192">
     <span class='ocr_line' id='line_1_89' title="bbox 2861 5115 4495 5192; baseline 0.004 -22"><span class='ocrx_word' id='word_1_603' title='bbox 2861 5115 3033 5170; x_wconf 85' lang='lat' dir='ltr'><strong>caelos</strong></span> <span class='ocrx_word' id='word_1_604' title='bbox 3056 5125 3319 5186; x_wconf 88' lang='lat' dir='ltr'><strong>pararent</strong></span> <span class='ocrx_word' id='word_1_605' title='bbox 3342 5130 3656 5173; x_wconf 87' lang='lat' dir='ltr'><strong>ascensum.</strong></span> <span class='ocrx_word' id='word_1_606' title='bbox 3680 5118 3818 5175; x_wconf 81' lang='lat' dir='ltr'><strong>Cum</strong></span> <span class='ocrx_word' id='word_1_607' title='bbox 3843 5120 4009 5192; x_wconf 86' lang='lat' dir='ltr'><strong>igitur</strong></span> <span class='ocrx_word' id='word_1_608' title='bbox 4034 5135 4133 5191; x_wconf 82' lang='lat' dir='ltr'><strong>per</strong></span> <span class='ocrx_word' id='word_1_609' title='bbox 4160 5122 4277 5177; x_wconf 65' lang='lat' dir='ltr'><strong>haec</strong></span> <span class='ocrx_word' id='word_1_610' title='bbox 4298 5132 4354 5177; x_wconf 90' lang='lat' dir='ltr'><strong>et</strong></span> <span class='ocrx_word' id='word_1_611' title='bbox 4379 5123 4495 5177; x_wconf 83' lang='lat' dir='ltr'><strong>alia</strong></span> 
     </span>
    </p>
   </div>
   <div class='ocr_carea' id='block_1_90' title="bbox 2867 5210 4497 5286">
    <p class='ocr_par' dir='ltr' id='par_1_90' title="bbox 2867 5210 4497 5286">
     <span class='ocr_line' id='line_1_90' title="bbox 2867 5210 4497 5286; baseline 0.005 -21"><span class='ocrx_word' id='word_1_612' title='bbox 2867 5210 3161 5266; x_wconf 82' lang='lat' dir='ltr'><strong>benefacta</strong></span> <span class='ocrx_word' id='word_1_613' title='bbox 3205 5211 3319 5267; x_wconf 89' lang='lat' dir='ltr'><strong>Deo</strong></span> <span class='ocrx_word' id='word_1_614' title='bbox 3362 5213 3792 5286; x_wconf 89' lang='lat' dir='ltr'><strong>hominibusque</strong></span> <span class='ocrx_word' id='word_1_615' title='bbox 3832 5216 4153 5286; x_wconf 86' lang='lat' dir='ltr'><strong>placerent;</strong></span> <span class='ocrx_word' id='word_1_616' title='bbox 4183 5217 4357 5274; x_wconf 92' lang='lat' dir='ltr'><strong>voluit</strong></span> <span class='ocrx_word' id='word_1_617' title='bbox 4398 5231 4497 5274; x_wconf 89' lang='lat' dir='ltr'><strong>cas</strong></span> 
     </span>
    </p>
   </div>
   <div class='ocr_carea' id='block_1_91' title="bbox 2496 5338 3126 5402">
    <p class='ocr_par' dir='ltr' id='par_1_91' title="bbox 2496 5338 3126 5402">
     <span class='ocr_line' id='line_1_91' title="bbox 2496 5338 3126 5402; baseline 0.014 -9"><span class='ocrx_word' id='word_1_618' title='bbox 2496 5339 2548 5394; x_wconf 83' lang='lat' dir='ltr'><strong>J.</strong></span> <span class='ocrx_word' id='word_1_619' title='bbox 2588 5338 2850 5398; x_wconf 75' lang='lat' dir='ltr'><strong>CUPERI</strong></span> <span class='ocrx_word' id='word_1_620' title='bbox 2889 5342 3126 5402; x_wconf 67' lang='lat' dir='ltr'><strong>NOT/E.</strong></span> 
     </span>
    </p>
   </div>
   <div class='ocr_carea' id='block_1_92' title="bbox 1218 5452 2756 5530">
    <p class='ocr_par' dir='ltr' id='par_1_92' title="bbox 1218 5452 2756 5530">
     <span class='ocr_line' id='line_1_92' title="bbox 1218 5452 2756 5530; baseline -0.004 -16"><span class='ocrx_word' id='word_1_621' title='bbox 1218 5457 1371 5530; x_wconf 64' lang='lat'><strong>(552)</strong></span> <span class='ocrx_word' id='word_1_622' title='bbox 1411 5456 1553 5530; x_wconf 80' lang='lat' dir='ltr'><strong>Hinc</strong></span> <span class='ocrx_word' id='word_1_623' title='bbox 1591 5456 1788 5530; x_wconf 78' lang='lat' dir='ltr'><strong>colligo</strong></span> <span class='ocrx_word' id='word_1_624' title='bbox 1830 5457 1993 5530; x_wconf 81' lang='lat' dir='ltr'><strong>hanc</strong></span> <span class='ocrx_word' id='word_1_625' title='bbox 2046 5454 2423 5530; x_wconf 86' lang='lat' dir='ltr'><strong>narrationem</strong></span> <span class='ocrx_word' id='word_1_626' title='bbox 2474 5452 2756 5530; x_wconf 13' lang='lat' dir='ltr'><strong>in‘tannua</strong></span> 
     </span>
    </p>
   </div>
   <div class='ocr_carea' id='block_1_93' title="bbox 1144 5525 2584 5600">
    <p class='ocr_par' dir='ltr' id='par_1_93' title="bbox 1144 5525 2584 5600">
     <span class='ocr_line' id='line_1_93' title="bbox 1144 5525 2584 5600; baseline -0.004 -15"><span class='ocrx_word' id='word_1_627' title='bbox 1144 5525 1636 5600; x_wconf 62' lang='lat' dir='ltr'><strong>harum&#39;virginum</strong></span> <span class='ocrx_word' id='word_1_628' title='bbox 1660 5525 1959 5584; x_wconf 86' lang='lat' dir='ltr'><strong>festivitate</strong></span> <span class='ocrx_word' id='word_1_629' title='bbox 1987 5528 2291 5600; x_wconf 84' lang='lat' dir='ltr'><strong>institutam</strong></span> <span class='ocrx_word' id='word_1_630' title='bbox 2327 5540 2462 5600; x_wconf 80' lang='lat' dir='ltr'><strong>esse</strong></span> <span class='ocrx_word' id='word_1_631' title='bbox 2483 5525 2584 5600; x_wconf 84' lang='grc' dir='ltr'><strong>(α).</strong></span> 
     </span>
    </p>
   </div>
   <div class='ocr_carea' id='block_1_94' title="bbox 1218 5597 2762 5672">
    <p class='ocr_par' dir='ltr' id='par_1_94' title="bbox 1218 5597 2762 5672">
     <span class='ocr_line' id='line_1_94' title="bbox 1218 5597 2762 5672; baseline -0.001 -16"><span class='ocrx_word' id='word_1_632' title='bbox 1218 5601 1370 5672; x_wconf 78' lang='grc'>(555)</span> <span class='ocrx_word' id='word_1_633' title='bbox 1408 5597 1524 5655; x_wconf 80' lang='lat' dir='ltr'><strong>Non</strong></span> <span class='ocrx_word' id='word_1_634' title='bbox 1575 5601 1905 5670; x_wconf 81' lang='lat' dir='ltr'><strong>exprimitur</strong></span> <span class='ocrx_word' id='word_1_635' title='bbox 1961 5610 2146 5654; x_wconf 84' lang='lat' dir='ltr'><strong>utrum</strong></span> <span class='ocrx_word' id='word_1_636' title='bbox 2201 5599 2320 5672; x_wconf 79' lang='lat' dir='ltr'><strong>lucc</strong></span> <span class='ocrx_word' id='word_1_637' title='bbox 2363 5597 2592 5651; x_wconf 89' lang='lat' dir='ltr'><strong>historia</strong></span> <span class='ocrx_word' id='word_1_638' title='bbox 2630 5605 2762 5654; x_wconf 91' lang='lat' dir='ltr'><strong>tunc</strong></span> 
     </span>
    </p>
   </div>
   <div class='ocr_carea' id='block_1_95' title="bbox 1150 5668 2758 5742">
    <p class='ocr_par' dir='ltr' id='par_1_95' title="bbox 1150 5668 2758 5742">
     <span class='ocr_line' id='line_1_95' title="bbox 1150 5668 2758 5742; baseline -0.001 -17"><span class='ocrx_word' id='word_1_639' title='bbox 1150 5668 1316 5742; x_wconf 77' lang='lat' dir='ltr'><strong>fuerit</strong></span> <span class='ocrx_word' id='word_1_640' title='bbox 1351 5668 1580 5742; x_wconf 62' lang='lat' dir='ltr'><strong>&#39;scripta</strong></span> <span class='ocrx_word' id='word_1_641' title='bbox 1608 5712 1622 5733; x_wconf 86' lang='lat'><strong>,</strong></span> <span class='ocrx_word' id='word_1_642' title='bbox 1649 5668 1769 5742; x_wconf 31' lang='lat' dir='ltr'><strong>‘vel</strong></span> <span class='ocrx_word' id='word_1_643' title='bbox 1831 5672 2129 5724; x_wconf 87' lang='lat' dir='ltr'><strong>traditione</strong></span> <span class='ocrx_word' id='word_1_644' title='bbox 2176 5670 2452 5742; x_wconf 80' lang='lat' dir='ltr'><strong>duntaxat</strong></span> <span class='ocrx_word' id='word_1_645' title='bbox 2509 5679 2758 5737; x_wconf 81' lang='lat' dir='ltr'><strong>accepta.</strong></span> 
     </span>
    </p>
   </div>
   <div class='ocr_carea' id='block_1_96' title="bbox 1146 5739 2761 5812">
    <p class='ocr_par' dir='ltr' id='par_1_96' title="bbox 1146 5739 2761 5812">
     <span class='ocr_line' id='line_1_96' title="bbox 1146 5739 2761 5812; baseline -0.001 -17"><span class='ocrx_word' id='word_1_646' title='bbox 1146 5739 1284 5798; x_wconf 76' lang='lat' dir='ltr'><strong>Vide</strong></span> <span class='ocrx_word' id='word_1_647' title='bbox 1325 5758 1446 5812; x_wconf 66' lang='lat' dir='ltr'><strong>qua:</strong></span> <span class='ocrx_word' id='word_1_648' title='bbox 1476 5739 1542 5799; x_wconf 87' lang='lat' dir='ltr'><strong>de</strong></span> <span class='ocrx_word' id='word_1_649' title='bbox 1568 5744 1730 5798; x_wconf 88' lang='lat' dir='ltr'><strong>simili</strong></span> <span class='ocrx_word' id='word_1_650' title='bbox 1756 5741 1903 5796; x_wconf 83' lang='lat' dir='ltr'><strong>Petri</strong></span> <span class='ocrx_word' id='word_1_651' title='bbox 1935 5741 2184 5796; x_wconf 84' lang='lat' dir='ltr'><strong>Damiani</strong></span> <span class='ocrx_word' id='word_1_652' title='bbox 2232 5748 2382 5794; x_wconf 76' lang='lat' dir='ltr'><strong>textu</strong></span> <span class='ocrx_word' id='word_1_653' title='bbox 2408 5741 2462 5794; x_wconf 92' lang='lat' dir='ltr'><strong>in</strong></span> <span class='ocrx_word' id='word_1_654' title='bbox 2487 5755 2761 5795; x_wconf 58' lang='lat' dir='ltr'><strong>commeo.</strong></span> 
     </span>
    </p>
   </div>
   <div class='ocr_carea' id='block_1_97' title="bbox 1211 5845 2314 5912">
    <p class='ocr_par' dir='ltr' id='par_1_97' title="bbox 1211 5845 2314 5912">
     <span class='ocr_line' id='line_1_97' title="bbox 1211 5845 2314 5912; baseline -0.005 -12"><span class='ocrx_word' id='word_1_655' title='bbox 1211 5847 1285 5912; x_wconf 80' lang='grc' dir='ltr'><strong>(α)</strong></span> <span class='ocrx_word' id='word_1_656' title='bbox 1321 5849 1522 5902; x_wconf 68' lang='lat' dir='ltr'><strong>Exstant</strong></span> <span class='ocrx_word' id='word_1_657' title='bbox 1544 5850 1594 5902; x_wconf 87' lang='lat' dir='ltr'><strong>iu</strong></span> <span class='ocrx_word' id='word_1_658' title='bbox 1618 5856 1652 5901; x_wconf 87' lang='lat' dir='ltr'><strong>t.</strong></span> <span class='ocrx_word' id='word_1_659' title='bbox 1688 5851 1790 5899; x_wconf 78' lang='grc' dir='ltr'><strong>γιι</strong></span> <span class='ocrx_word' id='word_1_660' title='bbox 1821 5848 1953 5899; x_wconf 77' lang='lat' dir='ltr'><strong>Julii</strong></span> <span class='ocrx_word' id='word_1_661' title='bbox 1983 5845 2314 5898; x_wconf 76' lang='lat' dir='ltr'><strong>Bollandiimi.</strong></span> 
     </span>
    </p>
   </div>
   <div class='ocr_carea' id='block_1_98' title="bbox 2873 5460 3702 5529">
    <p class='ocr_par' dir='ltr' id='par_1_98' title="bbox 2873 5460 3702 5529">
     <span class='ocr_line' id='line_1_98' title="bbox 2873 5460 3702 5529; baseline 0.008 -18"><span class='ocrx_word' id='word_1_662' title='bbox 2873 5460 3016 5513; x_wconf 88' lang='lat' dir='ltr'><strong>tario</strong></span> <span class='ocrx_word' id='word_1_663' title='bbox 3045 5462 3247 5529; x_wconf 71' lang='lat' dir='ltr'><strong>praevio</strong></span> <span class='ocrx_word' id='word_1_664' title='bbox 3277 5478 3429 5518; x_wconf 87' lang='lat' dir='ltr'><strong>ntun.</strong></span> <span class='ocrx_word' id='word_1_665' title='bbox 3464 5461 3535 5517; x_wconf 78' lang='lat'><strong>30</strong></span> <span class='ocrx_word' id='word_1_666' title='bbox 3566 5463 3702 5518; x_wconf 80' lang='lat' dir='ltr'><strong>dixi.</strong></span> 
     </span>
    </p>
   </div>
   <div class='ocr_carea' id='block_1_99' title="bbox 2946 5530 4495 5610">
    <p class='ocr_par' dir='ltr' id='par_1_99' title="bbox 2946 5530 4495 5610">
     <span class='ocr_line' id='line_1_99' title="bbox 2946 5530 4495 5610; baseline 0.008 -24"><span class='ocrx_word' id='word_1_667' title='bbox 2946 5530 3461 5610; x_wconf 50' lang='grc' dir='ltr'><strong>(ξᾷξιξ)-ΑηιοιιὶηυεεΔ</strong></span> <span class='ocrx_word' id='word_1_668' title='bbox 3486 5534 3731 5610; x_wconf 29' lang='lat' dir='ltr'><strong>Pius‘ab</strong></span> <span class='ocrx_word' id='word_1_669' title='bbox 3767 5550 3913 5592; x_wconf 88' lang='lat' dir='ltr'><strong>anno</strong></span> <span class='ocrx_word' id='word_1_670' title='bbox 3939 5536 4147 5594; x_wconf 87' lang='lat' dir='ltr'><strong>Christi</strong></span> <span class='ocrx_word' id='word_1_671' title='bbox 4183 5537 4288 5595; x_wconf 79' lang='grc'><strong>158</strong></span> <span class='ocrx_word' id='word_1_672' title='bbox 4319 5554 4495 5610; x_wconf 79' lang='lat' dir='ltr'><strong>usque</strong></span> 
     </span>
    </p>
   </div>
   <div class='ocr_carea' id='block_1_100' title="bbox 2872 5603 4496 5678">
    <p class='ocr_par' dir='ltr' id='par_1_100' title="bbox 2872 5603 4496 5678">
     <span class='ocr_line' id='line_1_100' title="bbox 2872 5603 4496 5678; baseline 0.007 -22"><span class='ocrx_word' id='word_1_673' title='bbox 2872 5603 2938 5657; x_wconf 88' lang='lat' dir='ltr'><strong>ad</strong></span> <span class='ocrx_word' id='word_1_674' title='bbox 2966 5604 3070 5678; x_wconf 77' lang='lat' dir='ltr'><strong>_16l</strong></span> <span class='ocrx_word' id='word_1_675' title='bbox 3106 5604 3415 5678; x_wconf 80' lang='lat' dir='ltr'><strong>Romanum</strong></span> <span class='ocrx_word' id='word_1_676' title='bbox 3449 5606 3746 5676; x_wconf 82' lang='lat' dir='ltr'><strong>imperium</strong></span> <span class='ocrx_word' id='word_1_677' title='bbox 3790 5610 3986 5678; x_wconf 88' lang='lat' dir='ltr'><strong>tenuit,</strong></span> <span class='ocrx_word' id='word_1_678' title='bbox 4024 5619 4084 5666; x_wconf 91' lang='lat' dir='ltr'><strong>ut</strong></span> <span class='ocrx_word' id='word_1_679' title='bbox 4120 5603 4496 5678; x_wconf 74' lang='lat' dir='ltr'><strong>in.conunén-</strong></span> 
     </span>
    </p>
   </div>
   <div class='ocr_carea' id='block_1_101' title="bbox 2871 5644 4207 5752">
    <p class='ocr_par' dir='ltr' id='par_1_101' title="bbox 2871 5644 4207 5752">
     <span class='ocr_line' id='line_1_101' title="bbox 2872 5644 4178 5678; baseline 0.009 -22"><span class='ocrx_word' id='word_1_680' title='bbox 2872 5644 2938 5657; x_wconf 71' lang='grc' dir='ltr'><strong>..υ</strong></span> <span class='ocrx_word' id='word_1_681' title='bbox 2981 5644 3070 5660; x_wconf 79' lang='grc' dir='ltr'><strong>ιν.</strong></span> <span class='ocrx_word' id='word_1_682' title='bbox 3106 5644 3415 5660; x_wconf 68' lang='lat' dir='ltr'><strong>&quot;un-unum</strong></span> <span class='ocrx_word' id='word_1_683' title='bbox 3450 5644 3746 5676; x_wconf 66' lang='grc' dir='ltr'><strong>ιιιιγυιιυυι</strong></span> <span class='ocrx_word' id='word_1_684' title='bbox 3791 5644 3986 5678; x_wconf 66' lang='grc' dir='ltr'><strong>ιυιιυιι,</strong></span> <span class='ocrx_word' id='word_1_685' title='bbox 4026 5644 4084 5666; x_wconf 81' lang='grc' dir='ltr'><strong>ιη</strong></span> <span class='ocrx_word' id='word_1_686' title='bbox 4120 5644 4178 5668; x_wconf 85' lang='grc' dir='ltr'>ιιι</span> 
     </span>
     <span class='ocr_line' id='line_1_102' title="bbox 2871 5644 4207 5752; baseline 0.005 -22"><span class='ocrx_word' id='word_1_687' title='bbox 2871 5675 3015 5730; x_wconf 88' lang='lat' dir='ltr'><strong>tario</strong></span> <span class='ocrx_word' id='word_1_688' title='bbox 3045 5676 3253 5748; x_wconf 70' lang='lat' dir='ltr'><strong>pnevio</strong></span> <span class='ocrx_word' id='word_1_689' title='bbox 3282 5694 3337 5733; x_wconf 89' lang='lat' dir='ltr'><strong>n.</strong></span> <span class='ocrx_word' id='word_1_690' title='bbox 3374 5678 3642 5752; x_wconf 85' lang='lat' dir='ltr'><strong>7_dictum</strong></span> <span class='ocrx_word' id='word_1_691' title='bbox 3677 5689 3785 5736; x_wconf 85' lang='lat' dir='ltr'><strong>est.</strong></span> 
     </span>
    </p>
   </div>
  </div>
