5652 6362
1023 377 1162 437 1099

2063 363 2306 423 PASSIO
2345 358 2450 418 SS.
2485 351 2745 413 ΡιοΜ
2781 351 2871 411 ΕΤ
2909 349 3261 413 ιυσιιιιε.

4197 341 4221 398 1
4233 327 4342 399 05d

1016 490 1221 564 gratias
1249 494 1499 558 egerunt,
1537 494 1592 539 et
1618 498 1776 538 manc
1812 496 1912 537 suo
1947 479 2194 550 principi
2230 482 2619 536 narraveruut,
2648 473 2696 532 A
2725 504 2916 547 eam",
2959 487 3248 544 ωηειεηιίε

2112 481 2194 550 ἱίΡῘ
2230 482 2619 536 ηπτενθιύηίο
2648 473 2696 532 Α
2725 504 2916 547 earnm
2959 487 3327 544 constantiam
3379 484 3707 548 admirante,
3761 497 3791 536 a
3832 477 4119 536 lictoribus
4163 489 4344 546 capite

1013 591 1270 653 rogantes
1308 589 1362 633 ιιι
1402 577 1503 633 sibi
1539 577 1726 630 liceret
1771 575 1838 629 ad
1868 573 2126 643 patriam,
2157 570 2456 626 secundum
2483 581 2615 622 ora-

1013 675 1197 728 culum
1231 673 1301 728 ad
1359 685 1420 725 se
1471 668 1673 723 factum
1722 667 1788 720 ad
1844 665 2082 735 palmam
2124 661 2374 733 martyrii
2424 673 2620 715 conse-

1014 767 1290 836 quendam
1317 803 1332 827 ,
1379 761 1575 815 redire.
1624 759 1776 813 Tunc
1822 772 1952 811 vero
1994 759 2108 810 haec
2149 755 2382 808 audiens
2422 766 2514 806 rex
2565 761 2620 806 et

1017 855 1362 926 perpendens
1395 851 1618 919 impium
1651 848 1814 902 simul
1839 857 1896 903 et
1928 845 2263 929 impossibile
2306 844 2505 898 divinis
2535 858 2622 898 re-

1017 942 1222 1014 fragari
1250 940 1557 1011 pneceptis,
1580 949 1635 993 et
1656 938 1763 992 alta
1788 936 2227 994 consideratione
2255 935 2620 1006 pertractans,

1018 1046 1250 1089 eatenus
1286 1046 1346 1085 se
1376 1045 1474 1099 per
1506 1028 1852 1099 praesentiam
1881 1027 2161 1096 virginum
2190 1025 2243 1078 in
2279 1029 2444 1079 reirus
2469 1023 2624 1077 belli-

1020 1126 1103 1182 cis
1133 1139 1238 1178 nou
1271 1123 1432 1178 modo
1463 1131 1739 1177 servatum
1763 1136 1908 1185 esse,
1937 1124 2034 1174 sed
2063 1130 2304 1182 auctum,
2330 1127 2383 1172 et
2411 1132 2506 1187 per
2531 1131 2626 1172 eas

1022 1216 1080 1272 in
1112 1216 1366 1271 omnibus
1400 1214 1698 1285 gloriosum
1733 1211 2023 1276 eﬂ‘ectum,
2069 1227 2167 1281 per
2197 1226 2388 1265 earum
2424 1210 2625 1264 absen-

1021 1305 1154 1361 tiam
1177 1305 1278 1360 sibi
1307 1306 1536 1374 vitaeque
1558 1319 1670 1358 suae
1691 1304 1889 1357 timens
1910 1301 2158 1364 exitium,
2179 1301 2625 1355 decrevitearum

1021 1396 1316 1452 itineribus
1361 1396 1616 1450 comitem
1660 1410 1720 1449 se
1766 1395 2044 1458 tribuere,
2097 1401 2154 1447 et
2197 1391 2336 1445 dixit
2378 1391 2446 1444 ad
2490 1403 2627 1444 eas:

1022 1489 1485 1561 Quandoquidem
1524 1489 1679 1543 vobis
1721 1487 2083 1542 recedendum
2125 1495 2209 1539 est
2252 1493 2307 1539 et
2358 1484 2629 1553 integrum

1026 1582 1166 1636 mihi
1204 1597 1312 1636 non
1349 1581 1422 1635 sit
1465 1589 1588 1650 post
1617 1589 1859 1634 vestrum
1892 1578 2196 1633 discessum
2232 1577 2284 1631 in
2335 1577 2420 1631 his
2454 1576 2632 1645 regio-

1026 1673 1188 1729 nibus
1228 1674 1524 1737 remorari,
1563 1673 1610 1726 si
1655 1671 2004 1743 permittitis,
2037 1669 2254 1723 veniam
2299 1679 2355 1723 et
2388 1668 2504 1737 ipse
2536 1682 2632 1722 vo-

1027 1765 1262 1820 biscum.
1293 1763 1653 1818 lnnuentibus
1690 1771 1876 1816 autem
1922 1759 2003 1814 eis
2029 1767 2083 1814 et
2114 1759 2166 1813 id
2209 1757 2324 1814 fieri
2359 1757 2632 1828 cupienti-

1026 1855 1162 1920 bus,
1189 1864 1246 1910 et
1273 1855 1646 1910 asserentibus
1686 1854 1906 1922 insuper
1943 1853 2119 1922 ipSum
2147 1849 2463 1906 Christiano
2487 1850 2636 1920 gregi
2672 1829 2714 1889 Β

1028 1956 1185 2003 certo
1229 1947 1436 2002 certius
1484 1946 1912 2018 aggregandum,
1947 1945 2104 2013 quasi
2146 1943 2334 1998 divino
2374 1958 2638 2012 responso

1028 2048 1332 2110 permotus,
1365 2053 1554 2110 regno,
1582 2038 1726 2102 filiis,
1755 2044 1810 2092 et
1837 2051 2007 2092 uxore
2043 2035 2287 2097 dimissa,
2317 2034 2639 2089 ancillarum

1030 2129 1238 2185 Christi
1285 2145 1472 2186 comes
1499 2129 1755 2193 efﬁcitur,
1793 2131 1966 2199 etun
2000 2127 2114 2197 jam
2153 2130 2395 2200 virgines
2438 2129 2638 2184 barba-

1031 2222 1150 2277 rico
1179 2221 1361 2278 furore.
1407 2225 1474 2278 de
1509 2223 1818 2294 regionibus
1867 2239 2059 2277 earum
2102 2222 2439 2287 abduxerat,
2473 2220 2634 2292 quasi

1032 2323 1189 2383 pater
1237 2315 1650 2369 amantissimus
1704 2316 2020 2369 reducebat.
2066 2315 2212 2370 lutcr
2256 2325 2548 2386 utrumque
2593 2317 2640 2371 si

1033 2406 1322 2471 conferas,
1370 2409 1727 2462 mutationem
1788 2408 1984 2462 divinae
2035 2409 2279 2464 desterte
2326 2412 2630 2464 conlueris.

1033 2494 1112 2550 lbi
1139 2499 1285 2555 enim
1315 2497 1613 2568 Eugegium
1647 2498 1832 2568 lupum
1868 2497 2270 2553 ferocissimum
2298 2500 2528 2564 invenis,
2555 2500 2643 2555 hic

1033 2591 1539 2645 ntansuetissiinum
1583 2606 1806 2660 agnum.
1862 2591 2053 2646 Aliena
2091 2602 2219 2646 tunc
2262 2607 2484 2661 rapere,
2535 2596 2644 2648 vir-

1033 2681 1318 2754 ginitatem
1360 2699 1748 2753 corrumpere,
1818 2686 2139 2739 innocentes
2186 2686 2438 2740 occidere
2477 2702 2645 2742 cona-

1041 2773 1232 2837 batur;
1290 2784 1345 2828 at
1403 2791 1547 2830 nunc
1595 2791 1692 2829 sua
1742 2791 1841 2846 pro
1885 2775 2056 2829 nihilo
2090 2776 2275 2840 ducit,
2323 2778 2644 2845 pudicitiam

1038 2866 1272 2931 asserit,
1301 2882 1401 2937 pro
1427 2867 1648 2923 Christo
1679 2869 1815 2923 mori
1859 2867 2138 2923 desiderat
2171 2877 2336 2939 atque
2374 2871 2440 2924 ad
2473 2874 2645 2925 vitam

1038 2956 1350 3027 ponendam
1402 2972 1502 3027 pro
1550 2958 1771 3012 Christo
1815 2973 1914 3012 sua
1964 2969 2158 3028 sponte
2209 2961 2278 3014 tle
2333 2961 2649 3032 longinquis

1040 3049 1352 3117 regionibus
1383 3050 1644 3104 occurrit.
1689 3048 1954 3104 Miremur
1977 3049 2094 3106 htec
2123 3051 2354 3120 gentiles
2389 3066 2445 3108 et
2470 3053 2650 3109 incre-

1038 3139 1185 3205 duli;
1220 3141 1486 3196 mirentur
1513 3143 1816 3198 nescientes
1851 3144 2019 3200 Deum
2058 3144 2109 3198 iu
2153 3148 2358 3201 sanctis
2383 3147 2499 3201 suis
2527 3161 2648 3202 esse

1041 3231 1352 3288 mirabilem
1379 3233 1555 3302 (Psal.
1591 3237 1791 3304 vau),
1823 3235 1968 3290 sicut
2011 3235 2224 3306 praefati
2255 3253 2445 3292 sumus
2472 3237 2641 3309 (358).

1042 3322 1158 3380 Nos
1203 3327 1350 3380 enim
1388 3327 1696 3398 hujusmodi
1734 3345 1839 3384 non
1873 3329 2096 3396 mirari,
2130 3332 2223 3386 sed
2256 3347 2444 3388 amare
2483 3333 2648 3389 debe-

1044 3431 1192 3483 mus,
1226 3416 1476 3474 ﬁdelibus
1509 3422 1690 3475 omnia
1724 3423 1966 3478 scientes
1992 3423 2300 3492 possibilia.

1121 3505 1523 3577 lmperantibus
1572 3511 1735 3581 igitur
1771 3511 1957 3567 Roma:
2009 3511 2079 3566 M.
2135 3514 2372 3571 Antonio
2405 3514 2546 3572 Vero
2593 3525 2650 3574 et

1049 3597 1350 3656 Commodo
1378 3603 1599 3678 Aurelio
1625 3605 1776 3675 (5.59)
1801 3647 1814 3670 ,
1850 3622 1996 3662 anno
2032 3608 2243 3662 scilicet
2277 3609 2493 3665 Domini
2515 3625 2650 3666 cen-

1047 3690 1248 3745 tesimo
1269 3694 1602 3762 octogesimo
1629 3695 1711 3747 vel
1735 3695 1906 3759 circa,
1942 3707 2144 3752 sancta:
2172 3698 2580 3766 virginesFlora
2597 3709 2652 3756 et

1047 3781 1255 3838 Lucilla
1274 3799 1518 3849 sorores,
1543 3802 1666 3839 cum
1695 3787 1934 3858 Eugeg’io
1972 3805 2096 3858 rege
2128 3791 2193 3845 ad
2216 3795 2537 3861 martyrium
2562 3810 2651 3848 su-

1046 3874 1388 3944 scipiendum
1417 3893 1516 3946 pro
1538 3876 1755 3932 Christo
1784 3881 1975 3933 urbem
2002 3879 2231 3936 Romam
2256 3883 2543 3950 intrantes,
2572 3886 2649 3938 in-

1047 3966 1298 4031 veniunt,
1320 3965 1479 4037 505
1513 3977 1704 4038 agente
1735 3969 1992 4038 praefecto
2022 3973 2196 4038 urbis,
2227 3973 2379 4029 llelio
2412 3977 2648 4039 nomine,

1048 4052 1290 4110 furorem
1306 4058 1587 4126 gentilium
1611 4070 1800 4114 contra
1819 4061 2174 4118 Christicolas
2191 4067 2652 4134 desaevire.Queiu

1048 4146 1158 4203 illae
1180 4151 1403 4206 minimc
1425 4155 1607 4209 verita:
1634 4157 1812 4227 palam
1838 4172 1894 4212 se
1917 4161 2293 4227 ostenderunt,
2320 4171 2375 4217 et
2396 4179 2424 4217 a
2453 4165 2656 4220 satelli-

1045 4241 1196 4297 tibus
1210 4249 1636 4316 comprehensw,
1652 4250 1908 4319 prmfecto
1925 4252 2074 4307 urbis
2092 4253 2396 4324 Helio(360,
2416 4272 2656 4327 praesen-

1050 4343 1261 4390 tantur.
1288 4338 1331 4392 A
1360 4353 1466 4408 quo
1498 4342 1564 4394 de
1595 4343 1912 4398 Christiano
1935 4345 2078 4399 cultu
2106 4357 2472 4416 percunctatae
2493 4350 2655 4404 Chri-

1049 4423 1264 4481 stianas
1295 4428 1677 4485 incunctanter
1707 4447 1766 4487 se
1795 4443 2065 4498 astruunt,
2103 4435 2424 4505 adjicientes
2453 4455 2512 4494 se
2538 4449 2660 4511 post

2723 582 2922 652 plene,
2953 579 3203 651 martyrii
3235 592 3493 633 coronam
3526 577 3736 644 adeptre
3771 582 3918 628 sunt.

2795 673 2927 729 Post
2956 688 3188 741 quarum
3219 685 3530 732 excessum,
3560 669 3752 721 videns
3785 664 4057 736 Eugegius
4095 680 4187 718 rex
4214 661 4328 718 Flo-

2725 781 2844 821 ram
2875 774 2933 820 et
2962 763 3221 819 Lucillum
3257 771 3459 817 matres
3487 777 3613 814 Sil-IS
3637 767 3690 812 rt
3720 757 3971 812 dominas
3999 771 4095 826 per
4137 765 4347 809 tantam

2725 856 3092 927 constantiam
3120 862 3412 909 coronatas
3440 867 3498 906 se
3525 851 3876 920 superstitem
3902 847 4213 916 reliquisse,
4255 861 4345 900 ar-

2710 951 2864 1005 .tlens
2911 960 3100 1002 amore
3146 944 3419 1015 martyrii,
3467 943 3621 1011 cujus
3671 941 3724 994 in
3769 953 3902 994 sexu
3949 939 4190 992 letuineo
4232 938 4348 1009 jam

2729 1039 2980 1111 exempla
3012 1045 3416 1109 processerant,
3446 1033 3705 1104 praefecto
3739 1033 3883 1086 ultro
3909 1046 3968 1086 se
4003 1029 4222 1096 obtulit,
4266 1029 4354 1085 di-

2729 1147 2894 1186 cens:
2920 1130 2984 1184 Et
3009 1144 3094 1184 me
3131 1131 3305 1199 ipsum
3352 1143 3475 1182 cum
3503 1126 3581 1179 eis
3605 1127 3836 1195 depone,
3889 1123 4148 1193 quoniam
4174 1122 4351 1176 amba:

2732 1221 2967 1275 dominae
3003 1234 3136 1272 meae
3178 1226 3328 1281 sunt,
3360 1225 3410 1270 et
3447 1227 3571 1285 post
3599 1230 3788 1268 earum
3841 1229 4130 1269 excessum
4163 1212 4354 1268 vivere

2733 1325 2921 1366 renuo.
2961 1307 3336 1379 Interrogatus
3365 1317 3547 1361 autem
3579 1307 3702 1374 quis
3727 1313 3895 1366 esset,
3947 1320 4144 1358 uouien
4180 1303 4354 1358 edicit

2731 1411 2790 1456 et
2816 1402 3078 1470 patriam,
3110 1399 3381 1470 virginum
3412 1412 3629 1467 quoque
3659 1405 3712 1451 et
3747 1412 3901 1450 suam
3931 1410 4148 1450 omnem
4180 1396 4354 1450 histo-

2735 1505 2873 1546 riam
2905 1491 3243 1552 manifestat,
3269 1487 3533 1557 adjicieus
3568 1503 3626 1542 se
3654 1503 3752 1557 pro
3782 1489 4006 1541 nomine
4035 1485 4163 1542 Jesu
4194 1483 4357 1540 Chri-

2704 1585 2803 1641 sti
2839 1597 3074 1640 mortem
3121 1591 3399 1654 appetere.
3447 1583 3803 1637 Rezractabat
3861 1581 4049 1636 llelius
4089 1589 4145 1636 et
4196 1595 4360 1636 revoo

2734 1678 2900 1734 cabat
2930 1677 3239 1731 in'dubium
3269 1678 3414 1745 quod
3448 1677 3556 1734 hic.
3586 1675 3679 1744 qui
3703 1673 4050 1728 Christianus
4076 1689 4182 1727 non
4208 1681 4354 1738 erat,

2740 1769 2906 1825 vellet
2934 1784 3035 1840 pro
3059 1767 3281 1823 Christo
3312 1766 3559 1836 defungi.
3605 1766 3703 1821 Cui
3735 1781 3830 1820 rex
3865 1765 4133 1836 Eugcgius
4181 1764 4352 1818 dixit:

2743 1863 2951 1920 Effusio
2998 1865 3103 1917 mei
3152 1862 3435 1932 sanguinis
3485 1874 3574 1914 me
3601 1857 3802 1914 Clu-isti
3835 1859 4098 1911 cultorem
4136 1853 4356 1919 eﬂiciet,

2742 1959 2835 2025 qui
2870 1970 2956 2010 me
2982 1969 3011 2008 a
3039 1970 3133 2008 sua
3163 1953 3337 2023 gratia
3371 1952 3610 2004 alienum
3661 1963 3769 2003 non
3798 1950 3978 2002 ducet.
4032 1946 4164 2002 Post
4190 1959 4359 2016 quam

2742 2049 2870 2106 ﬁdei
2903 2046 3302 2103 confessionem
3332 2045 3418 2097 vir
3450 2041 3775 2097 venerabilis
3807 2038 3962 2106 jusm
3997 2038 4239 2106 prtcfccti
4267 2053 4364 2091 ca-

2743 2141 2856 2210 pite
2888 2148 3194 2192 truncatur.
3249 2134 3341 2189 Sic
3373 2133 3615 2201 virgiues
3663 2133 3938 2201 gloriosm,
3972 2130 4130 2184 Flora
4161 2137 4218 2184 et
4249 2127 4362 2182 Lu-

2742 2233 2890 2295 Cilla,
2942 2248 3065 2286 cum
3109 2230 3348 2300 Eugegio
3396 2244 3524 2298 rege
3575 2228 3772 2296 capitis
3829 2216 4254 2280 obtruncatione
4306 2233 4365 2277 et

2744 2339 2922 2384 morte
2954 2324 3424 2383 immortalitatem
3461 2322 3618 2392 aequi
3656 2322 3834 2385 ierunt
3868 2313 3919 2372 tv
3949 2318 4070 2373 Kal.
4104 2317 4363 2388 Augusti,

2745 2437 2886 2493 quas
2923 2421 2990 2476 ad
3020 2416 3319 2473 thalamum
3363 2415 3561 2481 summi
3596 2412 3794 2482 Spousi
3853 2411 4080 2481 Spiritus
4130 2409 4364 2478 angelici

2746 2516 3131 2576 deduxerunt;
3167 2526 3330 2579 quem
3368 2511 3494 2562 dum
3527 2509 3804 2570 vivtreut,
3837 2514 3886 2560 ct
3931 2506 3981 2559 in
4022 2516 4218 2565 morte,
4254 2510 4366 2556 toto

2748 2609 2954 2661 mentis
3014 2603 3211 2659 alTectu
3271 2613 3436 2671 atque
3492 2615 3680 2655 amore
3729 2610 4032 2671 prosccute
4066 2609 4211 2659 sunt,
4265 2614 4367 2668 pro

2748 2713 2858 2768 quo
2889 2698 3131 2758 divitias,
3182 2695 3513 2764 voluptates,
3574 2695 3813 2746 honores
3859 2703 3912 2745 et
3947 2692 4111 2744 vitatu
4164 2692 4363 2758 ipsam,

2747 2805 2856 2858 qua
2886 2787 3022 2842 nihil
3055 2786 3263 2841 homini
3315 2785 3571 2848 charius,
3616 2783 3976 2837 libentissime
4021 2791 4369 2850 contempse-

2750 2886 2900 2932 runt.
2945 2877 3002 2931 In
3048 2892 3159 2947 quo
3201 2877 3555 2945 quiescentes
3604 2883 3661 2928 et
3709 2875 3879 2926 beata:
3924 2886 4023 2941 pro
4056 2870 4368 2926 voluntaria

2749 2979 3074 3040 paupertate
3128 2967 3540 3024 inaestimabiles
3565 2976 3619 3020 et
3653 2980 3810 3019 veras
3851 2964 4069 3017 divitias
4098 2963 4370 3032 acquisie-

2752 3073 2913 3125 runt;
2948 3078 3048 3134 pro
3083 3061 3476 3132 temporalibus
3519 3059 3779 3129 jcjuniis,
3829 3068 4034 3113 aeterna
4081 3057 4368 3122 convivia;

2753 3172 2852 3226 pro
2865 3165 3180 3224 coartemptu
3202 3155 3448 3223 pruritus
3469 3152 3784 3217 ftedissimi,
3811 3152 4155 3205 honestatem
4173 3158 4229 3203 et
4249 3164 4374 3219 per-

2748 3258 2945 3318 petuas
2985 3246 3320 3316 v’oluptatrs;
3375 3260 3473 3315 pro
3505 3244 3750 3298 ridiculis
3777 3252 3832 3298 et
3877 3241 4180 3313 puerdibus
4210 3241 4374 3315 hujus

2748 3342 2896 3404 vitae,
2933 3355 3114 3406 veros,
3151 3339 3358 3394 solidos
3405 3348 3460 3392 et
3487 3338 3855 3407 sempiternos
3889 3339 4155 3401 honores;
4190 3347 4245 3389 ct
4271 3348 4374 3406 pro

2748 3443 3137 3490 momentanea
3174 3431 3497 3505 fragilique,
3520 3433 3688 3485 vitam
3742 3445 3997 3486 meruere
4031 3439 4373 3500 perpetuam.

3383 3542 3617 3600 CAPUT
3657 3540 3744 3598 lll.

2888 3657 3211 3714 Sanctorum
3238 3675 3522 3728 corporum
3553 3657 3829 3728 sepultura
3858 3668 3906 3712 et
3935 3656 4240 3712 translatio.

2824 3772 3071 3842 Corpora
3100 3787 3234 3828 veto
3279 3788 3468 3827 eorum
3510 3789 3540 3826 a
3577 3773 3830 3828 ﬁdelibus
3867 3773 4097 3828 collecta
4134 3782 4271 3828 sunt
4323 3783 4381 3832 et

2754 3866 3072 3921 Christiana
3125 3867 3331 3935 pietate
3389 3866 3599 3937 sepulta
3658 3867 3712 3920 in
3766 3867 4086 3921 suburbano
4138 3868 4380 3926 civitatis

2756 3959 3047 4024 Ostiensis,
3101 3961 3191 4015 ubi
3244 3961 3571 4029 quieverunt
3622 3976 3797 4014 annos
3832 3959 3998 4032 506
4026 3976 4124 4030 per
4173 3964 4380 4032 septin-

2759 4065 2955 4124 gentos
2997 4062 3051 4108 et
3084 4052 3248 4118 ultra,
3281 4054 3533 4109 videlicet
3578 4069 3751 4123 usque
3800 4056 3866 4107 ad
3917 4070 4120 4108 annum
4159 4055 4378 4113 Domini

2758 4151 3234 4220 uougeutesinmm
3301 4152 3562 4218 primum.
3618 4149 3738 4216 Quo
3791 4158 4038 4218 tempore
4090 4148 4379 4218 religiosus

2759 4253 2917 4313 pater
2940 4242 3180 4298 Joannes
3209 4243 3498 4312 episcopus
3529 4242 3812 4309 Aretiuus,
3841 4242 4200 4297 cancellarius
4225 4242 4378 4312 pala-

2761 4339 2933 4400 tinus,
2968 4351 3124 4392 sacra
3169 4346 3484 4392 sanctarum
3513 4335 3688 4390 Florae
3729 4346 3783 4390 et
3815 4335 4040 4390 Lucilla:
4067 4347 4122 4390 ct
4154 4335 4378 4405 Eugegii

2763 4431 2911 4500 regis
2971 4445 3200 4497 corpora
3251 4445 3280 4482 a
3327 4427 3626 4483 Benedicto
3679 4427 3798 4497 ejus
3849 4427 4085 4482 nominis
4129 4425 4387 4480 Romano

1050 4533 1325 4575 annorum
1363 4523 1553 4594 viginti
1594 4527 1966 4594 captivitatem
2009 4527 2166 4596 jussu
2195 4531 2397 4586 Christi
2428 4532 2656 4588 Romam
2689 4561 2737 4620 ο
2762 4520 3024 4592 Ρυειῑίίῖοθ
3070 4519 3134 4574 ηί
3186 4524 3282 4591 Peti

2145 4547 2166 4584 ι
2195 4531 2397 4586 Christi
2428 4532 2656 4588 naniam
2689 4520 3024 4620 Dpontifice
3070 4519 3134 4574 111
3186 4520 3341 4591 petiit
3387 4529 3442 4572 et
3497 4519 3730 4588 accepit.
3786 4517 3919 4586 Quae
3967 4535 4064 4588 per
4112 4518 4377 4573 familiam

1053 4611 1127 4666 ad
1165 4616 1484 4684 martyrium
1535 4618 1784 4674 rediisse.
1831 4618 2039 4685 Quibus
2070 4621 2255 4678 llelius
2281 4618 2656 4695 :Pmeceptum

1052 4703 1449 4773 imperatorum
1482 4710 1674 4764 asserit
1710 4721 1764 4765 et
1791 4712 2025 4767 inculcat
2061 4714 2113 4768 id
2140 4729 2263 4768 esse
2295 4725 2352 4769 ut
2381 4714 2658 4772 Christani

1052 4791 1163 4848 diis
1205 4793 1378 4861 liteut,
1427 4798 1509 4853 vel
1559 4802 1816 4870 gravibus
1865 4803 2155 4872 suppliciis.
2193 4807 2533 4862 occidantur.
2575 4808 2659 4863 Ad

1053 4884 1176 4940 hmo
1217 4888 1454 4958 virgines
1504 4895 1898 4961 responderunt
1948 4907 2169 4965 paratas
2204 4913 2261 4952 se
2289 4916 2385 4968 pro
2414 4901 2537 4955 vivo
2569 4916 2662 4956 ve-

1055 4990 1232 5047 roque
1259 4978 1370 5035 Deo
1397 4983 1562 5037 vitam
1598 4987 1872 5055 propriam
1901 5003 2122 5057 ponere,
2156 4991 2220 5043 ad
2251 4992 2393 5060 quod
2423 4993 2554 5063 ipsa:
2574 5008 2662 5049 re-

1055 5066 1330 5127 velationc
1353 5073 1535 5128 divina
1567 5077 1632 5130 de
1662 5077 1970 5148 longinquis
2002 5082 2187 5135 mundi
2221 5069 2661 5152 rcgionihusiad-

1057 5159 1355 5217 venissent.
1392 5163 1544 5220 Tunc
1576 5167 1772 5237 impius
1800 5169 2006 5237 llelius,
2031 5171 2220 5227 videns
2244 5189 2339 5229 eas
2367 5189 2473 5229 non
2501 5191 2664 5247 posse

1059 5249 1130 5307 de
1156 5263 1347 5309 sancto
1372 5259 1653 5327 proposito
1683 5262 1947 5326 amoveri,
1969 5262 2131 5330 jussit
2171 5278 2265 5318 eas
2292 5263 2436 5320 felici
2465 5281 2662 5324 cruore

1059 5342 1330 5401 damnari.
1361 5347 1520 5404 Juxta
1564 5350 1720 5421 cujus
1750 5352 2059 5423 imperium,
2091 5363 2304 5409 astante
2330 5355 2572 5426 Eugegio
2607 5369 2664 5414 et

2767 4631 2922 4671 suam
2951 4613 3150 4668 deferri
3182 4613 3432 4683 religiose
3473 4627 3674 4667 curans
3700 4611 3948 4665 Aretium
3996 4626 4206 4675 versus,
4243 4611 4378 4679 ipse,

2766 4728 2835 4768 ne
2869 4727 2968 4778 per
3006 4711 3285 4764 Romanos
3331 4709 3780 4778 impedimentum
3825 4705 4043 4774 aliquod
4076 4714 4382 4773 pateretur,

2768 4820 2864 4875 per
2907 4803 3072 4856 aliam
3129 4803 3272 4855 viam
3323 4816 3578 4855 reversus
3615 4808 3718 4854 est.
3773 4798 4000 4854 Valente
4051 4808 4233 4853 autem
4269 4796 4382 4851 Deo

2770 4898 2990 4953 nomina
3042 4896 3350 4965 meritaque
3397 4894 3669 4964 virginum
3742 4893 3809 4946 ad
3868 4907 4024 4946 suam
4082 4902 4136 4945 et
4187 4906 4382 4945 carum

2768 4989 2996 5061 gloriam
3046 4989 3349 5058 divulgare,
3391 4987 3622 5058 contigit
3665 4987 3903 5056 quadam
3946 4986 4033 5039 die
4080 4983 4382 5038 familiares

2766 5080 3010 5152 episcopi
3042 5096 3165 5135 cum
3197 5082 3402 5136 sanctis
3449 5079 3776 5150 corporibus
3826 5076 4094 5148 hospitari
4130 5079 4272 5130 inter
4304 5076 4385 5130 la-

2766 5190 2917 5239 cum,
2946 5172 3244 5228 Disortium
3277 5173 3520 5237 nomine,
3552 5182 3607 5226 et
3635 5172 3922 5228 Arrtiuam
3951 5168 4226 5240 paludem.
4276 5169 4384 5222 Ac-

2766 5267 2900 5323 colze
2933 5283 3064 5321 vero
3093 5265 3194 5320 loci
3215 5307 3228 5328 ,
3259 5265 3463 5320 domini
3501 5274 3681 5319 autem
3727 5264 3996 5334 inprimis,
4025 5278 4088 5317 ex
4123 5275 4382 5316 reveren-

2768 5360 2839 5414 tia
2888 5358 2990 5414 loci
3037 5366 3095 5412 et
3155 5357 3420 5428 religione
3479 5356 3702 5411 familiae
3750 5364 4144 5425 cognoscentes
4197 5365 4386 5406 sacras

2386 5469 2438 5526 J.
2480 5471 2736 5530 CUPERI
2775 5471 3016 5531 ΝΟΤλΕ.

1136 5575 1288 5660 (ᾷ58)
1329 5578 1569 5660 Similia
1599 5580 2038 5660 diviiize_gratiae
2088 5582 2354 5660 miracula
2403 5585 2456 5638 in
2500 5601 2660 5643 sacra

1064 5646 1348 5714 Scriptura
1379 5661 1438 5704 et
1467 5651 1693 5706 historia
1721 5646 2096 5708 ecclésiastica
2144 5657 2322 5710 adhuc
2342 5669 2661 5714 occurrunt.

1140 5719 1292 5792 (359)
1333 5719 1411 5774 he
1443 5723 1528 5777 his
1555 5723 1980 5792 imperatoribus
2002 5765 2017 5790 ,
2046 5740 2277 5794 quorum
2317 5728 2542 5782 nomina
2578 5731 2666 5784 hic

1063 5786 1395 5848 Ιιιίιιιιέιιι
1442 5786 1810 5865 transportata
1865 5786 2024 5864 sunt,
2064 5786 2183 5851 vide
2228 5796 2661 5868 'l'illctuontitnn,

2774 5598 2907 5644 tom.
2939 5586 2985 5642 ll
3017 5585 3156 5641 Πὶςι.
3188 5587 3457 5658 imperat,
3489 5602 3521 5656 p
3543 5601 3612 5657 ις.
3641 5585 3746 5640 562
3769 5595 3823 5639 et
3849 5585 4228 5658 sequentibus.

2850 5660 3003 5730 (360)
3040 5652 3525 5726 υιιίιιιιθίιςειιιι-ἶι
3557 5652 3643 5710 ille
3675 5659 3826 5712 urbis
3854 5652 4146 5728 praete-ctus
4175 5652 4384 5717 llclius,

2775 5731 3028 5802 quamvis
3074 5731 3400 5801 martyrium
3434 5731 3629 5802 harum
3664 5730 3937 5802 virginum
3980 5740 4223 5798 tempore
4255 5737 4388 5780 utut-

2777 5800 2888 5857 tum
2920 5802 3136 5857 diverso
3171 5818 3199 5856 τι
3227 5800 3554 5872 ιιυίιευθίίιιιιι
3593 5801 3916 5854 collocetur.
