5652 6376
1075 357 1210 415 1053

1949 338 2193 396 EXPOS.
2243 329 2570 393 VISIOMJM
2608 330 2710 384 SS.
2755 324 3040 380 MARIANI
3083 324 3170 379 ET
3207 320 3468 380 JACOBI.

4213 310 4356 370 ιοδι

1071 475 1178 534 mul
1209 485 1330 528 cum
1357 469 1436 525 eis
1469 467 1568 531 ire,
1588 465 1699 521 sed
1724 460 2031 533 praecedere
2075 455 2304 518 asserit;
2337 450 2463 521 quia
2499 446 2651 501 vide—
2679 444 2730 505 Α
2757 440 2881 495 dem
2909 449 3127 494 aetatem
3166 438 3445 510 pervenit,
3475 446 3533 492 et
3561 434 3615 489 in
3645 431 3858 489 senium
3886 445 3994 486 non
4036 426 4352 486 declinavit.

1067 567 1194 625 licet
1215 562 1525 632 quicunque
1549 556 1616 611 ad
1642 567 1892 624 superna:
1935 546 2236 604 mansionis
2265 543 2510 612 requiem
2543 547 2654 593 ten-

1069 659 1285 722 ditnus,
1333 654 1641 724 quicunque
1685 646 1774 716 pia
1825 641 2183 700 conversione
2249 635 2316 690 ad
2366 635 2652 688 beatorum

1069 722 1405 806 consortium
1456 742 1791 803 festinamus,
1845 743 2157 791 sanctorum
2205 728 2346 791 vias,
2390 722 2503 778 Deo
2553 737 2654 775 nos

1066 838 1426 912 praecedente,
1458 843 1646 888 tenere
1672 842 1988 901 pessumus;
2036 820 2237 877 ChriSti
2266 831 2396 873 vero
2427 813 2654 882 vestigia

1068 905 1269 988 imitari
1291 927 1529 998 quidem,
1555 923 1649 978 sed
1678 920 1744 976 ad
1775 919 1996 990 plenum
2025 910 2286 982 consequi
2338 905 2654 962 omnimodo

1069 1040 1178 1082 non
1203 1022 1462 1077 valemus.
1491 1016 1568 1071 llli
1597 1027 1833 1083 namque
1861 1011 2050 1065 dicunt
2077 1004 2347 1062 veraciter
2394 999 2655 1056 conﬁten-

1070 1128 1189 1173 tes:
1221 1113 1277 1167 Si
1299 1112 1522 1166 dicimus
1551 1108 1675 1177 quia
1701 1115 1969 1177 peccatum
2003 1118 2106 1154 non
2127 1100 2403 1160 habemus,
2431 1101 2656 1148 nosmet-

1067 1209 1204 1276 ipsos
1227 1203 1544 1264 reducimus,
1569 1211 1614 1253 et
1640 1184 1834 1251 veritas.
1853 1196 1906 1246 in
1931 1192 2079 1246 nobis
2105 1205 2208 1243 non
2229 1198 2303 1241 est
2331 1185 2381 1256 (I
2400 1183 2565 1238 Joan.
2590 1181 2651 1248 ι).

1066 1274 1320 1353 Christus
1346 1307 1474 1346 vero
1509 1288 1639 1346 dicit
1666 1305 1678 1340 :
1715 1284 1864 1340 Venit
1902 1282 2140 1352 princeps
2176 1278 2360 1332 mundi
2393 1274 2574 1342 hujus,
2605 1280 2654 1326 et

1059 1390 1124 1442 in
1157 1402 1238 1440 me
1271 1401 1375 1438 non
1409 1383 1558 1436 habet
1590 1377 1875 1451 quidquam
1916 1373 2100 1446 (Joan.
2135 1369 2269 1440 stv).
2310 1367 2457 1421 Bene
2486 1364 2653 1419 etiam

1067 1479 1161 1550 qui
1204 1485 1498 1547 martyrem
1541 1470 1793 1528 comitem
1839 1467 2004 1522 habet
2052 1465 2104 1518 in
2151 1463 2366 1525 itinere,
2412 1458 2653 1528 judicem

1069 1549 1232 1629 habet
1269 1568 1484 1632 ducem,
1517 1564 1775 1636 quoniam
1811 1559 1900 1616 ille
1928 1559 2197 1627 Propheta
2234 1553 2399 1624 508
2440 1560 2524 1607 est
2566 1549 2654 1605 cui

1065 1663 1340 1733 Propheta
1376 1659 1544 1715 dicit:
1579 1653 1805 1725 Propter
1844 1667 2033 1706 nomen
2071 1658 2219 1702 tuum
2252 1647 2364 1700 dux
2393 1644 2521 1698 mihi
2549 1641 2653 1696 eris

1064 1768 1116 1813 et
1141 1756 1370 1812 enntries
1397 1769 1476 1806 me
1508 1748 1681 1822 (Psal.
1709 1746 1861 1817 xxx).

1138 1847 1290 1916 Quod
1320 1853 1500 1902 autem
1527 1843 1602 1896 ait
1627 1858 1639 1893 :
1665 1839 1775 1894 Iter
1804 1837 1952 1892 nobis
1987 1844 2099 1890 erat
2129 1851 2221 1903 per
2246 1843 2487 1902 pratum;
2527 1828 2616 1898 qui

1065 1954 1164 2008 per
1192 1945 1428 2008 pratum,
1460 1933 1605 2002 quod
1646 1947 1770 2000 ager
1799 1929 2018 1992 dit-itur,
2052 1925 2155 1979 nisi
2191 1922 2423 1977 mundus
2451 1920 2540 1973 hic
2569 1919 2662 1971 de-

1066 2027 1357 2101 signatur?
1391 2024 1558 2079 ﬂecte
1600 2035 1731 2091 ergo
1777 2033 1886 2074 non
1926 2015 2202 2072 mansisse
2254 2014 2308 2067 in
2334 2021 2523 2081 prato,
2567 2008 2663 2063 sed

1069 2119 1178 2176 iter
1211 2115 1468 2173 habuisse
1493 2129 1591 2185 per
1615 2121 1831 2182 pratum
1881 2107 2099 2171 dicitur,
2132 2106 2222 2177 qui
2258 2103 2542 2158 Dominum
2575 2114 2662 2154 se-

1067 2209 1361 2281 quebatur,
1387 2207 1515 2277 quia
1546 2204 1802 2259 nimirum
1841 2203 2153 2271 quicunque
2178 2197 2245 2251 ad
2276 2196 2420 2250 illam
2450 2193 2661 2248 deside-

1073 2301 1301 2356 rabilem
1330 2299 1606 2354 civitatem
1638 2291 1976 2349 Hierusalem
2006 2289 2283 2345 cmlestem
2315 2285 2572 2357 pertinet,
2606 2282 2660 2335 in

1070 2395 1177 2450 hoc
1204 2392 1405 2448 mundo
1434 2405 1541 2446 non
1570 2386 1990 2448 habitationem,
2041 2382 2135 2438 sed
2184 2381 2290 2434 iter
2325 2379 2506 2433 habet.
2552 2375 2660 2429 Sed

1069 2484 1204 2556 quid
1232 2481 1488 2552 estquod
1536 2495 1634 2549 per
1659 2486 1873 2549 pratum
1911 2476 2015 2530 iter
2058 2471 2312 2528 habuisse
2356 2469 2575 2530 dicitur,
2606 2474 2661 2519 ct

1069 2593 1179 2634 non
1205 2577 1412 2641 fenum,
1446 2575 1539 2630 sed
1566 2571 1812 2628 excelsas
1839 2568 2085 2632 arbores,
2115 2574 2171 2622 et
2202 2564 2456 2619 ordinate
2487 2561 2660 2627 dispo-

1068 2669 1206 2725 sitas
1244 2668 1442 2723 ibidem
1492 2664 1691 2719 vidisse
1724 2659 2088 2732 perhibetur?
2131 2656 2270 2724 Quid
2299 2653 2532 2721 denique
2562 2664 2658 2719 per

1071 2761 1172 2816 has
1202 2759 1447 2823 arbores,
1491 2755 1594 2811 nisi
1639 2754 1812 2810 sancti
1856 2759 1912 2806 et
1946 2750 2079 2818 justi
2127 2747 2229 2801 viri
2279 2746 2656 2813 designantur,

1068 2852 1166 2923 qui
1195 2849 1449 2906 videlicet
1478 2846 1676 2902 mentis
1714 2843 2051 2900 sublimitate
2101 2837 2284 2893 intima
2316 2848 2542 2906 quaeque
2573 2833 2661 2884 de-

1081 2941 1340 3012 spiciunt,
1371 2947 1428 2994 et
1465 2938 1519 2992 in
1563 2935 1849 2991 charitatis
1893 2931 2144 2986 fraternae.
2189 2926 2375 2982 radice
2420 2923 2652 2989 solidati,

1071 3045 1232 3087 suum
1261 3028 1507 3085 ordinem
1537 3041 1646 3081 non
1677 3019 2060 3079 confundunt?

1142 3122 1424 3178 Postremo
1454 3135 1585 3175 vero
1629 3119 1760 3188 quid
1801 3126 1884 3172 est
1925 3114 2114 3169 bibere
2149 3111 2389 3183 phialam
2417 3109 2484 3166 de
2519 3124 2658 3178 aqua

1069 3215 1258 3279 fontis,
1285 3213 1389 3268 nisi
1417 3223 1635 3285 gustare
1683 3209 1911 3266 calicem
1959 3204 2272 3276 passionis?
2309 3202 2460 3258 Unde
2489 3201 2659 3255 David

1069 3305 1148 3359 ait
1171 3321 1183 3356 :
1211 3301 1438 3357 Calicem
1463 3301 1713 3358 salutaris
1740 3299 2019 3368 accipiam,
2050 3305 2098 3352 et
2126 3311 2313 3349 nomen
2340 3293 2549 3347 Domini
2575 3293 2660 3346 in-

1071 3394 1264 3448 vocabo
1285 3392 1460 3464 (Psal.
1490 3392 1637 3462 cxv).
1683 3391 1750 3445 Et
1795 3389 2088 3444 notandum
2127 3402 2290 3456 quam
2322 3385 2544 3455 pulchra
2582 3383 2657 3437 si-

1073 3486 1377 3543 militudine
1408 3485 1544 3540 visio
1580 3498 1701 3538 cum
1729 3482 2000 3550 Pr0pheta
2050 3477 2366 3533 concordat.
2421 3475 2512 3530 ille
2542 3475 2662 3544 qui-

1073 3580 1196 3634 dem
1236 3576 1462 3632 calicem
1503 3573 1735 3643 accepit,
1771 3580 1827 3626 et
1858 3585 2053 3624 nomen
2086 3567 2301 3622 Domini
2353 3565 2655 3629 invocavit;

1075 3671 1178 3724 iste
1208 3677 1416 3737 martyr
1451 3663 1691 3736 phialam
1733 3662 1870 3717 bibit
1898 3671 1952 3715 et
1979 3660 2090 3713 Deo
2117 3657 2323 3727 gratias
2353 3656 2483 3725 egit.
2517 3654 2660 3708 Fons

1072 3767 1255 3816 autem
1285 3757 1374 3811 ille
1401 3756 1543 3810 unde
1577 3751 1814 3823 phialam
1848 3749 2111 3819 implevit,
2143 3760 2314 3816 aquas
2343 3744 2662 3813 perspicuas

1073 3850 1383 3914 emanabat,
1419 3855 1475 3902 et
1516 3860 1612 3915 per
1635 3843 1981 3898 Psalmistam
2029 3839 2230 3895 dicitur
2262 3855 2276 3892 :
2324 3836 2566 3889 Pretiosa
2606 3835 2662 3888 in

1072 3950 1350 4009 conspectu
1377 3936 1591 3991 Domini
1622 3951 1762 3988 mors
1796 3942 2098 3987 sanctorum
2125 3931 2240 4000 ejus
2268 3927 2479 4000 (Ibid).

1143 4029 1243 4084 llic
1283 4043 1413 4083 vero
1451 4025 1653 4096 inquiri
1693 4032 1873 4094 potest
1909 4021 2147 4092 quidsit
2182 4019 2324 4088 quod
2351 4017 2524 4072 iudex
2561 4018 2663 4071 iste

1074 4122 1263 4177 beatos
1303 4126 1572 4188 martyres
1612 4130 1712 4186 per
1759 4121 1931 4168 totum
1974 4114 2080 4168 iter
2119 4113 2186 4165 ad
2238 4111 2442 4165 fontem
2494 4125 2663 4178 usque

1070 4209 1368 4282 pnecessit,
1395 4218 1449 4264 et
1475 4223 1599 4262 mox
1625 4207 1693 4260 ab
1718 4220 1907 4260 eorum
1937 4204 2145 4258 visione
2181 4202 2489 4272 disparuit:
2524 4217 2660 4254 nun-

1072 4301 1202 4370 quid
1236 4300 1441 4354 electos
1462 4311 1590 4352 suos
1617 4295 1898 4361 Dominus,
1929 4309 2065 4363 quos
2096 4309 2193 4362 per
2221 4291 2491 4347 occultam
2541 4307 2664 4361 gra-

1073 4395 1203 4450 tiam
1243 4393 1311 4448 ad
1346 4393 1591 4464 martyrii
1628 4405 1884 4447 coronam
1914 4388 2184 4460 perducit,
2215 4386 2542 4444 credendum
2579 4392 2663 4439 est

2758 532 3003 588 Procerus
3053 540 3236 587 autem
3286 539 3513 585 statura:
3561 536 3712 592 erat,
3765 526 3892 598 quia
3948 522 4242 578 exsultavit
4296 531 4356 575 ut

2757 625 2907 696 gigas
2941 623 3008 677 ad
3042 622 3368 678 currendam
3397 621 3543 674 viam
3575 615 3750 690 (Psal.
3786 613 3969 687 xvtn).
4019 614 4193 683 Caput
4225 626 4356 667 vero

2757 730 2922 785 super
2963 715 3135 768 nubes
3170 712 3476 775 extulerat,
3517 710 3645 780 quia
3684 723 3783 778 per
3823 707 4202 782 majestatem,
4232 711 4286 760 et
4323 721 4356 757 a

2757 820 2969 861 summo
2996 804 3136 860 coelo
3158 802 3401 873 egressio
3431 800 3567 870 ejus,
3586 808 3641 856 et
3657 812 3921 854 occursus
3947 795 4065 865 ejus
4089 811 4262 866 usque
4285 796 4356 850 ad

2757 915 3032 955 summum
3076 898 3194 966 ejus
3245 897 3460 968 (Ibid.).
3506 895 3576 951 Et
3621 896 3772 966 quia,
3825 894 3970 949 sicut
3997 892 4202 950 Paulus
4245 893 4351 948 ait:

2747 989 2925 1059 Caput
2949 988 3145 1043 Christi
3167 998 3240 1042 est
3257 987 3396 1042 Deus
3421 986 3472 1056 (I
3489 985 3612 1042 Cor.
3640 987 3739 1056 an),
3766 984 4018 1041 Christus
4041 998 4170 1039 vero
4192 995 4360 1055 caput

2757 1088 2840 1133 est
2867 1078 3114 1147 corporis
3143 1078 3258 1133 suis
3314 1076 3459 1147 quod
3485 1084 3571 1132 est
3593 1076 3859 1130 Ecclesia.
3907 1074 3974 1130 Et
4001 1084 4166 1144 caput
4205 1086 4360 1131 extu-

2757 1167 2896 1224 lerat
2931 1183 3096 1239 super
3132 1168 3326 1233 nubes,
3360 1167 3488 1238 quia
3518 1181 3616 1236 per
3644 1165 3987 1234 majestatem
4028 1166 4355 1233 divinitatis,

2755 1273 2862 1342 qua
2885 1273 3050 1312 unum
3075 1272 3290 1327 semper
3313 1271 3435 1312 cum
3456 1255 3621 1312 Patre
3643 1265 3748 1323 est,
3771 1271 3895 1312 cum
3922 1257 4035 1327 ipsa
4063 1266 4359 1329 assumpta:

2757 1348 3116 1404 humanitatis
3169 1348 3473 1405 substantia
3513 1349 3569 1404 in
3597 1348 3737 1405 coelo
3789 1364 3914 1405 cum
3961 1364 4029 1405 eo
4069 1350 4358 1420 aequaliter

2756 1450 2966 1513 regnat.
3001 1441 3109 1498 Sed
3146 1441 3275 1498 licet
3310 1453 3475 1513 caput
3516 1457 3684 1513 super
3714 1442 3886 1497 nubes
3906 1441 4182 1510 elevetur,
4234 1459 4359 1499 cor-

2755 1551 2858 1607 pus
2889 1544 3069 1590 tamen
3096 1535 3152 1589 in
3183 1535 3348 1590 terris
3370 1535 3740 1606 conSpicitur;
3775 1535 3903 1605 quia
3933 1535 4109 1590 sancti
4138 1551 4354 1601 omnes.

2755 1627 2848 1697 qui
2881 1641 3082 1697 corpus
3121 1635 3248 1680 sunt
3278 1624 3683 1697 Redemptoris,
3723 1625 3898 1681 donec
3941 1627 4085 1682 hanc
4129 1642 4357 1684 carnem
4427 1645 4434 1653 '

2755 1728 2998 1789 portant,
3031 1733 3131 1789 per
3155 1718 3524 1773 conditionem
3551 1717 3903 1773 mortalitatis
3937 1718 3990 1773 in
4026 1728 4176 1774 terra
4204 1735 4359 1776 com—

2623 1828 2656 1882 d
2687 1809 2734 1869 B
2762 1818 3064 1873 morantur,
3113 1809 3366 1877 quamvis
3390 1822 3490 1878 per
3520 1807 3832 1863 libertatem
3881 1810 4107 1879 spiritus
4131 1811 4188 1866 in
4214 1811 4358 1870 celo

2763 1897 3060 1969 509jam
3084 1899 3336 1954 habitare
3359 1900 3684 1969 probentur,
3713 1900 3959 1956 dicentes
3987 1917 4111 1958 cum
4140 1902 4311 1960 Paulo
4332 1921 4351 1959 :

2763 1990 2966 2045 Nostra
3006 2001 3182 2043 autent
3232 1990 3559 2044 conversatio
3604 1992 3660 2044 in
3690 1990 3835 2046 aclis
3863 2003 3939 2047 est
3970 1990 4195 2065 (Philip.
4246 1996 4355 2068 nt).

2765 2079 2918 2135 Unde
2948 2088 3096 2134 recte
3125 2095 3250 2134 cum
3272 2095 3471 2150 corpus
3496 2081 3642 2136 illius
3669 2082 3727 2136 in
3763 2091 3908 2139 terra
3931 2084 4102 2141 videri
4134 2087 4354 2154 dicitur,

2762 2186 2870 2226 non
2913 2180 3090 2227 tamen
3139 2182 3343 2226 terram
3392 2182 3616 2244 tangere
3661 2174 4006 2244 perhibetur,
4030 2177 4158 2247 quia
4178 2179 4358 2235 sancti

2761 2262 2866 2316 viri
2916 2264 2968 2317 in
3007 2272 3153 2318 terra
3191 2264 3414 2333 quidem
3467 2267 3785 2324 conversari
3815 2268 4088 2337 videntur,
4121 2273 4218 2327 sed
4249 2281 4360 2327 ter-

2762 2358 2910 2413 renis
2935 2359 3148 2414 actibus
3179 2374 3246 2414 ex
3275 2360 3548 2416 desiderio
3580 2377 3690 2417 non
3742 2361 4112 2435 implicantur,
4140 2376 4196 2423 et
4228 2368 4359 2424 dum

2765 2449 2892 2504 totis
2947 2449 3157 2505 nisibus
3191 2454 3258 2505 ad
3298 2451 3409 2506 alta
3461 2467 3521 2508 se
3549 2445 3785 2526 erigunt,
3835 2455 4002 2526 pedes
4033 2458 4293 2514 mentium
4325 2478 4359 2515 a

2761 2549 2911 2592 terra
2946 2542 3312 2608 suspendunt.

2796 2672 2800 2675 .
2831 2626 2978 2720 Deae
3002 2636 3182 2720 autem
3221 2629 3412 2686 nitidis
3450 2632 3694 2688 vestibus
3725 2633 3947 2691 indutus
3977 2637 4148 2694 fuisse
4174 2641 4361 2710 perhi-

2761 2718 2939 2783 betur,
2973 2719 3099 2788 quia
3131 2719 3197 2774 de
3251 2735 3317 2776 eo
3346 2737 3446 2792 per
3471 2721 3799 2794 Prophetam
3829 2727 4033 2784 dicitur
4064 2747 4077 2782 :
4118 2731 4358 2790 Amictus

2761 2812 2960 2867 lumine
2987 2814 3120 2867 sicut
3144 2815 3450 2870 vestimento
3501 2815 3676 2888 (Psal.
3703 2820 3844 2889 cm).
3869 2820 3974 2878 Per
3996 2824 4200 2881 nitidas
4237 2829 4358 2896 qui-

2763 2902 2886 2958 dem
2936 2913 3135 2970 vestes,
3187 2907 3388 2976 quibus
3433 2908 3700 2976 induitur,
3747 2925 3936 2970 sancta
3977 2918 4165 2986 procul
4193 2920 4358 2976 dubio

2763 2992 3007 3048 Ecclesia
3047 2993 3399 3066 designatur;
3454 3013 3576 3068 quae
3619 2999 3878 3058 videlicet
3926 3006 4094 3062 vestis
4146 3018 4200 3062 et
4260 3026 4360 3080 per

2767 3084 3090 3139 munditiam
3137 3096 3343 3140 sancta:
3384 3089 3723 3157 operationis
3783 3091 4087 3161 splendida,
4145 3108 4200 3152 et
4258 3115 4358 3169 per

2687 3162 2732 3226 C
2764 3189 2912 3244 spem
2928 3175 3041 3230 tutu
3051 3191 3122 3230 ra:
3150 3177 3502 3233 beatitudinis
3517 3178 3746 3236 Domino
3761 3183 4005 3240 adhaeret
4019 3196 4240 3244 extensa
4294 3190 4360 3246 ds

2759 3281 2864 3336 qua
2896 3268 3023 3321 dicit
3046 3268 3376 3338 Apostolus:
3413 3267 3482 3323 Ut
3508 3271 3774 3327 exhiberet
3800 3275 3901 3328 sibi
3920 3276 4210 3346 gloriosam
4257 3279 4363 3336 Ec-

2759 3358 2993 3421 clesium,
3019 3374 3123 3411 non
3144 3358 3417 3412 habentem
3467 3361 3861 3428 maculam,aut
3902 3381 4088 3436 rugam
4141 3369 4360 3440 (Ephes.

2760 3451 2834 3518 v).
2872 3451 2937 3505 Et
2960 3467 3200 3521 congrue
3224 3451 3446 3522 iulgidis
3475 3455 3960 3513 vestibusindutus
3988 3471 4359 3529 memoratur;

2761 3541 2888 3609 quia
2919 3542 2986 3596 de
3020 3541 3207 3598 electis
3251 3545 3364 3598 suis
3409 3560 3438 3598 a
3490 3545 3722 3600 Domino
3770 3548 4017 3602 dicitur:
4055 3547 4365 3621 Fulgebunt

2750 3635 2887 3702 justi
2908 3634 3042 3686 sicut
3069 3633 3147 3688 sol
3181 3635 3233 3689 in
3259 3652 3414 3705 regno
3437 3633 3620 3691 Patris
3651 3638 3753 3692 mei
3781 3639 4001 3708 (Matth.
4035 3643 4178 3712 xm).

2834 3723 2944 3779 Nec
2968 3724 3096 3778 illud
3120 3727 3593 3796 vacatansysterio
3614 3729 3757 3796 quod
3777 3729 3899 3784 ista:
3923 3739 4104 3787 vestes
4128 3732 4364 3792 diversis

2762 3816 3036 3872 coloribus
3051 3816 3324 3871 distincta:
3349 3816 3684 3872 referuntur.
3705 3818 3894 3874 Sancti
3921 3822 4068 3876 enim
4099 3823 4199 3878 viri
4223 3825 4359 3880 dum

2764 3909 2950 3963 multis
3004 3909 3209 3978 pollent
3260 3910 3578 3974 virtutibus,
3624 3911 3779 3980 quasi
3837 3913 4054 3969 diversa
4112 3917 4362 3972 colorum

2764 4003 2943 4071 specie
2973 4002 3400 4072 distinguuntur.
3428 4001 3569 4056 llinc
3611 4013 3692 4058 est
3724 4005 3865 4074 quod
3887 4020 3985 4074 per
4014 4006 4365 4066 Psalmistam

2765 4094 3002 4148 dicitur:
3035 4093 3216 4146 Astitit
3246 4094 3425 4162 regina
3454 4110 3485 4146 a
3508 4093 3704 4147 dextris
3734 4095 3838 4148 tuis
3900 4098 3954 4149 in
3984 4099 4171 4152 vestitu
4197 4102 4365 4155 deau-

2767 4195 2902 4250 rato,
2937 4184 3332 4237 circumamicta
3355 4184 3606 4238 varietate
3630 4183 3805 4254 (Psal.
3833 4185 4002 4257 λων).
4030 4188 4132 4245 Hic
4172 4191 4364 4262 itaque

2761 4275 2978 4345 juvenis
3011 4291 3116 4330 non
3146 4277 3385 4341 stetisse,
3419 4278 3512 4332 sed
3549 4279 3913 4346 pertransissle
3939 4292 4068 4337 ante
4094 4300 4193 4340 ora
4217 4302 4364 4341 mar-

2767 4377 2948 4439 tyrum
2976 4369 3125 4422 visus
3148 4378 3251 4434 est,
3293 4368 3420 4438 quia
3437 4366 3550 4437 jam
3571 4383 3666 4423 eos
3690 4369 3952 4428 Dominus
3972 4373 4040 4429 de
4070 4375 4174 4431 hoc
4198 4393 4358 4433 mun-

1072 4483 1216 4555 (μιοά
1265 4498 1390 4538 mox
1422 4459 1684 4538 τεξεάθηε
1734 4480 1877 4535 inter
1920 4459 2068 4548 ipsas
2115 4491 2212 4534 οοε
2251 4475 2659 4531 tribulationum
2689 4512 2740 4573 υ
2766 4461 2835 4516 do
2868 4459 3059 4515 tollere
3082 4468 3246 4529 atque
3271 4461 3337 4515 ad
3366 4461 3882 4532 contemplationem
3913 4465 4222 4535 majestatis
4248 4485 4364 4527 sua:

1072 4572 1352 4644 angustias
1379 4571 1637 4627 deserat?
1669 4569 1777 4626 Sed
1807 4570 2102 4624 notandum
2132 4566 2258 4637 quia
2289 4575 2417 4621 tunc
2443 4575 2661 4621 sanctos

1071 4663 1335 4721 Dominus
1381 4664 1536 4735 quasi
1585 4663 1990 4733 quodammodo
2038 4661 2264 4723 deserit,
2311 4674 2436 4713 cum
2469 4673 2562 4712 eos
2592 4657 2660 4711 ab

1074 4754 1275 4824 iniquis
1310 4752 1573 4824 ﬂagellari
1605 4752 1896 4822 permittit.
1944 4749 2099 4805 Unde
2124 4749 2456 4818 Redemptor
2479 4756 2662 4801 noster

1073 4844 1132 4899 in
1176 4858 1337 4898 cruce
1377 4843 1445 4896 ad
1467 4840 1684 4896 Patrem
1710 4841 1977 4895 clamabat
2002 4858 2016 4893 ;
2042 4838 2207 4903 Deus,
2235 4837 2374 4891 Deus
2401 4853 2566 4899 meus,
2608 4843 2662 4886 ut

1071 4933 1200 5001 quid
1244 4931 1566 5003 dereliquisti
1608 4930 1744 4984 me?
1807 4928 2021 4998 (Matth.
2076 4942 2267 4993 xxvtl;
2324 4925 2495 4979 Marc.
2544 4926 2659 4994 xv.)

1070 5021 1282 5079 Cuncta
1335 5021 1500 5092 igitur
1542 5021 1659 5075 haec
1693 5034 1894 5073 arcana
1945 5019 2222 5088 mysteria,
2261 5033 2382 5087 qua:
2411 5016 2658 5083 omnipo-

1073 5121 1199 5174 tens
1223 5113 1366 5168 Deus
1394 5109 1638 5182 quotidie
1661 5124 1763 5183 per
1791 5109 1993 5163 electos
2043 5122 2170 5162 suos
2199 5106 2412 5162 occulta
2442 5105 2660 5174 dispen-

1073 5205 1288 5262 satione
1324 5203 1532 5268 tribuit,
1585 5201 1712 5256 huic
1762 5200 1852 5252 uni
1901 5198 2173 5267 praecipue
2221 5209 2404 5265 aperta
2453 5196 2658 5248 visione

1075 5294 1423 5357 monstravit,
1454 5300 1513 5346 ut
1539 5291 1684 5361 quod
1734 5291 1786 5344 in
1825 5289 2037 5344 czcteris
2080 5287 2294 5342 occulte
2339 5287 2534 5357 agitur,
2567 5286 2655 5341 hic

1072 5387 1239 5442 etiam
1265 5384 1448 5438 videre
1476 5391 1795 5437 mereretur.

1146 5476 1264 5531 Jam
1307 5489 1437 5529 vero
1481 5488 1639 5542 quem
1667 5471 1898 5525 lacubus
1941 5472 2193 5542 juvenem
2246 5473 2484 5540 aspexit,
2535 5463 2657 5538 quis

1071 5570 1180 5625 nisi
1213 5568 1326 5637 ipse
1355 5575 1438 5621 est
1461 5579 1621 5633 quem
1653 5563 1925 5617 Mat-ianus
1962 5563 2197 5632 judicem
2227 5564 2406 5616 vidit?
2445 5563 2542 5628 Qui
2569 5562 2656 5629 ju-

1070 5660 1228 5716 venis
1273 5657 1473 5713 idcirco
1497 5655 1765 5726 apparuit,
1793 5656 1920 5723 quia
1949 5653 2120 5708 Media
2134 5663 2218 5708 tor
2243 5654 2335 5708 Dei
2385 5663 2438 5708 et
2480 5655 2655 5710 homi-

1071 5768 1204 5810 nunt
1243 5753 1383 5806 inter
1416 5748 1664 5802 homines
1699 5755 2052 5802 conversatus
2105 5746 2171 5800 ad
2205 5745 2498 5815 juvenilcm
2536 5748 2651 5815 qui-

1361 5847 1611 5906 l’ATIwL
1649 5849 1746 5912 C.\f
1763 5852 1920 5915 LIV.
1953 5869 1956 5872 '

2766 4555 3067 4625 perducere
3099 4552 3452 4622 disponebat;
3501 4552 3645 4607 sicut
3698 4555 3814 4624 ipse
3862 4556 3916 4610 in
3965 4558 4259 4632 Evangelio
4287 4564 4364 4618 di~

2767 4649 2844 4703 cit
2876 4663 2888 4698 :
2916 4645 2985 4700 Et
3025 4645 3290 4700 transiens
3343 4644 3682 4700 ministrabat
3725 4647 3832 4703 illis
3871 4648 4022 4719 (Luc.
4068 4655 4188 4724 an).
4220 4657 4363 4724 Quid

2766 4747 2852 4793 est
2895 4746 3072 4792 autem
3106 4737 3250 4806 quod
3297 4735 3537 4806 singulas
3565 4752 3731 4793 zonas
3770 4755 4075 4812 purpureas
4101 4744 4154 4799 in
4180 4743 4364 4803 Sinam

2766 4836 3069 4897 martyrum
3101 4825 3340 4896 projicit,
3373 4825 3477 4880 nisi
3508 4826 3653 4895 quod
3676 4841 3771 4883 eos
3794 4830 4032 4900 undique
4061 4833 4362 4905 cingendos

2767 4917 3036 4988 angustiis
3075 4916 3392 4985 passionum
3427 4916 3758 4974 innotescit?
3788 4918 3914 4974 Haec
3940 4922 4195 4979 videlicet
4222 4941 4362 4984 zona

2767 5007 3036 5077 passionis
3065 5015 3193 5060 tunc
3242 5017 3596 5076 purpuratur,
3621 5022 3745 5063 cmn
3779 5013 4004 5081 sanguis
4040 5012 4358 5072 eliunditur.

2767 5096 2872 5152 Per
2899 5097 3003 5150 hoc
3034 5112 3163 5152 vero
3205 5098 3351 5165 quod
3398 5112 3494 5152 eas
3537 5099 3593 5154 in
3638 5099 3815 5154 sinum
3868 5099 4115 5171 projecit,
4157 5119 4362 5176 quanta

2766 5190 3096 5244 certitudine
3131 5188 3254 5243 illos
3282 5189 3349 5242 de
3377 5204 3475 5244 sua
3507 5191 3764 5260 passione
3799 5193 4063 5262 firmaret,
4097 5197 4357 5255 innotuit.

2766 5280 2910 5336 Nihil
2931 5281 3077 5336 enim
3110 5279 3316 5335 certius
3347 5279 3512 5350 510
3534 5296 3633 5335 nos
3666 5283 3870 5338 habere
3895 5286 4173 5343 credimus
4195 5305 4358 5359 quam

2767 5377 2909 5446 quod
2942 5375 2997 5428 in
3041 5374 3162 5428 sinu
3193 5380 3462 5428 tenemus.
3493 5371 3647 5428 Unde
3676 5373 3738 5428 Β.
3776 5374 3877 5432 Job
3900 5378 3966 5434 de
3992 5395 4089 5450 spe
4111 5395 4359 5438 resurre-

2765 5457 2964 5525 ctionis
2993 5467 3106 5520 ait:
3137 5463 3388 5534 Reposito
3433 5477 3508 5519 est
3543 5465 3656 5520 Itan:
3685 5484 3801 5535 spes
3845 5485 3959 5525 mea
4001 5471 4056 5524 in
4096 5473 4216 5526 sinu
4241 5489 4357 5528 meo

2765 5560 2889 5630 (Job
2937 5561 3073 5628 xu).

2833 5652 3021 5720 Neque
3056 5651 3156 5704 hoc
3183 5663 3214 5701 a
3247 5649 3508 5718 mysterio
3550 5657 3709 5702 vacat
3756 5652 3901 5719 quod
3951 5666 4084 5722 puer
4125 5653 4176 5705 in
4213 5654 4355 5710 collo

2763 5745 2881 5816 ejus
2911 5741 3112 5797 monile
3164 5752 3405 5804 roseum,
3433 5738 3490 5794 in
3522 5752 3688 5792 manu
3719 5755 3849 5793 vero
3876 5740 4110 5808 palmam
4141 5742 4356 5798 viridis-

3831 5839 3910 5899 33
