5652 6372
1166 685 1931 856 OPERUM
2047 681 2729 839 SANCTI
2838 679 3415 831 PETRI
3523 667 4350 827 DAMIANI

2110 987 2220 1067 IN
2282 952 2786 1101 EDlT‘IONE
2858 977 3354 1058 CAJETANI

1614 1221 2464 1366 TOMUS
2695 1211 3523 1359 T'EBTI
3595 1210 3875 1352 US

2061 1502 2470 1567 OPUSCULA
2515 1501 2768 1563 VARIA
2814 1496 3411 1560 COMPLECTENS.

2552 1668 2950 1683 ———

1379 1818 2065 1936 CAJETANI
2151 1811 2858 1930 EPISTOLA
2942 1803 4108 1928 NUNCUPATORIA.

1193 2208 1250 2267 Β.
1280 2208 1345 2265 D.
1378 2208 1445 2264 Ν.
1477 2208 1660 2265 Ριυιο
1687 2209 1754 2275 V,
1785 2208 2033 2280 pontifici
2078 2205 2352 2275 maximo,
2380 2205 2614 2262 domnus
2654 2203 3066 2259 CONSTLNTINIJS
3104 2199 3446 2262 CAJE'HKUS,
3478 2195 3651 2252 abbas
3680 2193 4000 2251 Casincnsis
4028 2192 4090 2248 S.
4120 2192 4404 2262 Barontis.

1121 2298 1496 2369 lempiternam
1536 2299 1870 2355 felicitatem.

1188 2391 1369 2448 Sacrae
1404 2391 1602 2448 littera:
1628 2403 1684 2448 et
1712 2404 2064 2448 monumenta
2120 2398 2472 2454 sanctorum,
2500 2388 2817 2445 beatissime
2855 2386 3041 2454 Pater,
3069 2384 3190 2454 ejus
3229 2384 3390 2454 pretii
3421 2397 3489 2438 ac
3520 2379 3724 2440 indolis
3760 2393 3880 2441 esse
3912 2379 4119 2446 solent,
4145 2387 4208 2434 ut
4235 2379 4280 2437 si
4312 2379 4409 2436 diu

1124 2479 1177 2536 in
1203 2482 1442 2537 tenebris
1465 2482 1675 2553 jacere,
1707 2483 2034 2552 silentioque
2061 2481 2298 2546 involvi,
2331 2488 2386 2536 et
2409 2479 2686 2535 oblivione
2713 2477 2884 2533 deleri
2912 2477 3224 2551 videantur,
3253 2473 3610 2528 nihilominus
3638 2473 3711 2528 ob
3734 2486 3924 2532 eorum
3958 2469 4159 2527 famam
4186 2469 4408 2541 opinio-

1122 2585 1354 2639 nemque
1387 2571 1717 2635 sanctitatis,
1749 2585 1813 2624 ac
1845 2570 2088 2625 caelestis
2114 2569 2379 2625 doctrina:
2403 2566 2800 2638 praestantiam,
2831 2565 3008 2620 lucem
3035 2565 3091 2618 in
3123 2562 3387 2628 tenebris,
3416 2561 3656 2632 linguam
3701 2560 3756 2617 iu
3799 2559 4042 2626 silentio,
4085 2560 4410 2615 memoriam

1122 2660 1172 2715 in
1207 2659 1476 2717 oblivione
1519 2661 1910 2730 sempiternam
1955 2660 2268 2726 obtineant;
2311 2659 2366 2713 in
2411 2658 2646 2728 mystico
2677 2656 2782 2711 hoc
2819 2655 2960 2730 coelo
2987 2654 3249 2711 Ecclesia:
3293 2662 3555 2724 tauquam
3600 2651 3769 2708 solem
3809 2651 4100 2717 occultari,
4130 2664 4410 2722 nunquam

1119 2751 1300 2807 tamen
1332 2747 1560 2810 interire
1587 2729 1898 2819 potuerunt.
1941 2749 2156 2804 Etenim
2187 2745 2386 2805 summi
2409 2747 2720 2816 pontiﬁces,
2747 2746 2840 2815 qui
2866 2729 3240 2803 Christianum
3275 2744 3422 2803 hunc
3446 2743 3638 2799 orbem
3666 2743 4043 2807 moderantur,
4070 2739 4283 2812 Spiritu
4310 2742 4414 2798 Det

1119 2840 1224 2899 acti
1249 2847 1306 2895 et
1331 2839 1573 2910 impulsi,
1602 2849 1726 2911 post
1754 2849 1971 2896 noctem
1999 2849 2054 2894 et
2078 2853 2355 2904 occasum,
2386 2837 2557 2893 solem
2585 2838 2643 2892 ei
2676 2851 2837 2891 suum
2874 2835 3010 2893 oriri
3054 2844 3110 2890 et
3149 2833 3435 2905 splendere
3465 2833 3677 2889 iaciunt
3712 2852 3730 2888 :
3775 2848 3845 2891 eo
3885 2842 4070 2890 tamen
4114 2833 4428 2905 gloriosius.

1119 2939 1279 3001 atque
1306 2930 1565 2997 divinius,
1593 2945 1703 3000 quo
1729 2931 1901 3002 magis
1933 2930 1986 2985 id
2010 2946 2108 3001 per
2139 2929 2320 2986 debile
2343 2943 2410 2986 ac
2436 2928 2697 3000 exiguum
2729 2927 3159 2986 instrumentum
3185 2933 3506 2997 operantur.
3543 2923 3659 2982 Hoc
3684 2939 3817 2981 sane
3841 2925 3977 2980 mihi
4009 2940 4040 2979 a
4073 2934 4127 2981 te
4154 2926 4414 2998 contigit,

1119 3020 1432 3077 beatissime
1459 3019 1642 3086 Pater,
1675 3035 1836 3092 quem
1869 3022 1923 3076 in
1971 3021 2090 3076 haec
2117 3034 2276 3076 sacra
2305 3018 2612 3078 litterarum
2640 3029 2997 3074 monumenta
3040 3009 3359 3074 incumbere
3392 3015 3628 3088 jussisti,
3660 3029 3727 3070 ac
3753 3015 3981 3085 perenni
4022 3016 4418 3077 muniﬁcentia

1119 3117 1229 3170 tua:
1256 3112 1409 3167 fonte
1438 3112 1668 3174 excites,
1696 3127 1767 3168 ne
1794 3111 1921 3180 quid
1950 3111 2018 3166 de
2047 3109 2316 3179 ejusmodi
2358 3110 2541 3165 studio
2579 3109 3020 3180 preter-mittam,
3061 3108 3159 3163 sed
3186 3121 3431 3162 mearum
3463 3105 3907 3164 lucubrationum
3939 3106 4101 3162 labor
4127 3120 4414 3180 appareat,
4457 3137 4476 3149 -λ

1114 3211 1174 3259 et
1203 3202 1423 3258 uberem
1449 3218 1597 3258 tuam
1626 3202 1684 3256 in
1713 3215 1798 3255 me
1837 3202 2091 3271 gratiam,
2117 3202 2165 3257 si
2204 3215 2310 3256 non
2341 3200 2632 3270 attingere,
2664 3200 2859 3255 saltem
2902 3199 3056 3269 sequi
3088 3209 3144 3254 et
3161 3198 3388 3254 odorari
3422 3198 3691 3254 videatur.
3716 3195 3856 3256 Cum
3884 3212 4020 3270 ergo
4048 3200 4192 3257 banc
4221 3217 4416 3260 curam

1121 3303 1182 3353 et
1201 3294 1544 3368 diligentiam
1583 3297 1640 3352 in
1689 3295 1750 3349 Β.
1783 3294 1933 3350 Petri
1967 3293 2218 3350 Damiani
2249 3292 2568 3358 cardinalis,
2601 3292 2846 3364 episcopi
2874 3293 3164 3358 Ostiensis,
3195 3290 3488 3361 epusenla,
3508 3304 3650 3360 qua:
3678 3289 3741 3354 in
3781 3290 4086 3361 caliginoso
4124 3296 4423 3354 vetustatis

1119 3388 1242 3448 sinu
1270 3387 1565 3456 latuerant,
1597 3390 1973 3456 collocassem,
2008 3400 2068 3445 ut
2097 3405 2161 3447 ea
2191 3404 2379 3460 sparsa
2416 3388 2752 3460 collegerim,
2789 3388 3003 3443 turbata
3030 3385 3372 3456 dige‘sserim,
3404 3393 3750 3455 quatuorque
3779 3383 3839 3440 in
3868 3393 4045 3441 tomos
4071 3386 4354 3446 diviserint
4395 3408 4414 3447 :

1117 3490 1245 3553 post
1274 3483 1509 3553 primum
1555 3493 1609 3539 et
1639 3485 1938 3539 secundum
1963 3483 2080 3551 jam
2107 3481 2302 3549 editos,
2339 3492 2545 3552 tuoque
2571 3496 2789 3551 magno,
2823 3488 2880 3534 et
2915 3478 3181 3550 singulari
3223 3477 3530 3547 patrocinio
3556 3484 3667 3531 tam
3695 3476 3929 3548 benigne
3958 3490 4270 3552 susceptos,
4299 3490 4414 3539 ιοιι-

1119 3572 1230 3629 tius
1267 3573 1358 3629 hic
1386 3587 1449 3628 ac
1473 3573 1806 3644 penultimus
1837 3575 2043 3630 eisdem
2071 3589 2291 3645 quoque
2322 3575 2560 3630 tenebris
2590 3584 2906 3642 erumpens,
2936 3571 3096 3642 quasi
3126 3568 3390 3624 fratribus
3417 3583 3538 3624 eam
3569 3567 3821 3635 invidens
3845 3570 4110 3642 gloriam,
4145 3575 4330 3644 prodit
4357 3576 4418 3635 in

1119 3660 1334 3726 lucem;
1376 3670 1434 3716 et
1461 3678 1582 3716 cum
1609 3663 1750 3719 diem
1779 3665 2039 3734 aspiciat,
2069 3663 2205 3720 nihil
2238 3663 2411 3734 majus
2443 3663 2726 3719 existimat
2753 3678 2919 3733 quam
2949 3662 3068 3720 dies
3092 3661 3280 3717 videre
3311 3670 3455 3727 tuos,
3486 3653 3774 3730 tecumque
3803 3661 3987 3719 virere
4013 3671 4069 3720 et
4104 3665 4300 3724 lauari.
4333 3665 4419 3726 Tu

1118 3758 1311 3829 igitur,
1343 3757 1657 3814 beatissime
1683 3757 1868 3825 Pater,
1900 3758 2052 3813 illum
2083 3760 2330 3830 accipere
2359 3768 2414 3814 et
2443 3757 2631 3813 fovere
2655 3771 2722 3812 ne
2749 3757 2991 3822 desinas,
3021 3770 3088 3812 eo
3124 3754 3364 3809 maxime
3387 3754 3535 3824 quod
3563 3753 3660 3809 lilii
3690 3755 3767 3809 tui
3797 3765 3994 3824 partus
4014 3757 4236 3826 existat,
4269 3759 4420 3821 illius

1121 3861 1321 3917 nempe
1351 3849 1646 3905 cardinalis
1688 3850 1752 3904 de
1782 3850 1912 3905 sede
1940 3849 2261 3918 apostolica,
2304 3858 2360 3905 et
2400 3849 2591 3918 repub.
2617 3847 2932 3904 Christiana
2963 3847 3170 3917 optime
3217 3847 3396 3902 meriti
3430 3861 3446 3900 :
3479 3856 3642 3916 quem
3667 3831 3847 3902 adhuc
3874 3848 4145 3912 viventem
4173 3851 4418 3911 Alexan-

1118 3939 1224 3992 der
1254 3936 1298 3993 ll
1327 3937 1570 4008 ejusdem
1599 3938 1910 4008 apostolicae
1951 3939 2099 3994 sedis
2128 3939 2380 4002 oculum,
2412 3947 2470 3992 et
2499 3937 2904 3991 ﬁrmamentum
2934 3935 3234 4001 immobile,
3261 3935 3376 4004 jam
3405 3944 3538 3990 tunc
3566 3934 3868 4006 apostolico
3898 3935 4108 3992 calculo
4146 3942 4412 3999 sanctita-

1122 4035 1237 4082 tem
1263 4022 1331 4082 et'
1347 4028 1652 4082 doctrinam
1680 4027 1852 4098 ipsius
1879 4029 2207 4098 approbans,
2240 4027 2460 4096 scriptis
2492 4025 2802 4096 appellavit.
2836 4025 2915 4080 Eo
2937 4025 3088 4080 enim
3114 4023 3338 4095 pietatis
3368 4031 3426 4080 et
3453 4023 3734 4094 religionis
3764 4027 3950 4082 studio
3976 4025 4332 4100 deﬂagrabat,
4360 4041 4424 4092 ut

1120 4113 1362 4185 eloquio,
1410 4115 1566 4170 libris
1610 4125 1667 4170 et
1710 4117 1978 4187 exemplo,
2013 4113 2210 4172 animis
2237 4117 2470 4171 virtutes
2517 4117 2780 4180 inserere,
2811 4125 2868 4170 et
2901 4115 3033 4183 vitia
3063 4114 3388 4185 exstirpare,
3416 4113 3686 4170 bonorum
3724 4125 3935 4172 mentes
3969 4133 4190 4189 augere,
4222 4129 4278 4176 ct
4309 4123 4418 4180 im.

1122 4205 1423 4275 proborum
1454 4204 1752 4277 infringere
1776 4208 2060 4262 audaciam
2095 4208 2327 4262 noverit.
2354 4206 2527 4274 Quem
2556 4222 2666 4262 non
2696 4207 2871 4262 solum
2905 4209 2959 4261 in
2993 4208 3226 4278 privata,
3259 4207 3353 4261 sed
3396 4207 3450 4261 in
3496 4207 3598 4262 hac
3641 4207 3808 4262 etiam
3856 4211 4132 4265 communi
4173 4210 4419 4273 Ecclesia

1115 4311 1276 4350 nunc
1303 4298 1664 4362 exhortando,
1695 4313 1838 4352 nunc
1865 4299 2132 4365 docendo,
2160 4315 2303 4354 nunc
2329 4300 2662 4354 moderando
2689 4314 2753 4353 ac
2774 4299 3128 4370 protegendo.
3161 4313 3306 4353 nunc
3337 4299 3616 4368 operando
3638 4312 3802 4369 supra
3830 4299 3978 4356 vires
4006 4310 4214 4357 natura:
4242 4304 4418 4374 proli-

1119 4401 1277 4450 cere,
1311 4388 1499 4457 vulgus
1526 4389 1816 4459 aspiciens,
1850 4390 2090 4444 unanimi
2123 4405 2413 4456 consensu,
2441 4405 2548 4445 uno
2581 4405 2678 4445 ore
2709 4392 2929 4445 beatum
2956 4390 3290 4460 praedicarit.

1201 4476 1564 4535 Benedictiute
1580 4480 1743 4534 etiam
1770 4480 2046 4550 religionis
2058 4479 2273 4548 juvabit
2294 4481 2611 4544 auctoritas,
2637 4495 2757 4548 quae
2774 4480 2838 4534 de
2851 4494 2950 4534 suo
2980 4479 3316 4534 hocalumuo
3337 4489 3392 4532 et
3418 4479 3644 4534 doctore
3669 4480 3806 4535 adeo
3834 4479 4122 4551 gloriatur,
4149 4493 4206 4539 ut
4225 4502 4422 4549 nume;

1121 4587 1261 4629 rosa
1308 4588 1404 4629 sua
1450 4573 1671 4644 antiqua
1718 4589 1966 4643 novaque
2011 4575 2235 4644 pignora
2278 4574 2435 4644 quasi
2481 4573 2809 4644 despiciens,
2841 4589 3008 4628 unum
3036 4573 3257 4628 Petrum
3287 4573 3535 4628 Damiani
3566 4573 3850 4643 suscipiat,
3881 4576 4042 4645 eique
4068 4579 4223 4646 quasi
4255 4582 4421 4636 unico

1123 4666 1248 4722 lilio
1290 4665 1628 4730 blandiatur;
1659 4666 1802 4736 quod
1832 4681 1896 4720 eo
1928 4666 2269 4735 potissimum
2301 4666 2540 4735 antiqua:
2587 4680 2697 4720 sum
2743 4663 2964 4719 familiae
3012 4665 3302 4736 splendore
3346 4664 3600 4728 excitari,
3643 4663 4005 4750 laborumque
4026 4669 4240 4748 merita,
4271 4685 4422 4750 gite;

1119 4771 1234 4826 pro
1265 4753 1506 4809 Ecclesia
1555 4768 1768 4823 semper
1796 4753 2041 4808 Romana
2076 4756 2334 4824 suscepit,
2366 4754 2617 4810 renovari
2649 4755 2850 4809 rideat.
2903 4754 3053 4810 Petri
3097 4754 3262 4809 etiam
3295 4755 3456 4824 hujus
3501 4754 3583 4809 sui
3627 4736 4245 4815 nornilie.'sanCIi'ssiint'

1123 4847 1505 4918 apostolorum
1535 4846 1815 4916 principis,
1846 4848 1937 4914 qui
1966 4848 2211 4901 eamdem
2240 4845 2709 4902 Beuedietinorum
2738 4855 2951 4915 gentem
2982 4861 3079 4916 per
3110 4855 3216 4900 tam
3243 4846 3409 4900 multa
3441 4846 3639 4901 saecula
3667 4848 3732 4901 ad
3758 4847 4061 4904 Ecclesiam
4091 4851 4424 4911 turbulentis

1123 4940 1476 5009 temporibus
1523 4939 1932 4993 instanrandam
1986 4952 2084 4991 sua
2135 4938 2186 4990 in
2235 4938 2367 4992 sede
2411 4937 2713 4997 constituit,
2753 4951 2948 4990 nomen
2999 4936 3051 4989 in
3086 4935 3405 4991 memoriam
3438 4936 3726 4991 reducens.
3761 4935 3895 4992 Nam
3935 4936 4130 4995 Petrus
4156 4941 4425 4998 diaconus

1123 5031 1344 5087 diserte
1367 5038 1757 5085 commemorat
1787 5028 1986 5098 (Tract.
2029 5032 2213 5083 mirae.
2251 5028 2310 5084 S.
2340 5028 2536 5083 Bened.
2573 5037 2636 5083 ex
2687 5026 2942 5082 Biblioth.
2973 5029 3226 5084 Casiuen.
3264 5043 3349 5098 ap,
3398 5043 3486 5083 me
3513 5027 3640 5100 ms.)
3672 5028 3892 5085 Petrum
3932 5031 4108 5102 ipsum
4139 5036 4422 5104 apostolo-

1123 5135 1262 5177 rum
1293 5120 1615 5191 principem,
1643 5135 1764 5175 eum
1791 5119 2050 5174 Ecclesiae
2073 5135 2187 5174 suae
2223 5135 2414 5174 navem
2449 5119 2738 5188 impiorum
2778 5119 3090 5173 turbinibus
3125 5121 3383 5189 agitatam
3413 5119 3776 5190 conspiceret,
3809 5120 3876 5176 ad
3911 5118 4266 5191 Benedictum
4297 5135 4425 5184 tau-

1123 5225 1306 5280 quam
1343 5189 1486 5266 cum‘
1501 5224 1569 5266 eo
1594 5211 1955 5266 accerrimum
1994 5212 2163 5280 ipsius
2193 5213 2462 5266 vindicem
2490 5211 2860 5272 contendisse,
2905 5220 2959 5264 ct
2999 5211 3191 5286 Casini.
3214 5213 3458 5281 quietam
3488 5189 3590 5268 sibi
3623 5213 3804 5270 sedem
3836 5189 4118 5285 qumsiisse
4146 5231 4166 5269 :
4197 5237 4216 5268 σ
4250 5219 4425 5284 Vado.

1122 5298 1318 5371 inquit
1341 5296 1542 5357 Petrus
1568 5303 1944 5356 sanctissimus
1966 5303 2288 5372 quibusdam
2317 5302 2620 5371 peregrinis
2650 5301 2752 5357 sibi
2782 5316 2915 5358 occu
2928 5301 3220 5366 rrentibus.
3252 5303 3318 5356 ad
3347 5302 3577 5357 {mtrem
3605 5318 3782 5358 meum
3807 5302 4182 5370 Benedictum,
4211 5321 4271 5363 ut
4293 5325 4423 5366 cum

1123 5408 1204 5449 eo
1245 5391 1514 5462 passionis
1543 5405 1676 5445 mea;
1702 5391 1844 5445 diem
1875 5392 2141 5447 celebrem
2175 5410 2187 5446 :
2223 5382 2390 5446 variis
2420 5392 2565 5447 enim
2605 5391 2862 5449 procellis
2889 5392 3134 5448 Ecclesia
3173 5408 3291 5448 mea
3319 5392 3664 5460 deprimitur.
3701 5413 3720 5446 ι
3753 5391 3888 5460 Quis
3929 5409 4064 5465 ergo
4105 5396 4269 5453 Petro
4299 5416 4426 5457 cum

1120 5485 1435 5540 Benedicto
1465 5485 1530 5538 cx'
1562 5499 1746 5539 amore
1789 5484 2153 5540 fraternitatis
2190 5495 2245 5541 et
2283 5484 2627 5541 contubernii
2659 5487 2966 5540 communia
2999 5495 3196 5542 cuncta
3227 5502 3349 5541 esse
3379 5471 3745 5556 conspiciens,
3771 5501 3879 5541 nou
3910 5489 4160 5543 eumdem
4195 5489 4428 5549 Benedi-

1121 5584 1290 5629 ctum
1320 5591 1417 5645 per
1442 5590 1568 5630 suos
1595 5577 1868 5644 perpetuis
1908 5577 2201 5645 multisque
2235 5589 2387 5648 post,
2423 5577 2563 5632 sicut
2601 5585 2656 5632 et
2701 5583 2885 5643 antea,
2930 5577 3145 5634 smculis
3175 5578 3324 5633 vices
3353 5576 3500 5631 Petri
3551 5586 3930 5646 suscepturum
3979 5594 4087 5634 non
4137 5587 4426 5651 speraret!

1549 5669 1821 5731 l’art’toL.
1871 5666 2109 5733 CXLV,
3276 5729 3280 5733 ,
3949 5675 3980 5732 1
