5652 6414
490 0 4582 127 Μ

2194 424 2255 481 ιι
2892 422 2986 479 AD
3024 419 3081 477 3.
3121 419 3323 477 PETRI
3364 418 3645 476 ΒΔΠΙᾹΝῙ
3681 420 3829 477 OPP.
3873 421 4115 480 τοιιυιι
4155 422 4289 479 εει]
4328 423 4426 479 PA]

3185 419 3323 477 mu
3364 418 3645 476 ΒΔΙῙᾹΝῙ
3681 420 3829 477 OPP.
3873 421 4115 480 τοιιυιι
4155 422 4289 479 εει]
4328 423 4605 479 PARTE!
4645 424 4705 479 Ill
5352 427 5417 482 η

2188 534 2429 593 Eventus
2450 536 2671 607 quidem
2700 551 2814 592 rem
2846 536 3015 606 ipsam
3045 534 3390 591 conﬁrmavit
3418 555 3431 590 :
3463 550 3588 590 nam
3618 536 3687 589 ab
3711 550 3776 590 eo
3806 544 4066 605 tempore,
4097 552 4206 606 quo
4235 534 4295 591 S.
4320 536 4659 599 Benedictus,
4699 538 4943 594 instituto
4966 538 5154 601 choro,
5179 538 5418 594 alumnos

2185 640 2315 685 suos
2342 628 2396 683 in
2423 622 2587 683 Urbis
2622 626 2874 684 basilicas
2912 626 3281 699 ecclesiasque
3322 626 3456 682 alias
3505 628 3803 683 introduxit
3845 644 4011 698 usque
4053 630 4119 683 ad
4168 630 4508 686 millesimum
4556 633 4908 687 centesimum
4950 631 5412 701 quadragesimum

2188 723 2440 777 quartum
2473 732 2694 785 annum,
2721 717 2868 773 clero
2911 717 3029 789 ipso
3069 726 3197 773 tunc
3226 726 3445 774 creante
3486 728 3541 772 et
3569 718 3800 788 cligeutc
3830 720 4131 789 pontiﬁces,
4163 721 4503 775 centinenter
4530 734 4795 774 summum
4840 721 5206 789 pontiﬁcatum
5237 730 5415 785 gerere

2185 818 2600 865 consueverant.
2628 808 2780 877 Quod
2811 809 2858 865 si
2885 818 3075 881 postea
3105 808 3246 865 serie
3272 811 3575 879 interrupta
3608 809 3847 863 nonnulli
3868 851 3883 871 .
3911 818 3965 863 ut
3990 809 4248 865 Silvester
4279 809 4351 873 ll,
4379 808 4626 865 Clemens
4654 824 4865 878 quoque
4902 807 4941 863 ll
4979 817 5032 862 et
5055 806 5184 865 'alii.
5212 817 5314 859 non
5348 820 5412 858 as

2186 896 2332 951 clero
2365 896 2609 953 Romano
2635 897 2704 954 ad
2732 912 3041 970 supremam
3075 898 3566 969 illamdignitatcm
3598 900 3858 969 assttmpli
3892 898 4089 955 fuerint
4110 941 4125 965 ,
4159 917 4264 957 non
4295 910 4378 956 est
4409 911 4589 954 tamen
4619 900 4838 955 dubium
4873 900 5000 968 quin
5047 897 5145 966 ipsi
5186 895 5415 963 ejusdem

2185 988 2515 1045 Benedictlni
2540 991 2747 1047 ordinis
2770 991 3105 1062 professores
3132 990 3457 1046 exstiterint.
3482 989 3745 1047 Przeterea
3777 991 4106 1061 posteriores
4127 992 4418 1053 sexdecim.
4446 991 4536 1061 qui
4567 997 4783 1046 centum
4819 1002 4985 1043 annos
5008 987 5099 1042 Dei
5127 985 5415 1041 Ecclesiam

2183 1078 2575 1149 gubemarunt,
2599 1087 2817 1139 centum
2849 1080 2964 1137 fere
2990 1077 3297 1150 quindecim
3324 1081 3596 1149 prioribus
3627 1081 4023 1150 superadditos,
4056 1083 4156 1138 hOs
4184 1090 4240 1135 ct
4262 1081 4381 1135 illos
4401 1095 4589 1133 omnes
4612 1080 4691 1135 vel
4721 1082 4772 1133 in
4805 1089 5109 1134 sancton
5138 1088 5414 1130 numerum

2184 1164 2381 1221 relatos
2416 1180 2772 1242 veneramur,
2816 1167 2904 1222 vel
2943 1167 3187 1222 omnium
3226 1166 3489 1222 virtutum
3532 1180 3731 1237 genere
3775 1169 4075 1223 eminentes
4119 1166 4457 1237 suspicimus.
4486 1166 4626 1234 Quid
4670 1166 4898 1222 referam
4924 1175 5056 1236 quot
5083 1174 5416 1234 quantosque

2180 1248 2237 1305 8.
2270 1252 2336 1304 R.
2363 1252 2425 1307 E.
2452 1253 2753 1310 cardinales
2778 1254 3068 1311 habuerit?
3092 1269 3215 1310 curn
3242 1257 3370 1310 nulli
3404 1265 3493 1311 aut
3516 1256 3671 1328 pauci
3701 1256 3902 1312 iuerint
3928 1258 4020 1328 qui
4046 1272 4111 1313 ea
4143 1266 4457 1328 tempestate
4483 1272 4548 1311 cx
4576 1257 5039 1312 Benedictinorum
5068 1254 5314 1310 claustris
5345 1252 5412 1308 ad

2175 1340 2325 1398 illam
2358 1342 2763 1414 amplitudinem
2789 1354 2899 1401 non
2926 1343 3292 1401 ascenderint.
3328 1345 3507 1401 Taceo
3550 1345 3995 1403 innumerabilem
4030 1345 4185 1415 hujus
4225 1356 4424 1401 sancta
4464 1344 4775 1415 propaginis
4815 1356 4912 1412 per
4951 1350 5118 1397 totum
5150 1352 5407 1395 terrarum

2177 1433 2364 1489 orbem
2396 1434 2815 1493 multitudinem.
2852 1432 2971 1490 Non
3002 1449 3245 1492 memoro
3270 1445 3535 1506 quantum
3578 1435 3752 1501 Italia,
3785 1436 3994 1504 Anglia,
4027 1434 4347 1499 Germania,
4380 1434 4643 1509 Belgium,
4668 1432 4928 1488 \‘asconia
4951 1471 4965 1495 ,
4996 1432 5272 1494 llobetnia,
5305 1430 5415 1486 Un-

2178 1520 2352 1587 garia,
2388 1521 2610 1589 Snevia,
2638 1523 2857 1590 Gothia,
2881 1523 3129 1591 Polonia,
3160 1523 3525 1579 Benedictinis
3550 1534 3625 1580 tot
3652 1541 3717 1580 eo
3743 1527 3923 1581 missis
3943 1524 4201 1595 apostolis
4234 1543 4249 1580 :
4284 1539 4346 1581 ac
4378 1524 4592 1579 tandem
4626 1523 4773 1578 India
4802 1520 5163 1578 Occidentalis
5187 1521 5411 1576 Βατίδα-

2177 1607 2369 1666 iomaio
2395 1610 3018 1684 Bnyln'Tart-acouensi,
3044 1612 3432 1669 Iontiderrati
3458 1617 3728 1670 monacho
3754 1615 4161 1687 (quinquaginta
4198 1630 4335 1686 pene
4371 1616 4528 1669 annis
4552 1624 4840 1684 antequam
4874 1613 4932 1668 Β.
4963 1613 5052 1668 Fr.
5088 1612 5345 1667 laverim
5378 1624 5411 1664 a

2176 1694 2239 1751 Β.
2272 1699 2480 1769 lgnatio
2507 1700 2635 1758 illuc
2672 1700 3007 1772 mitteretur)
3040 1702 3217 1773 primo
3250 1702 3321 1758 ab
3354 1702 3662 1759 Alexandro
3692 1701 3759 1757 Vl
3796 1703 3864 1758 ad
3903 1718 4027 1758 eum
4060 1702 4306 1774 apostolo
4335 1702 4599 1773 delegato,
4629 1702 4877 1757 debeant.
4907 1700 5023 1757 Non
5069 1699 5241 1757 retere
5284 1708 5412 1769 quot

2172 1801 2273 1857 per
2300 1796 2513 1843 omnem
2538 1797 2754 1847 etatem
2780 1801 3082 1861 senumque
3110 1797 3382 1861 martyres
3425 1799 3587 1860 atque
3632 1792 3887 1862 virgines,
3928 1793 4072 1863 quod
4098 1806 4195 1862 per
4234 1806 4448 1849 omnem
4496 1792 4719 1862 gradum
4768 1792 5121 1857 coniessores,
5160 1800 5289 1861 quot
5316 1804 5412 1859 per

2172 1891 2365 1933 omnes
2393 1877 2664 1936 Ecclesias
2700 1888 2970 1950 pastores,
3007 1893 3214 1950 perque
3250 1894 3438 1939 omnes
3476 1880 3785 1935 academias
3828 1881 4070 1951 insignes
4095 1881 4343 1937 doctores
4386 1880 4578 1950 adepta
4609 1879 4789 1935 fuerit.
4824 1880 4881 1935 ln
4912 1878 5275 1934 Petro'tamen
5304 1877 5411 1933 Da-

2171 1963 2344 2020 mian‘i
2377 1966 2488 2024 hac
2512 1970 2696 2024 omnia
2743 1967 2797 2025 in
2844 1984 2974 2026 suos
3016 1969 3145 2026 olim
3178 1970 3353 2026 divisa
3393 1970 3650 2041 singulari
3692 1970 3786 2025 Dei
3825 1971 4084 2027 beneﬁcio
4120 1970 4409 2040 conjuncta
4438 1980 4493 2025 et
4537 1969 4783 2041 copulata
4823 1971 4935 2041 jam
4962 1968 5137 2035 ridet;
5176 1972 5235 2022 et
5253 1980 5413 2039 quem

2174 2054 2229 2107 in
2258 2068 2426 2112 carne
2454 2056 2719 2114 viventem
2749 2069 2986 2115 tractare
3016 2074 3120 2116 non
3151 2069 3350 2131 potest,
3378 2061 3624 2116 eumdem
3664 2062 3718 2115 in
3747 2061 3965 2132 scriptis
3997 2062 4293 2131 spirantem
4320 2061 4578 2116 admirari
4610 2076 4714 2115 non
4746 2061 4963 2115 desinit.

2246 2146 2379 2219 Cum
2405 2148 2489 2203 ba:
2513 2148 2624 2204 sint
2655 2150 2951 2218 potissimm
2978 2165 3175 2218 causae,
3201 2151 3514 2208 beatissime
3543 2150 3725 2215 Pater.
3754 2167 3921 2222 quare
3950 2153 4083 2207 tanti
4116 2153 4214 2207 viri
4244 2152 4547 2209 doctrinam
4576 2152 4683 2207 hoc
4717 2152 4771 2205 in
4800 2150 4936 2205 libro
4959 2156 5262 2205 contentam
5300 2160 5409 2203 non

2172 2239 2373 2293 minori
2402 2252 2565 2308 quam
2597 2238 2733 2294 alios
2762 2242 3063 2308 patrocinio
3090 2243 3375 2313 pretioque
3402 2244 3699 2309 suscipias,
3730 2243 3977 2298 ultimam
4009 2254 4187 2298 tamen
4222 2242 4492 2310 adjiciam,
4525 2256 4687 2311 quam
4713 2239 4874 2295 etiam
4918 2240 5009 2293 tibi
5056 2247 5263 2307 gratam
5297 2235 5415 2292 lore

2173 2343 2279 2383 non
2324 2319 2528 2386 dubito.
2572 2330 2785 2387 Etenim
2814 2334 2857 2387 si
2888 2348 2917 2387 a
2954 2331 3305 2390 Benedictino
3333 2335 3511 2403 capite
3551 2334 3618 2389 ad
3647 2333 3887 2389 membra
3921 2335 4151 2389 transire
4179 2350 4242 2388 ac
4282 2333 4609 2389 descendere
4631 2330 4711 2385 ias
4736 2339 4839 2390 est.
4871 2344 4956 2384 me
4984 2328 5154 2398 ipsum
5185 2325 5415 2381 novissi-

2172 2432 2322 2473 mum
2353 2419 2589 2486 inVenio,
2620 2434 2729 2476 non
2754 2434 2850 2489 per
2875 2435 2961 2476 me
2988 2421 3165 2490 ipsum
3184 2422 3390 2493 (sentio
3414 2439 3645 2493 namque
3669 2438 3830 2493 quam
3860 2424 3963 2480 sim
3990 2424 4196 2479 inutilis
4219 2433 4272 2479 et
4296 2424 4568 2495 exiguus),
4598 2425 4689 2479 sed
4712 2437 4808 2494 per
4833 2420 5063 2490 majores
5092 2432 5258 2481 meos,
5277 2422 5413 2485 ι1¹¹σ⁸

2166 2508 2336 2562 etiam
2366 2508 2582 2579 aliquod
2613 2525 2807 2567 nomen
2833 2511 3106 2581 decusque
3134 2526 3234 2581 pro
3258 2512 3386 2568 sede
3427 2514 3722 2582 apostolica
3752 2516 3982 2583 gessisse
4008 2529 4113 2567 non
4159 2514 4420 2583 negarim.
4462 2510 4751 2567 Gentilium
4795 2511 4937 2564 enim
4957 2550 4971 2572 .
5020 2508 5148 2563 mihi
5193 2504 5411 2576 indigna

2170 2594 2553 2665 Cujetanarum
2583 2598 2777 2653 domm
2801 2598 3201 2669 antiquissima,
3229 2613 3350 2669 qua:
3376 2599 3569 2667 Roma,
3604 2610 3657 2657 et
3685 2601 3869 2671 Cltjeta
3892 2642 3904 2663 .
3934 2602 4085 2669 cujus
4114 2603 4476 2673 principatum
4502 2602 4569 2661 ad
4595 2596 4914 2671 quingentos
4942 2600 5055 2654 {ere
5080 2612 5249 2652 annos
5271 2595 5412 2650 obti-

2167 2684 2308 2749 nuit,
2338 2682 2492 2740 Pisas
2515 2684 2843 2757 demigrans,
2868 2702 2980 2742 non
3004 2687 3171 2744 oblita
3210 2686 3472 2757 majorum
3501 2694 3721 2746 suorum
3746 2706 3870 2760 erga
3906 2689 4182 2745 Romanos
4216 2690 4496 2759 pontiﬁces
4524 2691 4898 2753 olisertantim,
4932 2688 5002 2743 ibi
5032 2701 5126 2742 eos
5152 2693 5332 2743 sancte
5354 2690 5414 2738 ct

2166 2774 2434 2843 intrepide
2457 2775 2527 2831 ab
2554 2776 2943 2846 imperatorum
2972 2776 3114 2832 illius
3141 2778 3401 2847 temporis
3432 2780 3485 2833 vi
3508 2786 3561 2834 et
3592 2779 3884 2833 multorum
3918 2778 4205 2832 insolentia
4232 2788 4336 2832 n0n
4370 2778 4534 2833 semel
4565 2775 4880 2839 defensarit.
4906 2779 5198 2844 eorumque
5223 2780 5408 2827 aucto-

2167 2864 2381 2917 ritatem
2409 2864 2501 2919 diu
2529 2873 2732 2920 sariam
2763 2873 3068 2936 teetamque
3094 2867 3457 2921 conservavit.
3484 2868 3653 2937 Cujus
3682 2877 3737 2923 et
3766 2868 4080 2923 meritorum
4111 2867 4426 2937 magnitudo
4450 2882 4513 2921 es
4545 2882 4609 2922 eo
4634 2866 4905 2937 colligitur
4924 2864 5063 2934 quod
5087 2863 5153 2917 ab
5178 2877 5244 2917 eo
5270 2875 5409 2916 tem-

2162 2953 2442 3021 poreluc'c
2487 2969 2594 3009 una
2621 2953 2911 3022 Cajetana,
2946 2964 3023 3009 tot
3068 2956 3342 3026 tantisque
3374 2956 3514 3010 sedis
3555 2957 3864 3026 apostolica:
3906 2965 4064 3010 aucta
4110 2956 4280 3010 titulis
4322 2966 4378 3010 et
4420 2955 4734 3019 honoribus,
4780 2966 5003 3009 caeteras
5048 2953 5157 3007 fere
5206 2951 5413 3005 Pisana

2169 3043 2384 3114 reipuh.
2417 3042 2663 3099 Iamiﬁaa
2697 3044 3054 3100 anteoclluit:
3091 3053 3183 3099 ter
3203 3046 3375 3110 enim,
3405 3053 3466 3099 ut
3508 3045 3615 3100 alia
3661 3045 4108 3116 prurtermittam,
4150 3042 4492 3098 cardinalitia
4533 3043 4791 3113 dignitate
4834 3040 5093 3112 pcrl‘ulsit.
5136 3038 5302 3095 Porro
5340 3052 5411 3092 cs

2165 3135 2353 3189 eadem
2385 3132 2555 3188 multo
2578 3140 2739 3189 antea
2766 3131 2993 3189 Romam
3026 3133 3131 3190 sibi
3160 3134 3393 3204 patriam
3418 3133 3690 3189 incolente
3726 3132 4013 3189 nonnullos
4044 3148 4314 3188 summurn
4354 3131 4722 3203 pontiﬁcatum
4748 3130 5062 3193 obtinuisse,
5092 3137 5146 3182 ct
5185 3128 5411 3182 diversis

2167 3225 2506 3296 temporibus
2538 3226 2847 3297 complures
2871 3227 2939 3282 ad
2979 3227 3374 3283 cardinalatum
3406 3228 3738 3298 pervenisse,
3768 3237 3934 3297 atque
3960 3227 4125 3282 etiam
4156 3238 4265 3282 tam
4293 3225 4554 3282 Romana:
4582 3226 4981 3295 reipub.‘quam
5017 3222 5320 3293 Campania:
5354 3233 5412 3279 es

2165 3314 2487 3371 Patrimonii
2524 3314 2845 3387 prafectura
2877 3316 3105 3374 donatos
3140 3330 3260 3372 esse
3286 3326 3520 3371 constat.
3566 3316 3621 3370 In
3654 3317 3849 3385 quibus
3874 3318 4073 3380 Cajetze
4108 3315 4272 3370 duces
4304 3332 4365 3371 ac
4398 3315 4727 3375 Fundorum,
4761 3313 5087 3383 comitesque
5116 3313 5409 3368 Ciccanen-

2164 3404 2326 3469 sium,
2354 3411 2517 3473 atque
2547 3403 2771 3475 Signia,
2801 3417 3011 3462 necnon
3037 3412 3095 3461 et
3120 3402 3305 3460 Vicani
3334 3406 3623 3475 principes,
3656 3406 3825 3476 ipsius
3855 3408 4030 3476 gentis
4058 3406 4291 3469 soboles.
4318 3405 4669 3473 complurium
4708 3404 4983 3457 cititatum
5014 3414 5067 3457 et
5093 3405 5409 3473 oppidorum

2163 3502 2425 3565 perpetuo
2447 3493 2570 3563 jure
2612 3492 2931 3549 fruebantur
2958 3510 2973 3547 :
3004 3493 3167 3566 idque
3202 3495 3545 3566 potissimum
3580 3494 3865 3551 Leonardo
3890 3497 4137 3561 Aretino,
4166 3499 4287 3549 viro
4327 3496 4667 3564 gravissimo,
4693 3507 4814 3549 cum
4846 3494 5069 3549 vetustis
5091 3490 5407 3559 Annalibus.

2165 3585 2310 3655 quod
2333 3598 2434 3653 pro
2461 3582 2723 3639 Romanis
2747 3583 3094 3652 pontiﬁcibus
3132 3583 3559 3653 quamplurimas
3589 3584 3800 3639 labores
3828 3585 4115 3649 subierint,
4144 3583 4540 3639 attestantibus.

2239 3674 2437 3732 Verum
2472 3673 2587 3743 jam
2619 3672 2694 3728 nil
2722 3674 2953 3745 amplius
2979 3674 3088 3729 tuis
3115 3676 3549 3730 antecessoribus
3579 3676 3775 3729 collata
3805 3676 4061 3744 obsequia
4094 3688 4547 3738 commemorans,
4579 3673 4843 3746 propitius
4874 3681 4993 3729 tuas
5031 3674 5100 3729 ad
5129 3687 5215 3728 res
5249 3687 5407 3728 acce-

2164 3770 2311 3828 dam,
2338 3778 2446 3835 quo
2470 3772 2618 3817 tuam
2646 3764 2699 3817 in
2718 3778 2804 3818 uie
2828 3765 3055 3833 gratiam
3073 3768 3359 3834 nunquam
3390 3766 3754 3827 minuendam,
3787 3765 3895 3818 imo
3922 3765 4092 3834 magis
4113 3764 4408 3835 augendam
4432 3763 4545 3818 fore
4574 3765 4803 3819 conﬁdo.
4832 3764 5072 3825 Noreris.
5099 3763 5408 3818 beatissimo

2164 3857 2347 3925 Pater,
2380 3854 2698 3915 Ursinorum
2730 3856 2995 3910 familiam
3018 3870 3214 3926 genere
3239 3868 3295 3911 et
3319 3858 3479 3911 rebus
3512 3860 3677 3928 gestis
3712 3858 4124 3920 nobilissimam,
4155 3874 4251 3927 pro
4282 3866 4473 3912 tuenda
4499 3857 4806 3927 pontiﬁcum
4834 3857 5075 3914 libertate
5101 3872 5252 3912 suam
5279 3871 5403 3911 cum

2163 3957 2299 4004 meae
2326 3948 2505 4019 gentis
2528 3962 2633 4019 ope
2659 3956 2715 4001 et
2742 3948 2941 4001 virtute
2973 3957 3249 4000 strenuam
3268 3986 3283 4012 ,
3312 3957 3370 4000 ut
3415 3963 3510 4017 pro
3539 3958 3723 4001 sancta
3754 3951 3880 4002 sedc
3916 3961 4256 4001 communem
4300 3948 4519 4017 periculi
4548 3954 4605 4003 et
4632 3948 4829 4002 laboris
4870 3948 5089 4018 gloriam
5122 3959 5401 4015 compara-

2162 4049 2310 4104 rent,
2342 4039 2507 4094 tidem
2540 4046 2595 4093 et
2630 4038 2797 4092 robur
2822 4035 3167 4105 conjunxisse
3197 4055 3210 4089 :
3241 4047 3404 4106 atque
3430 4047 3488 4089 ut
3520 4039 3658 4091 hanc
3698 4037 3915 4105 pictatis
3952 4051 4015 4091 ac
4043 4037 4254 4090 \irtutis
4280 4036 4621 4090 concordiam
4666 4046 4873 4089 natura:
4896 4036 5095 4087 viribus
5114 4034 5403 4089 conﬁrma-

2164 4136 2309 4193 rent,
2339 4126 2542 4184 mutuis
2568 4125 2900 4181 matrimonii
2947 4125 3176 4180 nexibus
3203 4138 3573 4193 saepenumero
3598 4120 3898 4191 colligasse.
3932 4123 4065 4179 lliuc
4094 4138 4223 4177 vero
4262 4124 4343 4177 lim
4371 4125 4487 4177 dua:
4516 4124 4709 4191 planta:
4748 4123 4850 4179 sibi
4888 4122 5113 4177 invicem
5146 4122 5317 4176 insita
5346 4130 5403 4175 et

2164 4223 2445 4282 cumesse,
2474 4217 2744 4286 Cajetana:
2772 4217 2936 4271 simul
2975 4225 3029 4271 et
3057 4215 3267 4271 Ursina:
3310 4216 3484 4286 gentis
3524 4215 3865 4284 splendorem
3913 4229 4215 4285 nomenque
4246 4215 4407 4269 edere
4444 4213 4806 4283 iuccnpcrttnt,
4840 4215 4976 4266 inter
5002 4229 5121 4282 qua:
5145 4216 5222 4281 (ut
5258 4225 5400 4266 nunc

2165 4306 2234 4359 de
2263 4306 2493 4376 posteris
2519 4304 2794 4373 Cajetanis
2824 4302 3056 4371 taceam)
3083 4301 3322 4357 Joannes
3364 4301 3453 4356 ille
3478 4302 3718 4366 exstitit,
3746 4299 3905 4355 Urbis
3936 4310 4152 4356 senatur
4180 4301 4563 4373 amplissimus,
4606 4300 4706 4354 etsi
4751 4312 4901 4369 patre
4929 4299 5119 4355 Ursino
5154 4310 5330 4363 natus,
5366 4314 5400 4355 a

2167 4411 2341 4455 matre
2370 4409 2546 4455 tamen
2580 4399 2751 4453 Perna
2784 4398 2981 4467 δείδιε
3006 4395 3225 4455 ducum.
3254 4404 3307 4449 et
3334 4392 3537 4449 Gelasii
3583 4394 3623 4449 ll
3661 4393 3866 4463 gentili,
3907 4393 4199 4463 Cajetanus
4242 4393 4495 4462 appellari
4543 4392 4724 4451 voluit.
4766 4407 4921 4460 quem
4958 4394 5119 4446 etiam
5164 4394 5406 4461 sequitur

2165 4490 2405 4545 Joannes
2439 4490 2574 4543 alter
2598 4488 2911 4555 tlajetanus,
2956 4486 3137 4555 magni
3180 4484 3415 4538 lattbaei
3449 4482 3627 4537 Ursini
3667 4484 4029 4536 Romanorum
4062 4484 4348 4542 senatoris,
4375 4490 4427 4534 et
4458 4479 4643 4535 Perna?
4666 4480 4838 4549 gentis
4864 4479 5098 4547 ejusdem
5135 4479 5405 4547 Cajetanza

2169 4583 2334 4648 ﬁlius,
2363 4581 2453 4649 qui
2485 4582 2663 4637 (ﬁrma
2694 4584 2925 4650 quadam
2954 4594 3164 4631 morum
3194 4576 3367 4630 indole
3396 4574 3645 4629 Nicolaus
3675 4573 3737 4629 ΙΙΙ
3768 4577 3818 4629 in
3848 4574 4163 4643 pontiﬁcatu
4193 4571 4434 4624 sublimis
4462 4571 4701 4623 emicuit.
4733 4570 4986 4637 Denique,
5019 4580 5071 4618 ut
5102 4570 5250 4637 plura
5282 4578 5403 4638 qua:

2165 4674 2380 4741 generis
2408 4673 2563 4742 tiujus
2592 4679 2901 4741 suppetunt,
2933 4670 3178 4737 exempla
3208 4678 3554 4737 przcteream,
3590 4666 3911 4742 Neapolenni
3946 4664 4202 4734 Cajctano
4234 4663 4470 4734 ejusdem
4502 4664 4678 4732 magni
4718 4658 4949 4714 Matthxi
4979 4660 5104 4719 ﬁlio,
5141 4670 5402 4731 quotquot

2170 4764 2330 4817 hodie
2362 4772 2648 4831 supersunt
2676 4776 2743 4817 es
2779 4761 2987 4817 Ursinis
3017 4758 3307 4827 principes.
3337 4758 3599 4840 originem
3629 4735 3781 4812 suam
3814 4757 4013 4812 referre
4044 4759 4261 4811 debent.

2240 4853 2633 4918 Quamobrem,
2674 4851 3011 4906 sanctissime
3050 4848 3233 4909 Pater.
3275 4864 3398 4905 cum
3434 4865 3500 4904 ex
3538 4848 3883 4902 Benedictina
3914 4849 4200 4918 religione,
4236 4858 4291 4901 et
4318 4849 4450 4901 uicis
4480 4844 4771 4913 majoribus
4797 4854 4963 4901 totum
4989 4858 5073 4898 me
5097 4844 5402 4913 apos-‘olica

2170 4942 2313 4997 sedis
2339 4943 2683 5012 agnoverint,
2718 4940 2967 4996 eamdem
2998 4954 3084 4993 me
3113 4939 3210 4995 tibi
3239 4940 3402 4993 etiam
3431 4939 3689 5008 singulari
3730 4938 4082 4997 beneﬁcentia
4126 4946 4237 4987 tam
4280 4945 4429 4989 arcte
4473 4934 4789 4995 dctiusisti,
4828 4942 4886 4985 ut
4928 4948 5024 5001 pro
5071 4934 5297 4986 nominis
5326 4930 5401 4983 tui

2169 5030 2339 5100 gloria
2358 5041 2421 5087 ‘et
2445 5032 2710 5101 dignitate
2739 5030 2901 5085 vitam
2926 5034 3233 5099 exponere,
3254 5028 3642 5088 beneﬁciorum
3664 5037 3719 5083 et
3747 5026 4080 5083 hzereﬁitatls
4105 5027 4241 5081 mihi
4264 5024 4385 5093 jure
4410 5024 4667 5096 obtigisse
4693 5024 5032 5080 crediderim.
5066 5023 5205 5081 Deus
5226 5023 5404 5079 omni-

2165 5131 2361 5199 potens
2385 5131 2450 5182 te
2476 5123 2554 5178 ad
2595 5120 2847 5181 Ecclesiae
2880 5133 2994 5177 sua
3020 5119 3425 5177 ﬁrmamentum
3458 5119 3761 5175 diutissime
3797 5125 3977 5172 servet
4013 5116 4355 5172 incolumem.
