5652 6378
1134 402 1203 462 13
2516 412 3061 473 ΡιιοιεςουεΝΑ.

4296 422 4368 478 η

1443 616 4385 651 ww

1940 797 2624 949 CAJETANI
2721 801 3515 922 PREFATIO.

2499 1017 2991 1042 ..ἡὺ--υ-αι-

1195 1164 1330 1225 Cum
1356 1165 1463 1227 duo
1488 1166 1829 1241 potissimum
1870 1169 2000 1233 sint.
2048 1170 2287 1227 studiose
2333 1179 2545 1237 Lector,
2578 1182 2699 1241 qua:
2723 1167 2776 1234 Δ
2872 1166 2929 1227 1η
2960 1164 3153 1242 primis
3180 1172 3509 1231 sanctissimi
3552 1173 3654 1232 viri
3689 1177 3865 1249 patria
3896 1172 4157 1239 Ravenna
4187 1198 4284 1239 sua
4327 1183 4383 1239 in

1104 1261 1268 1316 sacri
1310 1261 1547 1320 doctoris
1586 1262 1786 1333 scripta
1832 1261 2094 1318 extollere
2142 1277 2209 1317 ac
2256 1261 2533 1317 illustrare
2575 1276 2699 1332 pos-

1122 1361 1285 1405 sunt:
1314 1350 1544 1407 alterum
1564 1354 1691 1408 vitae
1718 1344 2026 1409 innocentia
2050 1360 2106 1409 et
2130 1354 2434 1423 integritas,
2465 1353 2696 1409 alterum

1120 1440 1380 1500 doctrina:
1408 1445 1723 1501 orthodoxa:
1752 1445 1885 1501 lides
1913 1454 1969 1502 et
2008 1446 2334 1510 auctoritas;
2367 1461 2476 1502 non
2508 1447 2698 1504 dubito

1118 1530 1251 1602 quin
1299 1533 1353 1587 iu
1398 1532 1563 1589 Petro
1612 1533 1891 1600 Damiani,
1939 1536 2198 1591 cardinali
2249 1535 2596 1591 sanctissimo
2640 1544 2697 1593 et

1119 1619 1472 1689 doctissimo,
1525 1632 1816 1694 utrumque
1874 1627 2137 1695 reperias.
2187 1626 2247 1682 Si
2300 1627 2465 1683 vitam
2518 1618 2690 1693 illius,

1115 1722 1283 1779 quam
1324 1712 1380 1767 in
1412 1713 1574 1795 terris
1600 1715 1732 1784 egit,
1772 1714 2028 1786 aspicias,
2074 1715 2351 1773 caelestem
2387 1732 2611 1787 prorsus
2638 1727 2696 1774 et

1119 1801 1417 1873 angelicam
1467 1804 1703 1868 dixeris,
1746 1805 2073 1876 dignamque
2121 1806 2244 1863 ideo
2298 1822 2405 1877 qua
2449 1807 2694 1863 Ecclesia

1114 1887 1233 1946 lucc
1275 1892 1511 1948 militans
1541 1895 1608 1949 ad
1647 1888 1733 1950 sui
1777 1899 2038 1964 temporis
2080 1896 2373 1952 evertenda
2406 1893 2560 1964 vitia,
2604 1912 2691 1953 er-

1114 1990 1268 2035 rores
1296 1980 1663 2047 debellandos,
1707 1983 1936 2038 virtutes
1965 1985 2344 2048 exstruendas,
2375 2000 2557 2041 mores
2601 1984 2689 2040 ἰη-

1108 2072 1436 2127 staurandos
1458 2070 1750 2136 frueretur.
1784 2073 1997 2129 Etenim
2028 2089 2220 2130 omnes
2247 2074 2339 2145 qui
2372 2076 2549 2144 ipsum
2575 2073 2691 2130 elo-

1107 2158 1264 2227 quio,
1294 2173 1458 2229 opere
1487 2169 1542 2216 et
1586 2154 1835 2229 exemplo
1876 2162 2122 2217 miranda
2151 2162 2333 2217 dicere
2376 2173 2430 2217 et
2471 2170 2687 2233 patrare

1108 2244 1379 2312 viderant,
1414 2248 1505 2318 qui
1549 2248 1667 2319 ejus
1695 2249 2071 2306 admirabilem
2113 2264 2241 2323 erga
2275 2250 2441 2306 Deum
2484 2266 2549 2307 ac
2580 2249 2683 2308 hu‘o

1107 2334 1286 2391 mines
1306 2338 1594 2407 pietatem,
1629 2339 2002 2395 incredibilem
2034 2341 2389 2410 sapientiam,
2419 2356 2539 2396 cum
2582 2354 2681 2411 po-

1107 2426 1281 2482 tentia
1327 2427 1769 2496 submissionem,
1807 2445 1932 2485 cum
1972 2431 2167 2511 opibus
2194 2447 2260 2487 ac
2296 2432 2501 2488 divitiis
2531 2431 2684 2488 abdi-

2801 1261 3019 1316 civitate
3047 1262 3405 1335 universaque
3447 1266 3664 1321 dioecesi
3703 1267 3850 1323 illum
3895 1267 4192 1327 inviolabili
4239 1271 4383 1331 festo

2798 1349 3112 1423 duplicique
3136 1352 3313 1410 ocio
3337 1354 3702 1412 concelebrat.

2867 1439 3075 1495 Deinde
3099 1440 3381 1500 Faventia.
3409 1444 3497 1498 ubi
3524 1444 3661 1501 obiit
3688 1457 3744 1500 et
3778 1461 3995 1504 sacrum
4023 1450 4105 1505 sui
4135 1454 4386 1524 carperis

2796 1529 3025 1619 spolium
3071 1533 3380 1615 dereliquit,
3419 1550 3486 1591 es
3515 1543 3582 1592 e'o
3620 1537 3734 1608 jam
3783 1548 4026 1611 tempore
4055 1558 4164 1614 quo
4191 1545 4381 1619 singu-

2794 1616 2897 1676 lari
2923 1616 3085 1690 hujus
3108 1614 3281 1679 sancti
3307 1624 3611 1694 patrocinio
3634 1625 3912 1685 Gallorum
3937 1631 4219 1690 obsidione
4242 1614 4383 1692 libe-

2794 1719 2914 1764 rata
2944 1710 3068 1776 fuit,
3098 1712 3274 1781 ipsum
3301 1714 3554 1770 eumdem
3584 1715 3770 1786 (quem
3802 1714 3918 1775 suis
3944 1736 4111 1777 unum
4139 1739 4205 1779 ex
4236 1742 4380 1797 qua-

2793 1806 2917 1854 tuor
2943 1801 3347 1871 protectoribus
3371 1803 3541 1860 multo
3568 1815 3726 1863 antea
3752 1812 4088 1881 susceperat)
4118 1815 4382 1871 anniver-

2791 1889 2940 1944 sario
2964 1898 3090 1947 cum
3124 1892 3296 1950 tribus
3323 1893 3444 1951 aliis
3478 1894 3619 1953 festo
3649 1899 3944 1956 inviolabili
3974 1902 4259 1963 celebrare
4283 1907 4379 1965 de-

2790 1978 2964 2034 crevit
2989 1986 3005 2033 ':
3034 1987 3196 2051 atque
3220 1983 3413 2038 eadem
3438 1984 3753 2043 celebritate
3778 1998 3834 2044 et
3859 1990 4037 2047 cilicio
4058 2005 4377 2062 veneratur.

2788 2067 2877 2123 die
2907 2083 3100 2142 nempe
3129 2071 3203 2126 22
3243 2071 3559 2141 Februarii;
3596 2078 3689 2146 qui
3721 2088 3922 2147 tamen,
3964 2083 4119 2152 quod
4138 2084 4280 2157 festo
4307 2086 4369 2143 S.

2785 2154 2936 2213 Petri
2978 2159 3335 2218 Antiochense
3378 2164 3653 2224 cathedra:
3692 2179 4012 2239 occupatur,
4054 2154 4273 2244 semper
4318 2178 4373 2235 in

2785 2258 3103 2318 sequentem
3135 2253 3483 2335 transfertur.
3526 2258 3645 2325 Quo
3670 2260 3759 2315 die
3805 2278 3928 2318 cum
3974 2264 4119 2321 clero
4149 2269 4374 2341 religio-

2784 2352 3079 2411 SOrumque
3107 2332 3389 2401 ordinibus
3433 2358 3491 2403 et
3530 2352 3950 2421 magistratuum
3990 2332 4283 2415 Comitum-
4299 2364 4373 2418 ab

2782 2426 3042 2524 Ecclesia
3067 2429 3255 2501 Maiori
3280 2448 3454 2504 usque
3488 2438 3557 2492 ad
3584 2441 3752 2497 mdem
3779 2442 3840 2498 S.
3873 2442 4059 2500 Maria:
4089 2448 4154 2501 de
4187 2450 4375 2524 Auge-

1105 2519 1402 2585 cationem,
1429 2536 1551 2575 cum
1581 2521 1765 2577 fomite
1786 2522 2075 2592 carnisque
2100 2522 2360 2583 illecebta
2386 2524 2677 2596 puritatem
2710 2528 2756 2588 Β
2784 2515 2868 2582 iis.
2896 2517 2985 2574 υιιί
3010 2513 3313 2592 depositum

2143 2523 2360 2583 ιεοειιεε
2386 2524 2677 2596 puritatem
2710 2528 2756 2588 Β
2784 2515 2868 2582 lis,
2896 2517 2985 2574 ubi
3010 2513 3313 2592 depositum
3341 2530 3427 2580 eSt
3448 2542 3668 2596 corpus,
3698 2531 4015 2589 solenznitcr
4032 2513 4371 2606 proceditur.

1102 2610 1450 2681 cettjttuctam
1499 2620 1856 2687 agnoverunt,
1908 2613 2124 2668 beatum
2172 2629 2285 2668 uno
2339 2629 2437 2670 ore
2486 2616 2682 2684 pradi-

1105 2708 1315 2764 eautes,
1341 2710 1501 2770 atque
1529 2702 1815 2770 quemdam
1845 2702 1957 2757 fere
1995 2704 2244 2774 angelum
2281 2704 2585 2769 credentes,
2614 2721 2680 2762 ex

1097 2802 1338 2857 quanam
1380 2799 1631 2860 supre'tm
1674 2791 1979 2847 hicrarchia
2023 2794 2244 2864 spiritus
2276 2805 2379 2850 iste
2421 2797 2473 2849 iu
2507 2803 2681 2851 terras

1102 2876 1463 2947 descenderit,
1503 2882 1800 2951 diiudicare
1830 2898 1935 2936 non
1965 2891 2232 2952 poterant.
2266 2882 2326 2939 Si
2356 2885 2498 2956 vulgi
2528 2902 2680 2941 com-

1097 2969 1257 3023 muni
1279 2970 1534 3038 Opinione
1562 2981 1618 3026 et
1662 2972 1936 3042 praeconio
1964 2973 2147 3027 nescio
2174 2975 2300 3043 quid
2342 2976 2590 3030 veritatis
2615 2991 2680 3032 ac

1098 3058 1339 3114 statuistis
1356 3064 1683 3124 continetur,
1715 3061 1843 3131 quid
1870 3063 2162 3133 gloriosius
2182 3073 2236 3118 et
2261 3065 2495 3120 divinius
2515 3082 2676 3136 quam

1100 3148 1262 3204 unius
1288 3150 1434 3205 vices
1476 3150 1568 3205 Dei
1612 3151 1853 3223 gerentis
1884 3151 1936 3206 in
1971 3153 2132 3208 terris
2178 3156 2490 3211 testimonio
2530 3152 2678 3212 com-

1096 3237 1378 3293 mendari?
1416 3238 1722 3294 Alexander
1763 3255 1995 3308 namque
2044 3234 2315 3298 secundus
2356 3244 2673 3301 Damianum

1096 3326 1391 3395 viventem,
1440 3346 1594 3384 suum
1626 3330 1841 3386 oculum
1877 3342 1929 3387 et
1967 3334 2238 3389 immobile
2274 3334 2417 3390 sedis
2446 3335 2670 3408 Aposto-

1094 3413 1215 3474 llem
1242 3419 1641 3477 ﬁrmamentum
1670 3435 1767 3493 per
1808 3422 2019 3479 litteras
2039 3424 2350 3494 appellavit.
2384 3427 2526 3482 Vere
2554 3431 2675 3497 quia

1094 3505 1217 3562 dem
1243 3510 1453 3574 oculus,
1479 3525 1605 3565 vere
1628 3511 1882 3566 Ecclesia:
1907 3510 2305 3568 ﬁrmamentum
2341 3514 2429 3569 ille
2454 3516 2668 3582 dicitur,

1094 3598 1152 3654 in
1183 3615 1291 3670 quo
1333 3601 1495 3655 veluti
1542 3603 1594 3655 in
1629 3602 1972 3657 ﬁrmamento
1995 3604 2221 3674 justitiaa
2253 3606 2557 3662 immortale
2587 3607 2667 3662 lu-

1092 3702 1241 3753 tucu,
1283 3699 1338 3743 et
1377 3688 1482 3743 ﬁsa
1516 3691 1757 3746 omnium
1802 3692 2061 3747 virtutum
2108 3696 2284 3749 sidera
2333 3695 2665 3760 relucebant,

1090 3794 1210 3848 qum
1238 3796 1473 3851 purpura
1508 3783 1655 3836 illum
1686 3784 1860 3851 magis
1897 3784 2217 3852 pretiosum,
2246 3783 2467 3856 Deoqne
2490 3796 2545 3842 et
2572 3789 2667 3842 lto-

2851 2608 3121 2666 Praeterea
3169 2615 3397 2686 singulis
3432 2616 3546 2674 fere
3587 2622 3767 2687 annis,
3811 2626 4009 2695 quibus
4048 2630 4183 2683 O'I‘tln
4208 2630 4373 2691 oﬂicil

2781 2699 3044 2755 recitandi
3070 2702 3397 2771 excluditur,
3429 2706 3482 2762 in
3506 2722 3574 2762 eo
3595 2723 3692 2778 per
3714 2710 4017 2771 luec‘verba
4044 2722 4369 2788 reponitur:

2793 2784 3046 2841 l’icesima
3091 2792 3245 2846 tertia
3286 2795 3372 2847 die
3402 2794 3719 2865 Februarii,
3768 2798 3916 2857 Petri
3959 2784 4214 2863 Damiani
4259 2813 4373 2882 epi-

2779 2881 2921 2947 scopi
2968 2890 3017 2933 et
3060 2882 3373 2952 confessoris
3415 2886 3649 2945 Raram.
3707 2892 3856 2961 dupl.
3911 2898 4013 2964 fuit
4064 2898 4195 2955 heri.
4248 2901 4371 2975 Quo

2778 2972 2943 3025 etiam
2991 2975 3183 3031 ordine
3225 2991 3348 3031 eum
3398 2981 3604 3035 sanctis
3646 2985 3915 3053 episcopis
3960 2972 4371 3051 confcssoribus

2777 3062 3007 3131 aliisque
3034 3065 3310 3122 caelitibus
3335 3068 3405 3122 ab
3436 3071 3675 3140 antiquis
3703 3076 4039 3144 temporibus
4070 3080 4120 3133 in
4148 3079 4368 3142 Litania

2774 3150 2983 3218 positus
3010 3152 3293 3210 invocatus
3321 3165 3424 3212 est.
3455 3159 3634 3229 Atque
3660 3172 3717 3216 et
3758 3164 3812 3217 iu
3853 3169 4239 3228 vetustissimis
4266 3188 4367 3230 ea-

2776 3242 3045 3307 rumdem,
3075 3245 3409 3303 Ravennatis
3450 3251 3721 3320 praecipue
3748 3269 3815 3310 ac
3841 3256 4153 3317 Paventium
4180 3262 4369 3322 Eccle-

2773 3332 2977 3388 siarum
3034 3337 3263 3404 tabulis,
3318 3344 3795 3416 monumentisque
3852 3348 4101 3407 Damiani
4159 3371 4363 3416 nomen

2774 3421 2917 3478 inter
2958 3436 3175 3484 sanctos
3210 3439 3475 3502 perpetuo
3511 3448 3966 3496 eonnumeratum
3994 3445 4183 3514 fuisse,
4212 3464 4369 3506 com-

2772 3524 2983 3583 pcrtum
3010 3519 3175 3573 etiam
3204 3521 3401 3579 habeo.

2844 3603 3015 3675 Hujus
3045 3622 3262 3681 quoque
3290 3615 3460 3669 nostri
3492 3616 3796 3676 beatissimi
3832 3623 4071 3683 doctoris
4101 3634 4366 3688 sanctita-

2774 3700 2881 3746 tem
2904 3700 3252 3755 commendat
3287 3706 3529 3762 tumulus
3558 3719 3687 3766 ante
3730 3722 4006 3772 trecentos
4045 3719 4159 3776 fere
4185 3740 4361 3783 annos

2771 3782 3000 3838 candido
3045 3804 3111 3841 ex
3143 3805 3438 3859 marmore,
3485 3796 3605 3852 loco
3631 3811 3754 3869 post
3784 3804 3960 3873 majus
4008 3808 4181 3868 altare
4211 3816 4360 3872 edito

1088 3872 1331 3928 minibus
1372 3873 1722 3944 spectabilem
1771 3875 2121 3929 “bibebam.
2173 3874 2473 3931 Lucernam
2522 3877 2665 3933 hanc
2691 3864 2737 3923 ϐ
2766 3879 2824 3924 et
2845 3874 3066 3930 sublimi
3094 3888 3473 3949 constructus,
3516 3864 3823 3954 huiusmodi
3864 3864 4011 3950 inter
4040 3898 4143 3954 alia
4173 3906 4360 3960 verbis

1081 3960 1321 4019 lucidam
1344 3972 1400 4019 et
1428 3966 1738 4031 ardentem,
1759 3980 1882 4035 quas
1909 3966 1964 4020 in
1991 3965 2357 4021 Benedictinze
2387 3966 2664 4037 religionis

1080 4053 1273 4109 modio
1300 4053 1516 4110 latitare
1544 4064 1598 4109 et
1624 4055 1883 4112 abscondi
1910 4064 2165 4111 contenta
2194 4066 2328 4120 erat,
2362 4057 2506 4113 Deus
2533 4058 2658 4128 Opt.

1087 4139 1231 4197 llas.
1259 4142 1329 4198 ab
1346 4130 1564 4199 excelso
1602 4142 1788 4214 gloria:
1811 4158 1923 4198 suae
1962 4145 2102 4200 solio
2130 4147 2447 4215 respiciens,
2480 4146 2533 4202 in
2564 4147 2659 4203 Ee-

1074 4226 1264 4282 ‘clesia:
1290 4243 1400 4284 suae
1429 4231 1775 4295 candelabro,
1819 4230 1939 4286 loco
1968 4233 2114 4287 edito
2158 4242 2213 4288 et
2260 4235 2517 4289 eminenti
2549 4236 2661 4291 cola-

1078 4315 1314 4383 locavit;
1357 4319 1493 4374 unde
1540 4322 1824 4389 conspicua
1854 4322 2232 4378 miraculorum
2263 4333 2319 4380 et
2353 4327 2660 4383 sanctitatis

1080 4402 1202 4459 luce
1249 4407 1596 4472 claresceret,
1646 4418 1806 4478 atque
1848 4411 1922 4464 ita
1969 4413 2081 4465 sedi
2131 4414 2440 4481 apostolica:
2484 4417 2659 4470 subsi-

1074 4498 1255 4564 dium,
1301 4504 1607 4570 purpuratis
1651 4504 1980 4573 exemplum,
2031 4507 2340 4573 pastoribus
2389 4509 2655 4579 regulam,

1081 4586 1301 4641 tandem
1356 4590 1493 4643 viam
1546 4592 1757 4645 cmteris
1806 4592 2099 4647 salutarem
2152 4596 2504 4650 ministraret.
2557 4598 2655 4654 ilic

1071 4672 1275 4731 Petrus
1297 4675 1538 4733 Damiani
1574 4680 1801 4743 exstitit,
1829 4681 2024 4735 Lector
2054 4683 2462 4750 humanissime,
2492 4703 2652 4756 quem

1076 4762 1125 4817 si
1150 4763 1415 4819 viventem
1444 4769 1700 4837 populum
1744 4770 1862 4837 cjus
1899 4772 2138 4825 cmlestis
2168 4772 2427 4829 doctrina:
2458 4777 2653 4839 pabulo

1073 4862 1377 4912 recreatus.
1420 4855 1695 4910 miraculis
1738 4859 2090 4935 stupefactus,
2134 4863 2361 4933 \itchuc
2404 4867 2652 4935 exemplo

1066 4943 1449 5009 continuatus,
1473 4956 1717 5001 sanctum
1743 4959 1795 5002 et
1823 4950 2036 5003 beatum
2070 4954 2396 5027 pratdicavit,
2425 4965 2479 5009 et
2504 4971 2652 5011 sum-

1061 5048 1196 5092 mus
1217 5036 1459 5104 pontifex
1498 5038 1590 5091 tali
1617 5039 1891 5103 eumdem,
1921 5050 1979 5093 ut
2015 5042 2217 5107 vidisti,
2248 5046 2498 5101 encomio
2529 5048 2650 5101 illa.

1060 5125 1285 5190 stravit,
1318 5126 1450 5181 nihil
1481 5138 1563 5183 est
1589 5130 1732 5198 quod
1755 5132 1830 5186 de
1870 5131 2113 5200 ejusdem
2140 5145 2259 5204 post
2288 5137 2493 5192 obitum
2521 5154 2645 5194 san-

2766 3962 2821 4059 in
2873 3979 3149 4059 marmore
3195 3972 3433 4029 incisis:
3482 3978 3548 4032 Α.
3590 3978 3659 4037 D.
3714 3982 4074 4057 MCCCLIII,
4121 3996 4206 4059 die
4255 4015 4357 4058 xm

2763 4057 2959 4127 Aprilis
2988 4060 3302 4119 translatum
3353 4067 3455 4135 fuit
3499 4086 3689 4141 corpus
3720 4073 3779 4130 S.
3824 4075 3976 4134 Petri
4010 4057 4265 4144 Damiani
4297 4057 4356 4148 in

2761 4157 2947 4203 sancta
2996 4154 3256 4222 scriptura
3313 4156 3515 4213 doctor.
3573 4171 3622 4215 et
3668 4161 3928 4225 Ostiensis
3983 4178 4232 4249 episcopi.
4283 4201 4349 4237 oc

2761 4241 3089 4338 ipost.-sfd.
3135 4242 3310 4338 leguli.
3360 4247 3563 4338 ibidem
3614 4255 3781 4312 etiam
3826 4278 3837 4312 :
3886 4241 4033 4319 Obiit
4080 4241 4351 4338 con/cssor

2760 4324 2957 4379 Christi
2988 4328 3182 4397 Petrus
3214 4333 3488 4401 Damiani,
3525 4337 3782 4400 Ostiensis
3810 4351 4106 4421 episcopus,
4137 4324 4193 4410 et.

2758 4413 2951 4471 dit-talis
2981 4422 3365 4489 sanctissimus,
3397 4441 3493 4481 vut
3540 4428 3664 4486 Kal.
3713 4413 3914 4491 Martii.
3961 4413 4131 4507 Quem
4166 4454 4339 4504 tumu-

2757 4503 2891 4572 lum,
2924 4511 3173 4578 quamvis
3196 4513 3657 4584 antiquissimum,
3700 4523 3819 4591 pius
3848 4527 3936 4583 ille
3965 4503 4195 4602 populus
4220 4503 4342 4595 viva

2759 4609 2823 4649 ac
2851 4598 3054 4653 recenti
3090 4599 3349 4673 religione
3375 4606 3527 4672 colit,
3569 4614 3847 4671 osculatur
3874 4627 3931 4673 et
3970 4598 4341 4695 amplectitur.

2756 4686 2977 4753 suisque
3008 4689 3064 4742 in
3095 4692 3257 4748 rebus
3287 4710 3527 4763 praesens
3563 4706 3841 4771 experitur
3870 4686 4151 4769 auxilium.
4186 4686 4343 4776 Unde

2756 4789 2862 4828 non
2896 4776 3167 4833 immerito
3194 4783 3392 4839 votivis
3423 4788 3633 4845 tabellis
3672 4792 4027 4871 donariisquc
4052 4815 4340 4879 appensis,

2754 4877 2817 4925 ac
2874 4870 3121 4923 accensis
3171 4870 3469 4933 luminibus
3526 4883 3833 4940 nobilitant.
3894 4870 4145 4952 Necnon
4177 4909 4231 4956 et
4283 4870 4338 4959 in

2752 4957 2924 5055 sancti
2964 4958 3122 5029 hujus
3168 4963 3268 5016 viri
3313 4966 3653 5037 celebritate,
3684 4975 3804 5044 ejus
3834 4978 4055 5050 effigies,
4088 5001 4209 5055 qua:
4253 4957 4336 5047 tu:

2750 5043 2896 5099 mulo
2932 5047 3179 5115 inliceret,
3228 5058 3488 5123 pastorali
3530 5060 3772 5119 induitur
3809 5043 4132 5131 ornamento
4162 5094 4336 5151 popu-

2750 5135 2895 5207 lique
2941 5134 3243 5207 frequentia
3284 5147 3557 5203 visitatur.
3606 5150 3731 5217 "ccc
3770 5160 3953 5215 omnia
4004 5134 4338 5229 autltentieis

1057 5217 1261 5272 clitate
1289 5219 1521 5279 dubites.
1566 5233 1728 5291 atque
1768 5225 1930 5277 etiam
1964 5243 2071 5295 quo
2116 5237 2274 5296 pacto
2304 5240 2357 5282 et
2398 5238 2641 5299 tempore.
2672 5206 2720 5265 D
2749 5228 2984 5295 νῖωΓιιῐῖυ
3013 5231 3289 5303 "MRF-{xc

2808 5206 2817 5207 ί
3046 5206 3053 5207 7
3608 5206 3617 5217 ἶ
3657 5206 3727 5209 ν--
3776 5206 3953 5215 _.-..-...
4004 5206 4337 5229 ausum-uua

2116 5237 2274 5296 pacm
2304 5240 2357 5282 οι
2398 5238 2641 5299 tempore
2672 5206 2720 5265 D
2749 5228 2984 5295 prmium:
3013 5231 3295 5303 ιλιι-ἱίῖεῑλεο
3334 5237 3579 5293 ecclesia:
3626 5256 3691 5295 ac
3732 5242 3970 5304 civitatis
4010 5257 4337 5319 testittzoniis

966 5310 970 5313 '
1050 5304 1262 5366 Petrus
1302 5307 1545 5362 Damiani
1595 5311 1647 5363 in
1692 5322 2002 5368 sanctorum
2046 5332 2329 5371 numerum
2371 5324 2639 5390 aseriptus

1050 5395 1252 5461 fuerit,
1281 5398 1547 5454 curiosius
1567 5401 1908 5457 inscruteris.
1942 5406 2150 5461 Etenim
2176 5423 2240 5461 ex
2274 5418 2351 5463 tot
2372 5426 2636 5465 armorum

1046 5484 1279 5541 saeculis
1310 5487 1440 5542 nihil
1475 5504 1699 5560 usquam
1734 5492 2060 5559 invenimus,
2090 5512 2251 5565 quam
2285 5499 2510 5554 duarum
2538 5502 2638 5556 Ec-

1042 5572 1350 5633 clestartun
1406 5576 1738 5635 Ravennatis
1793 5591 1849 5637 et
1904 5582 2215 5640 Faventiua:
2267 5577 2641 5661 irrefragahile

1042 5660 1453 5729 testimonium,
1483 5666 1638 5733 cujus
1677 5669 1764 5723 vis
1796 5676 1975 5727 omnis
2016 5690 2083 5731 ac
2128 5676 2331 5731 veritas
2370 5678 2421 5731 in
2470 5660 2637 5735 veteri

1038 5754 1451 5811 consuetudine
1489 5766 1545 5813 et
1573 5757 1988 5819 imutemorabili
2034 5761 2323 5823 traditione
2363 5770 2629 5826 consistEt.

2746 5319 2811 5371 ad
2843 5334 2932 5375 me
2961 5326 3300 5381 transmissis
3328 5328 3726 5389 conﬁrmantur

2816 5406 2927 5465 Nec
2967 5413 3148 5469 minus
3170 5418 3279 5472 erit
3315 5433 3697 5489 argumentum
3726 5430 4084 5499 complurium
4117 5440 4339 5513 religio-

2743 5512 2926 5553 serum
2960 5500 3113 5567 lides,
3136 5507 3233 5573 qui
3279 5511 3637 5570 testatissime
3682 5523 3734 5574 ct
3776 5521 3992 5577 oculatc
4018 5500 4333 5602 testantur,

2741 5604 2864 5644 cum
2893 5592 2962 5646 ab
3002 5594 3131 5650 hinc
3158 5594 3273 5652 fere
3316 5602 3476 5658 anuis
3505 5604 3692 5677 viginti
3723 5611 3829 5667 boc
3864 5613 4172 5681 Sepulcrum
4199 5592 4329 5693 ape:

2742 5682 2963 5748 riretur,
2989 5684 3264 5746 inventum
3286 5686 3454 5748 fuisse
3472 5692 3621 5751 Petri
3642 5698 3887 5761 Damiani
3913 5718 4114 5773 corpus
4142 5682 4327 5769 incor-

2740 5784 2979 5843 ruptum.
3012 5775 3091 5831 Ne
3114 5794 3248 5837 vero
3271 5780 3461 5840 oculos
3485 5784 3743 5860 deceptos
3775 5793 3941 5853 fuisse
3980 5800 4111 5871 quis
4137 5803 4332 5861 existi-
