5652 6366
1167 339 1232 394 Π
2537 321 3076 384 -ΡΙὶΟΙ.ΕϐΟΜΕΝᾹ.
4363 304 4427 363 ω

1165 447 1351 513 nardi,
1392 449 1535 517 quod
1580 445 1885 508 simoniace
1931 442 2171 507 invasit,
2223 438 2474 496 coenobio
2524 444 2739 508 penitus
2771 438 2822 498 Λ
2849 436 3108 491 fratribus
3134 435 3333 490 uostris
3362 427 3705 486 laudantibus
3728 432 3784 482 et
3821 424 4055 517 libenter
4077 423 4425 517 consentien-

1163 537 1536 594 climinaretis.
1568 539 1720 604 Quod
1750 530 1792 593 si
1822 547 1985 592 causa
2017 533 2361 604 cupiditatis,
2409 543 2501 586 aut
2525 545 2741 595 amore,

1163 629 1250 684 vel
1281 628 1473 683 timore
1499 627 1728 697 alicujus
1751 625 1987 698 potentis
2013 637 2276 695 personze,
2309 621 2531 691 explere
2559 619 2742 675 reniti-

1164 718 1296 784 stis,
1327 718 1441 774 haec
1479 719 1660 773 omnia
1694 717 1791 771 Dei
1818 714 2206 784 oumipotentis
2240 711 2420 767 timori
2451 709 2745 780 praeposui-

1164 806 1295 871 stis,
1327 815 1381 862 ct
1416 804 1619 862 nullum
1663 805 1926 873 dispersis
1956 803 2237 859 monachis
2276 800 2529 856 solatium
2564 811 2746 868 regre.

1164 896 1344 952 dieudi
1394 895 1756 965 przebuistis:
1802 902 2142 963 quaprOpter
2193 889 2437 960 ejusdem
2491 885 2743 967 Rainaldi

1163 985 1370 1041 malitia
1417 983 1590 1055 magis
1655 982 2044 1052 multiplicatur
2103 988 2157 1036 et
2188 979 2408 1034 crescit.
2453 977 2578 1032 llaec
2616 987 2744 1028 vero

1164 1073 1368 1130 idcirco
1389 1073 1645 1128 mandare
1667 1071 1998 1137 curavimus,
2022 1069 2149 1140 quia
2169 1084 2236 1124 ex
2268 1065 2457 1123 iisdem
2486 1065 2744 1136 dispersis

1162 1164 1444 1220 monachis
1468 1163 1687 1232 quidam
1716 1163 1782 1217 ad
1816 1177 1916 1219 nos
1960 1168 2254 1225 venerunt,
2302 1158 2494 1214 ﬂentes
2532 1166 2586 1213 et
2623 1157 2741 1223 ciu-

1163 1253 1365 1319 iantes;
1398 1253 1487 1308 alii
1519 1252 1731 1308 litteras
1775 1251 2094 1307 direxerant
2137 1247 2548 1312 lamentabiles,
2584 1245 2746 1316 justi-

1161 1341 1296 1398 tiam
1342 1341 1510 1396 sancti
1557 1338 1703 1393 Petri
1731 1379 1746 1404 ,
1783 1345 2138 1406 nostramque
2185 1335 2614 1391 consolationem
2644 1347 2744 1403 pro

1161 1423 1257 1486 tali
1295 1429 1560 1501 injustitia
1595 1429 1954 1499 requirentes.
2003 1425 2159 1482 Unde
2203 1425 2502 1495 supradicti
2551 1422 2698 1478 Petri
2723 1462 2740 1489 ,

1158 1529 1507 1589 vestramque
1532 1527 1716 1574 nostra
1738 1517 2065 1572 auctoritate
2085 1515 2502 1570 corroboramus
2522 1523 2746 1569 senten-

1162 1607 1325 1672 tiain;
1353 1608 1708 1676 eamdemque
1753 1604 2077 1660 Rainaldum
2106 1611 2164 1660 et
2189 1610 2585 1659 consentaneos
2627 1601 2742 1672 ejus

1160 1695 1683 1750 anathematizamus
1708 1711 1723 1762 ;
1757 1695 2042 1765 ipsumque
2067 1692 2396 1757 coenobium,
2421 1692 2658 1763 quandiu
2687 1693 2740 1747 in

2848 527 3013 591 tibus,
3071 523 3437 594 promittimus
3490 518 3608 584 tibi,
3653 513 3978 572 venerabilis
4021 512 4192 568 frater
4242 510 4426 575 Petre,

2844 627 2945 685 ego
2971 604 3142 670 frater
3167 609 3478 668 Desiderius
3520 622 3644 663 eum
3673 614 3780 660 tota
3801 599 4220 674 congregatione
4266 598 4428 669 hujus

2844 703 3018 759 sancti
3046 701 3304 766 cmnobii,
3337 697 3656 754 memoriam
3688 693 3867 750 obitus
3894 691 3971 746 tui
3996 688 4303 744 annualiter
4325 701 4430 742 nos

2845 787 3127 848 babiturOs
3154 807 3169 848 :
3194 799 3440 860 posteros
3482 798 3700 856 quoque
3748 789 3966 838 nostros
3993 780 4098 836 hoc
4133 775 4277 832 idem
4325 774 4428 830 ob-

2842 894 3064 938 servate
3104 877 3338 935 ﬁdeliter
3377 875 3678 944 cupientes,
3729 871 3873 926 sicut
3912 863 4432 926 consuetudinaliter

2842 971 3307 1042 praedecessorum
3369 975 3684 1022 nostrorum
3744 962 4032 1018 abbatum.
4076 958 4170 1030 qui
4218 955 4433 1012 naviter

2843 1061 2914 1116 de
2943 1062 3044 1116 hac
3073 1059 3194 1115 luce
3222 1058 3619 1130 migraverunt,
3649 1048 4045 1109 ofﬁciosissime
4068 1047 4429 1104 celebramus.

2846 1149 2992 1207 Satis
3010 1149 3207 1220 quippe
3231 1148 3448 1219 dignum
3479 1154 3534 1200 ct
3561 1144 3845 1199 honestum
3872 1138 4030 1196 nobis
4051 1137 4284 1202 videtur,
4310 1135 4434 1204 qui-

2843 1242 2947 1296 bus
2988 1249 3196 1295 tantam
3238 1238 3580 1295 dilectionem
3623 1232 3913 1305 impendis,
3944 1239 4152 1286 tantam
4189 1229 4430 1284 benevo~

2845 1331 3069 1386 tentiam
3101 1329 3364 1397 ostendis,
3411 1326 3618 1399 aliquid
3658 1322 4007 1381 emolumenti
4045 1320 4430 1393 rependamus,

2843 1433 2906 1477 ut
2936 1437 3074 1494 quos
3109 1422 3184 1478 ita
3221 1421 3516 1493 incmperis
3551 1432 3736 1474 amare
3783 1429 3999 1487 semper
4038 1414 4166 1468 dum
4208 1412 4434 1477 vixeris,

2845 1528 3000 1571 amor
3035 1523 3157 1570 tuus
3186 1523 3399 1572 crescat
3427 1514 3479 1569 in
3511 1510 3690 1578 nobis,
3721 1511 3847 1566 dum
3885 1508 4089 1580 aliquid
4133 1505 4437 1563 devotionis

2845 1613 2901 1659 et
2927 1606 3132 1662 amoris
3156 1616 3356 1677 printer
3381 1604 3601 1661 solitum
3628 1618 3660 1658 a
3683 1602 3841 1659 nobis
3870 1611 3922 1657 te
3951 1614 4141 1672 speras
4165 1615 4433 1657 consecu-

2847 1701 3052 1750 turum.
3086 1693 3144 1751 Si
3187 1696 3311 1767 quis
3354 1704 3534 1752 autem
3579 1694 3742 1764 hujus
3785 1701 3984 1749 nostra:
4030 1689 4438 1761 pollicitationis

1159 1803 1229 1844 eo
1250 1789 1531 1856 inmiserit,
1561 1789 1957 1856 interdicimus,
1984 1798 2042 1845 et
2064 1797 2124 1844 ut
2148 1789 2291 1844 idem
2320 1789 2560 1856 faciatis,
2584 1791 2739 1846 vobis
2773 1787 2814 1845 li
2843 1785 3078 1840 violator
3149 1784 3419 1840 exstiterit
3443 1824 3457 1848 .
3506 1783 3591 1838 vel
3630 1782 3915 1840 nobiscum
3959 1780 4254 1838 viventium
4279 1822 4293 1844 ,
4342 1786 4440 1834 aut

1161 1879 1506 1935 mandamus.

1909 1972 1995 2028 ΙΙΙ.

1185 2087 1188 2090 ’
1231 2081 1561 2138 Αιεχικυειι
1588 2082 1898 2154 cpiscopus,
1928 2098 2120 2139 servus
2145 2097 2425 2142 servorum
2457 2083 2573 2147 Dei,
2615 2085 2746 2140 cha-

1161 2172 1376 2228 rissimo
1405 2172 1558 2229 fratri
1603 2173 1873 2230 GERVASIO
1918 2173 2174 2229 ltemensi
2217 2173 2628 2246 archiepiscopo
2659 2188 2747 2230 sa-

1158 2257 1326 2316 lutem
1357 2269 1412 2316 et
1439 2262 1788 2332 apostolicam
1818 2263 2276 2321 benedictionem.

1233 2348 1454 2406 Debitas
1486 2349 1816 2408 fraternitati
1853 2361 1960 2408 tuae
1993 2362 2174 2423 grates
2203 2353 2575 2424 rependimus,
2603 2357 2747 2425 quod

1161 2439 1214 2495 in
1235 2439 1499 2510 ejectione
1524 2439 1628 2511 ily,
1650 2456 1679 2494 a
1710 2442 1868 2498 nobis
1891 2442 2152 2508 damnati,
2181 2447 2324 2513 quod
2354 2443 2744 2502 Carnotensem

1159 2527 1458 2585 Ecclesium
1489 2531 1786 2589 simoniace
1823 2534 2123 2598 invaserat,
2157 2545 2466 2606 promptum
2508 2547 2565 2594 te
2598 2539 2746 2594 solli-

1161 2620 1437 2690 citumque
1481 2622 1766 2677 ostendisti
1816 2639 1831 2677 :
1871 2623 2124 2694 quodque
2175 2633 2234 2680 ut
2273 2625 2412 2681 alter
2456 2627 2650 2697 dignus
2691 2637 2748 2683 et

1160 2709 1389 2765 idoneus
1447 2710 1622 2766 eidem
1665 2711 1926 2767 Ecclesiae
1983 2715 2246 2769 canonice
2284 2716 2742 2782 substitueretur,

1162 2803 1486 2858 charissima
1550 2803 1662 2859 filio
1708 2816 1897 2860 nostro
1955 2805 2204 2877 Philippo
2248 2807 2580 2864 Francorum
2631 2808 2745 2880 regi

1163 2891 1446 2946 consdium
1469 2892 1685 2947 dedisti.
1716 2893 1815 2948 Cui
1846 2895 2102 2949 nimirum
2125 2897 2346 2964 suisque
2373 2897 2742 2968 optimatibus,

1163 2990 1224 3036 ut
1269 2982 1458 3054 dignas
1502 2998 1666 3053 super
1712 2984 1816 3040 hoc
1864 2995 2044 3056 grates
2080 2987 2373 3058 rependas,
2406 2989 2744 3058 prudentitun

1167 3082 1314 3128 tuam
1359 3075 1670 3131 invitemus.
1712 3075 1937 3131 Noverit
1977 3079 2142 3132 etiam
2173 3079 2487 3136 fraternitas
2529 3092 2617 3134 tua
2647 3093 2746 3135 nos

1164 3164 1494 3220 confratrem
1539 3175 1786 3220 nostrum
1838 3166 2206 3222 Scnonensem
2273 3169 2743 3239 archiepiscopum

1164 3257 1539 3322 admonuisse,
1571 3268 1837 3329 quatenus
1867 3260 2276 3317 Aurelianensis
2313 3262 2568 3318 Ecclesia:
2595 3263 2747 3318 inva-

1163 3358 1343 3420 sorent
1376 3354 1562 3399 nostra
1596 3347 1892 3416 apostolica
1925 3349 2251 3404 auctonitate
2291 3353 2744 3406 excommunicet.

1163 3432 1346 3488 Claret
1374 3435 1518 3489 enim
1545 3436 1717 3504 ipsum
1747 3437 2043 3492 simoniace
2073 3441 2440 3510 episc0patum
2465 3443 2710 3498 obtinere
2730 3482 2746 3509 ,

1164 3531 1221 3576 et
1247 3523 1312 3576 ad
1340 3524 1695 3596 obtegendum
1733 3534 1916 3581 reatus
1955 3528 2039 3582 sui
2086 3529 2520 3598 improbitatem,
2563 3532 2746 3603 perju-

1165 3613 1309 3667 rium
1331 3617 1382 3666 itt
1411 3613 1771 3670 Cabillonensi
1798 3617 2007 3687 synodo
2033 3618 2350 3686 incurrisse,
2372 3635 2579 3691 suaque
2601 3619 2749 3676 frau-

1164 3700 1404 3757 dulentia
1439 3703 1764 3758 conl'ratrem
1791 3715 2035 3758 nostrum
2063 3705 2281 3761 Petrum
2307 3708 2608 3764 Ostiensem
2640 3711 2750 3780 epi-

1165 3805 1421 3860 scopum,
1466 3807 1495 3846 a
1527 3809 1634 3862 quo
1661 3795 1850 3848 eadem
1883 3796 2120 3865 synodus
2148 3796 2416 3851 celebrata
2445 3810 2548 3864 cst,
2590 3801 2750 3854 dece-

1166 3880 1333 3950 pisse.
1376 3883 1550 3952 Super
1592 3883 1704 3938 lucc
1745 3885 1910 3938 etiam
1956 3886 2021 3938 ad
2072 3896 2415 3955 augmentum
2459 3890 2749 3944 criminum

1167 3984 1391 4029 suorum
1437 3974 1648 4028 litteras
1688 3975 2022 4043 apostolatus
2061 3976 2267 4040 nostri,
2314 3978 2510 4046 quibus
2537 3980 2602 4033 ad
2635 3981 2750 4037 haec

1167 4061 1527 4116 examinanda
1574 4063 1890 4128 vocabatur,
1934 4066 2154 4120 omnino
2197 4066 2474 4121 refutavit.
2505 4069 2751 4139 Quapro-

1167 4156 1290 4218 pter
1318 4152 1639 4208 cltaritatent
1693 4164 1837 4208 luant
1869 4156 2164 4224 apostolica
2194 4157 2521 4213 auctoritate
2555 4161 2748 4214 admo-

1168 4255 1380 4308 nemus,
1409 4254 1468 4297 ut
1491 4245 1714 4314 praefato
1739 4246 2039 4301 Senonensi
2071 4247 2480 4320 archiepiscopo
2511 4250 2565 4304 in
2599 4251 2751 4305 dam-

1169 4332 1388 4390 natione
1407 4334 1809 4394 Aureliauensis
1835 4339 2125 4403 invasoris,
2146 4352 2455 4412 contempto
2479 4344 2670 4400 timore
2696 4356 2752 4402 et

1101 4422 1112 4438 ’
1168 4423 1343 4494 gratia
1375 4427 1635 4494 omnium,
1665 4438 1714 4483 te
1736 4430 1941 4484 socium
1970 4441 2026 4486 et
2050 4433 2350 4503 adjutorem
2377 4436 2656 4495 adhibeas.

1915 4541 2004 4596 IV.

1167 4621 1474 4682 Desiderius
1507 4627 1668 4703 abbas
1698 4628 2132 4703 Montisﬂusini,
2165 4632 2224 4688 S.
2265 4633 2331 4698 ρ.
2375 4633 2442 4688 ll.
2479 4634 2545 4691 E.
2576 4639 2752 4703 card.,

1241 4705 1417 4822 magis:
1450 4713 1569 4752 vero
1609 4696 1780 4753 Victor
1826 4699 1921 4753 111
1967 4696 2124 4772 pupa,
2169 4705 2226 4757 in
2272 4696 2491 4774 epistola
2534 4707 2603 4759 ad
2634 4696 2753 4762 cum

1246 4876 1453 4934 Domno
1480 4877 1669 4936 Pereo
1710 4880 1964 4950 DAIIAXI,
1998 4885 2296 4942 venerabili
2332 4888 2751 4959 episcopo,'Dx-

1171 4977 1414 5026 sinemus
1439 4971 1627 5035 abbas,
1661 4971 1750 5024 Dei
1782 4974 2010 5044 gratiam
2043 4985 2097 5029 et
2125 4977 2376 5032 salutem.

1245 5057 1518 5124 Quoniam
1537 5061 1670 5117 satis
1708 5062 1855 5118 clare
1889 5064 2120 5120 innotuit
2147 5068 2288 5136 quod
2337 5069 2438 5124 hoc
2480 5081 2748 5128 monaste-

1175 5150 1315 5206 rium
1347 5148 1405 5206 S.
1450 5151 1747 5220 Benedicti,
1783 5157 1872 5210 cui
1918 5172 2152 5226 praeesse
2189 5159 2392 5224 videor,
2435 5161 2553 5231 plus
2580 5168 2752 5220 omni-

1176 5239 1277 5293 bus
1310 5241 1430 5295 aliis
1478 5242 1902 5314 circumquaque
1959 5246 2216 5312 fundatis,
2271 5249 2461 5320 diligas
2516 5255 2749 5324 (cunctis

1248 5392 1328 5468 (l)
1373 5394 1534 5473 iuxta
1586 5407 1828 5473 sanctam
1856 5399 2015 5473 ‘banc
2052 5399 2312 5473 Desiderii
2361 5401 2485 5455 abb.
2534 5401 2755 5473 ejusque

1094 5469 1096 5471 ’
1178 5467 1568 5537 mutacliurum
1617 5469 2073 5537 promissionem,
2125 5471 2268 5524 Petri
2318 5467 2574 5525 [)aniiani
2614 5467 2757 5529 cclc-

1180 5536 1397 5610 berrimi
1418 5536 1523 5610 viri
1551 5536 1866 5610 memoriam
1916 5541 2143 5610 singulis
2172 5541 2329 5596 annis
2355 5542 2756 5598 Casinusrrco-

1183 5605 1320 5683 lebat
1349 5624 1360 5658 :
1388 5607 1465 5683 sic
1494 5608 1719 5683 enimid
1747 5605 2058 5683 earumdem
2093 5611 2434 5683 Kztlettdgtrio,
2463 5615 2604 5683 quod
2637 5625 2755 5683 post

1180 5673 1619 5748 Martyrologium
1656 5679 1870 5751 legitur,
1901 5691 2142 5743 notat-um
2201 5681 2431 5738 vidimus
2459 5673 2594 5738 z'vm
2626 5673 2752 5742 Kal.

2776 4461 2830 4520 D

2847 1874 3251 1930 succedentium
3278 1917 3292 1940 ,
3359 1885 3488 1930 ante
3540 1872 3774 1930 tribunal
3817 1872 4021 1930 Christi
4069 1886 4193 1927 reus
4238 1868 4438 1940 Iudicii

2846 1972 3207 2036 prmsentetur
3231 1964 3331 2037 (1).

2919 2055 3054 2125 Ego,
3081 2056 3173 2126 qui
3203 2070 3368 2127 supra
3391 2053 3705 2112 Desiderius
3733 2055 3922 2121 abbas,
3951 2052 4270 2126 subscripsi.

2917 2143 3032 2217 Ego
3061 2143 3254 2202 Frater
3280 2145 3575 2203 Rainerius
3599 2144 3917 2215 subscripsi.

3621 2234 3682 2290 ν.

2847 2329 3012 2386 Petri.
3034 2330 3281 2386 Damiani
3331 2329 3544 2395 tantuli,
3571 2329 3686 2399 qui,
3719 2337 3768 2382 et
3794 2327 3960 2399 [uidit
3987 2325 4218 2383 accensis
4241 2325 4326 2399 pie
4357 2324 4439 2381 Iuv

2915 2402 3144 2456 minibus
3181 2401 3502 2464 illustratur,
3544 2397 3593 2453 et
3621 2397 4156 2469 populifrequentia,
4189 2397 4279 2469 qui
4303 2412 4440 2469 prm-

2915 2472 3098 2525 scrtim
3133 2471 3203 2525 ad
3239 2470 3424 2539 capitis
3459 2467 3732 2539 sanandas
3775 2467 4441 2539 illius’contactu'tcgritu-

2917 2541 3064 2595 dines
3095 2556 3155 2594 co
3183 2535 3469 2602 concurrit,
3502 2537 3766 2601 visitatur,
3791 2535 4064 2604 inscriptio
4099 2536 4156 2590 iu
4179 2535 4440 2590 marmore

2915 2611 3110 2664 exciso.
3159 2607 3334 2676 Hujus
3362 2617 3535 2676 tamen
3569 2605 3770 2660 litteras
3798 2621 3936 2659 nunc
3966 2604 4155 2658 ibidem
4189 2605 4252 2676 _o_b_
4279 2620 4436 2658 usum

2917 2672 3260 2732 candelaruni
3294 2675 3715 2738 abolitas,antca
3750 2691 3869 2729 vero
3903 2676 4151 2744 integras,
4183 2672 4444 2744 Hierony-

2915 2765 3030 2803 mus
3059 2748 3289 2812 Rubeus,
3320 2747 3397 2801 vir
3426 2745 3763 2799 doctissimus
3803 2743 4029 2814 mittique
4061 2743 4434 2808 amicissimus,

2918 2830 3153 2872 miserat.

2915 2908 2980 2961 Λ.
2997 2909 3059 2961 D.
3084 2895 3395 2960 hICCtllV.
3414 2903 3501 2960 die
3528 2903 3640 2974 xiij.
3658 2902 3826 2972 April.
3848 2901 4163 2957 translatum
4196 2898 4290 2955 fuit
4318 2914 4442 2955 cor-

2846 3014 2945 3068 pus
3002 2997 3059 3051 S.
3120 2990 3263 3050 Petti
3329 2995 3483 3048 Dam.
3533 2994 3739 3048 Ilaven.
3795 2993 3848 3046 in
3899 3000 4088 3046 sancta
4151 2989 4437 3060 Scriptura

2799 3127 2814 3145 ς
2850 3087 3004 3141 Doct‘.
3045 3093 3101 3139 ct
3137 3083 3346 3140 Ostien.
3381 3081 3656 3152 Episc0pi,
3714 3095 3779 3134 ac
3821 3080 4011 3149 Apost.
4046 3077 4171 3133 Sed.
4223 3076 4434 3148 Legati,

2849 3175 2981 3231 0rd.
3015 3174 3074 3228 S.
3105 3172 3383 3229 Benedicti
3429 3173 3482 3227 in
3512 3171 3710 3225 Eremo
3759 3167 3816 3223 S.
3842 3169 4034 3224 Crucis
4059 3165 4249 3223 Fontis
4279 3166 4440 3219 Avel-

2847 3265 3007 3327 lanze‘,
3057 3263 3110 3317 in
3157 3269 3484 3332 praesentem
3524 3261 3722 3315 Arcam
3777 3272 3807 3311 a
3839 3257 3970 3312 Rev.
4009 3256 4069 3311 Ρ.
4095 3257 4155 3311 D.
4182 3255 4435 3311 Hatt‘atco

2846 3359 2914 3410 de
2943 3354 3116 3410 Gallio
3145 3353 3234 3408 hie
3253 3353 3394 3408 Abh»

3393 3443 3502 3498 Sub
3531 3443 3710 3498 eadem
3735 3457 3882 3498 arca.

2847 3537 3099 3608 Quinque
3123 3536 3278 3592 denis
3305 3534 3452 3590 mille
3481 3535 3756 3598 tercentis,
3783 3542 3839 3589 et
3865 3540 4121 3605 quattuor
4149 3531 4326 3597 annis,

2851 3631 3068 3686 Tertius
3098 3629 3300 3700 Aptiiis
3328 3621 3452 3682 cum
3481 3625 3693 3682 decimo
3715 3624 3946 3680 ﬂuxerat
3973 3633 4148 3689 ortus,

2851 3717 3153 3774 Transtulit
3185 3725 3236 3773 te
3261 3716 3440 3771 clerus
3466 3715 3686 3770 doctum
3725 3715 3776 3767 in
3801 3713 3995 3783 pagina
4027 3728 4183 3768 sacra

2851 3808 3120 3864 Ostiensis
3149 3806 3365 3878 przesul,
3397 3821 3556 3876 quem
3589 3804 3740 3859 dotat
3767 3803 4155 3859 cardinalatus.

2850 3905 2894 3960 Ο
2918 3903 3076 3959 Petre
3103 3902 3382 3966 Damiane,
3423 3909 3475 3955 te
3495 3897 3641 3954 Crux
3679 3898 3732 3952 in
3757 3898 3948 3953 ordine
3974 3896 4160 3953 Fontis

2850 3993 3125 4050 Avellanae
3150 3992 3294 4055 beat,
3333 4002 3391 4044 ut
3418 3990 3626 4061 legatus
3651 4001 3866 4058 quoque
3898 3988 4115 4042 tandem

2853 4084 3008 4138 Sedis
3038 4081 3369 4153 apostolicae,
3404 4087 3555 4150 petra
3589 4094 3733 4134 nunc
3759 4077 4026 4134 clauderis
4058 4078 4180 4132 ista.

2851 4176 3054 4231 institit
3079 4176 3250 4231 abbas
3277 4173 3559 4228 Mattheus
3588 4172 3653 4226 de
3674 4169 3844 4227 Callio
3882 4181 4059 4226 natus.

3604 4261 3692 4318 Vl.

2855 4357 3136 4426 Inscriptio
3168 4357 3352 4417 votiva,
3385 4369 3545 4426 quam
3577 4351 3794 4426 ecclesia
3821 4350 4088 4426 Fauentia:
4121 4350 4438 4405 cut/tedralis

2930 4430 2984 4481 in
3012 4421 3118 4480 una
3142 4427 3252 4480 suis
3279 4440 3345 4478 ex
3372 4421 3631 4478 columnis
3665 4421 3838 4474 adhuc
3867 4422 4049 4474 retinet
4079 4431 4128 4474 et
4168 4431 4441 4474 conservat

2929 4496 2995 4550 ab
3025 4513 3084 4551 eo
3109 4504 3334 4564 tempere
3358 4509 3460 4564 quo
3485 4491 3625 4564 Deus
3654 4489 4162 4564 sanctorunLSavini
4196 4492 4352 4564 spiro.
4392 4500 4442 4543 et

2930 4576 3112 4627 mart.,
3140 4558 3424 4617 zE'milia'ni
3469 4563 3629 4630 cpisc.
3653 4569 3699 4614 et
3729 4559 3896 4628 conf.,
3925 4558 4153 4630 Terentii
4193 4560 4350 4630 dinc.
4378 4576 4442 4612 ac

2932 4634 3078 4689 l’ctri
3103 4633 3254 4687 Dant.
3283 4627 3507 4694 meritis,
3523 4631 3782 4683 civitatem
3814 4627 3959 4682 illam
3985 4627 4262 4686 Gallorum
4301 4628 4441 4682 obsi-

2930 4707 3088 4759 dione
3112 4702 3387 4766 liberavit;
3427 4705 3606 4754 eadem
3644 4701 3827 4752 civitas
3842 4714 3912 4768 rex
3929 4699 4065 4767 grati
4087 4699 4250 4752 animi
4284 4714 4445 4768 argis-

2929 4785 3123 4836 mcuto,
3162 4773 3365 4842 ratique
3400 4770 3562 4842 oﬂicio
3589 4768 3802 4822 Petrum
3825 4767 3978 4821 Dant.
4004 4783 4155 4837 quem
4191 4784 4296 4821 una
4322 4767 4442 4820 cum

2927 4845 3118 4899 eisdem
3159 4839 3354 4895 sanctis
3393 4839 3558 4892 multo
3597 4847 3751 4891 antea
3791 4847 4071 4904 patronum
4121 4849 4450 4903 sitsi-sperat,

2926 4911 3285 4967 anniversario
3309 4923 3485 4964 omnes
3509 4909 3641 4978 festo
3665 4906 3950 4960 inriolnbili
3979 4906 4240 4960 celebrare
4254 4908 4446 4960 consti-

2925 4985 3042 5037 tuit.

2929 5073 3248 5130 lmminente
3277 5068 3482 5126 civitati
3512 5084 3578 5124 ex
3601 5067 3769 5124 Gallis
3797 5065 4037 5136 periculo
4067 5065 4251 5132 cmdis,
4283 5065 4438 5120 exitii

2859 5177 2906 5221 et
2943 5167 3193 5230 ﬂammat,
3215 5161 3360 5217 vovit
3386 5161 3672 5216 universus
3700 5159 3896 5230 populo
3917 5158 4247 5214 Faventinus
4276 5173 4440 5228 agerc

2859 5274 2965 5313 non
2993 5255 3172 5312 minus
3205 5253 3516 5310 solemniter
3563 5251 3752 5308 diebus
3784 5250 3934 5307 festis
3978 5260 4292 5307 sanctorum
4335 5250 4440 5306 Sa-

2861 5405 3045 5461 Martii
3110 5406 3236 5459 obiit
3287 5397 3597 5459 veneramlte
3639 5403 3902 5456 memoria?
3942 5404 4164 5457 domnus
4217 5403 4430 5471 Petrus,

2860 5476 3116 5529 Ostiensis
3152 5477 3443 5545 episcopus.
3467 5474 3566 5538 Qui
3600 5487 3730 5527 sane
3763 5473 3967 5545 titulus,
3999 5475 4332 5545 uenerande,
4365 5479 4446 5529 vi-

2859 5549 2934 5598 ris
2963 5544 3601 5616 plerumquesanctitate
3650 5544 3959 5616 conspicuis
3984 5544 4099 5616 dari
4141 5559 4441 5616 consueve-

2861 5611 2975 5677 rat,
3011 5625 3067 5669 ιιι
3096 5633 3162 5673 ex
3196 5611 3388 5672 eodem
3418 5614 3700 5671 Casincnsi
3727 5611 4051 5669 Kalcutlnrio
4096 5615 4452 5686 potissmium

2855 5695 3084 5742 constat.
