5652 6356
1119 348 1181 406 21
2136 341 2378 402 OPUSC.
2416 344 2455 399 ι.
2493 372 2560 385 --
2600 341 2686 399 DE
2718 340 2876 399 FIDE
2913 338 3325 399 CA'l'liOLlCA.
4323 331 4407 389 υ

1120 464 1251 533 quia
1292 459 1421 515 mihi
1480 454 1792 513 notissimus
1840 470 1899 510 es
1951 470 2045 523 per
2095 456 2403 512 unanimem
2443 454 2697 510 l'raterute
2727 458 2771 514 Α
2805 454 2930 509 lem.
2971 453 3074 521 Qui
3108 451 3348 525 profecto
3373 468 3482 508 non
3513 451 3580 519 de
3619 452 3781 519 Patre
3808 452 4055 524 procedit
4084 454 4139 511 in
4171 456 4394 524 Filium,

1123 554 1431 613 dilectionis
1486 551 1759 614 aﬂectum,
1798 548 2045 611 confidis,
2092 563 2177 602 me
2208 548 2317 603 illic
2356 547 2697 619 petissimum

1122 644 1388 713 malagma
1441 642 1629 695 salutis
1667 653 1955 708 apponere,
2015 637 2104 691 ubi
2139 638 2405 691 ﬁdei'ture
2436 651 2633 691 nervos
2665 653 2699 690 a

1122 732 1461 788 certitudiuis
1491 732 1681 784 rubore
1708 730 1951 783 noverim
1981 728 2141 795 paulo
2167 726 2394 782 debiL'us
2420 726 2696 781 vacillare.

1123 827 1189 878 lit
1214 823 1314 880 hoc
1343 820 1893 894 irreprehensibiliter
1942 836 2079 892 agis,
2113 830 2167 874 ut
2195 820 2347 889 quasi
2382 819 2699 872 fundamen-

1124 922 1236 971 tum
1268 914 1388 972 ﬁdei
1419 914 1557 968 inter
1580 914 1695 983 ipsa
1723 927 1876 968 nova:
1906 910 2279 967 conversionis
2306 923 2406 965 tua:
2426 909 2704 964 rudimen-

1124 1016 1175 1063 ta
1210 1008 1532 1072 constituas,
1577 1006 1631 1060 in
1669 1019 1778 1075 quo
1808 1006 1987 1060 securi
2015 1006 2214 1074 cperis,
2244 1014 2497 1073 tauquam
2534 1002 2694 1071 spiri-

1122 1102 1281 1156 tualis
1316 1097 1531 1154 aediﬁcii
1586 1097 1857 1160 machina,
1893 1112 2165 1164 nunquam
2200 1096 2418 1165 lapsura
2473 1107 2704 1177 eousur:

1119 1200 1227 1259 ετιι.
1256 1188 1543 1242 Laudando
1590 1196 1738 1243 certe
1784 1186 1972 1255 petitio
2008 1199 2100 1239 :et
2135 1174 2275 1254 quod
2313 1185 2567 1254 exigitur,
2595 1174 2699 1235 non

1120 1281 1374 1342 otiosum,
1429 1278 1524 1332 sed
1584 1278 1824 1346 apprime
1881 1284 1963 1329 est
2021 1276 2409 1329 ththbttit'ium.
2466 1273 2701 1327 Proinde

1118 1382 1305 1431 uineta
1346 1377 1449 1423 ture
1493 1367 1793 1421 devotionis
1836 1366 2112 1429 instantia,
2167 1366 2293 1433 quia
2344 1378 2457 1417 rem
2493 1362 2703 1430 ﬂagitat

1116 1459 1339 1530 justam,
1375 1475 1480 1514 non
1506 1468 1745 1513 uteretur
1769 1459 1820 1510 in
1844 1472 1936 1512 sua
1964 1457 2221 1525 petitione
2254 1452 2540 1523 repulsam.
2572 1451 2701 1505 Sine

1123 1552 1227 1606 ttJe
1254 1550 1451 1619 quippe
1478 1563 1577 1604 nec
1604 1548 1656 1601 in
1682 1547 1900 1603 Christo
1924 1550 2125 1609 vivere,
2152 1559 2249 1599 nec
2279 1544 2389 1598 Deo
2414 1556 2699 1611 possumus

1120 1637 1225 1691 ulla
1260 1639 1471 1705 penitus
1497 1636 1810 1704 operatione
1846 1636 2077 1704 placere.
2113 1633 2264 1699 Quod
2293 1641 2349 1687 et
2380 1631 2700 1702 apostolica,

1120 1730 1281 1786 simul
1316 1740 1371 1784 et
1403 1730 1714 1800 prophetica
1761 1739 1991 1784 testatur
2021 1729 2337 1783 auctoritas.
2376 1726 2513 1781 Nam
2558 1724 2701 1793 Apov

1121 1833 1149 1875 ι
1172 1818 1240 1873 oli
1269 1833 1367 1874 vox
1398 1827 1478 1873 est
1510 1836 1521 1871 :
1554 1835 1572 1868 ι
1609 1817 1739 1871 Sine
1764 1817 1867 1872 ﬁde
1890 1811 2219 1887 impossibile
2244 1826 2325 1871 est
2352 1815 2567 1886 placere
2589 1814 2699 1869 Deo
2728 1800 2771 1858 Β

1120 1908 1307 1982 (Hebr.
1337 1910 1435 1979 xi).
1465 1928 1485 1959 ι
1519 1908 1570 1980 3
1597 1908 1699 1963 Per
1725 1909 2046 1980 prophetam
2066 1923 2197 1963 vero
2224 1908 2423 1963 dicitur
2458 1926 2477 1959 ι
2506 1904 2703 1962 “.Ιυειυε

1119 2012 1297 2056 autem
1324 2016 1391 2057 ex
1431 1999 1535 2056 ﬁde
1566 2002 1696 2055 vivit
1722 2018 1738 2057 :
1773 2001 1915 2070 quod
1947 2002 1993 2056 si
2042 2002 2312 2057 subtraxit
2340 2015 2423 2066 se,
2453 2014 2562 2055 non
2589 2000 2706 2070 pla-

1112 2091 1258 2149 cebit
1283 2091 1476 2146 anima:
1514 2106 1646 2145 mea:
1676 2090 1904 2161 (Hebae.
1935 2107 2065 2157 xxx;
2103 2090 2266 2145 Hebr.
2307 2090 2386 2161 ι).
2430 2108 2451 2141 ι

1189 2182 1357 2251 igitur
1418 2180 1718 2236 secundum
1769 2188 2059 2248 utramque
2108 2180 2431 2235 sententiain
2486 2178 2702 2246 placere

1118 2270 1229 2328 Deo
1255 2285 1358 2324 non
1407 2282 1718 2339 possumus,
1757 2270 1860 2326 nisi
1894 2274 2097 2325 rectam
2139 2285 2279 2325 vera:
2310 2258 2432 2324 ﬁdei
2465 2268 2704 2339 regulam

1117 2369 1419 2413 teneamus.
1451 2357 1612 2413 Fides
1640 2368 1724 2414 est
1751 2359 1904 2427 origo
1934 2361 2216 2423 virtutum,
2266 2358 2398 2413 ﬁdes
2434 2360 2704 2414 bonorum

1117 2466 1342 2519 operum
1393 2448 1833 2515 fundamentum,
1858 2450 1992 2505 ﬁdes
2032 2459 2113 2505 est
2148 2452 2310 2505 totius
2336 2450 2586 2505 humanae
2616 2466 2705 2505 sa-

1119 2535 1249 2593 lutis
1298 2538 1602 2592 exordium.
1634 2537 1738 2593 Per
1765 2538 1920 2607 cujus
1970 2541 2176 2599 sentiae
2227 2540 2425 2594 lineam
2454 2540 2704 2610 quisquis

1119 2641 1277 2684 caute
1307 2646 1411 2684 non
1440 2630 1707 2700 graditur,
1737 2632 1940 2686 erroris
1974 2630 2187 2702 laqueo,
2221 2646 2443 2687 necesse
2474 2638 2581 2695 est,
2613 2646 2707 2687 ca-

1118 2723 1313 2793 piatur.
1372 2722 1714 2792 Quapmptcr
1765 2722 1810 2776 si
1840 2722 2110 2794 quispiam
2168 2724 2417 2777 videatur
2462 2724 2706 2792 arripere

1117 2812 1241 2867 boui
1293 2815 1473 2881 Operis
1516 2812 1842 2877 institutum,
1908 2824 2087 2867 tamen
2142 2812 2346 2882 absque
2376 2822 2524 2868 recta
2574 2810 2703 2877 ﬁde,

1118 2904 1266 2959 nu‘.la
1294 2904 1449 2959 modo
1475 2912 1653 2975 potest
1682 2904 1749 2957 ad
1782 2904 2013 2960 ﬁliorum
2040 2905 2133 2959 Dei
2163 2907 2439 2974 pertinere
2470 2917 2703 2962 consor-

1120 2996 1276 3050 tium.
1308 2996 1376 3050 Et
1412 2996 1505 3065 qui
1539 3011 1647 3050 non
1675 2995 1828 3049 novit
1857 2995 2137 3050 ambulare
2167 3012 2265 3067 per
2287 2996 2470 3065 ﬁdem,
2497 3001 2691 3072 nequa-

1118 3102 1280 3158 quam
1302 3088 1610 3158 pertingere
1634 3086 1830 3141 valebit
1856 3085 1922 3141 ad
1952 3087 2185 3156 speciem
2219 3105 2232 3139 :
2262 3097 2444 3158 atque,
2473 3099 2528 3146 ut
2550 3092 2702 3148 brevi

1119 3186 1312 3231 cuneta
1343 3174 1685 3237 concludam,
1708 3175 1825 3229 sine
1858 3184 2005 3230 recta
2034 3175 2137 3230 ﬁde
2161 3177 2283 3245 quis
2315 3193 2414 3233 nec
2434 3179 2700 3249 justiﬁca-
2729 3143 2774 3205 Β

1122 3267 1284 3322 tionis
1320 3267 1675 3337 consequitur
1708 3268 1963 3337 gratiam,
2006 3282 2106 3323 nec
2146 3267 2310 3322 vitam
2358 3281 2703 3340 promeretur

1118 3367 1399 3411 aeternam.
1429 3355 1546 3409 iam
1590 3356 1756 3426 igitur
1781 3357 1847 3410 ad
1876 3357 2053 3410 vivum
2088 3358 2188 3423 rei,
2215 3368 2381 3429 atque
2407 3361 2472 3416 ad
2500 3376 2699 3433 propo-

1119 3445 1235 3501 sitm
1260 3446 1500 3502 materie
1539 3456 1809 3514 centrum,
1838 3448 1954 3517 ipso
1983 3449 2140 3518 duce,
2174 3451 2241 3506 de
2270 3467 2378 3522 quo
2406 3452 2697 3524 loquimur,

1116 3537 1453 3595 accedatnus.

1633 3630 1860 3696 CAPUT
1899 3633 2189 3691 PRIMUM.

1598 3720 1730 3786 Qua:
1784 3724 2042 3778 credenda
2080 3712 2203 3779 situ.

1186 3810 1245 3865 in
1272 3811 1463 3881 primis
1502 3826 1632 3883 ergo
1653 3812 1960 3881 quicunque
2014 3830 2193 3878 verus,
2228 3824 2394 3887 atque
2425 3818 2700 3889 perfectus

1116 3899 1229 3952 vult
1282 3913 1402 3954 esse
1457 3899 1774 3963 catholicus,
1806 3903 1991 3957 credat
2033 3919 2258 3961 necesse
2302 3914 2408 3974 est,
2435 3908 2492 3963 iu
2528 3910 2697 3968 Deum

1113 3985 1329 4048 Patrem
1354 3989 1803 4059 omnipotentem.
1845 4001 2161 4047 cunctorum
2188 3994 2504 4063 visibilium,
2536 4006 2705 4070 atque

1116 4076 1467 4135 lnvisihilium
1509 4081 1867 4135 conditorem.
1916 4082 2114 4138 Credat
2152 4093 2201 4139 et
2246 4092 2299 4138 in
2336 4084 2531 4143 Filium
2580 4088 2698 4159 ejus

1116 4167 1471 4237 unigenitum,
1520 4169 1759 4224 Verbum
1805 4171 2039 4237 scilicet,
2087 4174 2342 4229 virtutem
2395 4186 2559 4247 atque
2609 4194 2699 4235 sa-

1113 4255 1395 4325 pientiam,
1438 4273 1537 4327 per
1563 4273 1724 4328 quem
1767 4270 1950 4316 creata
1988 4270 2117 4317 sunt
2144 4264 2419 4320 universa.
2457 4266 2559 4334 Qui
2588 4283 2696 4327 non

1113 4358 1352 4427 creatus,
1387 4348 1481 4404 sed
1528 4360 1653 4406 ante
1696 4352 1894 4407 sarcula
1926 4354 2183 4425 genitus;
2212 4370 2373 4413 verus
2420 4358 2563 4415 Deus
2599 4375 2697 4429 per

2804 552 2861 597 et
2890 543 2956 597 de
2992 541 3129 597 Filio
3160 542 3401 613 procedit
3460 540 3530 597 ad
3572 544 4015 605 sanctiﬁcandam
4057 557 4391 613 creaturam,

2802 636 2945 689 sicut
3001 635 3219 703 quidam
3259 634 3423 704 impie
3455 649 3519 689 ac
3560 635 3880 704 pestilenter
3926 636 4393 708 intelligunt;.sed

2803 726 2961 781 simul
2996 724 3063 779 ab
3092 732 3321 795 utroque
3353 726 3615 794 procedit.
3647 723 3808 779 Pater
3833 725 3985 790 enim
4015 727 4179 782 talem
4208 730 4395 799 genuit

2801 818 3022 881 Filium,
3045 826 3103 871 ut
3135 817 3595 887 quemadmodum
3645 816 3712 873 de
3744 832 3823 884 se,
3855 818 3929 871 ita
3957 832 4175 889 quoque
4205 820 4271 877 de
4302 820 4394 877 illo

2801 909 3061 979 procedat
3092 907 3326 977 Spiritus
3351 907 3617 969 veritatis.

2874 999 3198 1053 Constanter
3245 1000 3449 1067 itaque,
3502 999 3573 1053 ﬁli
3636 1000 3984 1063 charissima,
4040 1015 4105 1052 ac
4162 997 4397 1054 ﬁrmiter

2802 1099 2985 1155 crede,
3033 1090 3269 1153 Patrem,
3322 1099 3377 1145 et
3426 1088 3643 1155 Filium,
3704 1100 3761 1146 et
3817 1090 4083 1161 Spiritum
4142 1103 4393 1146 sanctum

2804 1196 2969 1234 unum
3013 1195 3136 1235 esse
3177 1180 3371 1246 solum,
3400 1190 3455 1235 et
3491 1196 3679 1237 verum
3719 1182 3911 1247 Deum,
3940 1180 4391 1251 omnipotentem,

2802 1280 3085 1338 aiternum,
3121 1271 3639 1336 incommutabilem,
3693 1260 4110 1342 impassibilem.
4156 1272 4281 1326 Sola
4313 1280 4402 1331 est

2803 1362 2948 1415 enim
2977 1360 3462 1427 incommutabilis,
3491 1369 3547 1415 et
3577 1362 3782 1431 absque
3826 1361 3935 1417 ulia
3960 1377 4183 1432 prorsus
4220 1363 4398 1416 varie.

2807 1452 2929 1505 tatis
2957 1450 3267 1505 alteruitate
3316 1452 3643 1517 subSIautia,
3697 1452 3785 1512 vel
3814 1453 4074 1519 essentia,
4108 1469 4228 1524 qua:
4256 1453 4404 1509 Deus

2803 1553 2907 1599 est.
2956 1542 3054 1599 (lui
3085 1544 3327 1613 profecto
3372 1546 3547 1615 ipsum
3596 1558 3742 1609 esse,
3775 1546 3919 1601 unde
3957 1546 4193 1602 essentia
4236 1560 4399 1601 voca-

2802 1634 2988 1689 bulum
3024 1636 3214 1700 trahit,
3234 1637 3569 1704 permaxima
3594 1650 3657 1689 ac
3680 1637 3965 1691 verissime
3991 1637 4270 1705 competit.
4297 1634 4400 1690 Cui

2805 1723 3012 1778 scilicet
3036 1738 3260 1777 summa:
3286 1739 3351 1778 ac
3385 1722 3645 1794 singulari
3675 1722 3996 1779 substantia:
4042 1739 4237 1778 nomen
4268 1722 4402 1778 illud

2802 1813 3020 1883 proprie
3071 1827 3134 1867 ac
3191 1808 3543 1883 singulariter
3587 1815 3856 1883 congruit,
3902 1814 4047 1883 quod
4097 1814 4272 1869 Graeci
4318 1814 4403 1869 di-

2804 1908 2958 1964 cunt,
2990 1918 3054 1953 ou
3072 1917 3090 1965 ;
3124 1899 3318 1956 Latine
3346 1900 3566 1966 dicitur,
3611 1910 3717 1957 est.
3748 1902 3900 1958 Unde
3925 1901 3988 1974 6.
4018 1912 4073 1958 et
4102 1902 4403 1972 Apostolus

2803 1990 2880 2044 ait
2912 2009 2925 2042 ;
2966 2010 2983 2043 ι
3020 1989 3135 2044 Non
3185 2001 3270 2045 est
3312 1990 3367 2045 in
3404 1990 3496 2045 illo
3526 2000 3633 2057 est,
3679 2001 3732 2047 et
3763 2006 3869 2047 non
3900 2011 3914 2047 :
3946 1992 4043 2047 sed
4081 2002 4167 2047 est
4194 1992 4249 2047 in
4282 1991 4401 2053 illo.

2804 2090 2887 2136 est
2912 2079 2998 2149 (II
3022 2080 3146 2134 Cor.
3175 2078 3237 2149 ι).
3273 2098 3293 2133 ι
3331 2078 3451 2151 Ipse
3489 2095 3706 2151 quoque
3736 2080 3999 2136 Dominus
4024 2083 4091 2137 ad
4117 2080 4344 2153 Moysen
4385 2122 4398 2135 .

2809 2191 2827 2223 ι
2884 2172 3017 2241 Ego,
3066 2171 3268 2240 inquit,
3295 2184 3436 2245 sum,
3500 2171 3594 2240 qui
3640 2186 3781 2226 sum.
3814 2171 3922 2225 Et:
3971 2170 4063 2227 Sic
4093 2172 4243 2227 dices
4274 2171 4405 2227 ﬁliis

2802 2261 2971 2317 Israel
3024 2281 3040 2318 :
3088 2261 3187 2333 qui
3238 2269 3345 2328 est,
3396 2260 3548 2325 misit
3597 2276 3689 2317 me
3734 2262 3808 2317 ad
3851 2276 3952 2318 vos
3999 2259 4199 2333 (Exod.
4229 2261 4339 2333 tu).
4376 2281 4397 2317 ι

2804 2353 3168 2420 Quamobrem
3196 2352 3324 2409 dum
3368 2367 3558 2417 unam,
3590 2349 3918 2422 simplicem,
3955 2359 4119 2422 atque
4154 2350 4406 2409 invisibiy—

2806 2444 2913 2500 lem
2967 2444 3059 2499 Dei
3098 2442 3464 2502 substantiam
3514 2442 3775 2511 dicimus,
3806 2432 4137 2523 Trinitatem
4162 2459 4291 2500 vero
4347 2445 4405 2501 in

2804 2534 3084 2591 vocabulis
3104 2536 3499 2601 discernamus.
3528 2550 3806 2606 unumque
3840 2534 4201 2592 conﬁteamur
4223 2537 4401 2592 Deum

2804 2625 3043 2693 Patrem,
3088 2635 3146 2681 et
3192 2625 3411 2692 Filium,
3440 2635 3498 2682 et
3530 2625 3796 2697 Spiritum
3844 2636 4119 2694 sanctum,
4175 2628 4406 2686 omnino

2805 2718 3087 2783 sciendum
3111 2729 3195 2774 est
3227 2737 3241 2774 :
3266 2720 3391 2790 quia
3415 2729 3472 2775 et
3501 2720 3706 2791 quique
3742 2719 3989 2791 singulus
4011 2720 4209 2777 horum
4236 2721 4409 2788 Deus,

2806 2822 2861 2867 et
2899 2810 3057 2867 simul
3098 2825 3290 2867 omnes
3340 2828 3482 2869 unus
3531 2824 3615 2869 est
3660 2813 3825 2871 Deus.
3855 2813 4118 2885 Singulos
4169 2814 4405 2886 quisque

2806 2900 3003 2961 liorttm
3046 2900 3225 2971 plena,
3254 2910 3310 2957 et
3333 2900 3605 2973 perfecta,
3652 2911 3709 2958 et
3734 2911 3937 2958 aeterna
3968 2902 4315 2959 substantia:
4347 2914 4406 2959 es

2806 2984 2969 3050 simul
2991 3004 3181 3046 omnes
3202 3005 3357 3063 teque
3384 2992 3615 3063 simplex
3645 3002 3703 3049 et
3728 3007 3835 3049 una
3879 2993 4207 3049 substantia.
4248 2993 4409 3053 Unde

2808 3095 2917 3136 non
2942 3090 3030 3135 est
3062 3080 3240 3150 majus
3292 3082 3515 3153 aliquid,
3551 3084 3635 3139 vel
3664 3084 3876 3153 plenius
3908 3084 4093 3150 Pater,
4117 3093 4175 3141 et
4210 3085 4404 3151 Filius,

2806 3180 2861 3228 et
2899 3170 3138 3242 Spiritus
3176 3176 3402 3230 sanctus
3452 3174 3613 3231 simul
3653 3176 3808 3242 dicti,
3833 3191 3995 3245 quam
4024 3190 4153 3232 cum
4202 3170 4410 3233 dicitur

2805 3278 2913 3317 una
2940 3262 3194 3331 quamlibet
3240 3277 3308 3318 ex
3352 3266 3543 3319 eadem
3582 3274 3777 3321 sancta
3831 3264 4100 3322 Trinitate
4144 3282 4402 3337 persona.

2805 3354 3162 3425 Omnipotens
3208 3356 3357 3410 enim
3411 3355 3552 3412 Deus
3586 3371 3686 3428 per
3731 3359 4160 3415 immensitatem
4192 3370 4406 3417 natura

2804 3459 2935 3511 suas,
2967 3454 3135 3501 totam
3170 3459 3481 3505 creaturam
3514 3461 3669 3502 suam
3698 3456 3756 3503 et
3786 3448 3996 3518 implet,
4023 3460 4079 3505 et
4108 3451 4354 3513 continet
4385 3469 4399 3506 :

2803 3545 2967 3606 atque
3008 3535 3133 3591 ideo
3170 3544 3364 3600 totum,
3404 3536 3669 3607 quidquid
3724 3546 3835 3604 est,
3885 3539 4073 3608 implet
4103 3540 4287 3608 Pater,
4321 3551 4404 3603 to.

2804 3636 2918 3682 tum
2947 3627 3139 3695 Filius,
3194 3636 3367 3684 totum
3415 3627 3655 3699 Spiritus
3682 3640 3947 3688 sanctus:
3974 3634 4098 3702 quia
4138 3632 4321 3700 Pater,
4347 3646 4406 3694 et

2805 3717 3011 3783 Filius,
3071 3729 3128 3775 et
3183 3718 3421 3791 Spiritus
3468 3728 3695 3777 sanctus
3746 3723 4073 3783 naturaliter
4127 3741 4266 3783 unus
4316 3736 4405 3785 est

2807 3804 2966 3863 Deus.

2876 3897 3165 3966 Quocirca,
3216 3900 3289 3956 ﬁli
3331 3902 3429 3969 mi,
3460 3918 3586 3970 cum
3619 3904 3840 3968 litaniis,
3873 3906 3959 3961 vel
3978 3908 4319 3966 orationibus
4347 3920 4405 3967 to

2801 3988 3070 4059 contingit
3092 3990 3367 4059 insistere,
3399 3994 3509 4051 noli
3540 3992 3742 4061 facere,
3765 3997 3910 4067 quod
3942 3990 4164 4069 quidam
4187 4001 4403 4072 simpli»

2803 4094 2894 4134 ces
2922 4080 3096 4151 magis
3140 4082 3480 4150 ignoranter,
3512 4099 3675 4155 quam
3725 4085 4018 4145 inﬁdeliter
4048 4091 4297 4153 faciunt.
4341 4102 4403 4149 ut

2802 4183 2999 4225 nomen
3041 4170 3247 4239 Patris,
3279 4174 3363 4229 vel
3402 4174 3548 4241 Filii,
3600 4176 3687 4233 vel
3740 4176 3978 4251 Spiritus
4015 4185 4191 4238 sancti
4229 4199 4409 4242 semet

2802 4258 3023 4321 invoces
3086 4278 3100 4317 :
3164 4268 3363 4320 nomen
3411 4278 3540 4321 vero
3569 4276 3774 4323 sanctas
3813 4268 4101 4328 Trinitatis
4128 4280 4393 4344 tanquam

2800 4348 2919 4419 plus
2967 4350 3190 4421 aliquid,
3241 4362 3296 4408 et
3344 4355 3414 4409 ad
3482 4357 3747 4427 majorem
3796 4365 4158 4417 reverentiam
4199 4366 4402 4436 saepius

1112 4438 1313 4501 omnia,
1346 4438 1484 4493 sicut
1526 4439 1709 4506 Pater,
1739 4452 1793 4495 et
1817 4442 1975 4496 unius
2005 4458 2125 4497 cum
2161 4443 2322 4501 Patre
2351 4447 2693 4518 substantias,
2722 4487 2774 4547 ο
2804 4437 2968 4494 iter“
2998 4457 3011 4493 ε
3042 4449 3100 4495 υῑ
3121 4441 3263 4496 Sim“
3291 4442 3344 4513 Pl

2162 4443 2322 4501 Patre
2351 4447 2693 4518 substantia,
2722 4487 2774 4547 Β
2804 4437 2968 4494 iteres
2998 4441 3263 4547 aut‘sicut
3291 4442 3412 4546 plus
3430 4453 3516 4499 est
3544 4445 4193 4517 multitudo-sanctorum,
4224 4470 4394 4524 quam

1114 4531 1362 4599 quamvis
1406 4530 1730 4585 alteriusrsit
1772 4546 2041 4600 personae.
2080 4532 2189 4590 Nec
2232 4538 2504 4605 posterior
2557 4548 2693 4595 tem-

1112 4636 1261 4693 pore,
1294 4622 1375 4675 vel
1404 4622 1629 4677 inferior
1656 4624 1936 4694 dignitate,
1970 4624 2053 4680 vel
2091 4627 2440 4696 impotentior
2460 4639 2545 4686 est
2578 4633 2693 4687 vir-

1113 4721 1257 4777 tute;
1292 4714 1383 4767 sed
1416 4715 1635 4767 omnino
1659 4724 1838 4769 tantus
1864 4725 1948 4771 est
1976 4718 2203 4786 genitus,
2239 4729 2476 4787 quantus
2497 4730 2551 4776 et
2581 4723 2691 4789 ille,

1112 4806 1203 4873 qui
1233 4805 1437 4875 genuit.
1470 4804 1536 4858 Et
1565 4819 1871 4877 quanquam
1912 4810 2124 4879 genitus
2147 4826 2176 4863 a
2206 4810 2367 4865 Patre
2404 4813 2573 4869 Filius
2603 4830 2693 4870 as-

1117 4902 1350 4957 seratnr,
1404 4895 1609 4948 nullum
1656 4904 1835 4952 tamen
1868 4899 1939 4961 ei,
1971 4900 2109 4953 sicut
2143 4916 2243 4955 nec
2283 4901 2452 4967 Patri,
2486 4913 2695 4975 tempus

1114 4983 1423 5037 ascribitur.
1478 4984 1612 5038 Nam
1663 4989 1755 5056 qui
1805 4986 2020 5043 Patrem
2074 4992 2361 5046 conﬁtetur
2402 5004 2685 5062 teternum,

1112 5064 1478 5126 necessarium
1510 5083 1611 5138 est,
1654 5084 1711 5133 ut
1734 5084 1787 5129 et
1815 5076 2008 5131 Filium
2056 5080 2103 5133 ci
2135 5083 2419 5147 perhibent
2465 5094 2694 5139 coaeter-

1112 5174 1260 5214 ttum.
1294 5159 1557 5215 Nimirum
1588 5164 1676 5232 qui
1710 5166 1878 5235 fquia]
1913 5168 2074 5223 Pater
2102 5181 2225 5223 ante
2255 5173 2445 5226 smcula
2477 5190 2691 5245 semper

1111 5252 1343 5315 exstitit,
1373 5255 1574 5322 absque
1598 5254 1702 5308 ullo
1726 5272 1945 5324 prorsus
1970 5261 2139 5323 initio,
2174 5273 2225 5315 et
2256 5264 2448 5318 Filium
2479 5282 2692 5337 semper

1112 5340 1319 5394 ltahuit.
1355 5340 1538 5410 Neque
1558 5344 1701 5396 enim
1725 5361 1843 5400 esse
1867 5347 2024 5402 Pater
2053 5352 2380 5406 mternaliter
2406 5356 2689 5422 potuisset,

1112 5429 1157 5483 si
1184 5428 1379 5483 Filium
1405 5433 1735 5487 aeternaliter
1766 5452 1868 5489 non
1904 5439 2143 5493 haberet.
2185 5440 2380 5495 Credat
2409 5454 2461 5496 et
2488 5444 2538 5497 in
2572 5444 2696 5514 Spi-

1113 5522 1273 5571 ritum
1325 5530 1592 5586 sanctum,
1641 5540 1825 5577 verum
1870 5529 2051 5597 utique
2083 5530 2264 5591 Deum,
2299 5548 2366 5586 ex
2404 5533 2585 5598 Patre,
2617 5536 2696 5590 si-

1114 5608 1225 5661 mul
1280 5625 1344 5664 ac
1390 5610 1523 5664 Fdio
1579 5616 1989 5681 procedentem;
2032 5630 2084 5673 et
2124 5622 2337 5689 utrique
2367 5622 2691 5688 substantia,

1106 5703 1373 5770 potentia,
1408 5704 1701 5769 voluntate,
1738 5716 1894 5777 atque
1938 5710 2237 5767 aeternitate
2278 5728 2493 5784 seraper
2513 5729 2693 5786 tequav

2804 4543 2945 4583 unus
2986 4530 3060 4585 sit
3105 4528 3362 4599 Sanctus,
3391 4533 3488 4599 ita,
3516 4535 3661 4606 quod
3680 4537 3845 4605 absit,
3879 4537 4051 4609 majus
4077 4541 4281 4612 aliquid
4324 4546 4399 4600 sit

2802 4615 3040 4673 Trinitas
3067 4627 3197 4685 tota,
3230 4636 3395 4691 quam
3437 4622 3679 4691 ejusdem
3719 4637 3924 4682 sanctae
3974 4626 4257 4689 Trinitatis
4288 4645 4397 4695 una

2800 4723 3046 4778 persona.
3108 4710 3263 4777 Quod
3324 4712 3509 4783 itaque
3578 4713 3818 4770 ﬁdelium
3866 4718 4041 4787 pietas
4086 4720 4293 4790 abjicit,
4339 4732 4399 4778 et

2804 4801 3121 4856 orthodoxa:
3152 4802 3273 4857 ﬁdei
3322 4805 3507 4874 regula
3554 4821 3665 4861 non
3711 4808 3969 4863 admittit.
4016 4810 4238 4880 Absque
4286 4814 4395 4868 ulla

2803 4898 3060 4955 nimirum
3107 4899 3383 4953 dubietate
3414 4902 3743 4956 credendum
3775 4913 3878 4968 est,
3901 4905 4046 4972 quod
4088 4905 4251 4960 Pater
4276 4910 4394 4978 ple-

2802 5004 2925 5052 nus,
2958 4998 3010 5043 et
3039 4988 3313 5059 perlectus
3363 5000 3450 5045 est
3500 4991 3673 5057 Deus,
3708 4992 3878 5048 Filius
3928 4993 4120 5065 plenus
4162 5008 4217 5049 et
4269 5012 4395 5066 per-

2803 5080 2978 5135 fectus
3015 5089 3095 5133 est
3137 5079 3312 5143 Deus;
3348 5079 3584 5148 Spiritus
3627 5091 3848 5138 sanctus
3874 5083 4096 5151 plenus,
4125 5095 4177 5138 et
4207 5084 4395 5153 perfe-

2799 5181 2920 5225 ctus
2950 5179 3034 5225 est
3066 5170 3227 5226 Deus.
3265 5169 3380 5225 Non
3416 5180 3596 5227 tamen
3626 5180 3737 5227 tres
3764 5174 3854 5235 dii,
3894 5174 4074 5237 Pater,
4117 5185 4169 5230 et
4198 5176 4389 5244 Filius,

2800 5275 2853 5325 et
2883 5264 3117 5333 Spiritus
3140 5273 3379 5329 sanctus,
3406 5264 3499 5318 sed
3541 5280 3681 5319 unus
3728 5275 3811 5319 est
3838 5267 3976 5321 Deus
4000 5268 4193 5337 plenus
4222 5279 4393 5340 atque

2800 5356 3094 5425 perlectus.
3138 5354 3249 5409 Nec
3301 5356 3501 5423 aliquid
3541 5355 3712 5423 majus
3746 5356 4056 5426 signiﬁcant
4095 5367 4202 5413 tres
4228 5359 4391 5415 simul

2800 5446 2948 5506 dicti,
2997 5444 3195 5510 Pater,
3217 5454 3270 5499 et
3301 5445 3489 5509 Filius,
3549 5455 3601 5501 ct
3650 5447 3888 5515 Spiritus
3928 5458 4167 5514 sanctus,
4224 5466 4389 5518 quam

2798 5536 3026 5603 quii'tbet
3056 5552 3212 5599 unus,
3260 5537 3372 5590 sive
3402 5535 3590 5601 Pater,
3630 5537 3746 5593 sive
3787 5538 3976 5608 Filius,
4010 5541 4123 5594 sive
4153 5542 4392 5608 Spiritus

2800 5636 3022 5681 sanctus
3093 5627 3444 5698 singulariter
3518 5628 3848 5683 nominetur.
3913 5631 4111 5707 Eadem
4191 5633 4393 5705 quipr

2802 5719 3116 5790 magnitudo
3171 5728 3254 5775 est
3303 5720 3357 5778 in
3391 5736 3718 5791 unaquaque
3767 5738 3997 5793 persona
4041 5724 4394 5795 singulariter
