5652 6420
439 0 4590 117 h—

2196 442 2269 498 l’i
2612 441 2669 497 S.
2709 441 2910 499 PETlll
2947 443 3222 498 DAMIANI
3265 442 3410 497 Ol‘P.
3454 441 3688 501 TOIUS
3727 441 3858 500 SEU
3898 443 4075 500 PARS
4113 445 4198 501 Ill.
4229 479 4300 491 —
4333 445 4428 504 OPI

3179 443 3222 496 ιι
3265 442 3410 497 Ol‘P.
3454 441 3688 501 TOIUS
3727 441 3858 500 SEU
3898 443 4075 500 PARS
4113 445 4198 501 Ill.
4229 479 4300 491 —
4333 445 4694 508 OPUSCCLA
4733 449 4962 512 VAIIA.
5331 451 5411 516 Ι.

2195 550 2358 614 dicta,
2388 566 2506 621 quae
2535 563 2618 608 est
2656 555 2708 607 in
2745 564 2854 609 tota
2899 557 3159 613 'l‘riuitate
3191 560 3547 614 communiter
3582 562 3750 613 nomi-
3782 563 3824 618 Α
3859 567 4071 620 ternus.
4101 558 4340 624 ejusdem
4367 563 4751 620 immensitatis
4775 575 4832 622 et
4857 567 5142 636 potentia.
5167 563 5414 640 Μ,

2197 647 2322 693 nata
2349 655 2365 693 :
2395 641 2628 710 alioquin
2655 657 2772 698 cum
2805 645 2928 712 jure
2955 645 3187 709 dicaunr,
3217 646 3379 701 Pater
3402 648 3562 713 Deus,
3585 648 3753 705 Filius

2199 728 2364 794 Deus,
2387 731 2618 800 Spiritus
2639 743 2856 790 sanctus
2881 736 3043 799 Deus,
3065 737 3308 806 singulas
3337 739 3528 793 horum
3561 740 3754 810 impero

2194 818 2364 874 fectus
2397 830 2537 876 esset
2576 823 2717 876 Deus
2745 841 2759 875 :
2790 824 2833 878 si
2864 825 3072 893 plenior
3106 826 3244 880 Deus
3287 828 3338 880 in
3371 829 3559 892 tribus,
3589 844 3751 897 quam

2193 909 2248 960 in
2279 924 2379 962 una
2409 911 2677 967 videretur
2703 926 2824 966 esse
2869 927 3118 981 persona.
3159 913 3262 968 Sed
3291 915 3429 969 absit
3455 915 3554 970 hoc
3581 931 3609 970 a
3638 918 3751 985 pie-

2194 1005 2298 1051 tate
2325 997 2578 1063 lldelium,
2607 1001 2696 1069 qui
2727 1001 2954 1071 simplici
2993 1013 3196 1059 natura
3233 1006 3527 1062 divinitatis
3555 1006 3748 1075 majus,

2187 1085 2273 1139 vel
2294 1087 2474 1142 minus
2498 1088 2696 1158 aliquid
2727 1106 2832 1145 non
2863 1093 3156 1148 ascribunt.

2256 1179 2388 1233 Cum
2437 1180 2615 1249 itaque
2662 1191 2842 1236 tantus
2884 1184 3029 1239 solus
3056 1185 3125 1238 sit
3154 1183 3331 1246 Pater,
3363 1188 3446 1240 vel
3488 1188 3634 1243 solus
3661 1189 3749 1242 Fi-

2184 1266 2308 1329 lius,
2357 1269 2438 1322 vel
2485 1271 2628 1324 solus
2661 1270 2892 1338 Spiritus
2927 1283 3146 1328 sanctus
3186 1286 3422 1344 quantus
3467 1288 3553 1331 eSt
3588 1279 3746 1332 simul

2175 1352 2361 1420 Pater,
2386 1364 2437 1410 et
2460 1357 2648 1422 Filius,
2672 1369 2727 1412 et
2757 1359 2989 1428 Spiritus
3011 1373 3251 1428 sanctus,
3280 1365 3424 1419 nullo
3467 1368 3622 1420 modo
3655 1369 3747 1422 tri-

2180 1440 2302 1510 plex
2327 1445 2584 1500 dicendus
2609 1456 2689 1501 est
2715 1448 2872 1513 Deus,
2887 1451 3011 1518 quia
3037 1467 3158 1506 cum
3186 1453 3617 1524 minuinequeat,
3641 1473 3744 1513 non

2174 1540 2264 1586 est
2296 1533 2479 1596 etiam,
2502 1550 2610 1602 quo
2647 1551 2859 1605 semper
2892 1541 3078 1593 eadem
3104 1540 3192 1594 illa
3213 1557 3434 1595 summa:
3465 1544 3743 1602 Trinitatis

2175 1620 2438 1688 perfectio
2489 1633 2718 1677 crescat.
2787 1624 2982 1680 Plenus
3021 1628 3199 1696 igitur,
3254 1639 3417 1698 atque
3472 1634 3741 1699 perfectus

2173 1706 2338 1769 Dens,
2361 1709 2476 1763 sive
2505 1710 2666 1767 Pater
2691 1713 2995 1784 singillatim
3020 1715 3248 1776 dicatur,
3276 1719 3388 1772 sive
3419 1719 3606 1786 Filius,
3629 1727 3740 1778 sive

2174 1793 2411 1864 Spiritus
2438 1809 2659 1855 sanctus
2688 1809 2741 1855 et
2771 1803 2976 1871 plenus,
3011 1814 3171 1874 atque
3201 1809 3476 1876 perfectus
3499 1814 3634 1867 Deus
3658 1827 3738 1868 est

3857 647 4143 702 τυιωιιωιίε
4163 650 4642 722 inseparabilisqu
4663 663 4888 710 natat-te.
4907 652 5046 723 mla
5071 669 5416 730 neququ-

3854 734 3958 788 illis
3999 736 4050 788 in
4092 736 4270 804 aliquo
4310 739 4486 795 minor
4507 744 4641 805 'est,
4674 756 4704 794 a
4742 743 4936 811 quibus
4973 744 5088 813 ipse
5121 743 5408 816 procedit:

3851 828 3946 880 sed
3975 843 4095 880 cum
4131 830 4234 882 illis
4264 830 4420 884 simul
4459 841 4520 884 ut
4550 847 4736 888 revera
4777 835 4916 890 Deus
4944 835 5286 906 omhipotens
5315 855 5408 895 co-

3848 912 4001 975 litur,
4057 930 4177 968 cum
4235 917 4339 972 illis
4387 919 4667 988 tqualiter
4723 923 4995 979 aduratur.
5047 925 5214 980 Totus
5264 933 5408 983 enim

3847 1012 4031 1056 manet
4082 1005 4134 1056 in
4183 1005 4377 1071 Patre,
4429 1016 4573 1062 totus
4613 1009 4663 1062 in
4704 1010 4876 1074 Filio;
4921 1021 5066 1067 tots
5101 1017 5338 1081 procedit
5376 1031 5407 1070 a

3849 1091 4043 1156 Patre,
4081 1103 4224 1149 totus
4257 1098 4499 1165 procedit
4529 1113 4558 1153 a
4590 1099 4745 1154 Filio.
4776 1101 4829 1154 In
4859 1102 5052 1170 quibus
5083 1104 5160 1159 sic
5188 1113 5365 1159 manet
5390 1147 5404 1168 .

3846 1189 3905 1233 ut
3937 1198 4152 1253 semper
4182 1186 4249 1238 ab
4277 1195 4508 1256 utroque
4535 1191 4828 1257 procedat;
4859 1193 4936 1246 sic
4964 1195 5236 1261 procedit,
5267 1203 5324 1248 ut
5351 1196 5406 1248 in

3846 1270 3924 1322 eis
3953 1270 4378 1339 inseparabiliter
4405 1287 4604 1330 manet.
4634 1277 4765 1331 Cum
4794 1281 4986 1347 quibus
5014 1282 5222 1336 scilicet
5249 1291 5408 1338 natu-

3847 1359 4011 1414 ralem
4030 1401 4045 1425 ,
4073 1373 4126 1416 et
4151 1367 4561 1421 coessentialem
4616 1370 4778 1424 habet
4807 1381 4862 1425 et
4890 1374 5115 1428 unitatis
5171 1374 5409 1443 plenitu-

3841 1449 4051 1515 dinem,
4081 1463 4134 1506 et
4160 1454 4511 1521 plenitudinis
4538 1461 4816 1516 unitatem.
4850 1463 4911 1516 Et
4943 1465 5054 1518 hinc
5081 1481 5284 1520 summa
5313 1466 5404 1520 illa

3843 1542 4080 1594 charilas
4109 1554 4188 1595 est
4214 1584 4227 1607 ,
4261 1560 4360 1613 qua
4390 1551 4598 1615 genitus
4627 1566 4654 1602 a
4682 1551 4928 1621 gignente
4959 1554 5195 1623 diligitur
5221 1571 5404 1610 num-

3842 1644 3951 1694 que
3991 1629 4162 1697 diligit
4199 1635 4518 1700 genitorem.
4563 1637 4792 1707 Ideoque
4833 1655 4936 1693 non
4978 1643 5203 1710 amplius
5235 1659 5400 1712 quam

3842 1721 3941 1772 tria
3993 1731 4147 1786 sunt,
4200 1733 4253 1774 et
4301 1728 4659 1782 essentialiter
4707 1731 4976 1793 indivisa,
5027 1742 5078 1788 et
5130 1735 5397 1802 tripartila

3843 1810 4172 1875 proprietate
4219 1814 4492 1867 distincta.
4549 1817 4699 1872 Unus
4735 1820 4960 1889 diligens
5002 1837 5156 1884 eum,
5200 1824 5289 1891 qui
5331 1825 5402 1879 de

2173 1886 2336 1940 simul
2366 1887 2548 1953 Pater,
2581 1899 2634 1944 et
2658 1891 2846 1960 Filius,
2880 1905 2934 1949 et
2964 1895 3196 1965 Spiritus
3227 1912 3444 1956 sanctus
3477 1922 3489 1955 :
3517 1905 3736 1974 ideoque
3769 1891 3812 1948 Β
3843 1901 3930 1952 illo
3958 1913 4077 1965 05H
4113 1913 4164 1956 οι
4197 1921 4333 1958 IIW'S
4370 1908 4594 1976 ίείΙῖεθηε
4620 1924 4740 1960 ("tm
4765 1949 4778 1970 ν
4818 1925 4846 1964 α
4886 1925 4992 1978 Ψιο
5030 1920 5152 1975 θείς
5192 1922 5245 1965 ει
5284 1913 5400 1981 ῖβδε

2172 1973 2349 2028 trinas
2373 1975 2537 2040 Deus,
2559 1992 2665 2032 non
2694 1981 2880 2048 triplex
2907 1998 3024 2037 esse
3048 1985 3304 2041 dicendus
3330 1999 3430 2042 est.

2244 2061 2509 2119 Prmterea
2559 2083 2663 2122 non
2692 2080 2776 2123 est
2816 2072 2869 2125 in
2899 2074 2998 2128 hac
3037 2085 3222 2130 sancta
3253 2077 3516 2134 Trinitate
3546 2084 3743 2150 gradus

2170 2153 2450 2219 temporis,
2484 2170 2588 2208 non
2630 2157 2883 2213 discretio
2912 2164 3319 2231 magnitudinis,
3368 2183 3474 2222 non
3507 2173 3740 2226 varietas

2174 2237 2468 2306 dignitatis.
2503 2240 2648 2296 Nihil
2672 2247 2812 2299 enim
2839 2248 2947 2302 illic
2981 2260 3063 2304 est
3097 2251 3148 2320 5
3176 2255 3446 2323 antiquius
3475 2269 3736 2329 tempone,

2169 2333 2248 2387 nil
2275 2335 2415 2402 quod
2465 2339 2764 2406 quantitate
2800 2341 3032 2408 dill'erat,
3066 2346 3140 2398 nil
3185 2349 3325 2416 quod
3357 2350 3566 2407 honore
3604 2370 3735 2422 prte-

2169 2423 2328 2477 cellat
2355 2441 2367 2478 :
2404 2427 2496 2481 sed
2522 2435 2632 2480 tota
2665 2429 2754 2482 illa
2778 2430 3074 2488 divinitatis
3101 2440 3329 2491 essentia
3371 2440 3443 2494 ita
3472 2443 3733 2510 simplicis

2167 2523 2253 2566 est
2281 2522 2504 2581 natura,
2532 2525 2588 2569 ut
2613 2520 2850 2588 exceptis
2889 2525 3165 2579 vocabulis
3201 2543 3320 2596 qua:
3346 2541 3731 2600 proprietatem

2166 2600 2409 2657 indicant
2450 2620 2824 2674 personarum,
2859 2613 3118 2681 quidquid
3150 2616 3214 2670 de
3251 2633 3353 2671 una
3383 2634 3611 2687 persona
3644 2639 3734 2692 po-

2162 2699 2277 2744 test
2301 2694 2657 2748 essentialiter
2683 2697 2787 2750 dici
2849 2701 2914 2754 de
2960 2703 3132 2757 tribus
3155 2706 3319 2759 etiam
3374 2710 3546 2765 valeat
3574 2714 3730 2766 indil-

2162 2785 2403 2838 ferenter
2448 2787 2690 2857 intelligi.
2723 2789 3024 2848 Notandum
3055 2811 3204 2862 sane,
3252 2801 3392 2866 quod
3434 2803 3591 2856 homo
3623 2822 3726 2858 non

2164 2874 2231 2926 ad
2259 2874 2415 2929 unius
2443 2891 2705 2944 personae,
2743 2882 2833 2934 sed
2865 2883 2931 2936 ad
2965 2887 3129 2939 t0tius
3176 2887 3452 2962 Trinitatis
3479 2894 3547 2944 sit
3569 2910 3723 2946 crea-

2160 2969 2247 3014 tus
2295 2961 2603 3033 imaghem.
2651 2967 2801 3023 Unde
2832 2987 2934 3025 non
2967 2972 3159 3043 legitur
3192 2995 3203 3028 :
3245 2961 3458 3032 Faciam
3496 2985 3560 3035 ad
3591 2985 3723 3037 ima-

2159 3050 2343 3116 ginem
2383 3067 2572 3114 meam,
2633 3059 2725 3113 sed
2758 3077 2769 3112 :
2809 3079 2826 3105 ι
2864 3061 3168 3130 Faciamus,
3227 3068 3416 3136 inquit,
3449 3074 3725 3131 hominem

2159 3136 2228 3191 ad
2251 3138 2535 3210 imaginem
2565 3156 2800 3202 nostram
2831 3149 2980 3219 (Cen.
3012 3154 3069 3221 ι).
3114 3175 3132 3205 ι

2777 3241 3004 3297 CAPUT
3044 3245 3103 3298 ll.

2410 3320 2640 3377 Ha'rssis
2669 3327 2780 3379 Arii
2811 3342 2856 3380 et
2898 3331 3115 3386 Sabeltii
3145 3338 3468 3404 confutatur.

2229 3407 2430 3474 Porro,
2489 3415 2626 3468 sicut
2674 3417 3056 3476 confundentes
3104 3425 3327 3492 Arium,
3380 3446 3537 3484 unam
3577 3449 3725 3486 eam-

2166 3495 2394 3566 demque
2434 3503 2594 3556 totius
2633 3503 2912 3562 Trinitatis
2949 3524 3085 3576 esse.
3109 3514 3461 3570 substantiam
3501 3523 3720 3576 conﬁte-

2159 3601 2321 3650 mur;
2376 3590 2446 3644 ita
2495 3593 2842 3650 nihilominus
2887 3610 2941 3652 et
2988 3602 3318 3668 impietatem
3372 3608 3588 3664 Sabellii
3622 3613 3719 3665 de-

2159 3676 2462 3742 clinantes,
2502 3691 2608 3737 tres
2656 3700 2918 3754 personas
2975 3691 3283 3747 iuconfusas
3334 3707 3389 3750 et
3447 3701 3721 3769 signanter

2161 3781 2480 3834 expressas,
2513 3774 2613 3826 sub
2647 3791 2743 3828 sua
2784 3778 3044 3847 cujusque
3075 3784 3402 3851 proprietate
3431 3789 3717 3858 distingui-

2155 3869 2295 3908 mus.
2336 3855 2448 3911 Non
2490 3862 2665 3927 enim,
2707 3875 2761 3917 ut
2804 3867 3054 3925 hieretica
3095 3886 3489 3932 commentatur
3527 3882 3718 3949 impie-

2152 3951 2281 4006 tas,
2331 3946 2443 4017 ipse
2501 3949 2640 4004 Deus
2684 3952 2862 4020 Pater,
2919 3963 3131 4027 quando
3188 3965 3328 4027 vult,
3383 3966 3544 4023 Pater
3591 3946 3713 4037 est;

2155 4037 2371 4100 quando
2423 4039 2568 4104 vult,
2618 4043 2783 4099 Filius
2841 4059 2966 4113 est;
3022 4056 3236 4118 quando
3287 4057 3428 4122 vult,
3484 4060 3718 4129 Spiritus

2158 4135 2378 4180 sanctus
2408 4138 2491 4182 est
2521 4148 2540 4183 τ
2568 4136 2660 4188 sed
2696 4151 3027 4209 unaquzeque
3066 4157 3291 4212 persona
3315 4189 3329 4210 ,
3370 4150 3448 4204 sic
3485 4155 3714 4221 quadam

2159 4218 2230 4270 ab
2269 4218 2388 4273 aliis
2421 4225 2747 4291 proprietate
2783 4232 3130 4301 distinguitur
3161 4276 3175 4299 ,
3216 4247 3272 4289 ut
3309 4239 3468 4295 Pater
3505 4218 3718 4313 semper

2155 4301 2227 4356 sit
2257 4303 2435 4367 Pater.
2469 4321 2522 4362 et
2551 4328 2822 4382 nunquam
2857 4318 3052 4384 Filius,
3085 4325 3168 4376 vel
3201 4325 3433 4394 Spiritus
3463 4301 3712 4397 sanctus;

2163 4391 2332 4447 Filius
2383 4407 2559 4453 autem
2615 4418 2827 4475 semper
2877 4411 2947 4462 sit
2985 4411 3181 4474 Filius.
3233 4391 3288 4470 et
3333 4434 3602 4488 nunquam
3647 4427 3717 4477 sit

2152 4480 2334 4548 Pater,
2374 4489 2466 4547 val,
2493 4489 2727 4559 Spiritus
2752 4508 3007 4565 sanctus;
3049 4504 3284 4574 Spiritus
3329 4523 3546 4566 sanctus
3587 4531 3713 4570 vero

2151 4587 2425 4642 nunquam
2459 4580 2528 4632 sit
2556 4581 2733 4648 Pater,
2767 4589 2848 4642 vel
2877 4589 3072 4654 Filius,
3105 4596 3196 4648 sed
3237 4612 3448 4667 semper
3479 4601 3714 4670 Spiritus

2154 4672 2389 4718 sanctus.
2460 4667 2815 4734 Quamobrem
2879 4693 2982 4731 non
3039 4685 3364 4736 attendenda
3424 4667 3533 4740 ρει-
3573 4692 3711 4745 nuda

2153 4748 2414 4808 duntaxat
2463 4759 2745 4816 diversitas
2802 4769 3116 4834 nominum,
3175 4775 3265 4826 sed
3319 4777 3589 4832 subtiliter
3638 4783 3715 4834 di-

2149 4842 2462 4912 stinguenda
2495 4861 2794 4921 proprietas
2825 4873 3199 4924 personarum.

2215 4931 2377 4989 Pater
2406 4937 2584 5008 itaque
2613 4949 2712 4998 hoc
2741 4946 2900 5000 habet
2928 4952 3202 5019 pr0prium
3227 4995 3242 5018 ,
3270 4959 3413 5023 quod
3439 4973 3502 5011 ex
3537 4962 3710 5015 omni-

2153 5023 2252 5077 bus
2278 5038 2631 5097 qutecumque
2672 5042 2795 5086 sunt
2824 5075 2837 5098 ,
2877 5037 3021 5092 solus
3061 5050 3180 5103 est,
3224 5046 3315 5112 qui
3355 5047 3422 5099 ab
3462 5049 3567 5102 alio
3603 5067 3708 5105 non

2153 5117 2276 5162 est:
2331 5128 2394 5167 ac
2443 5132 2536 5183 per
2585 5121 2685 5175 hoc
2736 5125 2882 5178 solus
2934 5133 3244 5198 agnoscitur
3279 5138 3332 5186 in
3371 5140 3711 5202 paternitatis

2152 5212 2271 5251 esse
2320 5217 2546 5270 persona
2573 5248 2587 5271 ,
2637 5225 2741 5266 non
2788 5215 2934 5270 solus
2967 5229 3049 5271 est
3089 5221 3141 5274 in
3182 5223 3398 5277 deitatis
3451 5231 3704 5281 essentia.

2149 5287 2464 5361 Unigcnitus
2503 5314 2629 5352 vero
2673 5301 2764 5357 Dei
2814 5304 2980 5362 Filius
3028 5311 3131 5364 hoc
3182 5316 3457 5383 proprium
3510 5318 3706 5382 habet,

2145 5384 2285 5448 quod
2315 5384 2457 5439 solus
2488 5403 2552 5442 ex
2585 5391 2698 5446 solo
2720 5433 2734 5455 ,
2774 5395 2825 5448 id
2860 5405 2972 5460 est,
3009 5414 3039 5451 a
3078 5399 3235 5454 Patre
3273 5407 3703 5461 consubstantiao

2141 5469 2286 5536 liter,
2325 5484 2378 5527 et
2415 5483 2844 5538 messentialiter
2875 5488 3029 5543 solus
3066 5501 3148 5545 est
3187 5496 3402 5563 genitus
3442 5516 3452 5548 :
3495 5508 3548 5550 et
3589 5500 3703 5552 haec

2141 5558 2260 5615 Filii
2291 5569 2589 5634 proprietas
2617 5582 2718 5626 est.
2753 5575 2984 5644 Spiritus
3012 5558 3395 5638 autemvsancti
3429 5581 3702 5656 ptioprium

2136 5661 2249 5716 est,
2282 5660 2420 5724 quod
2470 5659 2624 5715 simul
2669 5678 2699 5716 a
2743 5665 2898 5722 Patre
2939 5673 3180 5738 procedit
3225 5685 3278 5728 et
3320 5674 3486 5740 Filio,
3531 5689 3581 5730 et
3622 5691 3706 5731 est

2134 5741 2418 5814 utriusque
2457 5749 2688 5819 Spiritus
2727 5760 3196 5818 consubstatnialis
3229 5764 3450 5832 utique,
3485 5777 3532 5819 ct
3565 5784 3706 5828 coae-

3842 1990 4093 2053 dileelio,
4135 1994 4198 2044 de
4236 2011 4339 2061 qua
4377 1997 4613 2049 dicitur:
4654 2016 4670 2047 t
4702 1998 4834 2063 Quia
4877 2001 5013 2053 Deus
5051 2002 5284 2055 Charitas
5314 2009 5400 2057 (ιι

3839 2079 3942 2145 (ll
3973 2079 4133 2134 Joan.
4175 2085 4288 2150 tv).
4330 2105 4346 2130 ι
4384 2085 4439 2137 li'
4485 2087 4595 2140 haec
4635 2097 4716 2142 est
4753 2102 4993 2149 summa,
5026 2088 5309 2145 incﬂ‘abilis
5342 2100 5400 2145 et

3843 2171 4399 2240 incomprehensibilis
4439 2177 4708 2241 Trinitas,
4741 2194 4843 2231 non
4875 2179 5047 2233 dicam
5080 2180 5234 2234 unius
5271 2180 5396 2246 Dei,

3841 2263 3933 2315 sed
3974 2279 4111 2317 unus
4146 2265 4310 2319 Deus.
4358 2267 4464 2320 Nec
4503 2284 4640 2323 unus
4675 2270 4918 2332 vertitur,
4954 2270 5034 2323 vel
5070 2278 5303 2324 mutatur
5341 2272 5394 2325 in

3839 2352 4070 2404 alterum
4103 2370 4116 2416 ;
4153 2358 4245 2407 sed
4286 2359 4426 2423 quod
4466 2368 4585 2420 est,
4624 2359 4741 2412 sine
4777 2359 5018 2426 qualibet
5055 2361 5347 2416 mutatione
5374 2401 5392 2424 ,

3832 2440 3889 2509 ο
3921 2441 4120 2511 jugiter
4160 2457 4440 2510 permanet
4477 2448 4759 2501 illibatum.
4794 2449 4880 2501 Ait
4907 2449 5049 2501 enim
5090 2450 5341 2518 propheta
5375 2464 5392 2503 :

3843 2550 3858 2579 ι
3909 2532 4229 2600 Egredietur
4260 2537 4324 2588 de
4362 2553 4456 2590 ore
4493 2553 4611 2591 meo
4644 2538 4868 2605 justitize
4905 2541 5122 2592 verbum
5153 2581 5168 2604 ,
5199 2551 5251 2594 et
5286 2556 5393 2594 non

3835 2633 4136 2676 revertetur
4172 2625 4338 2690 (lsai.
4371 2644 4470 2681 xu
4494 2631 4532 2697 ),
4587 2648 4605 2678 ι
4638 2630 4773 2695 Quid
4814 2640 4896 2683 est
4929 2649 4950 2679 ι
5012 2647 5116 2684 non
5159 2641 5388 2685 reverte-

3834 2713 3966 2763 tur?
3999 2733 4015 2761 ι
4048 2713 4122 2766 Ne
4154 2715 4490 2770 Snbellianus
4517 2719 4658 2771 dicat
4690 2719 4812 2787 quia
4844 2720 4953 2788 ipse
4983 2731 5063 2773 est
5093 2720 5268 2783 Pater,
5298 2723 5391 2789 qui

3829 2813 3878 2853 et
3917 2802 4081 2855 Filius
4113 2815 4196 2855 ρει
4229 2823 4240 2856 :
4275 2807 4354 2858 vel
4390 2804 4855 2876 Patripassianus,
4894 2812 5142 2877 quando.
5183 2812 5386 2880 inquit,

3831 2893 3940 2942 vult
3965 2934 3976 2952 ,
4017 2893 4173 2945 Pater
4203 2905 4285 2946 est
4311 2936 4324 2956 ,
4358 2908 4411 2949 et
4439 2898 4652 2964 quando
4682 2898 4816 2960 vult,
4858 2899 5023 2952 Filius
5052 2910 5149 2952 est.
5193 2899 5384 2970 Egres-

3829 2997 3943 3032 sum
3980 2983 4142 3048 igitur
4179 2985 4400 3038 verbum
4432 3003 4536 3038 non
4576 2990 4878 3048 revertitur.
4911 2990 5034 3056 quia
5068 2989 5222 3043 Pater
5247 3004 5388 3045 sem-

3832 3090 3926 3142 per
3957 3075 4120 3128 Pater
4151 3086 4233 3129 est
4254 3117 4267 3134 .
4299 3089 4351 3132 et
4379 3078 4541 3134 Filius
4575 3096 4785 3150 semper
4812 3081 4977 3136 Filius
5003 3093 5105 3136 est.

4446 3168 4667 3225 CAPUT
4707 3171 4790 3223 Ill.

4020 3257 4095 3309 De
4115 3271 4439 3312 sacramento
4474 3261 4758 3315 Dominim'
4783 3263 5192 3322 Incamatiouis.

3895 3345 4176 3401 Credimus
4203 3349 4387 3412 etiam,
4418 3351 4541 3419 quia
4572 3351 4657 3405 Dei
4684 3349 4875 3418 Filius,
4903 3372 5062 3425 quem
5085 3375 5148 3414 ex
5172 3362 5384 3430 propria

3826 3435 4121 3490 substantia
4143 3437 4278 3492 Deus
4300 3441 4458 3493 Pater
4480 3453 4602 3495 ante
4627 3447 4815 3500 stcula
4837 3450 5052 3517 genuit,
5077 3467 5258 3506 verum
5285 3470 5381 3509 na-

3826 3532 3958 3576 tnrte
3981 3536 4181 3580 nostrte
4205 3529 4472 3584 hominem
4501 3533 4688 3594 induit.
4719 3551 4778 3588 ac
4801 3538 4863 3591 de
4889 3542 5144 3596 maternis
5169 3544 5382 3599 visceri-

3824 3613 3921 3666 hus
3947 3615 4262 3669 intemerata
4285 3619 4591 3688 virginitate
4616 3628 4889 3690 processit.
4919 3627 5050 3682 Nam
5075 3634 5163 3699 qui
5185 3632 5250 3686 de
5273 3632 5383 3689 Deo

3824 3702 3984 3765 Deus,
4000 3704 4062 3758 de
4077 3708 4440 3774 omnipotente
4461 3722 4577 3765 erat
4603 3717 4967 3784 omnipotens;
4997 3736 5100 3774 non
5121 3724 5384 3792 posterior

3825 3798 4084 3859 tempore,
4109 3810 4211 3847 non
4237 3797 4456 3852 inferior
4481 3801 4755 3868 majestate
4773 3845 4788 3869 ,
4813 3823 4916 3861 non
4942 3820 5084 3865 certe
5109 3812 5384 3868 dissimilis

3821 3881 4012 3947 gloria,
4040 3898 4142 3935 non
4167 3885 4367 3939 divisus
4387 3893 4647 3952 essentia;
4678 3893 4812 3954 idem
4835 3898 5141 3965 sempiterni
5165 3900 5381 3957 Genito-

3823 3970 3897 4022 ris
3921 3971 4228 4041 unigenitus
4253 3978 4628 4044 sempiternus,
4657 3992 4810 4037 natus
4832 3995 4915 4039 est
4936 3987 5002 4040 de
5029 3986 5228 4056 Spiritu
5251 4005 5377 4044 san-

3817 4067 3905 4110 cto
3943 4069 3992 4111 et
4025 4061 4230 4129 virgine
4257 4063 4443 4116 Maria.
4498 4067 4630 4132 Quia
4660 4071 4736 4124 sic
4764 4077 5049 4142 assumpsit
5079 4078 5375 4140 hominem.

3821 4160 3877 4202 ut
3900 4165 4001 4202 non
4026 4163 4353 4220 permutaret
4379 4157 4429 4208 in
4452 4159 4628 4227 aliquo
4648 4161 4896 4216 deitatem
4925 4184 4937 4217 :
4968 4182 5146 4220 veram
5177 4170 5377 4224 scilicet

3819 4252 4070 4301 carnem,
4105 4249 4159 4293 et
4195 4257 4375 4296 veram
4421 4247 4636 4301 sibimet
4684 4251 4912 4306 animam
4953 4256 5377 4311 substantialiter

3818 4327 4076 4387 counivit,
4113 4338 4168 4380 ut
4199 4334 4491 4385 secundum
4533 4335 4700 4403 ipsam
4743 4339 5123 4396 humanitatem
5151 4356 5373 4400 mortem

3817 4414 4096 4468 moriendo
4124 4417 4437 4480 destrueret,
4472 4431 4522 4474 et
4555 4424 4842 4489 diabolum,
4874 4431 4961 4498 qui
4995 4435 5182 4487 mortis
5209 4434 5373 4487 hahe-

3819 4502 3907 4554 bat
3936 4505 4252 4572 imperium,
4284 4521 4580 4578 superaret.
4615 4513 4726 4568 Non
4756 4518 4896 4570 cnim
4929 4521 5004 4571 sic
5035 4523 5371 4593 intelligenda

3817 4602 3898 4645 est
3929 4594 4012 4645 illa
4042 4599 4318 4661 generatio
4354 4601 4696 4670 singulariter
4724 4608 5069 4671 admirabilis.
5111 4624 5164 4666 et
5205 4616 5366 4668 mira-

3816 4682 3994 4734 hiliter
4043 4686 4346 4753 singularis,
4394 4702 4452 4744 ut
4494 4709 4589 4760 per
4619 4698 4903 4751 novitatem
4927 4704 5216 4758 creationis
5245 4722 5370 4773 prc-

3815 4776 4017 4840 prietas
4059 4775 4236 4828 ablata
4283 4781 4352 4831 sit
4392 4785 4624 4850 generis.
4677 4786 4923 4856 \‘irgineo
4967 4792 5167 4847 scilicet
5220 4809 5368 4848 utero

3815 4862 4051 4930 Spiritus
4097 4879 4314 4921 sanctus
4359 4869 4741 4928 fecunditatem
4775 4879 5017 4940 contulit,
5066 4884 5261 4937 veritas
5292 4896 5367 4936 ta-

3816 4967 3938 5006 men
3987 4959 4234 5026 corporis
4271 4973 4333 5012 ex
4386 4971 4640 5017 maternae
4671 4975 4875 5022 natura:
4905 4970 5206 5026 conditione
5242 4989 5365 5042 pro-

3814 5047 4001 5109 cessit,
4035 5062 4194 5114 quam
4240 5065 4359 5102 mox
4405 5054 4682 5109 rationalis
4703 5057 4825 5111 vita:
4851 5060 5072 5127 spiritus
5096 5065 5363 5118 animavit.

3813 5132 4246 5194 Condemnantus
4279 5141 4422 5193 enim
4460 5142 4841 5210 Apollinarem,
4873 5149 4963 5216 qui
4999 5166 5100 5202 non
5137 5152 5364 5208 hominis

3813 5233 4073 5288 mentem,
4104 5228 4195 5278 sed
4227 5229 4396 5282 solam
4428 5231 4544 5286 sine
4571 5235 4778 5288 ratione
4811 5238 5041 5292 animam
5072 5245 5363 5310 suscepisse

3810 5315 4058 5380 perhibet
4101 5317 4456 5373 Salv-alerent.
4503 5323 4832 5394 Dogmatizat
4864 5330 5025 5392 enim,
5074 5333 5194 5399 quia
5223 5333 5362 5387 sudi-

3811 5420 3932 5458 cere
3963 5408 4133 5474 potuit
4159 5409 4268 5461 sola
4292 5411 4565 5473 divinitas,
4599 5424 4654 5466 ut
4682 5429 4910 5471 mentem
4941 5419 5112 5482 daret,
5152 5431 5205 5472 et
5236 5437 5362 5474 con-

3810 5496 3986 5549 silium
4027 5500 4302 5566 sapientite
4343 5504 4621 5558 rationalis
4652 5505 4966 5563 iniunderet.
5003 5511 5151 5577 Quod
5181 5517 5360 5580 procul

3805 5589 3973 5641 dubio
4019 5595 4349 5648 tantumdem
4389 5607 4490 5660 est,
4537 5614 4598 5653 ac
4635 5601 4677 5653 si
4709 5601 4886 5655 dicat:
4920 5605 5236 5673 Redemptor
5267 5623 5361 5661 no-

3809 5691 3917 5732 ster
3951 5696 4053 5734 non
4085 5681 4416 5743 homoOl‘uit.
4461 5688 4552 5742 sed
4597 5694 4829 5744 memhra
4863 5695 5116 5748 duntaxat
5146 5697 5358 5750 humani

3810 5773 4051 5838 corporis
4071 5757 4301 5828 'habuit.
4348 5776 4598 5832 Animam
4627 5780 4828 5837 scilicet
4858 5791 4909 5835 et
4936 5797 5129 5854 corpus
5164 5786 5360 5840 habent
