5652 6374
1140 398 1212 456 23
2191 382 2434 440 OPUSC.
2478 383 2517 437 Ι.
2558 412 2628 423 —-
2668 379 2755 435 DE
2790 377 2949 435 ι-ἰυε
2983 370 3399 431 CATIIOLICA.
4360 354 4439 414 ΞΒ

1145 523 1195 568 et
1228 507 1481 567 animalia
1529 506 1709 565 bruta.
1758 502 1851 560 sed
1899 500 2167 556 rationem
2194 513 2301 553 non
2350 496 2571 561 habent,
2612 506 2732 563 qua
2759 494 2811 554 Α
2842 506 2861 540 t
2892 488 2948 545 In
2995 489 3118 543 sole-
3152 484 3325 547 calor,
3369 489 3426 537 et
3462 476 3722 568 splendor
3752 475 3941 568 inuno
3969 474 4121 531 radio
4148 481 4301 540 sunt,

1146 600 1345 655 utentis
1365 604 1450 651 est
1481 593 1721 665 prepria.

1217 686 1326 743 Sed
1350 685 1397 741 si
1428 682 1730 740 detestandi
1764 687 1890 735 sunt
1918 676 2225 742 Manichzci,
2263 676 2357 747 qui
2388 689 2513 731 eum
2542 685 2732 729 verum

1144 788 1347 846 corpus
1394 773 1674 837 habuisse,
1727 771 1871 841 quod
1916 769 2161 823 intimum
2207 778 2290 822 est
2332 768 2387 820 in
2434 764 2732 828 hominem,

1143 864 1449 934 denegant:
1480 869 1686 931 quanto
1712 858 1887 928 magis
1924 857 2013 911 isti
2043 854 2438 912 condemnandi
2469 862 2616 923 sunt,
2642 851 2737 921 qui

1149 953 1362 1009 scilicet
1392 953 1494 1007 hoc
1527 964 1675 1015 eum,
1704 949 1846 1019 quod
1878 948 2144 1017 optimum
2169 945 2329 999 estin
2356 944 2597 1006 homine,
2629 956 2735 995 non

1150 1043 1405 1100 habuisse
1445 1039 1807 1097 conﬁrmant?
1852 1038 2013 1093 Absit
2058 1037 2256 1106 igitur,
2312 1044 2373 1088 ut
2413 1032 2735 1097 credamus,

1150 1138 1293 1205 quod
1318 1132 1583 1190 conﬁnxit
1610 1130 1900 1184 temeraria
1928 1128 2166 1191 caecitas,
2195 1134 2251 1181 et
2274 1125 2510 1195 superba
2550 1123 2740 1192 loqua-

1152 1228 1309 1282 citas.
1354 1223 1535 1288 Absit,
1584 1223 1831 1290 inquam,
1878 1220 1975 1275 Dei
2020 1219 2188 1274 Filius
2232 1219 2412 1273 minus
2440 1216 2643 1285 aliquid
2674 1214 2741 1268 de

1118 1317 1388 1372 humana
1426 1314 1736 1384 suscepisse
1774 1321 1991 1376 natura,
2034 1320 2089 1366 et
2130 1310 2213 1365 vel
2260 1310 2312 1363 in
2354 1323 2540 1371 carne,
2572 1304 2653 1361 vel
2683 1306 2740 1361 in

1154 1407 1368 1469 anima,
1418 1405 1504 1460 vel
1554 1405 1609 1459 in
1653 1418 1815 1460 sensu
1868 1407 2205 1471 assumptum
2255 1400 2535 1456 hominem
2582 1397 2742 1453 nobis

1158 1496 1326 1552 finisse
1376 1494 1735 1559 dissimilem;
1786 1509 1947 1563 quem
1990 1494 2194 1561 absque
2229 1492 2343 1548 sola
2382 1491 2592 1561 peccati
2622 1505 2739 1544 ma-

1156 1584 1299 1650 cula,
1342 1596 1464 1654 qua:
1510 1584 1777 1639 naturalis
1818 1599 1924 1638 non
1957 1592 2039 1637 est
2079 1583 2182 1646 his,
2222 1590 2445 1652 propter
2482 1593 2619 1651 quos
2656 1595 2744 1635 as-

1154 1686 1405 1748 sumptus
1422 1686 1530 1740 est,
1556 1678 1917 1732 conﬁteamnr
1939 1677 2161 1732 omnino
2186 1676 2354 1731 fuisse
2378 1675 2738 1731 conformetur.

1151 1765 1288 1821 Nam
1342 1766 1544 1821 idcirco
1592 1765 1685 1820 Dei
1737 1766 2025 1830 mediator,
2067 1774 2123 1820 et
2168 1766 2449 1820 hominum
2496 1764 2736 1818 dicitur:

2840 577 2995 633 calor
3038 578 3302 636 exsiccat,
3354 569 3618 641 splendor
3664 566 3973 631 illuminat;
4021 572 4078 619 et
4124 579 4249 619 cum
4292 561 4444 619 aliud

2842 672 2994 726 calor
3020 670 3152 740 agit,
3186 666 3335 722 aliud
3365 664 3645 734 splendor,
3676 669 3732 716 et
3762 670 3941 715 tamen
3983 658 4053 712 ab
4075 657 4307 711 invicem
4338 667 4441 710 ne-

2840 770 3051 834 queunt
3098 756 3368 829 separari.
3405 755 3499 810 Sic
3526 764 3580 809 et
3608 750 3781 812 Filius
3824 748 4065 819 suscepit
4103 760 4348 811 carnem,
4387 750 4446 799 et

2845 873 2955 913 nou
2989 851 3233 910 deseruit
3263 850 3503 904 Patrem.
3536 846 3591 900 lu
3622 844 3843 900 Cithara
3889 855 4107 913 quoque
4154 854 4277 895 cum
4328 852 4443 902 ars,

2843 961 3038 1003 manus
3086 953 3141 999 et
3186 941 3389 998 chorda
3441 936 3725 1006 coeperari
3764 948 3872 989 non
3920 932 4259 994 dubitentur,
4304 942 4446 984 unus

2842 1049 3027 1093 tamen
3067 1050 3237 1093 sonus
3274 1022 3515 1087 auditur.
3557 1028 3635 1081 Ita
3664 1026 3849 1089 Pater,
3898 1032 3955 1079 et
3998 1022 4194 1086 Filius,
4233 1029 4289 1076 et
4319 1018 4447 1088 Spi-

2841 1131 2985 1186 ritus
3030 1136 3275 1189 sanctus,
3344 1120 3506 1178 simul
3559 1118 3768 1176 Christi
3824 1113 4107 1185 cooperati
4149 1119 4276 1168 sunt
4335 1110 4443 1166 hu-

2840 1220 3203 1284 manitatem,
3267 1216 3363 1271 sed
3430 1213 3581 1270 solus
3636 1210 3811 1271 Filius
3868 1208 4123 1279 suscepit
4182 1205 4443 1261 humani-

2846 1320 3033 1366 tatem.
3063 1328 3083 1361 ι

2916 1398 3074 1468 Quod
3116 1414 3161 1455 ει
3207 1405 3265 1454 ει
3310 1398 3417 1453 hoc
3467 1395 3612 1451 forte
3655 1400 3877 1457 movet,
3925 1390 4200 1461 quomodo
4255 1401 4442 1443 verum

2844 1491 3047 1550 Christi
3093 1506 3292 1561 corpus
3322 1488 3449 1553 fuit,
3491 1486 3634 1557 quod
3675 1484 3823 1540 salva
3855 1482 4189 1554 virginitate,
4231 1495 4299 1536 ex
4328 1494 4447 1536 ma-

2846 1582 3021 1637 ternis
3068 1580 3373 1635 visceribus
3417 1576 3603 1646 egredi
3653 1574 3848 1645 potuit.
3889 1571 4045 1638 Quod
4090 1571 4144 1625 in
4187 1575 4443 1640 promptu

2844 1681 2950 1736 est,
3008 1670 3184 1726 oculis
3230 1668 3449 1733 adhibe,
3494 1672 3563 1722 ‘et
3616 1682 3683 1721 ex
3732 1664 3976 1721 minimis
4018 1664 4282 1717 immensa
4320 1673 4446 1729 per-

2846 1762 3044 1833 pende.
3086 1762 3233 1817 Solis
3264 1760 3452 1821 radius
3483 1760 3556 1813 ita
3587 1756 3843 1826 specuiar
3868 1763 4145 1825 penetrat,
4170 1762 4225 1810 et
4249 1761 4309 1807 ut
4329 1750 4445 1810 obi-

1149 1856 1279 1924 quia
1330 1856 1471 1911 sicut
1512 1871 1676 1911 verus
1721 1857 1884 1920 Deus,
1932 1857 2004 1909 ita
2044 1870 2207 1910 verus
2236 1866 2321 1911 est
2341 1855 2507 1910 homo
2533 1855 2742 1909 habens
2777 1862 2817 1921 Β
2848 1870 2962 1907 cem
2991 1853 3108 1924 ejus
3134 1852 3435 1908 insensibili
3462 1850 3767 1907 subtilitate
3789 1855 4159 1918 pertranseat,
4182 1854 4446 1903 attamen

1151 1947 1399 2002 eamdem
1422 1961 1546 2002 cum
1568 1946 1733 2002 Patre
1754 1947 1807 2000 in
1835 1946 2119 2000 divinitate
2142 1954 2416 2008 naturam,
2436 1953 2491 1998 et
2516 1944 2568 1999 in
2594 1942 2741 1998 nullo

1158 2038 1430 2091 diversam
1461 2037 1814 2091 humanitatis
1842 2051 1964 2091 cum
1997 2044 2172 2091 matre
2202 2036 2595 2102 substantiam;
2638 2034 2739 2091 ha.—

1154 2127 1290 2183 bens
1316 2142 1384 2182 ex
1415 2125 1569 2181 nobis
1609 2141 1781 2198 usque
1809 2127 1876 2181 ad
1909 2136 2139 2181 mortem
2189 2126 2497 2196 iniquitatis
2538 2129 2741 2180 noﬁra:

1151 2229 1407 2286 poenam,
1480 2215 1685 2271 habens
1737 2215 2236 2271 incommutabilem
2290 2230 2359 2269 ex
2415 2215 2527 2269 Deo
2578 2214 2742 2269 Patre

1154 2304 1521 2376 ﬂiustitiam,
1572 2306 1703 2376 «qui
1746 2306 2039 2362 crucifixus
2078 2316 2161 2362 cst
2197 2322 2262 2361 ex
2295 2306 2611 2361 inﬁrmitate
2639 2321 2739 2362 no-

1154 2403 1289 2462 stra,
1330 2397 1426 2451 sed
1471 2397 1604 2452 vivit
1633 2413 1698 2452 ex
1730 2399 1931 2452 virtute
1958 2413 2054 2452 sua
2089 2397 2141 2468 (Ι
2173 2397 2297 2451 Cor.
2325 2398 2470 2456 xuii.
2502 2418 2521 2449 ι
2556 2397 2743 2453 Sensit

1153 2488 1299 2540 enim
1327 2488 1741 2556 participatione
1768 2488 1997 2541 humani
2029 2486 2255 2542 aﬁ‘ectns
2292 2498 2542 2553 mortem,
2576 2503 2740 2558 quam

1154 2583 1351 2646 sponte
1377 2587 1727 2648 susceperat;
1762 2594 1868 2632 non
1897 2586 2106 2634 uatum
2128 2594 2240 2634 sum
2267 2590 2589 2651 potestatem
2619 2595 2743 2652 per-

1155 2666 1313 2732 dens,
1336 2680 1434 2737 per
1456 2682 1617 2736 quam
1643 2678 1837 2723 cuncta
1865 2668 2122 2724 viviﬁcat.
2152 2670 2269 2739 ipse
2296 2660 2504 2728 scilicet
2525 2682 2739 2740 auctor,

1153 2766 1213 2815 et
1238 2771 1375 2828 opus
1404 2759 1665 2824 auctoris,
1704 2760 1830 2830 quia
1865 2761 2067 2827 ipsese
2098 2763 2252 2829 quasi
2280 2764 2536 2818 sacerdos
2565 2765 2740 2819 sacri-

1156 2848 1338 2903 {icium
1377 2849 1612 2915 obtulit;
1660 2859 1717 2904 et
1752 2851 1893 2904 idem
1928 2851 2041 2919 ipse
2076 2852 2221 2906 velut
2255 2853 2432 2909 hostia
2456 2856 2743 2911 suavitatis

1155 2938 1209 2992 in
1239 2953 1403 2993 cruce
1427 2940 1698 3008 pependit.
1726 2938 1886 2993 Salva
1913 2940 2167 2995 nimirum
2189 2945 2520 3013 proprietate
2540 2947 2743 3000 utrius.

1153 3040 1261 3094 que
1288 3036 1520 3090 naturae,
1550 3036 1604 3081 cl
1630 3028 1682 3081 in
1716 3044 1878 3082 nuatn
1913 3039 2144 3085 coeunte
2172 3046 2464 3101 personam
2488 3045 2741 3103 suscepta

1154 3123 1237 3167 est
1265 3127 1294 3171 a
1329 3112 1611 3181 majestate
1651 3116 1951 3182 humilitas,
1991 3133 2021 3173 a
2060 3119 2262 3174 virtute
2307 3121 2622 3186 inﬁrmitas,
2662 3125 2742 3181 ab

2843 1945 2973 2012 ejus
3003 1944 3338 1999 soliditatem
3386 1943 3732 2013 aliquatenus
3761 1956 3867 1995 non
3895 1938 4157 2010 infringat
4183 1956 4195 1992 :
4226 1944 4281 1993 ct
4322 1935 4448 1992 talis

2845 2034 3183 2090 intrinsecus
3240 2033 3523 2097 cernitur,
3567 2031 3746 2102 qualis
3798 2030 4016 2086 videtur
4076 2030 4441 2085 extrinsecus.

2843 2126 3031 2196 Itaque
3069 2142 3194 2182 eum
3235 2126 3559 2198 ingreditur,
3589 2138 3766 2194 neque
3811 2139 3934 2179 cum
3974 2123 4258 2193 egreditur
4284 2120 4446 2176 dissi-

2844 2227 2971 2289 pat:
3001 2210 3134 2287 quia
3150 2227 3203 2273 et
3226 2219 3502 2290 ingressu,
3531 2226 3587 2273 et
3609 2230 3834 2286 egressu
3866 2216 3986 2285 ejus
4012 2214 4266 2285 specular
4302 2213 4444 2270 inte-

2842 2326 3000 2382 grum
3022 2310 3081 2381 8
3107 2318 3439 2382 perseverat.
3469 2306 3733 2378 Specular
3764 2307 3950 2377 itaque
3980 2322 4090 2361 non
4126 2304 4329 2377 frangit
4355 2318 4446 2360 ra-

2843 2401 2967 2456 dius
3006 2400 3168 2468 solis,
3192 2409 3257 2471 ,ει
3295 2399 3671 2470 integritatem
3710 2396 3943 2466 virginis
3972 2410 4305 2451 conservare
4334 2408 4443 2453 non

2844 2489 3021 2559 potuit
3060 2488 3341 2547 nascentis
3375 2486 3777 2557 omnipotentia
3829 2483 4258 2556 Redemptoris?
4306 2481 4449 2539 Nam

2843 2577 3132 2648 virginalis
3184 2578 3474 2648 integritas
3523 2577 3603 2632 sic
3649 2576 3963 2645 incorrupta
4008 2574 4257 2645 peperit,
4302 2574 4448 2629 sicut

2846 2667 3107 2721 inviolata
3138 2668 3410 2735 concepit.
3440 2664 3617 2721 Verus
3642 2666 3825 2731 enim,
3856 2674 3912 2718 et
3941 2665 4132 2735 plenus
4156 2663 4301 2718 Deus
4328 2670 4445 2729 est,

2844 2759 2988 2814 sicut
3019 2771 3225 2833 verus,
3251 2766 3307 2812 ει
3336 2756 3529 2826 plenus
3564 2756 3729 2811 homo
3752 2796 3767 2820 ,
3799 2756 3892 2827 qui
3931 2770 4003 2811 ex
4038 2771 4102 2811 ea
4139 2765 4301 2810 natus-
4336 2761 4444 2809 est.

2843 2847 3172 2916 Nullumque
3218 2856 3305 2901 est
3352 2848 3407 2901 in
3463 2847 3569 2901 hac
3622 2847 3830 2902 unitate
3880 2847 4261 2911 mendacium,
4315 2846 4445 2900 dum

2846 2937 3077 2993 invicem
3121 2952 3369 2992 connexa
3420 2946 3579 3002 sunt,
3633 2945 3689 2992 et
3738 2936 4019 2992 humilitas
4070 2937 4340 3002 honnuis,
4391 2942 4449 2991 et

2846 3026 3156 3081 sublimitas
3193 3026 3437 3081 deitatis.
3482 3024 3639 3079 Sicut
3674 3025 3819 3080 enim
3857 3024 4002 3080 Deus
4040 3041 4163 3090 non,
4182 3024 4450 3087 minuitur

2849 3116 3241 3183 inclinatione,
3280 3117 3363 3171 sic
3403 3118 3568 3172 homo
3612 3133 3721 3172 non
3770 3118 4114 3172 consumitur
4159 3117 4439 3187 dignitate.

1155 3205 1453 3257 mternitate
1501 3206 1852 3260 mortalitas:
1887 3216 1942 3261 et
1974 3209 2042 3261 ad
2073 3208 2497 3278 pcrsolvendum
2549 3214 2741 3268 condi-
2772 3203 2815 3263 C
2848 3206 2975 3277 Agit
3023 3207 3170 3263 enim
3230 3216 3463 3277 utraque
3515 3216 3748 3270 natura.
3801 3209 3945 3278 quod
3994 3209 4278 3279 proprium
4329 3217 4447 3277 est,

1155 3292 1319 3346 tionis
1348 3302 1546 3347 nostrae
1571 3295 1830 3359 debitum,
1864 3307 2072 3352 natura:
2101 3298 2399 3355 inviolabili
2442 3313 2630 3357 natura
2655 3312 2742 3360 est

1155 3381 1305 3435 unita
1337 3384 1611 3451 passihiiis
1641 3403 1655 3438 :
1688 3394 1747 3439 ut
1786 3402 1943 3452 unus,
1980 3388 2232 3458 idemque
2264 3389 2529 3447 mediator
2568 3393 2659 3446 Dei
2687 3401 2743 3447 et

1155 3470 1432 3526 hominum
1461 3482 1515 3527 et
1543 3476 1680 3529 mori
1706 3485 1889 3546 posset
1920 3492 1985 3531 ex
2011 3494 2141 3544 uno,
2170 3489 2225 3534 et
2252 3482 2389 3536 mori
2424 3497 2528 3536 non
2557 3496 2743 3552 posset

1155 3577 1223 3619 ex
1253 3563 1448 3621 altero.

1767 3658 1994 3715 CAPUT
2033 3660 2120 3715 IV.

1157 3745 1433 3813 Quomodo
1475 3748 1619 3803 solus
1661 3748 1708 3803 F
1713 3751 1835 3805 ilius
1881 3768 2092 3824 carnem
2141 3755 2388 3824 suscepit,
2420 3764 2470 3809 et
2520 3764 2743 3810 mortem

1836 3822 2049 3877 subivit.

1226 3924 1332 3981 Sed
1363 3927 1451 3981 hic
1482 3927 1605 3990 tibi,
1640 3928 1749 3994 ﬁli,
1780 3929 2037 3998 cogitatio
2067 3931 2317 3990 fortassis
2342 3936 2591 4006 obrepat,
2621 3952 2744 4007 quae

1153 4016 1304 4071 velut
1345 4032 1415 4071 ex
1454 4021 1837 4087 consequentia
1876 4022 2104 4077 rationis
2149 4023 2413 4091 objiciat:
2470 4026 2596 4080 dum
2652 4027 2745 4082 Fi-

1156 4106 1284 4169 lius,
1313 4107 1595 4177 inquiens,
1632 4113 1791 4168 unius
1829 4129 1951 4168 cum
1984 4114 2149 4170 Patre
2187 4118 2538 4185 substantiae,
2577 4129 2633 4174 ct
2667 4121 2745 4175 in-

1154 4198 1474 4267 separabilis
1517 4202 1770 4257 credatur
1819 4220 1940 4259 esse
1988 4217 2239 4273 naturae,
2302 4212 2575 4279 quomodo
2623 4212 2742 4267 sine

1155 4287 1325 4345 Patre
1344 4289 1535 4358 Filius,
1560 4292 1645 4346 vel
1672 4294 2023 4349 humanitatis
2046 4297 2219 4365 potuit
2240 4297 2465 4353 induere
2485 4298 2742 4367 formam,

1156 4378 1244 4434 vel
1286 4380 1431 4437 solus
1466 4385 1735 4453 passionis
1782 4386 2034 4441 toleravit
2070 4388 2375 4456 injuriam?
2407 4390 2565 4458 Quod
2612 4371 2742 4462 quia

1157 4471 1400 4527 divinum
1424 4484 1481 4528 et
1510 4476 1882 4532 inaccessibile
1897 4489 1999 4543 est,
2015 4468 2155 4549 quod
2176 4496 2245 4534 ex
2266 4482 2434 4551 ipsms
2456 4481 2744 4539 ineli'abilis

1157 4565 1401 4619 materiae
1445 4567 1746 4624 manifestis
1786 4572 2170 4640 comprehendi
2220 4576 2408 4644 nequit
2438 4575 2676 4641 indiciis,
2711 4591 2745 4631 a

1156 4655 1442 4711 catholicis
1485 4672 1627 4727 saepe
1669 4659 1983 4716 doctoribus
2026 4662 2322 4717 visibilium
2354 4679 2536 4723 rerum
2564 4664 2746 4720 decia-

1157 4756 1314 4802 ratur
1352 4750 1638 4818 exemplis.
1689 4750 1841 4805 Unde
1884 4761 1938 4806 et
1980 4753 2172 4808 beatus
2208 4754 2449 4821 loquitur
2466 4755 2737 4826 Augusta

1164 4854 1182 4888 ι
1212 4835 1369 4891 Aliud
1401 4836 1505 4903 est,
1539 4840 1729 4909 inquit,
1768 4843 1970 4907 anima,
2004 4830 2147 4898 aliud
2179 4848 2349 4911 ratio;
2383 4854 2439 4901 et
2470 4855 2648 4903 tamen
2686 4864 2742 4902 tn

1161 4929 1343 4983 anima
1381 4940 1465 4985 est
1505 4932 1765 4987 ratiozet
1813 4949 1918 4987 una
1967 4936 2186 5004 quidem
2236 4945 2323 4991 est
2370 4939 2584 5002 anima,
2643 4939 2740 4996 sed

1160 5019 1307 5073 aliud
1339 5022 1520 5076 anima
1573 5024 1708 5093 agit,
1754 5024 1899 5079 aliud
1939 5027 2096 5081 ratio.
2128 5026 2263 5080 Nam
2296 5029 2477 5083 anima
2506 5013 2661 5097 vivit,
2686 5038 2745 5086 et

1163 5111 1303 5165 ratio
1330 5113 1491 5181 sapit,
1516 5122 1570 5167 et
1598 5116 1662 5169 ad
1688 5117 1923 5170 animam
1955 5120 2195 5187 pertinet
2220 5118 2351 5184 vita,
2379 5120 2445 5174 ad
2474 5122 2743 5178 rationem

1161 5204 1397 5274 pertinet
1426 5207 1724 5275 sapientia;
1751 5220 1803 5264 et
1834 5219 2010 5265 tamen
2034 5226 2133 5267 nec
2155 5212 2334 5266 anima
2361 5214 2479 5269 sine
2507 5215 2740 5283 ratione,

1161 5312 1263 5352 nec
1302 5298 1441 5353 ratio
1489 5299 1606 5383 sine
1647 5302 1847 5356 anima.
1887 5302 1952 5356 Et
1986 5318 2111 5359 cum
2150 5320 2316 5359 unum
2371 5306 2501 5371 siut,
2558 5306 2741 5363 anima

1162 5386 1277 5442 sola
1304 5390 1762 5459 susceptt‘vitam,
1799 5392 1938 5447 ratio
1961 5393 2075 5448 sola
2113 5396 2354 5466 suscepit
2397 5398 2741 5467 sapientiam.

1163 5477 1255 5533 Sic
1279 5488 1331 5533 et
1357 5479 1521 5533 Pater
1543 5490 1599 5535 et
1626 5480 1816 5549 Filius,
1840 5483 1965 5540 licet
1991 5501 2155 5540 unum
2185 5488 2314 5553 sint,
2346 5499 2401 5543 et
2432 5505 2569 5544 unus
2600 5490 2743 5545 Deus

1164 5571 1256 5635 sit,
1282 5573 1353 5627 ad
1371 5573 1549 5628 solum
1576 5563 1851 5631 Christum
1881 5587 2119 5647 pertinet
2143 5595 2297 5647 caro,
2321 5582 2460 5637 sicut
2483 5584 2549 5639 ad
2571 5582 2743 5639 solam

1159 5660 1424 5715 rationem
1468 5664 1702 5733 pertinet
1738 5667 2027 5736 sapientia,
2078 5668 2204 5725 licet
2247 5686 2354 5726 non
2408 5652 2641 5727 recedat
2671 5670 2742 5728 ab

1156 5750 1410 5807 anima.»
1475 5753 1616 5813 Ecce
1672 5756 1869 5813 iterum
1926 5757 2071 5815 aliud
2122 5764 2327 5832 przebet
2383 5764 2736 5837 exemplum:

2777 4542 2824 4601 D

2853 3300 3032 3355 Verbo
3066 3298 3275 3356 scilicet
3313 3310 3610 3371 operante,
3648 3301 3794 3371 quod
3832 3301 3995 3357 Verbi
4033 3311 4154 3366 est,
4192 3309 4247 3357 et
4281 3316 4448 3356 carne

2847 3395 3175 3449 naturaliter
3224 3402 3599 3465 exsequentc,
3660 3393 3807 3463 quod
3863 3394 4050 3449 carnis
4103 3401 4207 3449 est.
4262 3393 4447 3449 Unum

2843 3492 2991 3549 enim
3020 3492 3216 3545 horum
3245 3500 3501 3547 coruscat
3534 3490 3835 3556 miraculis,
3868 3490 4103 3545 alterum
4136 3488 4448 3545 succumbit

2849 3580 3094 3648 injuriis.
3127 3582 3234 3636 Sed
3266 3597 3366 3636 nec
3397 3590 3651 3636 creatura
3684 3583 3736 3636 in
3766 3581 4106 3637 divinitatem
4134 3596 4315 3645 versa,
4346 3594 4449 3638 nec

2847 3668 2901 3722 in
2930 3679 3239 3724 creaturam
3267 3670 3527 3724 divinitas
3556 3680 3637 3725 est
3665 3678 3894 3724 imitata.
3927 3670 4004 3725 Ex
4030 3671 4240 3725 duabus
4265 3671 4407 3727 enim
4431 3710 4451 3739 ,

2852 3768 2909 3813 ct
2941 3760 2994 3813 in
3035 3760 3249 3815 duabus
3284 3760 3500 3815 naturis
3534 3762 3616 3815 sic
3651 3761 3979 3817 mediatoris
4004 3762 4131 3827 Dei,
4173 3770 4229 3817 et
4269 3763 4448 3818 homi-

2849 3864 2983 3902 num
3015 3864 3250 3919 persona
3283 3851 3533 3905 consistit
3556 3892 3569 3913 ,
3607 3860 3666 3904 ut
3694 3861 3981 3921 postquam
4020 3853 4111 3907 Dei
4150 3852 4321 3908 Filius
4357 3853 4445 3908 fa-

2850 3949 2972 3995 ctus
3002 3949 3088 3994 est
3118 3942 3282 3996 homo
3304 3982 3318 4007 ,
3353 3957 3700 4012 nequaquam
3734 3943 3877 3999 sicut
3904 3945 4161 4001 haeretica
4190 3946 4442 4017 blasphe-

2848 4040 2961 4083 mat
3016 4030 3300 4100 impietas,
3352 4031 3435 4086 vel
3486 4033 3781 4087 humanam
3829 4044 4082 4091 naturam
4134 4038 4444 4097 divinitatis

2842 4122 3128 4192 plenitudo
3155 4133 3540 4189 consumeret,
3566 4126 3653 4181 vel
3684 4126 3736 4180 in
3764 4126 4123 4184 humanitatis
4146 4132 4445 4188 essentiam

2847 4215 3103 4269 divinitas
3132 4215 3486 4286 demigraret.
3529 4215 3665 4271 Nam
3697 4234 3822 4273 cum
3850 4219 4127 4274 hominem
4170 4221 4315 4276 Deus
4350 4236 4443 4276 as-

2847 4306 3113 4374 Snmpsit,
3172 4307 3635 4362 incommutabilis
3688 4310 3943 4375 omnino,
4001 4320 4055 4365 et
4094 4310 4448 4381 impassibilis

2849 4398 3030 4451 divina
3081 4397 3199 4466 ejus
3248 4408 3444 4453 natura
3493 4402 3813 4469 permansit.
3867 4401 3947 4455 Ex
3998 4401 4209 4456 duabus
4252 4403 4444 4472 itaque

2850 4490 3097 4553 naturis;
3127 4492 3387 4560 quoniam
3417 4500 3706 4562 utramque
3738 4492 4139 4548 indivisibiliter
4168 4493 4445 4559 counivit;

2854 4582 2907 4635 in
2947 4582 3158 4636 duabus
3196 4592 3421 4647 autem,
3461 4583 3720 4657 quoniam
3753 4584 4123 4655 incorruptam
4156 4581 4447 4655 utramque

2856 4674 3123 4727 sewavit.
3187 4672 3513 4743 Unigenitus
3571 4673 3717 4727 enitn
3773 4673 3871 4728 Dei
3923 4673 4095 4729 Filius
4146 4672 4447 4744 perfectam
4513 4696 4521 4711 ε

2850 4764 3091 4818 hominis
3128 4764 3404 4829 animam,
3448 4779 3782 4834 carnemque
3820 4767 4160 4837 suscipiens,
4197 4775 4255 4822 et
4304 4782 4443 4823 cou-

2850 4857 3232 4912 suhstantialis
3260 4865 3345 4910 est
3376 4855 3523 4911 Patri
3553 4857 3604 4910 in
3638 4855 3812 4913 forma
3839 4860 3934 4914 Dei
3959 4901 3973 4925 ,
4003 4870 4059 4913 et
4084 4860 4451 4916 consubstan-

2850 4947 2997 5000 tialis
3034 4955 3120 5001 est
3160 4946 3356 5009 matri,
3399 4948 3453 5000 in
3495 4946 3671 5000 forma
3707 4949 3872 5003 servi.
3915 4948 4025 5004 Nec
4054 4950 4181 5019 quia
4214 4932 4448 5005 inﬁrmi-

2855 5037 2983 5091 tatis
3012 5037 3258 5105 suscepit
3288 5037 3544 5093 humana:
3575 5028 3908 5093 consortium
3930 5079 3943 5103 ,
3981 5038 4102 5094 ideo
4133 5048 4445 5095 nostrorum

2849 5131 3128 5199 particeps
3178 5128 3357 5185 l‘actus
3402 5137 3487 5184 est
3540 5129 3884 5185 delictorum.
3938 5132 4248 5202 Assumpsit
4298 5133 4444 5189 cnim

2853 5219 3085 5274 formam
3139 5219 3281 5274 servi
3332 5218 3452 5274 sine
3490 5220 3817 5291 contagione
3854 5216 4079 5284 servili:
4115 5222 4294 5276 divina
4335 5237 4445 5278 non

2853 5312 3084 5376 minuit,
3128 5313 3369 5367 humana
3406 5313 3677 5383 provexit.
3718 5312 4013 5381 Assumpta
4052 5312 4319 5382 siquidem
4360 5320 4446 5367 est

2853 5403 2919 5459 dc
2961 5412 3135 5457 matre
3176 5402 3390 5457 Domini
3432 5410 3660 5466 natura,
3706 5417 3811 5456 non
3851 5402 4027 5473 culpa.
4075 5400 4186 5456 Nec
4222 5400 4444 5471 propria

2851 5496 3025 5566 potuit
3055 5505 3239 5550 errata
3266 5496 3621 5557 contrahere,
3653 5496 3745 5564 qui
3774 5496 3924 5549 venit
3950 5494 4125 5549 aliena
4154 5494 4443 5549 mundare.

2851 5586 2947 5641 Sic
2974 5586 3122 5641 enim
3166 5586 3220 5640 in
3254 5586 3701 5654 eocoguoscitur
3731 5586 4014 5650 humanae,
4049 5594 4214 5654 atque
4244 5583 4445 5639 divina:

2850 5686 3063 5733 natura:
3110 5676 3418 5747 proprietas
3467 5676 3744 5731 individua
3794 5690 4156 5745 permanere;
4211 5680 4272 5729 ut
4318 5689 4444 5733 cum

2822 5769 3132 5827 videamus
3182 5768 3238 5825 in
3292 5784 3356 5825 eo
3409 5766 3737 5825 naturaliter
3782 5765 3931 5839 aliud
3983 5759 4223 5829 Verbum
4271 5776 4391 5831 esse
4420 5803 4439 5833 ,
