5652 6398
1121 366 1193 422 Ίο
1285 403 1292 408 -
2161 345 2406 405 OPUSC.
2444 343 2491 401 Ι.
2527 374 2600 386 —
2638 342 2730 400 DE
2757 340 2917 398 FIDE
2949 335 3367 410 CATHOLICA.
3851 365 3854 368 ~
4339 317 4412 373 50

1123 474 1426 534 (silentium
1449 469 1677 542 quisque
1698 474 2005 522 sanctorum
2033 457 2360 531 praecipuam
2386 471 2417 512 a
2448 455 2558 511 Deo
2596 467 2708 509 me-
2733 455 2787 515 Α
2812 449 2866 504 in
2897 445 3114 504 coitum.
3165 438 3302 498 Iliae
3338 449 3425 498 est
3459 439 3604 511 quod
3636 437 3712 492 ait
3745 453 3758 489 :
3797 455 3814 487 ι
3843 432 4012 489 Nemo
4057 429 4300 487 ascendit
4354 429 4409 484 in

1123 567 1294 621 ruerit
1331 559 1542 630 assequi
1582 555 1836 628 gratiam,
1893 564 2054 606 nemo
2099 557 2282 603 tamen
2328 554 2453 602 cum
2498 543 2611 599 Deo
2652 541 2708 598 in

1122 670 1284 712 unam
1311 653 1486 724 potuit
1511 651 1802 706 convenire
1824 658 2132 714 personam.
2178 638 2300 695 Sola
2343 652 2474 693 vero
2503 635 2705 702 anima,

1121 746 1278 811 :lrnnl
1300 755 1356 803 et
1378 758 1504 800 (aro
1525 737 1722 797 Christi
1745 752 1866 792 cum
1892 735 2087 798 Verbo,
2113 750 2149 787 ιι
2173 747 2253 786 ius
2271 731 2537 792 Christus,
2573 739 2710 782 unus

1122 849 1206 894 cst
1247 837 1438 893 Filius.
1493 832 1563 889 Ut
1614 831 1793 900 itaque
1835 827 2027 884 beatus
2069 823 2357 894 Apostolus
2397 819 2708 875 distintiam

1121 912 1348 1002 poneret
1400 927 1541 978 inter
1579 927 1890 975 sanctorum
1937 916 2177 970 omnium
2193 913 2626 974 multitudinem,
2657 917 2711 964 et

1125 1024 1298 1090 ipsum
1343 1020 1673 1072 sanctorum,
1727 1023 1790 1062 ac
1845 1005 2010 1061 totius
2057 1004 2362 1059 sanctitatis
2409 1011 2709 1064 amtorem,

1123 1085 1236 1162 ait:
1266 1125 1285 1157 ι
1323 1099 1688 1161 Multifariam,
1733 1085 2027 1165 multisque
2073 1093 2248 1149 modis
2297 1091 2423 1147 olim
2461 1089 2602 1145 Deus
2628 1088 2710 1142 lo-

1123 1200 1295 1270 quens
1337 1191 1578 1264 patribus
1609 1189 1662 1244 in
1702 1187 2000 1259 prophetis,
2048 1183 2341 1240 novissime
2370 1181 2558 1236 diebus
2597 1181 2710 1235 ist’s

1121 1285 1334 1344 locutus
1371 1289 1450 1337 cst
1475 1279 1629 1334 nobis
1655 1279 1709 1332 in
1744 1276 1882 1332 Filio
1905 1317 1923 1343 ,
1949 1290 2107 1345 quem
2137 1272 2416 1329 constituit
2444 1270 2709 1326 literedcm

1126 1377 1523 1446 universorum,
1574 1385 1670 1443 per
1710 1384 1869 1446 quem
1915 1366 2040 1422 fecit
2066 1363 2340 1420 ets-.ccuta
2371 1361 2552 1432 (Hebr.
2593 1360 2653 1431 t).
2686 1379 2706 1413 ο

1123 1467 1230 1525 Sed
1267 1467 1415 1523 aiind
1473 1472 1555 1520 est
1606 1464 1772 1518 Deum
1822 1460 1966 1532 loqui
2009 1475 2105 1529 per
2144 1474 2236 1512 (ra
2283 1457 2710 1528 prophetarum;

1122 1560 1264 1620 aliud
1295 1575 1392 1630 per
1421 1559 1596 1628 ipsum
1622 1564 1955 1610 eomtcrnnm
1985 1553 2111 1617 sibi,
2158 1560 2212 1606 et
2255 1545 2714 1604 cozzsubstantiale

1122 1660 1249 1708 ante
1298 1647 1514 1712 smcula,
1553 1644 1812 1701 Verbum.
1862 1644 2020 1700 Aliud
2061 1649 2143 1697 est
2186 1642 2329 1697 enim
2376 1640 2610 1695 Veritum
2660 1639 2719 1700 in

1121 1754 1326 1805 carne,
1373 1737 1518 1792 aliud
1565 1744 1648 1790 est
1698 1734 1932 1790 Verbum
1982 1746 2112 1789 caro
2155 1731 2375 1786 factum.
2425 1729 2584 1785 Aliud
2632 1737 2716 1783 est

2811 539 3030 603 emtum,
3057 537 3160 592 nisi
3190 533 3282 605 qui
3306 531 3586 589 descendit
3619 530 3687 583 de
3729 527 3890 585 coelo,
3939 524 4109 579 Filius
4148 520 4409 586 hominis,

2811 633 3009 705 quiest
3039 630 3091 685 in
3113 629 3252 685 creto
3276 626 3459 699 (Joan.
3487 625 3593 694 in).
3635 642 3653 674 ι
3712 621 3770 676 In
3808 630 3953 675 terra
3985 631 4117 673 sane
4148 614 4408 684 loquitur.

2811 731 2867 778 et
2895 726 2948 776 in
2969 720 3116 776 'ctelo
3141 734 3200 774 se
3222 732 3342 773 esse
3367 714 3589 778 fatetur,
3616 711 3742 782 quia
3771 725 3894 764 cum
3924 709 3990 764 de
4021 705 4161 762 etelo
4189 705 4416 770 descen-

2813 814 2923 877 dit,
2953 806 3306 886 nihilominus
3337 807 3391 862 in
3419 806 3560 862 cmto
3593 800 3910 874 permansit.
3965 799 4034 852 Et
4071 790 4217 852 Sicut
4244 793 4421 868 Filius

2813 881 3052 958 hominis
3097 909 3203 965 est,
3249 898 3342 969 qui
3391 898 3461 953 de
3507 894 3645 950 cmlo
3691 888 4036 948 descendisse
4077 884 4299 969 dieitur,
4341 881 4419 937 ita

2812 993 2982 1049 Filius
3027 993 3126 1048 Dei
3189 997 3271 1045 cst
3301 1030 3318 1058 ,
3366 987 3458 1057 qui
3513 997 3808 1054 corporeus
3856 980 3911 1034 in
3963 990 4130 1032 carne
4177 973 4415 1030 videtur.

3413 1092 3644 1150 CAPUT
3700 1089 3807 1144 VII.

2813 1193 2880 1250 In
2909 1191 3118 1248 Christo
3147 1190 3325 1244 divina
3349 1198 3395 1242 et
3418 1189 3650 1240 humana
3681 1191 3874 1237 nat-um
3895 1195 4006 1232 sese
4036 1174 4416 1243 manifestavt'l.

2884 1283 2942 1339 ln
2965 1281 3182 1337 Christo
3207 1279 3374 1350 igitur
3396 1285 3452 1331 et
3475 1274 3652 1351 unitas
3675 1279 3759 1327 est
3780 1283 4046 1341 personae,
4079 1275 4134 1321 et
4159 1265 4279 1319 dua:
4292 1269 4422 1318 sunt

2816 1370 3126 1432 inconfusa'
3151 1384 3389 1439 semper,
3428 1375 3590 1436 atque
3633 1363 3892 1418 distincta
3940 1358 4278 1429 proprietate
4319 1367 4423 1410 na-

2820 1478 2954 1522 turae
2970 1485 2982 1518 :
3001 1479 3105 1518 una
3125 1461 3336 1517 scilicet
3353 1459 3406 1513 in
3425 1473 3490 1512 eo
3514 1465 3707 1510 natura
3729 1461 3813 1508 cst
3835 1467 3955 1522 qua:
3979 1448 4128 1504 ducit
4154 1445 4423 1518 originem

2817 1573 2885 1613 ex
2907 1565 3059 1610 utero
3079 1551 3364 1622 virginali;
3393 1548 3582 1612 altera,
3605 1560 3726 1617 quae
3751 1543 3867 1598 sine
3888 1539 3998 1595 ullo
4017 1553 4242 1609 prorsus
4269 1535 4426 1590 initio

2818 1657 3084 1703 cowterna
3102 1653 3185 1699 est
3201 1645 3311 1697 Deo
3324 1639 3494 1696 Patri.
3513 1637 3632 1694 Una
3648 1651 3754 1706 qua
3772 1632 4024 1704 vagiebat
4055 1631 4110 1684 in
4137 1628 4292 1683 cunis
4309 1640 4326 1692 ;
4345 1624 4428 1680 al-

2823 1752 2936 1798 tera
2965 1747 3068 1802 est,
3107 1736 3210 1806 12
3241 1748 3337 1803 per
3369 1747 3531 1803 quam
3560 1726 3894 1784 adorabatur
3924 1739 3952 1778 a
3986 1721 4155 1793 Magis
4187 1715 4422 1792 (Matth.

1124 1825 1265 1888 Deus
1293 1827 1343 1881 in
1373 1825 1592 1881 homine
1613 1866 1627 1888 ,
1671 1815 1815 1877 aliud
1853 1823 1992 1877 Dens
2023 1822 2201 1876 homo.
2259 1820 2418 1874 Aliud
2448 1829 2532 1874 est
2564 1820 2712 1874 verti
2749 1793 2795 1853 Β
2821 1793 3067 1900 an:
3241 1793 3354 1884 bna
3388 1793 3498 1898 'qua
3523 1835 3682 1881 mla“,
3705 1821 4025 1894 proﬁciebat
4046 1827 4100 1874 ει
4124 1813 4424 1886 sapientia;

1122 1916 1576 1985 minister,.aliud
1613 1916 1897 1986 magister.
1944 1917 2042 1986 11
2091 1914 2240 1967 Atius
2285 1912 2407 1965 tidci
2459 1911 2717 1966 dicendus

1122 2021 1209 2068 est
1258 2018 1491 2074 auctor,
1554 2008 1693 2062 alius
1739 2007 2084 2076 prmiicator.
2129 2004 2282 2058 Aliuzl
2329 2013 2414 2057 est
2452 2013 2719 2072 przcterea

1126 2101 1386 2174 Spiritum
1431 2109 1678 2156 sanczum
1719 2111 1818 2166 per
1862 2093 2239 2164 Prophetalem
2286 2093 2562 2162 snsci;ure
2593 2108 2718 2162 gra-

1127 2193 1289 2260 tiam,
1329 2190 1473 2246 aliud
1499 2203 1622 2243 cum
1652 2188 1855 2244 habere
1885 2184 2314 2243 snbstantialitcr
2342 2198 2436 2251 per
2460 2192 2713 2236 actm-am

1126 2281 1342 2352 (Matth.
1368 2282 1469 2351 Ill).
1519 2279 1775 2347 Quamvis
1801 2280 1943 2333 enim
1975 2276 2209 2346 Spiritus
2237 2274 2290 2328 ia
2315 2273 2594 2329 Christum
2621 2285 2720 2341 per

1125 2371 1486 2429 toi-.nnbinam
1529 2369 1870 2424 descenderit
1919 2367 2174 2439 specicsn,
2214 2380 2318 2420 non
2371 2372 2549 2418 tanzea
2595 2376 2720 2416 cum

1116 2463 1296 2534 potuit
1330 2459 1586 2516 divinitas
1611 2459 1986 2529 Redemptoris
2028 2456 2295 2524 accipere,
2337 2455 2592 2523 quoniam
2632 2463 2722 2504 se-

1127 2552 1364 2613 cundum
1407 2549 1710 2606 divinitatis
1753 2549 2047 2604 essentiam
2097 2546 2290 2611 Pater,
2333 2551 2387 2600 et
2438 2541 2626 2605 Filius,
2669 2554 2724 2599 et

1124 2639 1362 2722 Spiritus
1392 2649 1631 2706 sanctus,
1667 2654 1806 2694 unus
1836 2647 1920 2692 est
1950 2639 2113 2692 Deus.

1197 2731 1422 2788 Constat
1455 2745 1604 2800 ergo,
1635 2729 1761 2798 quia
1795 2728 2057 2798 Spiritum
2106 2735 2354 2783 sanctum
2389 2726 2640 2782 Christus
2671 2727 2724 2782 in

1128 2821 1310 2881 anima
1357 2820 1596 2891 suscepit
1634 2818 1892 2881 humana,
1930 2832 2035 2872 non
2075 2817 2130 2870 in
2172 2816 2479 2880 divinitate,
2509 2833 2615 2888 qua
2644 2817 2723 2870 vi-

1131 2909 1327 2971 delicet
1350 2925 1473 2966 eum
1495 2905 1908 2976 codem'Spii-itu
1939 2914 2127 2961 sancto
2151 2921 2288 2960 unus
2308 2915 2392 2961 est
2423 2906 2478 2960 in
2509 2917 2724 2959 natura.

1132 3000 1303 3073 igitur
1344 3009 1546 3055 interna
1584 2995 1840 3052 divinitas
1871 2995 1992 3050 Fdii
2025 3009 2148 3049 cum
2187 2994 2347 3065 plena
2389 2994 2728 3048 humanitate

1135 3107 1256 3155 sua,
1292 3097 1348 3144 et
1383 3090 1570 3144 eadem
1617 3086 1774 3158 plena
1826 3085 2137 3141 humanitas
2178 3084 2301 3139 Filii
2350 3096 2471 3138 eum
2527 3091 2727 3138 aeterna

1136 3178 1421 3236 divinitate
1462 3192 1584 3241 sua,
1616 3192 1721 3230 una
1748 3185 1832 3231 est
1855 3176 1908 3230 in
1940 3185 2128 3231 sancta
2172 3175 2440 3230 Trinitate
2473 3188 2740 3244 persona,

1135 3278 1191 3324 et
1211 3269 1328 3324 huic
1363 3283 1469 3322 non
1497 3267 1770 3338 adoptiva,
1795 3266 1889 3321 sed
1918 3266 2169 3337 propria;
2199 3280 2305 3320 non
2343 3266 2730 3335 nuncupativa,

1138 3356 1234 3412 sed
1263 3354 1659 3422 coessentialis,
1699 3364 1864 3424 atque
1905 3353 2168 3424 perlecta.
2217 3353 2287 3409 Et
2331 3353 2445 3423 ipse
2499 3363 2642 3407 totus
2681 3353 2736 3408 in

1138 3443 1445 3508 divinitate,
1483 3452 1647 3513 atque
1685 3443 2021 3498 humanitate
2061 3458 2156 3498 sua
2198 3443 2528 3512 unigenitus,
2560 3453 2613 3498 et
2646 3456 2736 3498 ve.

1139 3547 1235 3589 rus
1259 3533 1354 3589 Dei
1382 3532 1550 3601 Eilius
1583 3546 1598 3586 :
1637 3533 1887 3604 idemque
1923 3541 2066 3588 totus
2117 3533 2171 3588 in
2215 3533 2519 3600 divinitate,
2571 3541 2736 3603 atque

1139 3622 1479 3679 humanitate
1517 3637 1615 3679 sua
1647 3637 1810 3678 verus
1843 3633 1926 3678 est
1947 3623 2185 3678 hominis
2211 3623 2371 3686 titius,
2412 3639 2518 3678 non
2548 3625 2736 3693 utique

1141 3711 1557 3784 nuncupatlvus,
1579 3716 1718 3771 sicut
1740 3715 2029 3786 Hispanico
2057 3715 2281 3771 haeresis
2303 3728 2549 3770 asserere
2573 3716 2735 3786 impia

1144 3805 1447 3861 temeritate
1465 3806 1838 3878 praesumpsit;
1869 3807 2179 3877 perhibens,
2211 3806 2302 3860 Dei
2337 3805 2534 3863 Filium
2561 3807 2616 3860 in
2649 3805 2734 3860 di-

1140 3893 1267 3950 vina
1300 3905 1494 3952 natura
1523 3896 1692 3953 Deum
1722 3912 1842 3954 esse
1869 3913 2077 3963 verum,
2107 3899 2158 3952 in
2191 3897 2428 3953 humana
2458 3914 2738 3969 tunicopa-

1142 3985 1333 4052 tium,
1366 3987 1463 4046 ,πει
1503 3986 1854 4059 adoptivum;
1899 3995 1956 4042 ut
1995 3987 2149 4058 quasi
2178 3987 2297 4043 dum
2323 3989 2376 4043 in
2411 3986 2629 4044 Christo
2659 3989 2737 4042 vi-

1143 4079 1374 4136 dcantur
1393 4092 1514 4134 esse
1539 4093 1800 4150 personae.
1838 4079 1904 4134 Et
1941 4081 2054 4150 ipse
2079 4095 2177 4150 per
2204 4081 2544 4136 divinitatem
2572 4084 2735 4136 veru‘s

1142 4170 1243 4228 Dei
1272 4171 1346 4228 sit
1372 4171 1561 4238 Filius,
1589 4173 1681 4228 sed
1712 4172 1765 4227 in
1796 4173 2135 4228 humanitate
2162 4173 2233 4228 sit
2261 4175 2567 4248 adoptivus.
2598 4175 2734 4231 Cura

1143 4269 1358 4318 constet
1381 4261 1566 4331 utique
1584 4271 1737 4328 Juxta
1766 4261 2051 4339 catholicae
2075 4259 2196 4315 ﬁdei
2241 4263 2503 4333 regulam,
2549 4264 2736 4334 unige-

1143 4349 1320 4408 nitum
1353 4349 1444 4406 Dei
1473 4349 1665 4406 Filium
1688 4349 1747 4404 in
1767 4350 1973 4405 unitate
1995 4365 2080 4405 sui
2105 4350 2397 4406 humanam
2427 4355 2735 4423 suscepisse

2821 1926 3016 1987 altera,
3047 1900 3300 1992 qua-Dei
3338 1917 3512 1971 virtus
3570 1915 3684 1983 ipsa
3753 1927 3819 1966 ae
3852 1910 3968 1979 Dei
4017 1915 4101 1961 est
4158 1900 4435 1974 sapientia

2822 2015 2870 2087 (1
2902 2012 3028 2068 Cor.
3056 1991 3200 2079 itm).
3232 2007 3370 2072 Una,
3399 2019 3506 2081 qna
3539 2012 3664 2074 post
3693 1997 4043 2056 continentia:
4069 1991 4426 2087 quadragesi:

2823 2077 2982 2160 malis
3009 2077 3245 2156 inediam
3271 2077 3494 2166 jejunus
3517 2093 3711 2148 esnriit
3742 2087 3959 2162 (Matth.
3997 2086 4094 2154 tv),
4127 2077 4428 2145 attera,cui

2821 2208 2920 2263 per
2950 2188 3303 2261 subiectionis
3325 2185 3559 2240 ollicinm
3581 2181 3830 2252 proritms
3855 2175 4094 2247 angelica
4119 2171 4433 2228 sublimitas

2825 2285 3174 2344 ministravit.
3203 2282 3342 2340 Una.
3369 2297 3473 2350 qua
3499 2275 3806 2332 dormiebat
3831 2271 3884 2326 in
3914 2269 4061 2332 navi,
4084 2275 4140 2321 et
4161 2263 4432 2321 excitatus

2825 2388 2908 2434 est
2937 2393 2966 2432 a
2998 2373 3278 2444 discipulis
3307 2369 3502 2442 (Marc.
3539 2367 3644 2437 tv);
3681 2365 3880 2428 altera,
3928 2375 4036 2431 qua
4066 2355 4432 2428 procellarum

2826 2465 3248 2538 tempestatibus
3292 2460 3616 2531 imperabat,
3645 2467 3700 2512 et
3735 2453 3935 2510 ventis.
3971 2450 4116 2514 Una,
4147 2464 4254 2520 qua
4295 2446 4432 2506 fusis

2825 2557 3086 2628 lacrymis
3129 2563 3408 2610 mortuum
3461 2547 3696 2604 deﬂebat
3747 2543 4023 2609 amicum;
4079 2540 4275 2606 altera,
4325 2549 4431 2609 qua

2829 2649 3067 2705 animam
3120 2643 3238 2712 ejus
3285 2649 3506 2699 revocat
3547 2638 3616 2693 ab
3648 2636 3887 2700 inferno,
3915 2642 3971 2689 et
4004 2631 4436 2704 quatriduanum

2829 2740 3063 2797 mdaver
3093 2737 3362 2791 incolume
3391 2731 3680 2787 resuscitat
3713 2729 3780 2784 de
3821 2725 4073 2796 sepulcro
4116 2723 4301 2795 (latin.
4331 2721 4437 2785 tu).

2831 2831 2951 2888 Una
3005 2838 3108 2894 est,
3155 2841 3263 2896 qua
3297 2825 3566 2880 'tristatur
3610 2835 3784 2890 usque
3831 2818 3900 2872 ad
3953 2825 4185 2871 mortem
4215 2812 4436 2887 (Matth.

2833 2918 3026 2983 xxvi);
3062 2919 3255 2983 altera,
3284 2929 3390 2986 qua
3423 2911 3681 2985 ponendi,
3724 2917 3780 2965 et
3828 2906 4141 2965 resumendi
4194 2904 4439 2960 animam

2836 3024 2991 3064 suam
3038 3008 3240 3063 habere
3271 3041 3276 3051 ι
3304 3019 3366 3060 se
3409 3002 3663 3075 perhibet
3705 3003 4034 3068 potestatem
4079 2992 4265 3066 (loan.
4298 2991 4438 3066 xvi).

2843 3100 2978 3161 Utta,
3013 3113 3122 3174 qua
3156 3095 3421 3150 tumentia
3468 3091 3660 3155 maris,
3688 3098 3743 3145 et
3781 3086 4106 3156 confragosa
4161 3082 4442 3139 volumina

2835 3189 2998 3244 siccis
3026 3171 3198 3257 potuit
3243 3183 3460 3239 calcare
3506 3179 3753 3250 vestigiis
3801 3174 4191 3246 (Matthatv);
4244 3171 4441 3237 altera.

2835 3296 2941 3352 qua
2975 3279 3191 3349 ingiens
3231 3276 3282 3330 in
3313 3273 3634 3345 Egyptum,
3663 3268 3931 3326 saevitiam
3983 3263 4282 3352 declinavit
4330 3261 4441 3317 tle-

2836 3351 3006 3426 roJi‘s.
3043 3367 3159 3424 Una
3185 3374 3291 3430 est,
3319 3379 3423 3435 qua
3449 3361 3599 3418 velut
3625 3359 3718 3414 Sol
3752 3360 3806 3412 in
3847 3364 4035 3411 monte
4081 3351 4446 3423 transﬁgura-

2837 3467 2926 3513 tus
2958 3455 3158 3512 etl‘ulsit
3187 3450 3589 3524 (statuuntur);
3624 3448 3935 3517 attera,per
3953 3459 4118 3515 quam
4145 3441 4442 3500 recedente

2835 3548 3070 3611 visione,
3097 3546 3212 3601 sola
3252 3529 3593 3599 inﬁrmitatis
3637 3541 3889 3596 humana:
3949 3535 4125 3590 forma
4172 3532 4442 3590 remansit

2837 3637 3054 3710 (Matth.
3095 3636 3179 3707 ιι).
3229 3633 3349 3691 Una
3384 3641 3649 3703 prieterea
3681 3629 3757 3684 illi
3789 3635 3984 3682 natura
4014 3634 4116 3689 est,
4151 3623 4443 3694 perquam

2836 3731 2885 3787 ci
2937 3729 3139 3783 dicitur
3168 3745 3181 3781 :
3231 3745 3249 3778 ι
3296 3727 3468 3782 Filius
3495 3737 3648 3780 mens
3675 3738 3736 3779 es
3766 3733 3844 3784 tu,
3876 3734 3977 3790 ego
4007 3717 4173 3774 hodie
4198 3714 4360 3787 genui
4391 3721 4446 3770 te

2838 3818 3066 3893 (Psatm.
3097 3817 3158 3890 ll)
3180 3834 3194 3883 ;
3219 3836 3238 3871 ι
3266 3817 3434 3873 altera
3460 3812 3879 3888 perquam,a|io
3901 3809 4168 3881 propheta
4185 3812 4442 3871 testante,

2837 3911 3041 3967 dictum
3063 3919 3186 3966 est:
3219 3926 3238 3960 ι
3273 3907 3478 3964 Servus
3507 3921 3662 3962 meus
3685 3919 3746 3960 es
3777 3903 3855 3968 tu,
3887 3901 4015 3971 quia
4042 3899 4096 3954 in
4138 3906 4190 3952 te
4237 3894 4444 3967 gloria-

2834 4001 2938 4057 bor
2969 3999 3103 4071 (Ian.
3124 3998 3300 4069 XLIX).
3335 4017 3354 4050 ι
3421 3995 3558 4052 Nam
3583 3995 3889 4051 «secundum
3919 3988 4066 4045 aliud
4088 3996 4179 4050 ,est
4201 3985 4292 4042 illa
4316 3999 4449 4052 vox,

2838 4107 2946 4164 qua
2980 4091 3184 4146 dicitur
3215 4108 3227 4143 :
3259 4107 3278 4140 ‹
3314 4088 3395 4143 Ex
3452 4097 3612 4143 utero
3657 4094 3785 4140 ante
3833 4080 4122 4139 luciferum
4170 4075 4335 4149 genui
4395 4082 4450 4132 te

2839 4182 3244 4257 (Psalm.crx);
3290 4200 3310 4233 ι
3341 4190 3397 4236 et
3425 4178 3724 4238 secundum
3754 4173 3899 4230 aliud
3949 4172 4044 4228 illa
4093 4188 4105 4224 :
4168 4188 4188 4222 ι
4247 4167 4449 4223 Parum

2839 4266 2944 4338 est,
2977 4273 3172 4343 inquit,
3197 4282 3258 4327 ut
3287 4273 3364 4328 sis
3393 4271 3527 4326 mihi
3559 4282 3752 4326 servus
3789 4267 3860 4344 ad
3897 4259 4242 4343 suscitandas
4273 4257 4449 4312 tribus

2837 4341 3099 4430 Jacob,et
3129 4364 3266 4419 lines
3297 4362 3462 4418 lsrael
3489 4341 3886 4417 convertendos
3921 4341 4248 4425 (lsa.xux).
4279 4367 4298 4400 ι
4330 4344 4449 4404 Una

1143 4451 1420 4547 staturam.
1448 4442 1903 4547 servaffrquidem
1929 4441 2212 4544 utriusque
2238 4445 2568 4547 proprietate
2599 4446 2732 4501 sub-
2764 4485 2817 4547 υ
2843 4458 3011 4528 igitur
3046 4464 3130 4512 est
3167 4457 3220 4510 in
3251 4455 3476 4511 Christo
3507 4453 3839 4514 substantia,
3895 4447 3982 4502 vel
4035 4434 4291 4515 persona,
4345 4439 4447 4498 sed

1145 4533 1383 4598 stantia),
1407 4534 1500 4589 set
1525 4532 1751 4588 indivisa
1767 4548 2014 4604 prorsus,
2037 4529 2104 4604 ae
2125 4534 2353 4602 simplici
2382 4548 2738 4605 permanente

1143 4623 1354 4679 unitate
1381 4637 1659 4692 personae:
1689 4608 1917 4692 ilicoque
1959 4638 2059 4678 nec
2094 4624 2199 4678 duo
2229 4624 2452 4691 Christi,
2503 4626 2582 4680 vel
2630 4626 2738 4683 duo

1139 4718 1275 4781 ﬁunt
1305 4709 1457 4768 Filii;
1488 4711 1584 4764 sed
1631 4711 1791 4772 Deus,
1829 4723 1882 4766 et
1914 4714 2094 4775 homo,
2131 4728 2269 4768 unus
2297 4713 2566 4779 Christus,
2602 4732 2740 4772 unus

1148 4811 1237 4859 est
1285 4801 1631 4873 singulariter
1670 4801 1860 4855 Filius.
1889 4801 2026 4857 .i\'o:t
2070 4803 2214 4857 enim
2267 4804 2421 4860 locati
2475 4817 2620 4860 motu
2673 4808 2738 4860 at

1153 4899 1362 4949 Leatain
1398 4891 1668 4964 Virg‘nem
1706 4891 1860 4948 Verbi
1893 4895 2146 4948 divinitas
2171 4896 2336 4960 venit,
2360 4895 2452 4950 sed
2488 4896 2742 4953 ineditbiti

1142 4985 1405 5058 potentia:
1434 5001 1544 5041 sua:
1575 4987 1848 5051 mysterio
1872 4985 1962 5040 Dei
2003 4985 2172 5041 Filius
2209 4997 2264 5041 et
2312 4978 2521 5041 uterum
2556 4988 2742 5043 Matris

1143 5077 1452 5148 gignendos
1484 5077 1754 5146 implevit;
1799 5067 1851 5131 et
1883 5078 2230 5134 nihilominus
2255 5080 2306 5134 in
2342 5091 2578 5150 paterin!)
2606 5083 2741 5135 d‘vi-

1143 5167 1338 5224 Litatis
1361 5171 1564 5222 un'tate
1594 5171 1906 5237 permulsit.
1957 5172 2129 5224 Veniet
2156 5186 2183 5229 s
2212 5173 2277 5225 ad
2306 5188 2337 5224 n
2362 5191 2434 5232 is,
2473 5182 2529 5225 ni
2557 5175 2740 5227 anfer-

1141 5280 1162 5318 ι
1184 5268 1238 5314 ct
1265 5275 1294 5313 a
1327 5261 1476 5313 nobis
1514 5262 1655 5327 quod
1703 5263 1905 5315 invcz.ii
1937 5262 1987 5316 ia
2031 5265 2186 5317 nobis
2215 5284 2225 5317 ε
2257 5275 2308 5318 ct.
2357 5265 2575 5319 oli’trrct
2628 5267 2740 5334 ipse

1138 5365 1254 5425 μύ
1282 5352 1449 5412 nobis,
1492 5353 1631 5421 quod
1655 5356 1969 5423 sumpsith
2000 5357 2174 5410 nobis.
2231 5356 2340 5408 Nec
2384 5357 2526 5410 cniai
2581 5357 2740 5411 Verbi

1137 5443 1430 5506 divinitas,
1463 5445 1545 5497 vel
1579 5446 1628 5498 in
1666 5457 1845 5514 partes
1887 5447 2073 5511 dividi,
2103 5446 2184 5500 vel
2215 5464 2241 5500 a
2268 5447 2428 5500 Patre
2461 5449 2633 5514 potuit
2658 5464 2743 5501 sc-

1133 5536 1334 5610 parari
1363 5552 1379 5604 _:
1413 5537 1505 5589 sed
1539 5537 1732 5608 nb'que
1763 5548 1932 5604 totus,
1967 5545 2163 5609 unique
2194 5542 2358 5609 pcrl'ct
2384 5554 2482 5593 ius.
2530 5541 2604 5594 tta
2638 5558 2741 5596 non

1133 5627 1397 5683 deseruit
1430 5627 1674 5693 Patrem,
1709 5648 1831 5686 cum
1861 5634 2132 5688 descendit
2163 5637 2227 5687 ad
2259 5632 2527 5702 Virg‘nem
2548 5674 2561 5696 ,
2605 5614 2742 5687 sinit

1135 5733 1266 5779 non
1297 5720 1533 5778 deseruit
1574 5725 1854 5795 mundum,
1892 5741 2012 5783 cum
2058 5727 2230 5783 victor
2272 5725 2460 5783 mortis
2501 5726 2739 5785 ascendit

2848 4561 2954 4602 non
2978 4561 3086 4607 una
3116 4545 3444 4610 substantia,
3471 4543 3558 4599 vel
3586 4551 3800 4598 natura.
3830 4539 3902 4596 Ut
3932 4549 4264 4607 quamquam
4300 4531 4451 4589 aliud

2846 4637 3050 4702 divina,
3108 4636 3256 4692 atimt
3311 4636 3615 4692 substantia
3678 4635 3752 4688 sit
3811 4633 4071 4691 humana,
4121 4626 4176 4680 in
4227 4622 4450 4680 Christo

2852 4736 3028 4782 tamen
3061 4726 3210 4780 nullo
3233 4727 3392 4782 modo
3416 4725 3553 4780 alios
3578 4725 3722 4778 titius
3753 4720 4013 4780 hominis,
4031 4717 4169 4770 alius
4191 4713 4451 4770 credatur

2850 4832 2968 4872 esse
2994 4816 3135 4872 titius
3163 4817 3276 4870 Dei.
3300 4816 3382 4871 Ab
3409 4817 3524 4885 ipso
3553 4815 3751 4884 quippe
3786 4809 4083 4866 Dominicm
4115 4802 4448 4860 Inoarnatio-

2853 4912 2938 4965 nis
2963 4909 3190 4964 exordio
3213 4917 3268 4964 et
3292 4909 3433 4968 Dens
3460 4909 3513 4961 in
3541 4907 3822 4960 hominem
3852 4900 4092 4962 transiit,
4122 4906 4177 4950 et
4206 4894 4371 4949 homo
4394 4893 4448 4948 in

2854 5006 3056 5069 Deum;
3087 5015 3144 5056 ut
3172 5013 3226 5058 ct
3257 5002 3324 5065 is,
3348 5002 3438 5071 qni
3465 5016 3528 5053 ex
3564 5001 3675 5054 Deo
3702 4998 3863 5052 Patre
3895 5003 4021 5047 ante
4051 4989 4249 5045 saecula
4289 4993 4451 5041 natus

2852 5105 2953 5154 cst,
2981 5103 3034 5146 ct
3059 5109 3188 5147 vere
3219 5093 3290 5145 sit
3322 5090 3558 5146 hominis
3589 5088 3755 5149 ﬁlius,
3783 5095 3838 5140 et
3869 5098 3998 5139 vere
4030 5081 4099 5136 sit
4132 5082 4294 5133 homo
4337 5092 4350 5130 :
4395 5081 4451 5127 et

2853 5187 2918 5249 is,
2949 5186 3118 5254 quiin
3154 5184 3258 5237 line
3303 5182 3626 5237 saeculorum
3677 5181 3744 5232 de
3796 5175 4009 5246 virgine
4063 5180 4223 5226 natus
4267 5174 4369 5229 est,
4397 5174 4452 5218 et

2820 5262 2979 5332 ’γει-ο
3038 5269 3108 5330 sit
3165 5275 3261 5329 Dei
3327 5275 3510 5341 titius,
3558 5282 3613 5327 et
3678 5286 3841 5325 vetus
3909 5267 3981 5321 sit
4043 5262 4235 5335 procul
4287 5257 4450 5314 dubio

2857 5370 3014 5422 Deus.
3833 5423 3836 5428 _

2923 5460 3064 5513 Duas
3095 5475 3224 5527 ergo
3256 5457 3572 5512 nativitates
3602 5464 3748 5511 recte
3776 5453 4104 5509 conﬁtemur
4127 5449 4179 5501 in
4207 5445 4446 5511 Christo,

2853 5566 3014 5606 unam
3055 5551 3119 5604 de
3145 5549 3306 5604 Patre
3335 5551 3452 5612 sine
3481 5550 3659 5611 initio,
3693 5557 3745 5601 cl
3796 5546 3913 5600 sine
3965 5553 4206 5610 terr-pore
4251 5538 4449 5607 sempi-

2853 5653 3086 5703 ternam,
3112 5649 3167 5694 et
3198 5651 3526 5695 comternam
3560 5656 3655 5711 per
3691 5638 3872 5693 omnia
3911 5635 4175 5706 genitori;
4219 5632 4447 5686 atteram

2853 5733 2919 5791 de
2977 5741 3227 5796 materna
3284 5731 3591 5795 substantia
3645 5733 3746 5790 sub
3809 5726 4084 5788 curriculo
4137 5722 4444 5796 temporali.
