5652 6424
365 0 4471 136 “—

2133 495 2198 552 3|
2559 486 2619 543 S.
2658 483 2861 542 PETRI
2899 475 3176 542 DAHIANI
3214 471 3361 528 OPP.
3407 465 3642 522 TOMUS
3681 458 3810 516 SEU
3847 452 4024 512 PARS
4063 450 4147 505 111.
4188 478 4254 489 -
4292 439 4652 501 OPUSCULA
4693 433 4917 490 VAlllA.
5303 422 5375 476 δ’

2137 604 2518 659 Couvenerunt
2545 596 2691 654 enim
2713 595 2938 648 sibimet
2979 589 3208 648 invicem
3241 587 3293 639 in
3323 565 3538 640 Christo
3568 574 3705 630 divi-

2143 699 2306 754 nitas,
2331 699 2381 744 et
2412 691 2648 746 humana
2673 683 2942 742 COttdilio;
2975 688 3032 731 ut
3061 690 3115 731 et
3136 675 3360 730 Verbum
3384 684 3511 725 caro
3537 666 3707 727 ﬁeret,

2140 791 2194 836 et
2225 782 2276 834 iu
2314 779 2634 836 Deum‘earo
2667 773 2944 833 transiret,
2991 780 3260 838 quatenus
3311 777 3450 815 unus
3496 760 3712 813 Emma-

2145 871 2265 925 nuel
2300 880 2364 922 es
2411 875 2638 932 utraque
2673 861 2975 916 stilistantia
3027 856 3355 928 proveniret,
3388 852 3477 920 qni
3531 849 3621 902 Dei
3661 856 3714 899 et

2144 958 2416 1014 hominum
2448 955 2673 1009 idoneus
2698 952 2966 1004 mediator
2979 950 3251 1001 existeret.
3271 944 3323 996 in
3349 938 3716 1010 quovitlclicet

2141 1045 2410 1100 naturalia
2433 1042 2638 1111 proprii
2672 1039 2870 1109 vigoris
2889 1039 3010 1109 jura
3039 1043 3323 1090 servantur
3342 1073 3355 1094 ,
3385 1040 3439 1083 et
3473 1028 3718 1083 sublimi-

2145 1144 2227 1189 tas
2259 1135 2487 1188 Deitatis
2509 1132 2869 1188 eti-humilitas
2905 1129 3107 1183 carnis.
3134 1125 3252 1179 Non
3285 1137 3415 1192 ergo
3444 1121 3602 1182 alius,
3624 1117 3718 1171 sed

2145 1241 2286 1280 unus
2308 1225 2560 1291 idemque
2592 1226 2725 1275 duas
2749 1221 3098 1290 operationes
3119 1213 3385 1274 exercuit,
3410 1221 3462 1264 et
3494 1220 3720 1275 utraque

2145 1323 2366 1385 operata
2393 1321 2478 1367 est
2505 1309 2677 1364 forma
2729 1309 2812 1361 vel
2856 1318 3046 1360 natura
3079 1316 3200 1358 cum
3230 1301 3450 1354 alterius
3477 1311 3719 1352 commu-

2146 1404 2326 1464 nione,
2351 1400 2494 1470 quod
2541 1399 2817 1469 proprium
2865 1395 3052 1450 habuit
3103 1409 3118 1446 :
3180 1390 3470 1446 Divinitate
3517 1386 3723 1440 scilicet

2147 1494 2584 1550 communicante
2629 1487 2883 1556 operibus
2928 1485 3127 1545 carnis,
3177 1490 3233 1536 et
3285 1492 3449 1533 came
3486 1488 3724 1528 commu-

2150 1584 2364 1638 nicanie
2413 1581 2668 1648 operibus
2733 1575 3046 1631 divinitatis.
3090 1573 3231 1625 Idem
3271 1570 3448 1636 itaque
3475 1565 3644 1626 Deus,
3672 1569 3727 1614 et

2149 1675 2312 1729 homo
2343 1673 2396 1725 in
2425 1684 2530 1723 una
2559 1667 2933 1728 subsistentia,
2959 1664 3043 1717 vel
3081 1674 3331 1732 persona,
3380 1658 3473 1712 sed
3518 1654 3725 1725 gemina

2153 1765 2431 1834 utriusque
2456 1770 2668 1814 servata
2697 1757 2992 1827 proprietas
3017 1751 3354 1810 substantize,
3376 1752 3726 1815 permanente

2151 1861 2364 1915 natura,
2383 1862 2440 1904 ut
2458 1861 2741 1917 utramque
2757 1843 3001 1899 videlicet
3027 1856 3197 1910 neque
3213 1839 3434 1894 dividat.
3450 1850 3544 1889 nec
3560 1833 3729 1886 unitio

2154 1945 2296 1996 tacta
2325 1935 2640 1991 confundat.
2671 1933 2906 1988 Verbum
2936 1931 3078 1985 enim
3110 1928 3342 1981 Verbum
3372 1934 3486 1987 est,
3519 1933 3572 1976 et
3620 1936 3724 1974 non

2156 2044 2321 2083 caro:
2356 2036 2410 2080 et
2436 2039 2564 2079 caro
2592 2036 2718 2076 caro
2743 2031 2850 2083 est,
2881 2032 2934 2072 et
2959 2034 3063 2072 non
3101 2015 3330 2070 Verbum
3359 2021 3462 2066 est.
3494 2011 3599 2064 Sed
3629 2025 3732 2061 una

2158 2133 2238 2174 est
2263 2124 2506 2184 operatio
2536 2127 2736 2173 carnis,
2752 2119 2806 2162 et
2829 2107 3012 2169 Verbi,
3037 2105 3161 2174 quia
3191 2111 3245 2156 et
3277 2116 3378 2154 uua
3404 2108 3485 2152 est
3511 2112 3735 2166 persona

2162 2207 2254 2260 Dei
2299 2213 2353 2258 ct
2391 2203 2646 2255 hominis.
2679 2197 2832 2254 Unde
2868 2194 3103 2248 Joannes
3131 2210 3144 2244 ε
3183 2209 3202 2242 ι
3233 2191 3382 2256 Quod
3407 2187 3735 2254 fuit,inquit,

2165 2291 2264 2364 13
2298 2292 2364 2345 ab
2395 2291 2569 2352 initio,
2604 2292 2744 2356 qttod
2773 2286 3096 2345 audivimus,
3139 2289 3191 2335 et
3219 2280 3480 2338 vidimus,
3514 2287 3569 2329 et
3598 2290 3720 2342 per-

2162 2383 2458 2454 speximus,
2490 2391 2545 2435 et
2575 2393 2769 2433 manus
2801 2385 3000 2430 nostra:
3045 2378 3416 2426 tractaverunt
3463 2368 3517 2420 in
3563 2365 3738 2418 Verbo

2167 2475 2290 2531 vitm
2327 2472 2376 2544 (Ι
2407 2469 2569 2523 Ῑοαη.
2611 2467 2671 2536 ι).
2704 2486 2723 2520 s
2763 2467 2896 2520 Cum
2934 2477 3110 2519 tamen
3151 2461 3256 2515 nisi
3300 2475 3397 2528 per
3429 2471 3739 2511 sacramen-

2170 2572 2282 2614 tum
2315 2559 2448 2611 uniti
2497 2557 2752 2620 hominis,
2787 2554 2956 2606 Deutn
2985 2567 3141 2605 uerno
3173 2549 3347 2601 valeat
3387 2560 3630 2604 cernere.
3657 2543 3737 2595 vel

2168 2649 2310 2719 Quod
2359 2645 2744 2714 impossibilius
2773 2652 2886 2705 est,
2923 2641 3170 2696 manibus
3206 2633 3745 2691 eontrectare.Di'v1-

2172 2741 2310 2792 uitas
2336 2739 2478 2792 enim
2522 2733 2848 2788 humanitati
2896 2732 2972 2785 sic
3003 2729 3434 2798 inseparabiliter
3463 2736 3544 2779 est
3571 2726 3740 2780 unita.

2175 2827 2311 2894 quod
2341 2842 2461 2880 eam
2501 2834 2784 2894 pes-tquam
2833 2824 2884 2875 iu
2925 2824 3127 2873 unitate
3165 2832 3410 2886 persona:
3454 2815 3620 2868 semel
3652 2828 3743 2865 nc-

2174 2924 2346 2984 cepit,
2391 2915 2459 2968 ab
2492 2913 2580 2966 illa
2614 2912 2951 2982 posmiodum
2987 2910 3329 2974 aliquatenus
3364 2919 3464 2956 non
3499 2901 3743 2954 recessit.

2176 3003 2307 3059 Nam
2339 3007 2486 3062 Deus
2507 3009 2667 3063 homo
2697 3011 2890 3075 factus,
2927 3013 2991 3065 de
3017 3011 3276 3066 maternis
3303 3007 3598 3061 visceribus
3625 3021 3747 3074 pro-

2175 3095 2302 3157 diit;
2340 3097 2479 3152 Dcus
2510 3101 2670 3156 homo
2715 3101 2911 3168 factus,
2961 3105 3012 3157 in
3063 3103 3238 3157 crucis
3286 3100 3427 3168 ligno
3477 3093 3747 3166 pependit.

2180 3200 2283 3255 Sed
2316 3209 2369 3253 et
2398 3200 2542 3253 idem
2575 3198 2715 3250 Deus
2742 3199 2902 3250 homo
2931 3197 3226 3250 secundum
3253 3196 3420 3248 solam
3446 3207 3664 3247 carneis
3699 3192 3750 3244 in

2179 3287 2430 3355 sepulcro
2475 3285 2656 3348 iacuit,
2689 3285 2828 3337 idem
2875 3285 3014 3337 Deus
3055 3284 3214 3337 homo
3247 3281 3540 3334 secundum
3581 3279 3748 3329 solans

2181 3379 2420 3433 animam
2464 3377 2530 3428 ad
2579 3377 2774 3429 inferni
2827 3374 3090 3443 profunda
3136 3373 3438 3425 descendit.
3493 3369 3752 3422 Diviuitas

2184 3473 2350 3531 enim,
2397 3485 2516 3539 qua:
2569 3470 2619 3521 iu
2671 3471 3022 3534 conoeptione
3056 3476 3341 3531 utramque
3383 3462 3640 3528 suscepit,
3700 3461 3751 3511 iu

2187 3570 2360 3614 morte
2391 3573 2605 3626 quoque
2636 3558 2704 3609 ab
2732 3567 2962 3624 utraque
3005 3569 3063 3608 se
3091 3552 3326 3620 suscepti
3364 3550 3598 3604 hominis
3629 3549 3751 3600 sub-

2185 3651 2384 3705 stantia
2424 3665 2528 3702 non
2556 3646 2822 3713 abjunxit.

2255 3739 2386 3805 Quis
2438 3747 2521 3792 est
2565 3751 2714 3800 ergo.
2781 3750 2878 3804 per
2913 3750 3072 3803 quem
3129 3735 3303 3787 factus
3353 3737 3436 3783 est
3488 3730 3756 3782 mundus?

2182 3833 2434 3886 Christus
2480 3830 2675 3884 Jesus:
2731 3832 2825 3883 sed
2869 3830 2920 3882 in
2969 3829 3137 3881 forma
3185 3825 3298 3880 Dei.
3348 3824 3479 3889 Quis
3527 3832 3629 3882 cst,
3663 3837 3757 3891 per

2188 3940 2345 3994 quem
2404 3925 2713 3990 redemptus
2763 3931 2846 3974 est
2893 3919 3153 3973 mundus?
3181 3918 3430 3972 Christus
3455 3913 3632 3975 Jesus,
3663 3916 3756 3966 sed

2189 4016 2240 4068 in
2274 4015 2443 4066 forma
2485 4014 2650 4066 servi.
2677 4011 2936 4076 Quisnam
2979 4018 3062 4064 est
3105 4007 3394 4062 derelictus
3426 4005 3478 4057 in
3513 4003 3759 4056 inferno?

2189 4105 2442 4159 Christus
2469 4101 2644 4162 Jesus,
2675 4103 2764 4156 sed
2792 4103 2844 4154 in
2879 4103 3055 4153 anima
3093 4100 3229 4152 sola.
3263 4097 3393 4164 Quis
3422 4101 3758 4149 resurrectu-

2191 4209 2284 4246 rus
2326 4190 2695 4260 triduojaeuit
2722 4189 2772 4241 in
2815 4188 3109 4253 sepulcro?
3138 4187 3386 4240 Christus
3438 4183 3616 4245 Jesus,
3666 4183 3760 4236 sed

2191 4282 2246 4336 in
2298 4295 2459 4334 carne
2500 4279 2631 4332 sola.
2666 4278 2805 4347 Ergo
2843 4278 2895 4329 in
2934 4277 3017 4330 his
3061 4275 3284 4345 singulis
3328 4273 3594 4334 Christus,
3627 4282 3680 4325 et
3708 4272 3760 4324 in

2193 4371 2444 4423 omnibus
2470 4385 2573 4422 non
2596 4370 2720 4429 duo,
2750 4368 2843 4420 sed
2875 4382 3010 4419 unus
3031 4376 3108 4419 est
3141 4365 3408 4418 Christus.
3440 4363 3580 4430 Ergo
3603 4376 3760 4425 unus,

2194 4461 2445 4529 idemque
2470 4461 2683 4528 gemina
2716 4457 2928 4523 vigente
2961 4465 3153 4509 natura
3189 4454 3536 4521 conspicitur,
3565 4461 3618 4506 et
3644 4464 3764 4521 qua:

3739 578 3781 633 Α
3813 578 3931 622 ctus
3966 565 4116 617 visus
4142 570 4222 616 est
4247 557 4443 628 specie,
4472 562 4526 607 et
4561 563 4815 617 tanquam
4844 544 4935 599 Dei
4960 541 5124 596 Filius
5153 538 5204 591 in
5237 538 5376 593 veri-

3814 667 3925 711 tate
3971 666 4150 706 carnis
4200 625 4448 716 dignatus
4493 650 4574 696 est
4601 650 4858 706 apparere
4885 631 5093 701 (Matth.
5123 628 5224 696 ιιι).
5248 625 5377 693 Qui-

3812 753 3934 802 dam
3959 756 4193 810 namque
4220 734 4542 808 persuadere
4567 727 4743 785 conati
4767 733 4910 785 sunt,
4935 721 5025 774 Dei
5057 719 5245 772 Filium
5270 731 5372 769 nou

3810 837 3980 890 fuisse
4022 808 4209 885 natum
4239 841 4305 880 ex
4337 823 4532 878 femina
4556 861 4571 883 ,
4602 819 4741 872 sient
4776 828 4872 868 nec
4901 808 5132 879 Spiritus
5163 812 5377 859 sanctus

3813 934 3970 980 natus
3999 931 4083 976 est
4113 921 4177 974 de
4212 915 4456 972 columba
4503 908 4696 978 (Marc.
4735 905 4794 974 l).
4849 902 4963 956 Non
4997 898 5161 959 enim,
5207 895 5375 949 aiunt.

3815 1015 4062 1072 Columba
4097 1011 4184 1064 illa
4233 1008 4298 1061 de
4326 1019 4428 1060 ovo
4461 1009 4544 1055 est
4585 1005 4734 1057 nata,
4761 1007 4882 1048 eum
4913 999 5088 1042 tamen
5131 982 5379 1039 humanis

3816 1106 3989 1161 oculis
4033 1098 4387 1168 corporaliter
4417 1093 4488 1148 sit
4533 1093 4820 1156 conspecta
4860 1081 5042 1151 (Joan.
5086 1076 5145 1146 l).
5178 1072 5380 1168 Quibus

3817 1195 4074 1249 nnuirum
4107 1159 4146 1242 θ’
4160 1198 4306 1241 recte
4329 1179 4674 1238 credentibus
4700 1170 5054 1240 respondetur
5081 1183 5092 1218 :
5123 1163 5244 1232 quia
5274 1159 5384 1212 illic

3822 1285 4085 1355 Spiritum
4111 1288 4360 1332 sanctum
4380 1269 4691 1342 apparuisse
4712 1261 4902 1317 Joanni
4929 1260 4979 1311 in
4997 1253 5250 1310 columba:
5263 1264 5385 1319 spe-

3822 1342 3904 1430 ci'e
3934 1373 4179 1440 legimus,
4203 1367 4290 1420 ubi
4317 1373 4372 1419 et
4393 1361 4663 1416 Christum
4689 1362 4871 1408 natum
4902 1349 5066 1403 fuisse
5094 1346 5159 1399 de
5187 1342 5382 1398 femina

3824 1431 4126 1531 reperimus
4154 1455 4307 1524 (Luc.
4356 1451 4462 1519 ιιι).
4487 1447 4553 1501 Et
4577 1461 4680 1499 non
4711 1447 4924 1510 oportet
4947 1452 5010 1490 ex
5034 1442 5183 1504 parte
5209 1431 5384 1484 Evan-

3827 1517 3966 1618 gelio
4024 1517 4265 1604 credere,
4301 1548 4352 1593 et
4397 1517 4461 1591 ex
4509 1543 4665 1603 parte
4714 1545 4817 1582 non
4863 1526 5102 1580 credere.
5143 1519 5290 1586 Quod
5339 1517 5383 1571 si

3829 1605 4101 1691 credimus
4127 1627 4450 1696 Evangelia,
4484 1622 4747 1690 Spiritum
4773 1623 5016 1671 sanctum
5048 1611 5098 1664 in
5131 1605 5387 1663 columba:

3829 1726 4003 1781 forma
4041 1729 4408 1789 conspectum,
4452 1712 4734 1767 credamus
4780 1715 4995 1774 quoque
5041 1709 5258 1752 necesse
5286 1704 5384 1753 est,

3832 1788 4246 1880 Redemptorem
4273 1814 4517 1862 nostrum
4541 1803 4604 1855 de
4625 1797 4830 1867 virgine
4851 1794 5013 1847 fuisse
5035 1788 5386 1860 progenitum.

3756 1902 3802 1960 Β
3835 1906 4014 1969 Quare
4058 1909 4236 1954 autem
4269 1895 4504 1965 Spiritus
4532 1898 4752 1946 sanctus
4778 1894 5113 1952 nequaquam
5146 1885 5298 1930 natus
5327 1887 5390 1927 ex

3835 1993 4104 2054 columba,
4150 1991 4291 2044 sicut
4332 1987 4580 2041 Christus
4617 1977 4925 2048 agnoscitur
4969 1981 5122 2026 natus
5167 1983 5284 2022 esse
5329 1965 5393 2021 de

3836 2086 4068 2139 femina?
4101 2081 4224 2134 llaec
4269 2087 4351 2132 est
4379 2072 4566 2143 procul
4595 2070 4759 2126 dubio
4796 2080 4981 2127 causa,
5013 2061 5136 2131 quia
5165 2057 5395 2128 Spiritus

3838 2187 4058 2233 sanctus
4080 2188 4184 2226 non
4216 2170 4383 2231 venit,
4417 2177 4474 2220 ut
4504 2179 4602 2219 sua
4633 2160 4910 2216 columbas
4937 2153 5265 2224 apparitione
5295 2146 5400 2219 ιι

3839 2268 4124 2322 redimeret
4163 2280 4174 2312 :
4227 2259 4318 2314 sed
4367 2263 4426 2308 ut
4472 2270 4566 2324 per
4608 2247 4746 2306 hanc
4786 2246 5019 2314 speciem
5065 2237 5398 2311 spiritualem

3839 2370 4120 2419 amorem,
4193 2361 4248 2404 et
4311 2344 4675 2402 innocentiam
4745 2335 5024 2392 visibilitcr
5078 2331 5397 2400 designaret.

3841 2447 3932 2500 Dei
3961 2456 4085 2497 vero
4135 2440 4324 2501 Filius,
4379 2436 4470 2504 qui
4512 2441 4756 2486 naturam
4799 2434 5074 2484 nostram,
5115 2429 5170 2475 et
5201 2420 5403 2486 lapsam

3839 2535 3986 2588 venit
4035 2531 4265 2598 erigere,
4329 2533 4383 2578 et
4456 2523 4806 2575 inveteratam
4850 2516 4900 2568 in
4966 2510 5113 2564 vitiis
5172 2505 5405 2576 origina-

3844 2631 3981 2682 libus
4020 2635 4279 2679 renovare
4305 2661 4319 2681 ,
4361 2619 4462 2671 hoc
4505 2612 4690 2671 debuit
4737 2604 5056 2662 naturaliter
5112 2609 5168 2654 et
5221 2610 5406 2653 essen-

3848 2717 4049 2771 tialiter
4089 2713 4142 2764 in
4179 2710 4384 2763 unitate
4431 2715 4674 2774 personae
4712 2696 4984 2763 suscipere
5010 2731 5024 2754 ,
5078 2686 5218 2758 quod
5263 2682 5408 2736 venit

3847 2824 3937 2874 per
3955 2803 4214 2873 passionis
4229 2809 4282 2853 et
4296 2792 4702 2852 resurrectionis
4713 2802 4821 2842 sua:
4834 2783 5143 2854 mysterium
5160 2778 5407 2832 liberare.

3921 2915 4027 2968 ﬁo:
4071 2923 4245 2964 tamen
4296 2908 4396 2960 hoc
4417 2903 4666 2963 dicimus,
4697 2906 4752 2952 ut
4779 2895 4950 2950 solum
5001 2891 5409 2956 Redemptorem

3857 3011 4096 3053 nostrum
4125 3009 4342 3047 carnem
4376 2991 4732 3057 assumpsisse
4759 3002 4961 3048 veram,
5012 2985 5266 3052 Spiritum
5293 2997 5413 3036 vero

3859 3097 4105 3142 sanctum
4152 3083 4387 3152 speciem
4433 3079 4698 3133 fateamur
4737 3075 4974 3129 induisse
5004 3070 5415 3140 phantasticam.

3859 3208 4011 3260 Sicut
4037 3208 4178 3259 enim
4207 3219 4310 3257 non
4335 3199 4565 3270 oportuit
4601 3208 4656 3252 ut
4681 3196 4862 3250 oculos
4897 3193 5166 3247 hominum
5208 3190 5295 3244 Dei
5323 3187 5415 3242 Fi—

3857 3300 3957 3354 iius
3983 3298 4205 3357 falleret,
4236 3294 4314 3346 sic.
4338 3291 4556 3347 omnino
4579 3303 4681 3342 non
4707 3285 4900 3347 decuit,
4932 3292 4988 3336 ut
5016 3281 5209 3349 aliquid
5246 3276 5414 3347 Spiri-

3859 3400 3940 3441 tus
3972 3397 4189 3439 sanctus
4218 3381 4496 3434 mendacio
4526 3376 4822 3430 simularet.
4857 3371 5134 3429 Nimirum,
5180 3380 5299 3420 cum
5339 3364 5415 3417 si-

3857 3487 3947 3531 cut
3973 3477 4056 3528 ille
4087 3483 4166 3527 est
4190 3473 4400 3528 veritas.
4431 3475 4501 3520 ita
4525 3465 4870 3519 uihilmninus
4890 3470 4942 3514 et
4973 3461 5069 3512 iste
5093 3459 5155 3510 sit
5187 3455 5415 3523 Spiritus

3859 3569 4122 3623 veritatis.
4159 3565 4396 3631 Utraque
4437 3560 4596 3630 igitur
4643 3555 4727 3609 illa
4759 3566 5005 3621 corpora,
5055 3547 5415 3600 columbinutn

3858 3662 4086 3720 scilicet,
4119 3665 4170 3711 et
4195 3657 4511 3711 humanum,
4546 3650 4616 3700 ita
4650 3646 4864 3698 fuerunt
4892 3641 4942 3692 in
4973 3637 5212 3691 veritatis
5237 3648 5417 3686 esseu-

3861 3756 3956 3814 tia,
3990 3752 4127 3804 sicut
4160 3743 4406 3799 humanis
4426 3737 4702 3794 obtutibus
4725 3742 4850 3787 sunt
4871 3736 5173 3796 conSpecta.
5201 3723 5302 3778 Sed
5327 3721 5418 3774 illa

3861 3811 4120 3895 columbae
4145 3835 4372 3903 species,
4401 3837 4642 3898 peracto,
4676 3823 4815 3893 quod
4855 3816 5186 3879 imminebat,
5217 3811 5419 3866 utilita-

3864 3933 3932 3984 tis
3968 3925 4288 3986 ministerio,
4342 3920 4539 3975 desiit:
4585 3929 4780 3982 corpus
4807 3923 4937 3965 vero
4983 3905 5316 3962 Dominicum
5359 3902 5418 3953 in

3864 4016 4210 4084 suscipientis
4239 4013 4420 4080 utique
4447 4009 4602 4063 Verbi
4629 4003 4805 4060 stabili
4834 4015 5043 4069 semper
5065 3998 5267 4051 unitate
5301 4007 5421 4063 per-

3863 4109 4080 4163 mansit.
4141 4104 4507 4158 Conliteamur
4543 4111 4670 4168 ergo
4715 4107 4934 4149 necesse
4966 4100 5067 4153 est,
5097 4101 5281 4142 verum
5321 4083 5421 4136 Dc-

3865 4214 3954 4252 uin
4004 4191 4403 4248 Emmanuelem
4474 4204 4539 4241 ex
4605 4186 4809 4238 duabus
4869 4178 5178 4235 substantiis
5242 4177 5427 4229 incon-

3867 4290 4003 4349 fuse,
4057 4295 4217 4354 atque
4259 4279 4649 4335 inilivisibiliter
4696 4276 5007 4328 existentem
5047 4288 5058 4322 :
5104 4278 5260 4336 atque
5305 4265 5428 4318 ideo

3869 4382 4077 4433 beatam
4130 4375 4400 4450 Virginem
4446 4386 4549 4424 non
4593 4366 4749 4421 modo
4794 4363 5045 4423 bomini~,
5101 4357 5191 4412 sed
5236 4365 5291 4410 et
5329 4353 5427 4406 Dei

3869 4481 4174 4521 asseramus
4224 4462 4486 4516 veraciter
4529 4457 4872 4512 Genitricem.
4917 4449 5240 4505 Naturaliter
5283 4443 5424 4498 enim

2195 4564 2320 4608 sunt
2361 4555 2638 4622 utriusque
2687 4553 3000 4606 substantia:
3044 4549 3363 4604 naturaliter
3408 4557 3676 4617 operatur,
3709 4555 3765 4599 et
3794 4581 3841 4640 υ
3871 4571 4032 4626 mque
4064 4553 4353 4608 carnaliter
4380 4567 4427 4618 gi

3193 4549 3363 4603 ’δηίοτ
3408 4557 3676 4617 ορθνῖιιυτι
3709 4555 3765 4640 Ci
3794 4581 3841 4640 ι)
3871 4571 4032 4626 atque
4064 4553 4353 4608 carnaliter
4380 4550 4563 4618 genuit
4584 4561 4802 4602 carnem
4831 4543 5028 4596 factum
5057 4539 5145 4592 Dei
5175 4535 5425 4590 Verbum.

2198 4659 2422 4712 quaeque
2471 4644 2769 4697 substantia
2798 4657 2920 4696 cum
2945 4641 3320 4695 communione
3347 4639 3592 4698 alterius,
3622 4637 3765 4705 quod

2198 4749 2352 4786 suum
2395 4743 2534 4797 erat,
2585 4733 2796 4800 agebat,
2842 4730 3139 4784 secundum
3188 4729 3474 4796 unicuique
3522 4725 3771 4778 videlicet

2198 4822 2414 4876 insitam
2441 4821 2785 4875 essentialem
2814 4819 3154 4887 qualitatem,
3187 4817 3267 4870 vel
3316 4815 3614 4869 naturalem
3645 4829 3769 4883 pro-

2201 4913 2504 4982 prietatem.
2537 4911 2628 4966 Sic
2663 4911 2822 4980 igitur
2855 4925 2951 4963 nos
2994 4916 3207 4978 oportet
3245 4905 3426 4958 omnia
3466 4913 3621 4957 caute
3651 4917 3770 4970 per-

2198 5002 2454 5071 pendere,
2477 5009 2744 5071 quatenus
2767 5009 2821 5053 ct
2843 4999 2998 5067 plena
3029 4998 3338 5052 humanitas
3371 4996 3421 5048 in
3457 4994 3622 5046 Deum
3647 5005 3768 5044 cre-

2201 5091 2356 5166 datur
2381 5099 2676 5156 assumpta,
2711 5097 2765 5142 et
2791 5088 2947 5158 plena
2977 5086 3235 5140 divinitas
3270 5083 3474 5138 homini
3509 5079 3770 5144 intelliga-

2201 5187 2287 5232 tur
2315 5179 2487 5232 unita.
2534 5176 2648 5231 lloc
2677 5177 3046 5231 tantummodo
3072 5185 3132 5229 ut
3173 5175 3285 5228 Deo
3343 5172 3627 5226 reddamus
3655 5184 3774 5239 quae

2208 5267 2296 5323 Dei
2321 5276 2485 5323 sunt:
2518 5275 2571 5321 et
2600 5266 2828 5331 homini,
2859 5281 2978 5335 quae
3004 5277 3131 5319 sunt
3161 5255 3421 5319 hominis.

2790 5380 3013 5437 CAPUT
3056 5379 3184 5434 Vill.

2210 5476 2380 5540 Quare
2408 5474 2861 5554 Spiritussanctus
2886 5483 3035 5552 natus
3065 5488 3166 5524 non
3195 5470 3386 5550 dicitur
3426 5483 3490 5522 ea:
3519 5465 3773 5528 columba,

2625 5546 2678 5595 in
2721 5543 2868 5612 cujus
2892 5545 3057 5610 specie
3096 5540 3356 5609 apparuit.

2277 5659 2638 5727 Quamobrem
2676 5672 2797 5710 cum
2829 5670 2990 5723 super
3025 5651 3329 5719 huiusmodi
3363 5651 3600 5707 themate
3633 5661 3774 5714 smpc

2215 5754 2436 5821 quzestio
2469 5748 2772 5810 ventilctur,
2830 5756 2934 5800 nun
2985 5758 3152 5812 parva
3198 5743 3448 5794 distantia
3498 5748 3582 5792 est
3635 5738 3774 5790 inter

2221 5841 2363 5900 illam
2390 5840 2783 5912 susceptionem
2825 5835 3108 5899 columbae,
3133 5845 3186 5885 m
3215 5835 3365 5901 cuius
3389 5828 3620 5900 Spiritus
3649 5839 3773 5883 sau-

3871 4647 4236 4701 Conliteamur
4257 4643 4417 4694 etiam
4445 4637 4675 4690 Verbum
4703 4633 4849 4688 carui
4875 4629 5162 4684 secundum
5188 4625 5435 4676 substan-

3874 4738 4000 4788 tiam
4030 4729 4348 4785 naturaliter
4396 4725 4760 4794 eongenitum,
4793 4732 5061 4785 unumque
5091 4729 5209 4768 esse
5251 4709 5432 4764 Chris-

3876 4837 3986 4878 tum
4015 4841 4024 4874 :
4057 4822 4147 4875 sed
4181 4820 4357 4888 potius
4389 4831 4508 4868 cum
4543 4815 4654 4882 ipsa
4680 4823 4841 4864 carne
4867 4805 5024 4860 simul
5053 4813 5105 4856 et
5142 4801 5319 4854 anima
5348 4811 5436 4848 ve-

3875 4931 3992 4969 rum
4025 4912 4187 4964 Deum
4212 4919 4265 4962 et
4288 4920 4412 4960 vere
4440 4904 4672 4963 unicum,
4702 4908 4755 4952 et
4786 4893 5077 4950 naturalem
5105 4890 5195 4943 Dei
5221 4887 5434 4945 Filium,

3878 5007 3949 5058 ita
3986 5011 4042 5054 ut
4070 5011 4406 5068 nequaquam
4431 5001 4815 5064 praesumamus
4840 4996 5078 5038 asserere
5106 4985 5437 5044 assdmptuu

3876 5093 4150 5148 hominem
4188 5063 4490 5144 eoadorari,
4538 5079 4621 5132 vel
4667 5069 5059 5144 congloriﬁeari
5109 5067 5218 5120 Deo
5265 5063 5438 5116 Verbo

3880 5184 4108 5240 debere:
4138 5179 4385 5234 videlicet
4411 5185 4664 5242 tauquam
4693 5168 4828 5222 alter
4854 5171 5136 5219 veneretur
5160 5161 5211 5213 in
5244 5158 5435 5210 altero.

3881 5275 3993 5328 Hoc
4019 5272 4184 5333 enim,
4210 5286 4289 5331 ro,
4321 5263 4744 5334 supcradjectam
4771 5253 5024 5326 syllabam
5053 5247 5335 5319 persuadet
5359 5246 5439 5298 in-

3882 5363 4070 5430 telligi.
4098 5361 4201 5414 Sed
4223 5375 4324 5411 una
4349 5355 4525 5418 potius
4545 5367 4608 5405 ac
4624 5347 4850 5417 simplici
4869 5343 5176 5398 adoratione
5200 5336 5440 5390 colamus

3882 5450 4306 5513 Emmanuelem,
4341 5460 4526 5499 verum
4565 5439 4769 5496 scilicet
4811 5437 4996 5495 Deum,
5046 5439 5098 5484 et
5150 5427 5438 5482 hominem.

3883 5543 4036 5610 Ouod
4063 5544 4224 5596 etiam
4271 5541 4321 5592 in
4351 5530 4826 5591 Anatbematismis
4857 5525 4915 5579 Β.
4946 5521 5125 5592 Cyrilli
5182 5516 5441 5586 reperitur

3882 5639 4182 5691 insertum:
4225 5628 4379 5682 «Nec
4429 5627 4556 5679 item
4598 5623 4858 5679 dicamus.
4909 5616 5048 5670 Deus
5091 5617 5346 5679 operatur
5393 5603 5440 5654 iu

3883 5725 4139 5781 homine:
4174 5730 4230 5772 ut
4283 5717 4438 5787 quasi
4470 5715 4609 5768 alius
4636 5711 4726 5773 sit,
4770 5708 4860 5778 qui
4898 5702 5134 5756 exterius
5172 5693 5439 5749 cernitur;

3881 5818 4042 5882 alius,
4073 5813 4166 5883 qui
4192 5785 4515 5866 intrinsecus
4541 5809 4812 5876 operatur.
4841 5795 4946 5853 Sed
4971 5805 5132 5848 unum
5160 5785 5336 5861 potius
5359 5795 5450 5837 vt:-
