5652 6362
1174 369 1246 425 55
2219 351 2464 412 OPUSC.
2499 351 2540 406 l.
2571 380 2640 390 —
2674 347 2760 404 DE
2802 346 2957 402 FIDE
2979 341 3399 403 CAtilOLlCA.
4374 335 4443 388 fit

1169 495 1435 540 ueremur
1483 479 1672 540 Deum,
1722 484 1778 530 et
1805 472 1895 542 qui
1926 470 2204 540 subjectus
2235 477 2320 522 cst
2363 464 2558 528 oculis,
2586 459 2763 517 homi-
2795 457 2847 518 Α
2928 481 3241 536 Cavendum
3271 491 3356 536 εει
3383 496 3537 553 περ,
3572 497 3642 538 ne
3671 497 3962 553 suppara"
3999 481 4147 536 p3";
4170 479 4465 540 credam“

1175 587 1339 636 nem;
1368 580 1423 626 et
1443 585 1562 638 qua:
1590 569 1717 621 latet
1740 565 1991 626 interius,
2017 561 2380 628 majestatem.
2412 556 2539 612 ideo
2571 554 2771 624 quippe
2858 573 2979 628 Filii
3022 573 3386 642 maiestatem,

2228 569 2380 613 Hem-
2412 556 2539 612 Μεο
2571 554 2771 624 ψιῑββο
2858 573 2979 628 Filii
3022 573 3386 642 majestatem,
3415 576 3500 630 his
3530 576 3762 641 decepti,
3797 591 3918 645 quae
3945 575 4012 629 ad
4063 573 4297 630 formam
4328 576 4460 631 sunt

1176 662 1443 718 mediator
1476 670 1580 723 est,
1627 656 1884 727 quoniam
1930 653 2073 706 idem
2102 652 2264 714 Deus,
2293 660 2348 702 et
2391 649 2554 702 homo
2584 659 2766 710 verus,

1176 753 1383 808 habens
1429 766 1536 804 una
1565 746 1867 801 divinitatis
1917 759 2039 798 cum
2073 742 2233 796 Patre
2262 751 2539 802 naturam,
2572 746 2628 792 et
2657 753 2766 792 non

1172 844 1444 898 diversam
1504 839 1859 896 humanitatis
1911 852 2034 892 cum
2085 836 2257 888 Matre
2296 833 2675 888 substantiam.
2708 829 2767 883 in

1173 943 1407 1003 utraque
1433 931 1642 986 scilicet
1688 940 1883 983 natura
1915 930 2055 982 idem
2108 937 2193 982 est
2217 927 2312 980 Dei
2353 924 2548 988 Filius,
2580 931 2764 976 nostra

1175 1025 1497 1093 suscipiens,
1521 1031 1577 1076 et
1601 1021 1819 1091 propria
1846 1034 1950 1074 non
1967 1018 2250 1083 amittens,
2271 1019 2322 1071 in
2348 1017 2568 1073 homine
2593 1014 2766 1068 homi-

1176 1129 1299 1168 nem
1333 1126 1623 1174 renovans,
1649 1112 1702 1164 in
1733 1109 2027 1177 semetipso
2057 1123 2272 1176 semper
2305 1103 2768 1162 incommutabilis

1176 1219 1552 1274 perseverans.
1583 1222 1601 1254 ι
1627 1200 1935 1256 Secundum
1963 1199 2195 1253 formam
2218 1200 2416 1268 quippe
2440 1198 2536 1252 Dei
2561 1197 2766 1250 dictum

1175 1303 1261 1348 est
1293 1312 1306 1348 :
1343 1312 1362 1344 ι
1403 1295 1545 1346 Ante
1574 1307 1766 1347 omnes
1810 1290 1974 1345 colles
2016 1291 2205 1360 genuit
2234 1304 2317 1343 me
2348 1289 2533 1358 (Prov.
2565 1286 2708 1356 vin),
2739 1304 2761 1338 ι

1171 1385 1228 1439 id
1260 1393 1363 1447 est,
1396 1383 1731 1438 ante-omnia
1788 1391 2052 1450 tempora,
2086 1390 2140 1435 et
2171 1380 2518 1449 temporalia;
2571 1392 2768 1432 secun-

1175 1473 1299 1526 dum
1350 1488 1483 1528 vero
1530 1473 1760 1528 formam
1809 1473 1954 1527 servi
2008 1472 2209 1526 dictum
2262 1480 2390 1524 est:
2446 1487 2465 1520 ι
2504 1468 2767 1522 Dominus

1172 1563 1380 1616 creavit
1399 1578 1484 1617 me
1508 1564 1561 1618 in
1594 1563 1748 1618 initio
1776 1564 1986 1617 viarum
2007 1578 2230 1618 suarum
2258 1561 2468 1631 (Ibid.).
2507 1579 2526 1611 ι
2554 1559 2764 1614 Secun-

1174 1651 1302 1705 dttm
1337 1651 1564 1706 formam
1613 1652 1707 1707 Dei
1755 1653 1893 1707 dixit
1925 1667 1938 1706 :
1977 1672 1995 1703 ‹
2033 1652 2145 1723 Ego
2179 1668 2296 1707 sum
2330 1651 2534 1706 veritas
2567 1660 2622 1704 et
2653 1650 2766 1703 vita

1173 1740 1359 1812 (Joan.
1387 1744 1520 1814 xvr);
1557 1763 1577 1796 ι
1604 1746 1899 1799 secundum
1925 1744 2155 1799 formam
2180 1744 2319 1798 servi
2353 1741 2503 1811 :Ego
2517 1756 2635 1794 sum
2657 1739 2759 1792 uia.

2858 663 3139 719 referenda
3187 666 3464 730 servilem,
3496 681 3659 736 quam
3705 666 3915 720 scilicet
3961 664 4321 719 humanitatis
4347 664 4464 718 for-

2855 768 3020 816 mam,
3051 762 3110 806 ut
3134 754 3391 809 ostendat
3417 753 3474 808 in
3504 768 3564 808 se
3585 753 3682 810 Dei
3713 754 3755 808 F
3760 754 3884 809 ilius
3913 770 4022 810 non
4050 754 4327 820 discretaa,
4358 767 4463 808 nec

2877 860 2906 897 ει
2932 847 3105 905 terius
3133 863 3252 903 esse
3280 864 3548 918 persona),
3577 860 3631 902 et
3659 864 3781 901 cum
3810 866 3870 903 ea
3903 851 4062 904 simul
4093 853 4222 905 dicit
4261 871 4274 905 :
4308 870 4326 903 ι
4364 851 4466 908 Pa-

2856 944 2953 992 ‘ter
2989 937 3163 1005 major
3190 952 3276 991 me
3303 945 3386 991 est
3419 937 3604 1005 (Iona.
3637 945 3783 1007 xiv);
3825 959 3844 990 ι
3879 951 3933 992 et
3965 954 4085 991 cum
4115 944 4303 995 eadem
4333 940 4468 998 nilrio

2863 1027 3100 1083 lominus
3122 1028 3252 1083 dicit
3274 1035 3290 1081 '.
3315 1046 3334 1079 α
3357 1028 3468 1099 Ego
3489 1037 3545 1083 et
3570 1028 3731 1082 Pater
3753 1044 3918 1082 unum
3939 1045 4125 1084 smnus
4145 1031 4325 1099 (Joan.
4349 1034 4459 1102 X).)

2867 1117 3010 1169 Deus
3039 1116 3224 1185 utique
3251 1117 3380 1170 dicit
3411 1134 3424 1169 :
3464 1134 3482 1168 ι
3517 1115 3681 1170 Pater
3713 1116 3886 1183 major
3915 1133 4002 1171 rue
4046 1128 4150 1181 est,
4190 1137 4207 1169 ι
4249 1121 4343 1174 sed
4393 1136 4460 1176 ex

2864 1203 3182 1259 infirmitate
3211 1215 3437 1259 nostra:
3468 1215 3522 1259 et
3551 1207 3713 1259 homo
3743 1207 3912 1260 dicit:
3967 1226 3985 1257 α
4029 1204 4144 1278 Ego
4190 1218 4245 1264 et
4297 1210 4463 1267 Pater

2859 1308 3031 1348 unum
3064 1308 3290 1362 sumus;
3327 1315 3347 1347 ι
3379 1299 3476 1350 sed
3511 1312 3578 1350 ex
3608 1297 3810 1350 virtute
3846 1298 4052 1352 divina.

3470 1385 3702 1441 CAPUT
3743 1387 3836 1444 IX.

2871 1473 3117 1529 Christus
3148 1485 3391 1529 naturam
3421 1478 3647 1545 suscepit
3675 1478 3987 1544 humanam,
4027 1496 4130 1534 non
4155 1498 4460 1549 personam.

2933 1565 3112 1620 Movet
3144 1575 3346 1630 autem,
3377 1581 3499 1621 eum
3539 1568 3632 1620 Dei
3664 1567 3832 1622 Filius
3864 1569 3939 1623 nil
3964 1570 4144 1626 minus
4173 1573 4239 1627 de
4265 1573 4463 1629 huma-

2868 1657 3062 1718 nitate,
3094 1658 3187 1710 sed
3230 1665 3401 1710 totum
3449 1669 3610 1728 atque
3646 1661 3918 1727 integrum
3964 1663 4241 1718 hominem
4273 1679 4460 1722 susce-

2859 1744 3004 1814 pisse
3037 1746 3315 1809 credatur,
3346 1760 3445 1800 cur
3477 1763 3641 1801 unam
3694 1751 3980 1805 dumtaxat
4028 1753 4228 1808 habere
4273 1768 4463 1824 perso-

1177 1827 1388 1898 (lbid.).
1418 1829 1568 1894 Quod
1594 1831 1736 1886 enim
1772 1849 1792 1882 ς
1826 1831 2058 1884 Verbum
2083 1847 2208 1886 caro
2232 1832 2431 1886 factum
2457 1847 2566 1895 e5t,
2599 1851 2617 1883 ι
2652 1845 2758 1885 non
2794 1823 2836 1881 Β
2866 1849 2992 1888 nam
3023 1835 3168 1890 Deus
3191 1836 3356 1892 homo
3380 1836 3562 1893 factus
3585 1843 3890 1896 asseritur.
3922 1842 4058 1898 Nam
4084 1823 4359 1914 quomodo
4388 1860 4465 1903 to-

1167 1919 1279 1973 hoc
1305 1920 1594 1989 significat,
1622 1923 1764 1990 quod
1794 1922 1845 1975 in
1877 1937 2094 1976 carnem
2124 1923 2302 1975 divina
2332 1922 2403 1975 sit
2427 1930 2615 1975 natura
2641 1937 2757 1974 mu-

1178 2014 1287 2059 tata
1312 2047 1324 2058 .
1358 2008 1474 2070 sed,
1508 2009 1650 2077 quod
1681 2025 1711 2061 a
1737 2009 1913 2063 Verbo
1946 2010 1996 2061 in
2025 2010 2232 2062 unitate
2255 2023 2498 2077 persona:
2527 2011 2600 2065 sit
2623 2016 2754 2064 caro

1175 2107 1444 2165 suscepta.
1478 2098 1741 2167 Majcstatl
1767 2099 1965 2168 quippe
1998 2100 2191 2153 divinae
2223 2115 2484 2168 corporea
2532 2100 2602 2155 de
2643 2099 2725 2153 Ma

1176 2194 1256 2238 tre
1282 2187 1536 2240 nativita‘s
1564 2187 1639 2240 nil
1664 2189 1904 2252 abstulit,
1941 2190 2076 2243 nihil
2129 2191 2374 2255 contulit,
2429 2191 2563 2246 nihil
2593 2206 2660 2245 ex
2689 2206 2750 2246 ea

1173 2274 1226 2326 in
1284 2275 1428 2328 aliud
1475 2279 1822 2345 permutavit.
1869 2279 2334 2335 lncommutabilis
2383 2296 2577 2350 nempe
2625 2283 2753 2336 sub-

1170 2367 1369 2418 stantia
1402 2369 1541 2420 sicut
1569 2384 1908 2438 nequaquam
1936 2369 2037 2440 15
2070 2371 2121 2423 in
2151 2372 2362 2426 diversa
2384 2373 2650 2438 converti,
2674 2373 2753 2428 sic

1169 2468 1272 2508 nec
1304 2456 1471 2509 minui
1497 2457 1672 2525 potuit
1725 2473 1822 2514 nec
1848 2462 2051 2529 augeri.

1243 2543 1412 2613 igitur
1435 2549 1719 2618 utriusque
1747 2558 1956 2606 natum
1985 2563 2376 2620 cognoscentes
2422 2553 2655 2632 indicia;
2696 2565 2752 2610 et

1172 2636 1405 2691 Verbum
1435 2638 1487 2690 in
1521 2639 1738 2693 homine
1778 2639 2016 2705 Christo,
2053 2651 2108 2696 et
2155 2643 2430 2704 Christum
2473 2645 2749 2700 hominem

1169 2725 1458 2780 adoramus
1487 2727 1538 2780 in
1583 2727 1780 2783 Verbo.
1812 2729 2047 2784 Verbum
2078 2733 2221 2786 enirn
2265 2748 2394 2790 caro
2438 2734 2640 2790 factum
2694 2736 2747 2790 in

1166 2815 1378 2870 duabus
1406 2814 1659 2873 essentiis
1703 2834 1843 2872 unus
1869 2832 1952 2875 est
1981 2819 2259 2888 Cnristus;
2296 2823 2383 2878 ubi
2425 2823 2635 2895 scilicet
2666 2825 2747 2880 ui-

1167 2905 1242 2959 hil
1270 2916 1353 2960 est
1399 2907 1706 2962 utriuslibet
1739 2918 1965 2974 naturae,
1997 2912 2139 2979 quod
2174 2928 2280 2966 non
2333 2914 2405 2966 sit
2434 2915 2745 2983 utriusque.

1164 2995 1312 3050 idem
1341 3003 1425 3050 est
1469 2998 1521 3052 in
1552 2996 1724 3052 forma
1775 2999 1890 3063 Dei,
1940 3001 2032 3069 qui
2080 3000 2132 3053 in
2190 3001 2364 3055 forma
2411 2999 2748 3072 conspicitur

1167 3087 1342 3151 servi;
1371 3087 1509 3142 idem
1543 3088 1816 3157 passibilis
1847 3091 1900 3143 in
1929 3089 2223 3160 fragilitate
2253 3103 2457 3159 nostra,
2491 3102 2548 3154 et
2569 3097 2744 3150 invio-

2858 1926 2975 1978 iutn
3005 1928 3243 1994 suscepit
3264 1927 3559 1992 hominem,
3584 1931 3630 1984 si
3658 1947 3948 2000 personam
3974 1935 4210 1990 hominis
4240 1952 4345 1992 non
4372 1955 4462 1993 ac-

2855 2014 3037 2081 cepit?
3065 2015 3174 2068 Aut
3202 2017 3248 2068 si
3279 2015 3373 2069 Dei
3405 2015 3600 2084 Filius,
3647 2020 3745 2087 qui
3794 2029 3881 2076 est
3927 2039 4034 2077 una
4087 2026 4138 2078 in
4191 2025 4462 2084 Trinitat'e

2857 2118 3110 2172 persona,
3142 2119 3262 2157 cum
3295 2105 3533 2160 hominis
3566 2123 3793 2176 persona
3827 2115 4194 2180 conjungitur,
4232 2133 4465 2186 quomo-

2857 2192 2924 2244 do
2973 2191 3028 2244 in
3080 2206 3243 2245 unam
3291 2196 3622 2250 convenisse
3683 2213 3974 2266 perosam
4038 2202 4130 2256 Dei
4193 2207 4356 2260 simul
4405 2220 4463 2264 ct

2860 2278 2966 2349 ιδ
3007 2279 3243 2335 hominis
3271 2283 3574 2337 substantia
3618 2288 3988 2355 perhibetur?
4027 2291 4181 2357 Quod
4214 2310 4335 2348 cum
4369 2313 4461 2352 δυο

2853 2367 3024 2422 let-ter
3069 2372 3428 2439 inquirerem,
3475 2377 3685 2444 etquid
3721 2378 3807 2431 hic
3857 2379 4093 2433 iniretur
4128 2399 4156 2434 a
4202 2383 4462 2442 i’atribus

2854 2459 3172 2530 diligentius
3195 2457 3539 2531 indagarem,
3563 2467 3738 2535 reperi
3766 2467 4057 2525 .tlcuinum
4082 2475 4369 2544 scripsisse
4394 2478 4464 2534 ad

2855 2549 3110 2604 Carolum
3139 2553 3547 2620 imperatorem,
3583 2561 3727 2625 quod
3757 2577 3774 2610 ‹
3810 2560 3905 2615 Dei
3936 2563 4108 2618 Filius
4135 2583 4239 2620 non
4271 2568 4462 2622 huma-

2856 2655 2980 2695 nam
3008 2655 3297 2710 personam
3326 2646 3591 2718 suscepit,
3620 2650 3718 2703 sed
3751 2659 4027 2706 naturam.
4065 2674 4084 2706 »
4117 2662 4276 2710 Juxta
4307 2662 4466 2726 cujus

2854 2732 3190 2784 sententiam
3232 2743 3440 2799 restat,
3481 2743 3541 2790 ut
3568 2753 3799 2806 persona
3831 2731 3952 2794 Filii
3991 2743 4350 2803 humanitatis
4378 2767 4465 2805 cs-

2854 2820 3088 2873 sentiam
3117 2821 3234 2874 sine
3263 2822 3617 2880 humanitatis
3635 2839 3864 2895 persona
3892 2836 4213 2902 susceperit.
4236 2836 4464 2907 Magnus

2852 2918 3033 2963 autem
3063 2910 3176 2964 Leo
3197 2910 3456 2968 Romana:
3483 2915 3681 2984 praesul
3707 2914 3979 2983 Ecclesim,
4008 2930 4061 2974 et
4085 2925 4275 2978 doctor
4301 2925 4463 2983 uber-

2853 2999 3023 3051 rimus
3071 3000 3198 3054 ﬁdei
3244 3002 3568 3060 Christiana:
3620 3007 3677 3059 in
3742 3007 4026 3076 cujusdam
4088 3016 4460 3076 declarat‘ono

2853 3089 3122 3142 sermonis
3162 3091 3247 3146 his
3290 3092 3463 3146 utitur
3490 3095 3674 3150 verbis
3707 3097 3867 3165 (Vide
3902 3100 4118 3157 Scholia
4160 3107 4230 3158 ad
4263 3108 4460 3163 calcent

1165 3176 1345 3232 labilis
1371 3178 1425 3232 in
1460 3179 1656 3233 virtute
1683 3179 1897 3244 divina;
1930 3180 2071 3235 idem
2101 3183 2456 3250 incorporeus
2493 3195 2743 3249 manens,
2777 3165 2821 3225 (ἶ
2857 3175 3120 3246 optum“)
3144 3194 3162 3231 -‘
3192 3179 3362 3247 (Πίου
3395 3203 3397 3230 ε

2229 3190 2456 3250 φοι-ωε
2493 3195 2743 3249 manens,
2777 3165 2821 3225 C
2857 3175 3162 3246 opusculi):
3192 3195 3221 3229 ι.
3241 3179 3362 3247 iiic,
3395 3182 3492 3246 ait,
3517 3185 3781 3240 mirabilis
3809 3205 3982 3244 sacra:
4012 3193 4246 3262 Virginis
4271 3208 4461 3265 partus

1166 3271 1224 3315 ct
1254 3278 1451 3332 corpus
1478 3280 1790 3334 assumens;
1825 3269 1970 3322 idem
1996 3278 2078 3322 est
2101 3271 2191 3338 qui
2221 3279 2275 3325 et
2297 3281 2539 3350 paternae
2564 3272 2730 3342 majes

1169 3353 1300 3406 tatis
1328 3368 1436 3407 non
1465 3355 1665 3411 divisus
1693 3367 1778 3410 est
1817 3358 1974 3423 solio,
2007 3371 2062 3413 et
2106 3369 2284 3414 tamen
2331 3361 2401 3417 ab
2438 3363 2630 3434 impiis
2672 3375 2755 3420 est

1165 3442 1468 3496 cruciﬁxus
1495 3443 1547 3496 in
1580 3444 1744 3513 ligno.
1773 3447 2002 3502 Constat
2019 3450 2164 3504 enim
2194 3455 2755 3522 utramqne'suhstair

1167 3533 1300 3588 tiam
1344 3533 1400 3589 in
1449 3551 1610 3590 unam
1654 3540 2001 3595 concurrisse
2043 3555 2376 3609 personam:
2422 3552 2587 3613 atque
2633 3546 2754 3602 ideo

1163 3640 1308 3680 unus
1348 3627 1598 3696 idemque
1643 3637 1727 3683 est
1774 3644 1942 3697 super
1983 3632 2104 3686 cmli
2155 3632 2534 3688 celsitudinem
2581 3634 2755 3690 victor

1164 3717 1357 3770 mortis
1383 3718 1702 3784 ascendens,
1724 3725 1779 3772 et
1808 3734 1979 3790 usque
2002 3721 2072 3775 ad
2099 3725 2624 3778 consummationem
2653 3738 2752 3780 sm—

1165 3805 1270 3859 euli
1293 3807 1598 3862 universam
1621 3808 1920 3863 Ecclesiam
1944 3826 2050 3865 non
2076 3812 2406 3883 relinquens.
2432 3812 2658 3884 Utrique
2680 3815 2753 3891 si-

1159 3895 1387 3963 quidem
1420 3906 1628 3956 natura:
1655 3899 1708 3952 in
1730 3900 1844 3953 suis
1867 3900 2056 3969 utique
2085 3903 2510 3971 proprietatibus
2535 3921 2749 3974 perma-

1163 3988 1338 4052 nenti,
1369 3996 1518 4042 tanta
1536 3997 1626 4051 est
1651 3989 1876 4051 unitatis
1892 3988 2034 4044 facta
2059 3994 2388 4060 communio,
2415 3987 2749 4066 ut'qtridquid

1162 4073 1238 4129 ibi
1267 4073 1360 4129 Dci
1391 4085 1496 4141 est,
1532 4088 1638 4131 non
1669 4079 1737 4134 sit
1773 4068 1842 4134 ab
1873 4081 2093 4136 homine
2123 4091 2436 4150 separatum
2465 4079 2566 4140 {et
2593 4083 2750 4155 quid-

1161 4164 1293 4232 quid
1316 4175 1402 4218 est
1429 4167 1681 4231 hominis,
1718 4181 1825 4223 non
1854 4169 1926 4224 sit
1950 4184 1982 4222 a
2011 4171 2294 4226 divinitate
2323 4174 2578 4230 divisum.
2607 4176 2750 4230 Con-

1158 4262 1323 4323 cepto
1352 4256 1606 4309 nimirum
1645 4257 1699 4311 in
1746 4267 1902 4314 utero
1948 4261 2196 4332 virginis,
2249 4265 2445 4319 animae
2489 4267 2651 4320 simul
2691 4275 2747 4321 et

1162 4343 1314 4395 carni
1344 4357 1412 4397 ne
1433 4353 1630 4412 puncto
1649 4346 1870 4413 quidem
1895 4352 2152 4417 temporis
2167 4352 2338 4406 virtus
2352 4353 2523 4408 defuit
2542 4352 2701 4412 Verli
2727 4375 2741 4411 :

1158 4446 1266 4486 nec
1294 4441 1420 4487 ante
1454 4432 1705 4498 formata,
1739 4437 1821 4490 vel
1852 4439 2086 4494 animata
2117 4451 2198 4495 est
2226 4445 2410 4508 vestis,
2448 4461 2609 4514 quam
2643 4447 2742 4501 s'hi

1157 4521 1278 4576 Rex
1305 4539 1568 4592 supernus
1595 4526 1861 4591 indueret,
1893 4529 1988 4582 sed
2037 4545 2134 4599 per
2178 4533 2373 4600 ipsum,
2424 4543 2480 4589 et
2526 4537 2580 4590 in
2628 4538 2744 4606 ip.o

1157 4611 1307 4680 cepit
1334 4612 1462 4666 illud
1497 4615 1713 4668 humani
1743 4619 1986 4685 corporis
2013 4621 2296 4688 templum,
2343 4625 2487 4692 quod
2516 4626 2619 4680 sibi
2649 4627 2741 4680 Dei

1157 4698 1333 4755 Filius
1384 4703 1747 4758 essentialiter
1781 4708 2044 4763 couniret.
2099 4708 2191 4764 Dei
2219 4712 2415 4782 quippe
2468 4713 2637 4770 Filius
2691 4718 2743 4770 in

1159 4799 1321 4842 utero
1342 4792 1571 4861 virginis
1603 4795 1988 4864 concipiendos
2012 4803 2263 4865 accessit,
2313 4803 2493 4873 ibique
2522 4805 2742 4861 domum

1153 4880 1245 4932 sui
1277 4884 1521 4948 corporis
1547 4885 1708 4954 (sicut
1759 4887 2020 4942 seriotum
2053 4893 2156 4946 esti
2188 4895 2452 4961 sapientia
2507 4895 2744 4952 fabricas

1153 4967 1237 5019 vit
1266 4963 1447 5035 (Prov.
1473 4969 1572 5038 ix).

1234 5056 1310 5110 De
1335 5060 1615 5116 creatione
1641 5063 1823 5132 itaque
1850 5064 2047 5122 futura:
2075 5071 2275 5126 sobolis
2305 5075 2438 5127 nihil
2490 5075 2599 5131 illic
2625 5089 2754 5133 erat~

1146 5149 1462 5216 inceptum,
1488 5153 1583 5206 sed
1611 5162 1736 5223 post
1769 5155 2050 5212 introitum
2090 5160 2252 5218 Verbi
2301 5165 2353 5218 in
2386 5167 2596 5222 unitate
2635 5169 2743 5234 sui,

1150 5250 1338 5293 novus
1366 5238 1528 5296 homo
1548 5245 1796 5314 concepit
1830 5248 2064 5304 initium.
2095 5252 2149 5306 In
2183 5271 2344 5310 unam
2374 5259 2576 5313 Christi
2625 5275 2746 5330 per.

1142 5341 1353 5384 sonam
1381 5331 1591 5397 gemina
1617 5338 1973 5392 conveniente
1999 5350 2208 5405 natura,
2240 5347 2324 5400 cui
2349 5354 2403 5400 et
2427 5348 2606 5403 divina
2636 5365 2750 5404 vir-

1143 5428 1252 5474 tus
1275 5416 1476 5472 inesset
1506 5422 1571 5474 ad
1597 5425 1863 5481 mirabilia
1901 5443 2144 5498 operum,
2178 5445 2230 5488 et
2276 5437 2632 5496 humanitatis
2662 5441 2743 5495 in-

1138 5507 1393 5565 firmitas
1420 5512 1484 5563 ad
1535 5513 1873 5571 tolerantiam
1927 5524 2254 5590 passionum.
2304 5527 2409 5583 Sed
2457 5540 2746 5603 utrumque

1139 5601 1307 5655 Deus
1337 5597 1402 5651 de
1435 5608 1700 5667 potestate
1727 5609 2091 5677 suscipientis,
2125 5625 2418 5688 utrumque
2466 5619 2629 5679 homo
2658 5597 2746 5678 'de

1136 5683 1468 5745 humilitate
1488 5694 1741 5761 suscepti.

2858 3280 2987 3320 vere
3035 3268 3352 3336 humanam,
3409 3288 3648 3344 vereque
3697 3279 3937 3335 divinam
3992 3300 4158 3338 unam
4202 3289 4372 3341 edidit
4400 3291 4457 3346 tu

2858 3358 3010 3426 prole
3040 3373 3326 3428 personam
3357 3377 3373 3416 :
3404 3365 3529 3434 quia
3558 3380 3666 3422 non
3696 3371 3770 3422 ita
3815 3375 4176 3441 proprietates
4221 3393 4349 3433 suas
4382 3391 4461 3435 te-

2857 3448 2975 3502 nuit
3003 3461 3232 3521 utraque
3266 3455 3594 3523 substantia,
3629 3469 3687 3511 ut
3711 3474 4069 3529 personarum
4098 3466 4152 3519 in
4179 3467 4259 3522 eis
4288 3472 4462 3538 possit

2855 3551 2978 3592 esse
3029 3540 3308 3596 discretio.
3352 3539 3463 3600 Nec
3514 3545 3593 3600 sic
3633 3560 3884 3604 creatura
3929 3551 3982 3606 in
4023 3556 4343 3612 societatem
4372 3563 4460 3617 sui

2854 3630 3133 3686 Creatoris
3162 3645 3436 3705 assumpta
3463 3634 3567 3703 est,
3602 3647 3659 3692 ut
3690 3639 3777 3694 ille
3802 3643 4097 3709 habitator,
4123 3657 4176 3701 et
4206 3647 4294 3703 illa
4311 3660 4460 3708 esset

2853 3720 3266 3790 habitaculum;
3301 3727 3395 3780 sed
3427 3727 3502 3780 ita
3537 3738 3594 3782 ut
3622 3740 3834 3786 natura:
3863 3733 4022 3788 alteri
4057 3737 4228 3794 altera
4261 3741 4456 3798 misce—

2854 3817 3024 3866 retur.
3069 3831 3086 3863 ι
3122 3813 3275 3880 Quod
3312 3816 3570 3894 nimirum
3602 3827 3655 3872 et
3685 3818 3990 3877 luculenter
4021 3835 4104 3878 est
4132 3828 4364 3894 diutum,
4395 3840 4452 3887 et

2855 3903 3174 3960 cautissime
3207 3891 3507 3960 verborum-
3526 3911 3886 3978 suspensione
3917 3913 4194 3971 libratum.
4232 3919 4458 3975 Emma-

2851 3992 2977 4048 nuel
3007 3994 3150 4047 enim
3179 3993 3461 4050 nobiseum
3492 3997 3656 4064 Deus,
3686 4015 3794 4054 una
3815 4016 4031 4072 semper
4056 4009 4215 4060 estin
4244 4020 4440 4066 sancta

2851 4084 3118 4142 TriuTtate
3144 4095 3409 4166 persona,
3431 4105 3558 4159 qua:
3581 4092 3723 4147 sicut
3755 4105 4032 4165 utinquam
4062 4114 4089 4151 a
4116 4099 4454 4169 plenitudine

2850 4185 2963 4232 sua:
2991 4180 3208 4235 virtutis
3245 4171 3520 4264 imminui,
3566 4182 3641 4238 ita
3694 4198 3793 4239 nec
3845 4189 4021 4255 pot‘uit
4065 4204 4162 4257 pcr
4190 4193 4448 4261 copulant

2851 4279 3119 4339 susceptae
3168 4271 3528 4328 humanitatis
3574 4277 3783 4346 augeri.
3825 4277 4160 4351 Hmcitaque
4188 4293 4443 4351 persona.

2851 4360 2978 4416 ιιωο
3024 4362 3245 4418 interim
3292 4365 3540 4434 exempla
3585 4382 3935 4438 proponere:
3988 4382 4094 4426 tum
4126 4389 4255 4430 vero
4285 4376 4454 4431 retin.

2852 4462 3052 4520 queatur
3103 4453 3406 4521 industriae,
3458 4456 3502 4510 si
3558 4457 3680 4524 quis
3726 4460 4122 4515 catholicorum
4166 4463 4450 4522 doctorum

2853 4557 3016 4612 super
3048 4546 3151 4599 hoc
3181 4545 3452 4602 elimati-ts
3484 4550 3784 4619 scripserit.
3821 4552 4080 4609 invenire.

2927 4635 3186 4704 Epilogus
3225 4635 3312 4690 hic
3343 4639 3424 4692 sic
3453 4655 3590 4693 nova
3620 4642 3935 4708 denuntiat,
3971 4655 4027 4698 ut
4054 4664 4174 4716 qtta:
4200 4652 4456 4720 superius

2851 4726 2994 4780 dicta
3045 4736 3173 4781 sunt
3225 4731 3674 4799 comprehendat.
3719 4733 3824 4788 Sed
3875 4739 4135 4806 quoniam
4187 4742 4241 4796 in
4288 4744 4455 4801 rebus

2853 4817 3097 4887 mysticis
3146 4834 3209 4872 ac
3262 4819 3572 4888 profundis,
3637 4826 3802 4880 rudes
3848 4829 4186 4884 audientium
4240 4833 4454 4891 animos

2851 4907 2976 4976 styli
3034 4909 3320 4976 prolixitas
3374 4911 3611 4976 hebetat,
3662 4927 3716 4968 et
3768 4931 3912 4986 saepe
3969 4921 4096 4973 dum
4143 4921 4454 4982 illuminare

2855 5005 3090 5050 merrtem
3146 5007 3398 5064 conatur,
3452 5003 3745 5070 obscurat;
3808 5010 4038 5062 novitati
4087 5019 4229 5076 tum,
4271 5013 4343 5068 fili
4380 5017 4453 5071 tul

2853 5087 3198 5153 charissime,
3231 5091 3599 5158 consulentes,
3633 5096 3884 5150 nolumus
3934 5098 3987 5151 in
4029 5101 4113 5154 his
4152 5110 4202 5155 te
4249 5102 4454 5161 diutius

2853 5177 3118 5244 protrahi,
3154 5189 3213 5232 ut
3263 5180 3413 5234 brevi
3463 5181 3691 5237 decursa
3735 5188 4058 5255 compendio
4103 5190 4371 5246 valeanta
4401 5203 4456 5251 to

2855 5271 3102 5324 tenacius
3138 5273 3549 5340 comprehendi.
3606 5276 3865 5342 Quamvis
3911 5281 4057 5334 enim
4088 5283 4240 5352 vigor
4294 5285 4349 5338 in
4402 5287 4455 5342 to

2853 5360 3052 5428 polleat
3090 5362 3294 5417 vivacis
3323 5364 3550 5433 ingenii,
3583 5369 3958 5424 conversionis
3984 5381 4168 5425 autem
4196 5381 4302 5429 tua:
4323 5391 4450 5445 pro;

2850 5450 3189 5517 spitieadum
3219 5461 3301 5505 est
3339 5455 3587 5518 novitati,
3626 5472 3692 5512 ne
3722 5459 3767 5512 si
3800 5460 4108 5514 cervicibus
4139 5463 4244 5516 tuis
4273 5463 4448 5532 longa:

2851 5537 3232 5605 diSputatiouis
3308 5557 3446 5595 onus
3494 5545 3832 5612 imponitur,
3894 5552 4192 5606 teneriores
4268 5555 4448 5608 adhuc

2850 5630 2994 5681 vires
3035 5644 3144 5681 inte
3174 5632 3273 5684 sub
3321 5632 3470 5686 fasce
3499 5635 3782 5700 detis-iant,
3812 5653 3976 5707 quam
4008 5649 4228 5708 portare
4273 5646 4449 5697 sarci-

2851 5734 2977 5773 uatr
3008 5721 3246 5778 discant.
3291 5724 3483 5780 Adhuc
3510 5728 3672 5782 etiam
3705 5729 4063 5785 imbecdlilati
4113 5737 4216 5786 tua:
4253 5733 4450 5792 nihiloo
