5652 6416
371 6 4592 132 “—

2166 486 2238 544 85
2589 479 2647 535 S.
2689 470 2891 531 PETRI
2924 464 3204 528 DAMANI
3243 464 3392 524 OPP.
3437 463 3672 521 TOMUS
3706 460 3837 517 SEU
3879 457 4058 515 PARS
4091 458 4177 514 ΠΙ.
4215 487 4284 501 -
4321 451 4682 514 ορυεϐῦιλ
4715 450 4948 511 ἾΔΜΔ.
5315 439 5396 506 ⁸

2170 596 2347 654 minus
2373 588 2778 663 prospicientes,
2805 581 3068 652 epilogum
3107 579 3159 632 in
3196 578 3298 630 line
3328 574 3724 663 subnectimus;
3760 573 3803 630 Α
3832 570 3926 663 cit,
3945 569 4044 663 sed
4181 566 4334 663 nobis
4357 555 5388 663 omnibu-straditlit

2171 691 2244 750 ut,
2281 659 2397 754 qui
2431 659 2705 750 prteruissa
2732 682 2858 728 sunt
2899 669 3239 723 uberioribus
3267 666 3465 721 verbis.
3496 675 3635 714 nunc
3665 659 3728 754 in

2171 749 2332 829 omni)
2363 749 2636 824 contracta
2669 766 2905 831 reperias
2935 779 2946 811 :
2996 771 3044 810 et
3092 757 3242 825 quasi
3277 770 3380 807 non
3418 763 3525 805 tam
3570 749 3728 819 repli-

2169 873 2312 924 cata,
2343 873 2502 927 quam
2526 854 2704 908 addita
2734 851 2941 906 facilius
2968 848 3356 916 apprehendas.

2238 947 2408 1004 Crede
2436 945 2618 1013 igitur,
2651 941 2750 1004 iiIi,
2774 938 2941 992 Deum
2967 936 3385 1002 omnipotentem
3415 930 3735 985 substantia-

2173 1040 2291 1096 liter
2312 1053 2510 1099 unum,
2541 1033 2897 1103 personaliter
2926 1030 3142 1082 trinum.
3173 1026 3302 1091 Qua:
3334 1027 3586 1078 nimirum
3616 1039 3735 1092 pcr-

2171 1143 2314 1186 sonte
2341 1125 2584 1196 quamvis
2609 1139 2702 1177 sua
2729 1122 2838 1176 sint
2866 1119 3192 1189 proprietate
3221 1117 3517 1176 distincte,
3547 1115 3599 1165 in
3623 1114 3736 1165 suis

2175 1227 2350 1272 tamen
2381 1212 2641 1281 operibus
2671 1209 2973 1266 nullatenus
3000 1213 3126 1258 sunt
3155 1204 3355 1257 divisas.
3389 1202 3453 1254 Et
3484 1214 3737 1270 persona-

2171 1317 2290 1359 rum
2335 1299 2577 1369 quidem‘
2606 1296 2918 1351 distantiam
2951 1307 3222 1361 nunquam
3271 1289 3467 1344 clarius
3512 1285 3739 1340 manife-

2173 1390 2413 1457 stiusque
2449 1383 2858 1456 perpendimus,
2898 1395 3058 1451 quam
3109 1394 3230 1434 cum
3282 1377 3605 1446 baptismum
3639 1374 3742 1435 Do-

2173 1481 2311 1536 mini
2331 1479 2398 1532 ad
2435 1477 2749 1531 memoriam
2794 1488 3131 1528 revocamus.
3180 1464 3438 1522 Videmus
3483 1467 3646 1524 enim.
3689 1472 3743 1519 et

2174 1579 2427 1640 tanquam
2470 1566 2749 1637 prOposito
2803 1563 2987 1618 divino
3035 1559 3342 1631 spectaculo
3401 1569 3738 1618 contuemur,

2172 1659 2311 1728 apud
2341 1656 2614 1712 Jordaoici
2640 1653 2874 1708 ﬂuminis
2893 1653 3176 1722 gurgitem,
3200 1648 3564 1704 commendari
3590 1646 3744 1699 nobis

2174 1749 2477 1803 divinarum
2494 1759 2853 1816 personarum
2883 1742 3211 1806 individuam
3238 1738 3578 1792 Trinitatem.
3609 1735 3742 1788 Nam

2174 1851 2294 1892 cum
2324 1835 2628 1904 baptizatus
2656 1840 2800 1886 esset
2840 1833 3025 1902 Agnus
3058 1829 3171 1891 illc,
3216 1828 3306 1896 qui
3341 1828 3476 1880 tollit
3522 1833 3744 1898 peccata

2175 1924 2382 1985 mundi,
2420 1921 2668 1990 protinus
2707 1919 2879 1989 aperti
2929 1927 3055 1972 sunt
3083 1917 3225 1979 cali,
3268 1925 3323 1970 et
3353 1917 3587 1984 Spiritus
3613 1928 3740 1967 san-
3774 1923 3818 1984 Β

2175 2010 2295 2067 ctus
2316 2026 2480 2078 super
2499 2025 2620 2064 eum
2648 2010 2701 2063 in
2726 2009 2906 2079 specie
2927 2007 3189 2063 columba:
3219 2008 3523 2061 descendit:
3547 2003 3740 2059 deinde

2173 2114 2274 2155 vos
2307 2099 2480 2154 Patris
2507 2101 2741 2154 intonuit
2767 2115 2828 2167 ί(
2858 2098 2958 2152 llic
2977 2109 3079 2159 est,
3107 2099 3378 2170 inquiens.
3403 2096 3569 2150 Filius
3594 2110 3746 2149 meus

2176 2188 2427 2252 dilectus,
2463 2189 2512 2242 in
2539 2203 2648 2257 quo
2676 2188 2804 2241 mihi
2836 2187 2973 2241 bene
3001 2188 3297 2254 complacui
3329 2186 3542 2253 (Matth.
3581 2186 3683 2257 tu).
3717 2204 3737 2236 s

2178 2278 2448 2332 Habemus
2481 2291 2609 2345 ergo
2639 2277 2951 2331 distinctam
2985 2277 3264 2345 perspicue
3293 2275 3634 2328 Trinitatem.
3687 2273 3741 2326 In

2188 2382 2308 2422 uoce
2333 2366 2582 2429 Patrem,
2609 2365 2662 2419 in
2694 2365 2912 2420 homine
2939 2362 3132 2418 Filium
3157 2405 3174 2423 .
3206 2364 3262 2418 in
3298 2363 3545 2417 columba
3575 2360 3747 2432 Spiri-

2179 2467 2292 2512 tuto
2323 2467 2590 2512 sanctum.

2248 2548 2375 2604 Haec
2433 2549 2614 2618 itaque
2670 2554 2860 2604 sancta
2907 2544 3168 2611 Trinitas,
3199 2545 3339 2600 sicut
3392 2545 3445 2598 in
3500 2543 3612 2597 suis
3656 2557 3750 2596 vo-

2182 2635 2387 2691 cabulis
2447 2645 2531 2690 est
2589 2632 2875 2694 distincta.
2924 2636 3008 2689 sic
3065 2637 3116 2689 in
3166 2635 3270 2690 hoc
3322 2634 3440 2688 loco
3487 2643 3746 2702 quantum

2181 2719 2282 2794 l7
2310 2723 2378 2777 ad
2422 2722 2659 2776 litteram
2695 2723 2750 2776 in
2797 2737 2893 2776 sua
2945 2724 3154 2777 videtur
3183 2722 3498 2790 operatione
3545 2723 3745 2775 divisi.

2179 2813 2286 2868 Nec
2328 2813 2436 2874 .dici
2485 2823 2662 2882 potest
2699 2821 2758 2874 ut
2793 2812 2984 2872 Filius,
3030 2812 3123 2882 qui
3167 2813 3445 2866 videbatur
3488 2811 3539 2866 in
3578 2811 3745 2863 forma

2177 2903 2357 2968 servi,
2387 2903 2455 2956 sit
2489 2902 2669 2967 Pater,
2718 2911 2810 2956 aut
2859 2901 3092 2970 Spiritus
3121 2910 3373 2963 sanctus;
3410 2910 3502 2953 aut
3530 2916 3629 2952 vos
3663 2900 3750 2952 illa

2181 3005 2299 3061 qua:
2328 2993 2394 3045 de
2424 2991 2560 3045 cmlo
2591 2990 2727 3046 facta
2765 3000 2868 3055 est,
2907 2993 2978 3043 sit
3007 2990 3150 3050 Filii,
3189 3011 3192 3018 ·
3222 2989 3266 3043 el
3298 2990 3530 3058 Spiritus
3559 2990 3748 3053 sancti,

2182 3090 2275 3152 aut
2309 3080 2552 3134 columba
2584 3080 2655 3133 sit
2681 3079 2876 3142 Patris,
2910 3079 2991 3134 vel
3021 3079 3175 3144 Filii;
3207 3093 3329 3132 cum
3363 3082 3537 3148 ipsum
3573 3081 3753 3150 perhi-

2183 3172 2309 3226 beat
2337 3170 2684 3241 Evangelium
2703 3187 2728 3222 -:
2768 3187 2786 3219 ι
2825 3169 2960 3236 Quia
2991 3170 3268 3226 descendit
3294 3185 3455 3238 super
3479 3184 3598 3222 eum
3631 3170 3752 3238 Spi-

3832 659 3982 712 Fecit
4020 668 4074 710 ct
4115 657 4301 719 Filius,
4345 656 4485 710 sicut
4532 655 4770 709 dicitur:
4804 671 4824 704 ι
4859 649 4959 720 Qui
4983 663 5070 707 me
5095 649 5308 718 dilexit,
5331 657 5396 706 es

3832 745 4046 799 tradidit
4078 747 4418 813 semetipsum
4443 758 4539 812 pro
4561 758 4646 796 me
4667 737 4865 812 (Colat.
4891 738 4975 812 tt).
5003 759 5025 792 ι
5049 738 5202 793 Fecit
5226 740 5390 793 etiam

3834 845 3885 890 ct
3913 834 4146 904 Spiritus
4194 843 4408 887 Ss'ncltls
4431 874 4445 897 ,
4500 833 4565 886 de
4601 847 4707 900 quo
4735 831 5100 901 scriptumoest
5130 845 5144 882 :
5182 848 5200 880 s
5236 826 5396 882 Beni-

3835 942 3968 996 guus
3996 934 4077 980 est
4120 925 4351 993 Spiritus
4379 924 4654 993 sapientia:
4673 963 4688 984 .
4724 931 4781 977 et
4822 938 4924 974 non
4954 921 5197 974 liberavit
5227 919 5394 974 male-

3837 1018 4034 1072 dictum
4064 1031 4094 1070 a
4124 1016 4276 1069 labiis
4307 1016 4420 1070 suis
4465 1012 4618 1084 (Sor.
4672 1015 4732 1082 ι).
4765 1032 4784 1065 ο
4820 1011 5128 1066 Maledictus
5158 1025 5286 1064 vero
5320 1009 5397 1064 di-

3836 1115 3955 1160 ctus
3987 1115 4069 1159 cst
4114 1105 4362 1161 Christus
4400 1105 4524 1170 quia
4577 1101 4825 1172 pependit
4860 1102 4912 1155 in
4965 1114 5147 1163 cruce,
5195 1100 5259 1154 dc
5288 1112 5395 1168 quo

3836 1193 3967 1248 dicit
3995 1194 4318 1266 Apostolus:
4355 1212 4371 1242 ι
4406 1190 4654 1245 Christus
4690 1201 4747 1242 ttt
4786 1205 4883 1244 nos
4931 1189 5180 1242 liberaret
5224 1204 5250 1239 a
5282 1200 5394 1240 ma-

3837 1280 4031 1335 ledicto
4059 1282 4210 1350 legis,
4240 1281 4415 1336 tactus
4439 1290 4520 1335 es:
4553 1279 4867 1333 maledictus
4889 1275 5084 1347 (Calor.
5115 1281 5213 1344 ut).
5238 1295 5255 1328 ι
5279 1275 5397 1345 Spi-

3839 1374 3976 1425 ritus
4022 1385 4150 1437 ergo
4180 1386 4285 1423 non
4336 1370 4583 1424 liberavit
4628 1367 4968 1422 maledictum
5005 1383 5033 1420 a
5071 1367 5224 1420 labiis
5249 1365 5392 1428 suis;

3841 1462 3964 1528 quia
3991 1459 4254 1528 passiOuis
4281 1460 4575 1528 mortisque
4598 1458 4878 1532 supplicia,
4907 1473 5025 1525 quze
5052 1457 5396 1526 perproplte-

3845 1559 4017 1602 tarum
4061 1564 4152 1602 ora
4200 1565 4233 1617 p
4266 1549 4476 1612 :edisit,
4517 1549 4699 1601 omnia
4740 1547 5014 1602 Christum
5062 1547 5241 1604 subire
5280 1560 5402 1614 per-

3839 1641 4010 1694 misit.
4045 1639 4330 1694 Enimvero
4379 1640 4828 1693 resurreczionem
4879 1636 5001 1693 Filii
5051 1638 5177 1696 fecit
5221 1638 5396 1703 l'atcl'.

3837 1731 4208 1785 sicutdicitur
4243 1745 4257 1784 :
4293 1751 4310 1781 ι
4343 1730 4568 1800 Protiter
4615 1729 4756 1800 quod
4809 1730 4958 1784 illum
5003 1730 5296 1788 esaltavit.
5345 1738 5402 1787 οι

3844 1819 4063 1873 donavit
4105 1822 4177 1873 illi
4224 1836 4449 1884 nomen,
4482 1820 4623 1890 quod
4672 1831 4756 1875 est
4800 1833 4963 1888 super
5003 1833 5162 1875 omne
5211 1832 5401 1875 nomen

3847 1907 4101 1979 (Philipp.
4134 1914 4217 1978 tt).
4256 1928 4274 1960 ο

3911 1998 4268 2054 Resuscitavit
4292 2015 4420 2071 ergo
4464 1998 4628 2054 Pater
4662 2000 4852 2054 Filium
4881 2041 4896 2066 ,
4918 2015 5078 2072 quem
5108 2018 5138 2057 ο
5179 2002 5403 2060 mortuis

3842 2090 4109 2151 excitans,
4141 2105 4302 2157 super
4326 2105 4516 2144 omnes
4549 2090 4894 2159 singulariter
4920 2093 5191 2146 cxaltavit.
5219 2092 5407 2147 ἣρως-

3845 2177 4027 2231 citavit
4054 2187 4109 2230 et
4136 2181 4480 2247 semetipsum
4523 2179 4790 2246 Clrristus,
4831 2182 4972 2236 situt
5003 2183 5112 2250 ipse
5142 2185 5194 2237 in
5239 2183 5406 2254 ﬁgura

3846 2269 3926 2319 sui
3975 2269 4216 2334 corporis
4268 2267 4438 2322 dicit:
4477 2289 4494 2320 ς
4533 2268 4732 2324 Solvite
4782 2272 5034 2341 templum
5081 2276 5181 2328 hoc
5207 2313 5222 2336 ,
5255 2282 5308 2327 et
5349 2273 5405 2326 in

3845 2360 4025 2413 triduo
4054 2362 4324 2414 suscitabo
4355 2362 4484 2415 illud
4515 2363 4694 2430 (loco.
4727 2365 4808 2432 tt).
4841 2385 4859 2416 ι
4908 2365 5077 2419 Porro
5107 2374 5324 2428 autem,
5351 2371 5411 2419 ut

3848 2447 3959 2516 ipse
3987 2464 4045 2504 se
4072 2451 4349 2504 evidenter
4395 2454 4644 2514 ostendat
4676 2467 4786 2506 sum
4833 2454 5119 2522 passionis,
5148 2468 5208 2506 ac
5237 2467 5412 2507 resur-

3847 2540 4103 2596 rectionis
4133 2551 4425 2606 auctorem,
4458 2556 4561 2595 una
4599 2541 4832 2595 breviter
4862 2543 5124 2597 sententia
5173 2556 5411 2611 compre-

3850 2630 4035 2684 hendit
4065 2644 4082 2682 :
4118 2648 4137 2679 ι
4171 2630 4519 2693 l'otcstatcm,
4552 2630 4726 2700 inquit
4748 2671 4764 2696 ,
4812 2632 4988 2688 hab-:0
5029 2633 5253 2703 ponendi
5295 2632 5410 2687 ani-

3848 2732 3991 2769 mam
4029 2732 4222 2782 meam,
4257 2727 4312 2770 et
4357 2728 4676 2787 potestatem
4723 2719 4896 2774 habeo
4927 2721 5118 2775 iterum
5169 2719 5412 2776 sumendi

3851 2821 3969 2858 eam
3995 2806 4176 2872 (Joau.
4205 2809 4277 2873 χ).
4307 2828 4321 2855 ι
4350 2809 4502 2873 Quod
4521 2810 5179 2864 rursusincnlcatdicens:
5209 2830 5224 2861 ι
5251 2809 5413 2866 Nemo

3852 2894 3989 2946 tollit
4015 2911 4132 2948 eam
4158 2911 4186 2947 a
4221 2913 4325 2958 me,
4354 2899 4446 2950 sed
4475 2912 4574 2967 ego
4599 2913 4740 2965 pono
4783 2915 4924 2962 eam,
4963 2911 5019 2954 et
5045 2902 5233 2956 iterum
5265 2916 5416 2956 sumo

3855 2999 3972 3038 eam
4039 2984 4216 3050 (Ibid.
4251 2989 4283 3052 il.
4323 3005 4340 3034 ι
4375 2987 4525 3050 Quod
4578 2997 4752 3042 autem
4809 2999 4863 3042 et
4918 2988 5150 3059 Spiritus
5205 3001 5419 3047 sanctus

3858 3088 3978 3124 cum
4010 3070 4169 3123 l‘atre
4207 3084 4258 3124 ct
4292 3073 4423 3124 Filio
4469 3075 4878 3128 resurrectionis
4921 3087 5109 3131 auctor
5137 3080 5226 3138 sit.
5256 3090 5417 3134 testa-

3858 3170 3945 3211 tur
3973 3161 4276 3226 Apostolus,
4317 3161 4420 3231 ιε
4446 3163 4630 3217 dicens
4652 3181 4675 3215 ς
4707 3181 4724 3213 ι
4761 3162 4912 3230 Quod
4940 3167 4986 3220 si
5017 3164 5248 3235 Spiritus
5271 3167 5418 3234 eius,

2185 3259 2320 3313 τίιυε
2355 3267 2573 3313 unctus
2602 3259 2654 3311 in
2685 3258 2865 3327 specie
2901 3257 3159 3312 columba;
3186 3258 3397 3325 (κήαι),
3438 3275 3459 3309 ι
3491 3258 3596 3313 sed
3622 3257 3756 3312 ades
3783 3247 3826 3310 C
3857 3250 3946 3316 qui
3993 3250 4275 3303 suscitavit
4303 3250 4483 3306 Jesum
4516 3270 4544 3306 a
4585 3254 4812 3308 mortuis
4835 3296 4849 3318 ,
4886 3253 5092 3313 habitat
5136 3261 5188 3312 iu
5228 3261 5377 3313 vobis
5404 3278 5418 3313 :

2182 3336 2351 3411 recta,
2387 3349 2516 3402 lides
2565 3362 2691 3402 vera
2718 3387 2734 3410 .
2765 3363 2867 3408 non
2909 3347 3113 3402 scilicet
3163 3347 3414 3417 opinione
3463 3363 3754 3417 prmsump-

2185 3439 2347 3493 tionis
2371 3438 2595 3502 incerta,
2620 3438 2713 3492 sed
2738 3438 2982 3491 lectionis
3009 3439 3317 3492 testimonio
3336 3441 3620 3502 roborata;
3654 3451 3754 3492 nec

2186 3528 2438 3584 heretica
2470 3529 2774 3582 temeritate
2801 3526 3104 3596 ﬂuctivaga,
3133 3525 3228 3580 sed
3256 3525 3548 3594 apostolica
3578 3527 3756 3594 potius

2183 3617 2418 3670 veritate
2448 3612 2694 3678 fundata,
2737 3615 2837 3668 hoc
2869 3622 3115 3682 patenter
3137 3615 3392 3675 insinuat,
3425 3615 3565 3681 quod
3595 3616 3753 3684 quid-

2186 3703 2315 3774 quid
2352 3702 2612 3757 diviuitus
2641 3702 2841 3770 agitur,
2889 3702 2993 3756 hoc
3029 3711 3137 3755 tota
3169 3710 3352 3756 sancta
3391 3700 3632 3755 Trinitas
3671 3703 3754 3754 in-

2189 3792 2560 3862 separabiliter
2603 3801 2878 3860 operatur.
2914 3790 3051 3845 Nam
3097 3807 3220 3845 ctuu
3279 3791 3423 3846 solus
3470 3791 3510 3845 F
3517 3792 3637 3845 ilius
3686 3793 3758 3845 sit

2187 3890 2343 3936 natus
2380 3897 2448 3936 ex
2499 3881 2660 3934 Maria
2711 3881 2916 3952 virgine
2940 3921 2954 3945 ,
2983 3881 3126 3936 salus
3153 3880 3322 3934 Filius
3356 3882 3424 3934 sit
3464 3894 3756 3946 suspensus

2188 3968 2243 4024 in
2274 3983 2472 4034 cruce,
2507 3968 2656 4022 solus
2698 3967 2764 4021 de
2813 3977 2987 4022 morte
3035 3968 3301 4031 surrexit;
3351 3967 3524 4035 ipsum
3576 3975 3753 4020 tamen

2188 4057 2797 4113 lncarnationisdiritue
2835 4057 3184 4126 mysterium,
3234 4057 3520 4123 passionis,
3568 4071 3630 4110 ac
3672 4071 3756 4110 re-

2191 4144 2581 4205 sttrrcctionis,
2611 4143 2806 4206 Pater,
2860 4141 3018 4197 simul
3064 4158 3128 4197 ac
3171 4141 3377 4204 Filius.
3423 4152 3478 4196 et
3522 4143 3756 4212 Spiritus

2191 4244 2410 4289 sanctus
2433 4243 2687 4302 operatus
2717 4241 2820 4287 est.
2873 4230 3008 4286 Nam
3051 4232 3194 4302 quod
3223 4247 3346 4287 eum
3381 4233 3541 4287 Pater
3587 4233 3752 4296 misit,

2191 4325 2295 4380 hoc
2323 4333 2425 4390 est,
2455 4324 2721 4377 iucarnari
2745 4325 3045 4387 constituit,
3073 4324 3206 4377 dicit
3228 4324 3515 4392 Apostolus
3540 4342 3551 4376 :
3583 4345 3599 4373 ι
3622 4324 3755 4379 Cum

2195 4424 2373 4468 autem
2397 4412 2546 4466 venit
2588 4411 2864 4482 plenitudo
2894 4413 3183 4482 temporis,
3221 4413 3366 4467 misit
3396 4412 3538 4467 Deus
3561 4411 3752 4468 Filium

2194 4518 2350 4558 suum
2392 4503 2589 4556 factum
2618 4517 2680 4555 es
2715 4501 2958 4566 muliere,
2983 4504 3185 4556 factum
3206 4504 3304 4559 sub
3321 4503 3436 4571 lege
3455 4500 3596 4572 (Gal.
3623 4503 3750 4571 IV)J

3861 3339 3948 3406 qui
3977 3340 4196 3390 suscitm
4218 3339 4247 3386 ἔτ
4283 3338 4461 3393 Jesttm
4498 3340 4769 3395 Christum
4795 3359 4823 3395 a
4855 3347 5100 3410 mortuis,
5132 3347 5424 3403 \‘iViﬁCabit

3860 3444 3913 3486 ct
3943 3434 4187 3485 mortalia
4249 3450 4474 3501 corpora
4543 3443 4719 3489 vestra
4770 3440 4985 3506 propter
5031 3441 5419 3496 iultabitantem

3859 3520 4123 3590 Spiritum
4154 3522 4273 3590 ejus
4296 3525 4347 3576 in
4390 3524 4540 3577 vobis
4569 3523 4741 3593 (Rom.
4774 3527 4911 3594 vttt).
4947 3546 4966 3576 ι

3928 3610 4060 3665 Nam
4089 3613 4131 3666 si
4167 3628 4262 3666 nos
4290 3623 4508 3682 propter
4553 3613 4946 3668 inltaLitautem
4969 3617 5123 3673 nobis
5149 3617 5413 3688 Spiritum

3859 3702 3914 3754 in
3943 3703 4044 3754 line
4074 3702 4376 3755 viviticnndl
4407 3719 4613 3766 sumus,
4641 3714 4853 3758 constat
4876 3707 5000 3774 quia
5031 3708 5131 3763 huc
5170 3709 5280 3777 jam
5311 3713 5424 3781 egit

3861 3791 4095 3857 Spiritus
4121 3803 4339 3846 sanctus
4366 3794 4418 3846 in
4450 3793 4697 3848 Ecclesia:
4717 3796 4916 3864 capite.
4937 3798 5078 3866 quod
5103 3808 5187 3854 est
5207 3809 5425 3856 acturus

3857 3894 3914 3933 tn
3947 3895 4191 3948 corpore.

3933 3966 4004 4021 De
4027 3970 4306 4024 miraculis
4328 3985 4565 4040 quoque,
4581 3971 4664 4026 vel
4689 3972 5017 4042 quibuslibet
5036 3978 5154 4033 aliis
5174 3979 5424 4046 operibus

3861 4058 4002 4110 idem
4029 4075 4124 4127 per
4153 4063 4331 4114 omnia
4363 4063 4704 4117 sentiendum
4733 4074 4836 4128 est,
4867 4075 4926 4119 ut
4949 4077 5054 4121 tota
5094 4081 5274 4124 sancta
5299 4071 5416 4124 Trio

3861 4149 4002 4201 nitas
4031 4148 4156 4202 illud
4185 4151 4388 4218 absque
4417 4152 4581 4207 dubio
4615 4155 4872 4209 credatur
4898 4157 5130 4223 elicere,
5157 4160 5420 4230 quidquid

3863 4235 3926 4288 ad
3985 4252 4144 4289 unam
4198 4252 4480 4305 personam
4528 4241 4742 4293 videtur
4787 4245 5094 4311 specialiter
5136 4247 5419 4313 pertinere.

3865 4326 4101 4381 Virtutes
4127 4341 4276 4389 vero,
4303 4338 4358 4382 et
4375 4329 4528 4397 signa
4552 4345 4671 4398 qua:
4687 4331 4936 4387 Christus
4957 4333 5217 4401 exhibuit,
5241 4336 5422 4400 Pater,

3863 4420 3915 4466 et
3940 4412 4125 4476 Filius.
4171 4425 4223 4466 et
4270 4415 4501 4482 Spiritus
4548 4428 4786 4482 sanctus,
4815 4418 5243 4490 inseparabiliter
5277 4425 5422 4480 fecit.

3865 4503 3998 4559 iiinc
4054 4506 4180 4558 illud
4224 4517 4306 4559 est
4337 4523 4350 4558 :
4385 4507 4588 4561 «Pater
4624 4509 4676 4561 in
4732 4522 4816 4563 me
4863 4526 5099 4574 manens,
5149 4515 5259 4582 ipse
5296 4516 5425 4572 facit

2196 4582 2338 4648 lisit
2369 4606 2599 4659 namque
2626 4591 2789 4645 Pater
2830 4565 3026 4646 Filium
3051 4633 3065 4655 ,
3098 4592 3242 4646 misit
3287 4601 3342 4646 et
3374 4565 3608 4661 Spiritus
3631 4565 3754 4645 sau-
3788 4565 3831 4620 ί)
3860 4609 4020 4660 opera
4041 4592 4222 4660 (Joau.
4245 4596 4374 4662 xiv).
4402 4614 4421 4642 ι
4446 4594 4580 4649 llioe
4601 4596 4662 4648 de
4683 4595 4886 4665 Spiritu
4919 4565 5105 4654 sancto

2195 4689 2336 4738 ctus.
2368 4680 2520 4747 Quod
2563 4679 2676 4748 ipse
2701 4679 2746 4734 Ρ
2750 4679 2872 4733 ilius
2910 4695 3006 4750 per
3033 4681 3349 4748 prophetam
3381 4681 3644 4747 perhibet,
3677 4683 3754 4734 tli-

2199 4784 2368 4825 ccns:
2403 4788 2421 4819 ι
2456 4768 2688 4837 Spiritus
2720 4769 2931 4824 Domini
2977 4783 3138 4837 super
3165 4786 3266 4829 me,
3305 4783 3370 4821 eo
3416 4771 3558 4838 quod
3607 4770 3759 4824 uusit

2199 4874 2314 4922 me,
2346 4860 2412 4911 ad
2443 4858 2868 4912 annuntiandum
2903 4859 3198 4912 mansuetis
3228 4857 3374 4911 misit
3407 4874 3492 4911 me
3515 4898 3532 4922 ,
3564 4867 3623 4912 ut
3651 4875 3760 4913 me-

2201 4951 2354 5006 derer
2384 4951 2631 5004 contritis
2658 4951 2842 5013 corde,
2867 4957 2923 5004 et
2947 4949 3298 5018 prredicarem
3329 4949 3554 5016 captivis
3587 4949 3760 5001 imlul-

2200 5041 2449 5110 gentiatn,
2472 5048 2527 5093 et
2553 5038 2751 5092 clausis
2779 5037 3124 5105 aperitiooem
3155 5035 3289 5106 (lsoi
3314 5040 3446 5099 est).
3476 5054 3494 5086 ι
3523 5037 3599 5091 De
3627 5036 3764 5090 Fil’o

2201 5133 2409 5198 quoque
2435 5127 2566 5179 dicit
2601 5123 2892 5195 Apostolus
2929 5143 2942 5178 :
2980 5142 2999 5175 ι
3027 5125 3164 5191 Quia
3211 5129 3332 5178 Cum
3375 5126 3426 5178 in
3457 5125 3625 5179 forma
3668 5119 3781 5181 Dei‘

2203 5225 2372 5281 esset,
2402 5230 2506 5268 non
2548 5216 2788 5283 rapinam
2817 5215 3112 5269 arbitratus
3141 5223 3226 5269 est
3255 5228 3377 5268 esse
3416 5230 3473 5272 se
3498 5217 3759 5285 :equalem

2205 5303 2332 5370 Deo,
2363 5304 2455 5357 sed
2478 5304 2825 5371 semetipsum
2853 5304 3172 5369 esinanivit,
3199 5301 3429 5358 formam
3460 5305 3601 5358 servi
3623 5305 3762 5360 acci-

2207 5394 2353 5464 piens
2382 5393 2632 5461 (Philipp.
2655 5394 2796 5470 11).)

2276 5482 2408 5537 Cum
2434 5497 2561 5554 ergo
2589 5481 2735 5537 solus
2759 5483 2830 5535 sit
2858 5481 3025 5536 Filius
3056 5479 3370 5539 incarnatus
3393 5526 3409 5548 ,
3435 5485 3760 5540 incarnatio-

2209 5586 2327 5628 nem
2357 5581 2531 5626 tamen
2551 5571 2671 5626 Filii
2697 5571 2875 5636 Pater,
2904 5581 2959 5626 et
2988 5570 3174 5636 Filius,
3198 5584 3252 5628 et
3282 5573 3512 5643 Spiritus.
3542 5587 3766 5630 sanctus

2211 5660 2364 5717 simul
2392 5670 2475 5716 est
2506 5673 2777 5730 operatus.
2821 5662 3131 5718 Passiooem
3181 5680 3395 5738 quoque
3437 5665 3554 5721 Filii
3603 5666 3768 5722 Pater

2214 5751 2369 5816 tecit,
2399 5751 2538 5811 sicut
2575 5751 2775 5809 dicitur
2811 5771 2882 5807 γε
2911 5754 3015 5821 Qui
3039 5757 3258 5828 proprio
3290 5758 3400 5813 lilio
3429 5773 3534 5814 non
3571 5774 3765 5830 pepero

3867 4687 3918 4736 in
3959 4685 4125 4754 digito
4158 4685 4247 4737 Dei
4299 4685 4454 4751 cjicio
4488 4686 4771 4752 dromonia,
4805 4688 5046 4755 profecto
5078 4693 5217 4746 venit
5251 4695 5302 4746 in
5329 4711 5422 4753 vos

3867 4790 4090 4845 regnum
4119 4775 4211 4828 Dei
4239 4776 4388 4844 (Luc.
4421 4777 4522 4831 ιι.)
4548 4795 4567 4825 ι
4609 4776 4756 4831 lianc
4786 4779 4945 4847 igitur
4974 4781 5425 4850 incomprehensi-

3865 4863 4028 4917 bilem
4057 4861 4377 4936 Trinitatem
4414 4881 4518 4918 non
4547 4866 4824 4919 brevitatis
4855 4867 5005 4922 limes
5039 4870 5276 4935 includit,
5314 4889 5418 4926 non

3867 4951 4093 5006 iatittulo
4140 4952 4323 5007 localis
4375 4955 4636 5017 extendit,
4685 4971 4948 5023 nusquam
5002 4959 5170 5021 deest,
5228 4962 5423 5029 ultique

3867 5055 4097 5110 semper,
4133 5051 4185 5095 et
4218 5043 4648 5110 inseparabiliter
4679 5047 4849 5098 adest.
4900 5044 5018 5100 Non
5041 5049 5089 5100 iu
5123 5058 5273 5116 parte
5310 5066 5422 5103 nta-

3860 5127 3972 5196 jor,
4016 5145 4121 5182 non
4167 5129 4218 5182 in
4268 5141 4418 5198 parte
4457 5131 4656 5190 minor.
4709 5131 4800 5185 sed
4833 5133 5026 5201 ubique
5056 5144 5181 5196 tota,
5214 5151 5425 5204 seraper

3870 5220 4120 5273 indivisa.
4155 5219 4315 5273 Pater
4344 5236 4372 5272 a
4405 5221 4572 5284 nullo,
4596 5221 4764 5276 Filius
4789 5238 4818 5274 τι
4843 5220 5001 5277 Patre
5025 5224 5158 5286 soio,
5188 5224 5423 5293 Spiritus

3869 5319 4086 5364 sanctus
4119 5313 4185 5362 ah
4209 5321 4453 5379 utroque.
4485 5314 4654 5377 Quem
4700 5313 4912 5382 plurimi
4941 5313 5267 5379 (lt-meorum,
5298 5319 5420 5384 quis

3869 5401 3920 5455 in
3951 5397 4240 5455 Dominicis
4266 5402 4604 5457 sermonibus
4647 5403 4801 5470 quasi
4830 5401 5162 5472 perspicuam
5189 5406 5425 5474 reperire

3869 5498 4139 5558 nequeant
4161 5491 4555 5556 auctoritatem,
4592 5493 4922 5550 arbitrentur
4950 5509 4978 5544 a
5013 5492 5125 5546 solo
5158 5491 5340 5554 Patre,
5375 5505 5426 5546 ct

3872 5597 3977 5634 non
4027 5597 4056 5648 a
4110 5581 4247 5635 Fiiio
4293 5586 4664 5651 procedentem
4694 5580 4856 5644 (Vide
4894 5582 5146 5650 Srlroiia).
5188 5582 5423 5651 Quorum

3871 5671 4168 5725 doctrinam
4213 5671 4400 5728 beatus
4432 5687 4644 5743 quoque
4687 5670 5042 5743 Hieronymus
5083 5689 5332 5743 sequens,
5375 5674 5425 5726 in

3871 5768 4205 5840 expositione
4249 5768 4369 5824 ﬁdei
4399 5783 4510 5824 sua)
4537 5769 4614 5825 sic
4658 5769 4769 5824 sit:
4798 5787 4818 5820 ι
4837 5767 5118 5825 Credimus
5142 5778 5198 5824 et
5216 5770 5269 5824 in
5297 5767 5419 5840 Spi-

4936 6409 4957 6413 _
5041 6408 5049 6413 ε
5130 6409 5145 6411 -
5222 6407 5247 6413 η.
5294 6407 5341 6416 ἡ.
5371 6405 5375 6407 -
