5652 6382
1143 373 1212 430 31
2132 358 2377 418 ορδερ.
2416 358 2459 416 1.
2501 388 2569 401 -—
2607 358 2698 413 DE
2731 356 2888 412 FIDE
2926 353 3335 414 CATHOLICA.
4351 360 4424 416 38

1145 487 1308 541 ritum
1341 490 1607 543 sanctum,
1642 477 1812 532 Deum
1862 490 2047 530 verum
2104 489 2171 528 ex
2215 473 2378 526 Patre
2431 469 2725 540 procedcn-
2765 468 2806 528 Α
2835 465 3080 536 ligendus
3127 469 3197 523 Sil
3227 469 3414 538 utique
3451 467 3646 536 Filius.
3695 479 3753 527 ει
3791 486 3858 528 6!
3904 473 4008 530 Ῐιοο
4059 491 4154 534 Ofe
4179 476 4428 550 ρτοεεὰἰι

1147 584 1273 630 tem.
1300 593 1317 625 ι
1356 571 1479 634 Ubi,
1504 570 1624 637 quia
1657 566 1975 637 procederet
2014 580 2041 617 a
2089 563 2247 628 Filio,
2280 561 2465 616 tacuit.
2495 559 2552 613 In
2583 573 2730 630 sym-

1143 667 1268 723 bolo
1311 677 1526 733 quoque
1572 659 1771 714 Nicaeui
1817 656 2032 712 concilii
2069 656 2372 724 reperitur:
2402 671 2420 704 ι
2445 650 2730 706 Credimus

1141 763 1197 808 et
1228 754 1277 806 in
1312 751 1571 822 Spiritum
1607 755 1877 806 sanctum,
1907 745 2005 812 qui
2038 745 2102 796 de
2138 741 2298 794 Patre
2323 738 2569 808 procedit
2597 753 2729 807 pro-

1143 843 1289 912 prie;
1324 851 1379 894 et
1410 839 1552 894 Deus
1579 846 1661 891 est
1685 851 1868 901 verus,
1898 834 2039 888 sicut
2063 833 2251 886 Filius.
2278 852 2298 882 ι

1782 945 2010 1002 CAPUT
2039 945 2104 1000 Χ.

1143 1043 1297 1112 Quod
1325 1043 1553 1114 Spiritus
1577 1050 1788 1118 sanctiu
1828 1039 2188 1118 indubitanter
2212 1055 2244 1089 α
2268 1034 2432 1099 Filio,
2464 1036 2599 1090 sicut
2621 1043 2669 1089 et
2694 1052 2727 1089 α

1696 1108 1877 1172 Patre,
1915 1106 2170 1176 procedit.

1211 1203 1320 1259 Nos
1348 1209 1553 1265 autem,
1602 1199 1730 1270 quia
1779 1199 2061 1252 beatorum
2110 1196 2394 1250 doctorum
2439 1193 2724 1264 Augustini

1140 1304 1304 1364 atque
1359 1291 1630 1360 Gregorii,
1682 1288 2022 1356 aliorumque
2070 1286 2458 1341 catholicorum
2509 1295 2723 1352 patrum

1138 1383 1403 1441 doctrinis
1430 1383 1768 1442 instruimur,
1804 1391 1950 1450 quon
1982 1378 2245 1448 Spiritum
2276 1388 2525 1434 sanetum
2559 1396 2588 1434 a
2620 1378 2722 1432 Pa-

1138 1481 1242 1536 tre,
1268 1470 1426 1526 simul
1453 1479 1505 1524 et
1529 1487 1558 1524 a
1581 1469 1718 1523 Filio
1739 1467 2123 1537 procedentem
2153 1468 2377 1523 credere
2401 1469 2718 1532 debeamus,

1134 1567 1196 1614 ut
1227 1559 1356 1614 tides
1387 1558 1453 1612 de
1494 1566 1694 1613 caetero
1724 1572 1831 1611 non
1880 1557 2241 1627 compellatur
2269 1566 2464 1612 nutare
2490 1557 2717 1612 creden-

1137 1651 1291 1716 tium,
1319 1649 1402 1704 vel
1440 1664 1609 1721 pauca
1654 1663 1759 1702 non
1790 1663 2080 1714 graventur
2105 1662 2381 1718 apponere
2413 1649 2720 1704 testimonia

1135 1739 1565 1810 Scripturarum.
1617 1739 1879 1809 Spiritum
1930 1739 2114 1808 itaque
2158 1749 2408 1794 sanctum
2437 1739 2504 1794 de
2533 1739 2709 1805 Patre,

2836 557 3070 626 Spiritus
3116 569 3332 614 sanctus
3362 600 3376 624 ,
3435 569 3666 616 testatur
3721 562 4010 620 Psalmista
4060 579 4183 622 cum
4240 567 4423 627 dicit:

2839 665 2855 695 ς
2889 647 3065 701 Verbo
3109 648 3322 702 Domini
3375 650 3497 705 creli
3548 655 3748 706 hrmati
3801 664 3946 721 sunt,
3980 665 4035 711 et
4087 658 4282 728 spiritu
4310 659 4426 716 oris

2830 735 2946 804 ejus
2975 740 3154 793 omnis
3195 740 3369 793 virtus
3411 756 3598 795 eorum
3629 739 3802 813 (Psal.
3835 746 4077 818 πυκινῷ
4119 747 4250 802 Nam
4277 749 4423 819 quod

2831 843 2860 880 a
2890 827 3048 882 Patre
3089 831 3348 898 proceiat
3382 829 3621 900 Spiritus
3665 843 3908 899 sanctus,
3945 838 4193 907 exempla
4227 854 4424 910 propu-

2829 933 2959 971 nere
2985 915 3316 989 superﬂuum
3343 921 3676 990 judieamus,
3707 940 3939 993 quorum
3973 929 4183 996 copiam
4217 944 4315 998 per
4342 938 4426 989 tot

2831 1007 3234 1077 Scriplttrarutn
3266 1013 3492 1081 paginas
3519 1017 3822 1070 exuberare
3864 1018 4252 1086 conspicimus,
4281 1019 4425 1074 sicut

2827 1109 2910 1151 est
2931 1098 3060 1151 illud
3086 1118 3099 1152 :
3123 1119 3140 1151 ι
3162 1101 3275 1154 Νοη
3301 1117 3398 1154 vos
3427 1104 3582 1168 estis,
3618 1105 3710 1172 qui
3739 1103 4042 1174 tequimini.
4069 1107 4164 1160 sed
4195 1108 4420 1176 spiritus

2830 1186 3007 1244 Patris
3029 1192 3193 1244 vestri
3245 1193 3337 1259 qui
3387 1193 3628 1262 loquitur
3659 1197 3711 1249 in
3752 1197 3906 1254 vobis
3949 1196 4166 1260 (Matth.
4197 1198 4310 1268 ἢ.»
4360 1198 4427 1254 Et

2827 1279 2880 1332 in
2909 1279 3144 1334 secunda
3185 1281 3252 1334 ad
3300 1281 3612 1338 Corinthius
3654 1285 3891 1355 Epistula
3923 1287 4056 1341 dicit
4087 1289 4418 1358 Apostolus:

2832 1366 2971 1432 «Qui
3003 1377 3181 1422 autem
3221 1370 3509 1424 conﬁrmat
3537 1387 3654 1434 nos.
3687 1374 3967 1428 nobiscum
4000 1375 4052 1430 in
4089 1374 4334 1443 Christo,
4363 1386 4422 1442 et

2825 1457 2916 1526 qui
2942 1459 3096 1510 unxit
3120 1474 3220 1512 nos
3247 1459 3408 1522 Deus,
3436 1470 3492 1514 et
3517 1461 3607 1530 qui
3635 1463 3867 1530 signavit
3899 1481 4017 1528 nos,
4051 1476 4101 1520 et
4133 1466 4277 1522 dedit
4310 1468 4426 1538 ple-

2825 1561 2953 1599 num
2980 1547 3229 1614 spiritum
3261 1548 3315 1601 in
3346 1550 3605 1605 cordibus
3630 1553 3832 1606 nostris
3859 1551 3946 1623 (ιι
3970 1552 4094 1607 Cor.
4128 1553 4168 1625 ι)
4205 1573 4222 1606 ι
4257 1554 4324 1610 Et
4351 1554 4421 1611 ad

2826 1636 3345 1711 Thessalonicenses
3383 1641 3558 1708 prima
3585 1658 3612 1696 :~
3635 1661 3654 1692 ι
3678 1642 3867 1712 Itaque
3909 1643 4002 1713 qui
4033 1645 4148 1698 haec
4189 1646 4419 1716 spernit.

2827 1742 2933 1781 non
2967 1728 3243 1782 hominem
3285 1731 3518 1798 spernit,
3569 1731 3667 1786 sed
3708 1731 4035 1801 Deumzqui
4065 1733 4229 1789 etiam
4275 1735 4424 1791 dedit

1132 1827 1382 1899 Filioque
1411 1829 1725 1898 procedere,
1760 1836 1814 1881 et
1839 1827 2156 1896 pr0phetica
2189 1835 2457 1882 testantur
2477 1829 2716 1892 oracula,
2752 1813 2795 1869 Β
2825 1816 3086 1886 Spiritum
3135 1834 3292 1874 suum
3339 1835 3364 1874 ε

2189 1835 2457 1882 testam".-
2477 1829 2716 1892 οταουιει,
2752 1813 2795 1869 Β
2825 1816 3086 1886 Spiritum
3135 1834 3292 1874 suum
3339 1830 3589 1875 sanctum
3629 1821 3683 1875 in
3736 1822 3894 1877 nobis
3923 1821 3977 1893 (I
4021 1822 4201 1878 Thess.
4257 1825 4354 1896 tv).
4396 1842 4416 1878 ι

1133 1925 1189 1971 et
1233 1917 1528 1988 apostolica
1577 1915 1867 1971 confitetur
1905 1916 2220 1970 auctoritas.
2264 1915 2431 1972 isaias
2475 1918 2622 1971 enim
2656 1919 2720 1972 de

1130 2005 1271 2062 Filio
1296 2007 1466 2061 dicit:
1497 2026 1513 2056 ι
1536 2005 1812 2060 Percutiet
1837 2015 2037 2058 terram
2063 2007 2213 2074 virga
2230 2007 2360 2060 -oris
2394 2007 2499 2070 sui,
2532 2015 2588 2060 et
2613 2007 2723 2076 spi-

1133 2097 1244 2152 ritu
1271 2097 1538 2152 labiorum
1567 2110 1788 2151 suorum
1812 2094 2101 2149 interﬂciet
2136 2095 2362 2164 impium
2393 2095 2546 2165 (Iani.
2581 2097 2711 2168 xi).i

1133 2183 1212 2240 De
1232 2199 1339 2254 quo
1361 2192 1415 2238 et.
1440 2182 1730 2254 Apostolus
1753 2183 1866 2237 ait:
1899 2202 1917 2234 ι
1938 2182 2107 2250 Quem
2137 2183 2429 2237 interiiciet
2461 2184 2719 2238 Dominus

1129 2270 1289 2329 Iesus
1315 2272 1568 2329 Christus
1598 2274 1792 2344 spiritu
1821 2274 1932 2328 oris
1963 2273 2069 2338 sui,
2101 2282 2157 2328 et
2195 2282 2438 2329 destruet
2480 2274 2718 2330 illustra-

1128 2362 1278 2419 tione
1309 2363 1576 2418 adventus
1599 2363 1680 2418 sui
1712 2361 1796 2434 (II
1831 2360 2011 2426 Thess.
2037 2363 2180 2433 vm).
2230 2381 2248 2414 ι
2281 2363 2449 2428 Quem
2471 2365 2720 2432 profecto

1129 2448 1395 2520 Spiritum
1448 2465 1478 2504 a
1537 2466 1595 2505 se
1635 2451 1931 2520 procedere
1965 2452 2254 2520 perspicue
2284 2451 2538 2508 Salvator
2567 2454 2721 2508 inno-

1127 2541 1388 2608 tuit,cum
1417 2540 1696 2610 discipulis
1710 2541 2068 2609 praesentibus
2088 2539 2396 2596 insnﬂlavit.
2421 2543 2717 2613 «Accipite,

1129 2628 1400 2699 inquiens,
1415 2629 1677 2698 Spiritum
1693 2640 1939 2686 sanctum
1969 2633 2148 2703 (Joan.
2167 2632 2281 2701 xz).
2299 2653 2316 2683 ι
2336 2631 2576 2688 Joannes
2589 2650 2718 2690 vero

1130 2718 1188 2775 in
1212 2719 1538 2792 Apocalypsi
1563 2719 1695 2774 dicit
1722 2737 1734 2772 :
1766 2737 1785 2770 ι
1809 2719 1944 2785 Quia
1974 2720 2039 2775 de
2068 2735 2165 2775 ore
2189 2720 2318 2776 Jesu
2365 2723 2577 2792 gladius
2623 2725 2708 2779 bis

1131 2820 1325 2867 acutus
1353 2813 1534 2866 exibat
1566 2811 1749 2881 (Apoc.
1781 2813 1878 2881 ι).›
1920 2811 2156 2880 Spiritus
2180 2813 2384 2881 itaque,
2415 2830 2578 2883 quem
2606 2815 2716 2868 illic

1129 2901 1287 2955 labiis
1317 2899 1638 2966 exsulilavit,
1671 2901 1786 2971 ipse
1827 2911 1911 2956 est
1937 2902 2122 2971 utique
2150 2903 2378 2973 gladius,
2408 2905 2502 2974 qui
2531 2905 2716 2961 hieex

1129 2990 1248 3060 ejus
1273 3007 1367 3046 ore
1387 2993 1652 3061 procedit.
1687 2991 1826 3047 Dicit
1857 3009 2073 3063 quoque
2117 2994 2280 3050 Pater
2307 2996 2373 3050 ad
2398 2995 2588 3050 Filium
2619 3013 2717 3065 per

1126 3082 1446 3153 prophetam
1477 3097 1492 3134 :
1521 3100 1539 3132 ί
1565 3080 1824 3153 Spiritus,
1853 3084 2050 3152 inquit,
2078 3100 2256 3150 meus,
2295 3086 2385 3154 qui
2415 3095 2496 3141 est
2528 3087 2706 3158 19in

2822 1903 2994 1959 Porro
3023 1907 3172 1976 quod
3197 1906 3464 1976 Spiritum
3493 1918 3744 1965 sanctum
3778 1908 3967 1964 eﬂ'udit
3989 1910 4154 1966 Pater
4174 1913 4228 1966 in
4256 1912 4422 1969 disci-

2821 1993 2997 2064 pulos,
3037 1997 3302 2064 seriptum
3334 2005 3421 2052 est
3461 1997 3521 2051 in
3563 1998 3794 2067 epistola
3842 2015 3965 2068 quae
4016 2001 4324 2057 destinatur
4353 2003 4423 2062 ad

2824 2083 3043 2139 Titum:
3074 2085 3222 2140 «Per
3265 2087 3544 2142 lavacrum
3585 2085 4038 2156 regenerationis,
4095 2099 4152 2144 et
4195 2106 4422 2146 renova-

2823 2176 2988 2229 tiouis
3018 2175 3255 2245 Spiritus
3297 2177 3496 2241 sancti,
3529 2191 3689 2244 quem
3720 2177 3912 2232 eiiudit
3941 2178 3995 2232 in
4027 2179 4183 2234 nobis
4205 2180 4422 2236 abundo

2819 2278 2920 2333 per
2939 2263 3121 2318 Jesum
3140 2265 3418 2318 Christum
3445 2263 3785 2318 Salvatorem
3813 2274 4063 2319 nostrum
4104 2265 4234 2336 (Tit.
4269 2266 4411 2338 ιιι).›

2821 2354 2974 2420 Quod
3005 2364 3186 2408 autem
3239 2363 3296 2407 et
3337 2353 3509 2408 Filius
3539 2355 3789 2408 eumdem
3821 2353 4079 2411 eﬂ‘uderit
4124 2357 4414 2426 Spiritum,

2820 2445 2876 2498 in
2905 2445 3126 2500 Actibus
3148 2446 3410 2500 scribitur
3437 2446 3829 2513 apostolorum.
3864 2448 4007 2503 Dicit
4045 2450 4194 2504 enim
4224 2449 4419 2508 Petrus

2821 2537 2886 2591 de
2915 2537 3135 2592 Christo
3161 2553 3176 2592 :
3216 2556 3233 2588 ι
3258 2539 3490 2592 Dextera
3516 2537 3607 2593 Dei
3632 2539 3931 2604 esaltatus,
3963 2549 4018 2595 et
4048 2541 4418 2609 promissione

2821 2631 3057 2700 Spiritus
3088 2630 3260 2685 sancti
3295 2639 3516 2700 accepta
3559 2649 3594 2691 ει
3628 2631 3812 2697 Patre,
3840 2632 4031 2689 eﬂ'udit
4060 2635 4165 2689 hoc
4191 2637 4413 2700 donum,

2821 2723 2964 2790 quod
2997 2736 3090 2772 vos
3117 2721 3333 2783 videtis,
3380 2731 3433 2774 ct
3463 2721 3664 2776 auditis
3697 2721 3836 2791 (Act.
3891 2722 3977 2792 II).
4023 2742 4042 2773 ς
4064 2723 4218 2788 Quod
4247 2724 4415 2778 etiaut

2826 2809 3078 2863 eumdem
3111 2810 3375 2878 Spiritum
3420 2820 3474 2865 et
3503 2810 3682 2874 Pater,
3721 2823 3774 2864 et
3806 2812 3977 2868 Filius
4005 2812 4166 2866 simul
4197 2814 4411 2876 eii'udit.

2819 2901 3110 2968 utriusque
3136 2916 3238 2953 vox
3272 2916 3366 2969 per
3406 2901 3572 2955 Joelis
3598 2903 3878 2957 oraculum
3921 2903 4122 2957 clamat
4151 2923 4163 2956 :
4194 2923 4211 2954 ι
4237 2902 4417 2959 Eil'un-

2818 2993 2939 3044 dam
2969 2992 3034 3044 de
3055 2991 3258 3061 Spiritu
3291 3007 3409 3046 meo
3438 3002 3599 3061 super
3623 3009 3841 3048 omnem
3865 3009 4088 3049 carnem
4113 2994 4272 3064 (loci.
4290 2999 4408 3062 ll).r

2819 3080 2973 3135 Licet
3015 3090 3219 3144 autem,
3249 3084 3389 3136 sicut
3418 3083 3628 3162 przefati
3661 3099 3874 3148 sumus,
3904 3084 4219 3160 Graecorum
4249 3085 4408 3156 pluri-

1129 3147 1205 3236 ie,
1227 3147 1280 3226 et
1311 3171 1469 3226 verba
1502 3188 1644 3237 mea,
1673 3188 1793 3242 qua:
1821 3175 1975 3241 posui
2030 3175 2082 3228 iu
2116 3183 2190 3239 te,
2223 3191 2330 3230 non
2364 3178 2620 3232 recedent
2643 3177 2711 3232 de
2739 3147 2785 3209 (ἶ
2819 3171 2890 3223 mi
2933 3185 3040 3224 non
3093 3173 3321 3225 credant
3381 3172 3647 3239 Spiritum
3711 3182 3959 3229 sanetum
4038 3191 4069 3229 a
4128 3173 4286 3240 Filio,
4335 3178 4414 3232 sio

1125 3273 1221 3314 ore
1254 3269 1365 3324 tuo,
1398 3272 1451 3317 et
1491 3263 1557 3316 de
1597 3277 1694 3318 ore
1738 3263 1962 3321 seminis
2006 3265 2082 3318 tui
2111 3267 2326 3332 amotlo,
2359 3276 2416 3322 et
2455 3283 2628 3337 usque
2657 3270 2710 3322 in

1126 3354 1514 3420 sempiternum
1537 3352 1696 3424 (Isai.
1724 3353 1888 3425 th).i
1913 3355 1975 3409 Et
1995 3356 2287 3424 Apostolus
2314 3357 2392 3412 ait
2415 3372 2432 3414 :
2462 3378 2480 3410 r
2506 3359 2560 3412 Si
2591 3358 2713 3429 quis

1125 3437 1387 3508 Spiritum
1410 3443 1610 3499 Christi
1645 3460 1754 3498 non
1798 3445 1983 3511 habet,
2009 3447 2099 3501 hic
2126 3461 2231 3502 non
2265 3457 2349 3504 est
2383 3448 2500 3517 ejus
2529 3449 2710 3520 (ﬂant.

1123 3533 1266 3599 Vttt).
1291 3552 1309 3584 ι
1341 3532 1408 3586 Ει
1437 3534 1504 3587 ad
1541 3534 1798 3591 Galatas:
1830 3555 1846 3587 ‹
1868 3537 2158 3603 Quoniam,
2183 3540 2282 3604 ait,
2299 3541 2431 3595 estis
2463 3541 2557 3594 tilii
2591 3541 2709 3605 Dei,

1123 3621 1272 3676 ﬂllSil
1294 3619 1434 3675 Deus
1457 3620 1714 3690 Spiritum
1741 3623 1858 3678 Filii
1890 3625 1972 3679 sui
1999 3626 2049 3679 in
2073 3627 2238 3681 corda
2260 3640 2438 3682 veStra
2469 3628 2712 3683 claman-

1123 3723 1255 3778 tem,
1272 3714 1444 3777 Abba,
1479 3715 1637 3770 Pater
1657 3711 1798 3786 (Gal.
1825 3721 1919 3788 tv).
1936 3738 1953 3770 ι
1973 3705 2353 3775 Beatusetiatn
2370 3721 2563 3776 Petrus
2579 3716 2706 3792 Spi-

1122 3803 1288 3860 ritum
1303 3805 1557 3859 Sanctum
1581 3807 1721 3873 Filii,
1737 3808 1879 3862 sicut
1899 3817 1953 3862 et
1968 3808 2284 3865 Patrisesse
2298 3810 2705 3881 designat,eum

1122 3892 1228 3946 ait:
1251 3913 1268 3944 ι
1285 3892 1357 3948 De
1378 3910 1480 3964 qua
1503 3894 1672 3950 salute
1687 3897 2095 3964 exquisieruut,
2123 3909 2289 3969 atque
2314 3901 2541 3954 scrutati
2581 3909 2705 3954 sunt

1125 3982 1431 4053 Prophetm,
1469 3985 1560 4055 qui
1586 3987 1652 4040 de
1681 3985 1859 4040 l'utura
1892 3987 1944 4040 in
1973 3988 2126 4043 vobis
2152 3989 2324 4058 gloria
2352 3991 2704 4060 prophetare-

1124 4085 1283 4131 runt:
1303 4086 1610 4132 scrutantes
1632 4078 1684 4132 in
1722 4079 1889 4148 quod,
1907 4079 1989 4134 vel
2009 4080 2170 4150 quale
2193 4091 2405 4152 tempus
2438 4085 2712 4153 signiﬁca-

1122 4176 1228 4231 ret,
1251 4169 1342 4238 qui
1375 4168 1427 4222 in
1457 4170 1537 4223 eis
1560 4171 1917 4239 eratspiritus
1939 4169 2165 4235 Christi,
2190 4175 2564 4241 prmnuntiatts
2592 4190 2706 4241 eas,

1122 4271 1246 4326 qua:
1287 4257 1340 4311 in
1385 4257 1603 4313 Christo
1632 4269 1757 4313 sunt
1791 4262 2091 4330 passiones,
2132 4271 2188 4316 et
2235 4265 2568 4332 posteriores
2597 4265 2710 4334 glo-

1123 4344 1237 4400 rias
1274 4345 1324 4415 (Ι
1361 4345 1472 4401 Pet.
1523 4347 1618 4417 1).:
1671 4349 1739 4404 Et
1790 4351 2052 4406 Dominus
2080 4352 2133 4406 in
2171 4352 2498 4425 Evangelio:
2531 4374 2548 4407 ι
2573 4357 2706 4410 Cum

1123 4439 1352 4500 venerit,
1392 4439 1585 4509 inquit.
1626 4442 1940 4497 Paracletus
1971 4444 2207 4513 Spiritus
2240 4447 2509 4510 veritatis,
2549 4449 2636 4515 qui
2676 4465 2702 4500 a

1125 4526 1284 4582 Patre
1311 4530 1546 4597 procedit
1580 4530 1756 4599 (Joan.
1801 4533 1947 4601 xvii.»
1981 4532 2112 4585 Nam
2160 4549 2280 4587 cum
2313 4533 2562 4590 Christus
2593 4537 2706 4605 ipse

1123 4616 1196 4672 sit
1215 4618 1444 4684 veritas,
1474 4635 1630 4673 sumn
1661 4636 1780 4676 esse
1807 4622 1994 4689 procul
2025 4623 2191 4678 dubio
2221 4625 2470 4692 spiri;um
2499 4627 2703 4693 doeuit,

1121 4721 1249 4761 cum
1284 4721 1405 4761 cum
1432 4709 1689 4778 .spiritum
1738 4712 1982 4766 veritatis
2006 4727 2127 4766 esse
2149 4715 2442 4784 perhibuit.
2470 4715 2706 4770 Joannes

1122 4804 1306 4850 autem
1331 4797 1464 4853 dicit
1490 4817 1503 4852 :
1531 4817 1550 4848 ι
1573 4798 1630 4853 lu
1657 4800 1759 4856 hoc
1795 4800 2166 4873 intelligimus,
2190 4805 2314 4874 quia
2343 4806 2394 4860 in
2420 4822 2486 4861 eo
2517 4823 2701 4862 mane-

1124 4903 1268 4952 mus,
1289 4899 1344 4945 et
1370 4889 1485 4958 ipse
1513 4891 1567 4946 in
1595 4892 1772 4956 nobis,
1791 4893 1918 4961 quia
1941 4894 2009 4948 de
2032 4893 2236 4965 Spiritu
2260 4913 2359 4950 suo
2381 4899 2525 4952 dedit
2549 4900 2705 4953 nobis

1123 4973 1177 5045 (1
1207 4976 1368 5030 Joan.
1418 4978 1513 5050 tv).
1541 4999 1561 5032 ι
1605 4980 1664 5035 in
1714 4979 1852 5036 libro
1880 4997 2094 5052 quoque
2137 4983 2277 5039 beati
2322 4984 2423 5041 Job
2469 4987 2699 5058 legitur:

1131 5084 1151 5117 ι
1179 5066 1245 5121 Et
1268 5069 1463 5123 audiet
1492 5072 1826 5127 auditionem
1860 5071 1914 5126 in
1948 5081 2158 5128 terrore
2193 5077 2345 5132 vocis
2371 5076 2508 5145 ejus,
2533 5088 2588 5133 et
2619 5097 2706 5134 so-

1123 5168 1253 5209 num
1281 5157 1348 5211 de
1382 5171 1476 5212 ore
1511 5157 1652 5212 illius
1676 5162 2058 5228 procedentem
2110 5163 2232 5233 (Job
2267 5167 2494 5232 xxxvii).
2532 5186 2549 5217 ι
2599 5168 2700 5223 Ubi

1124 5243 1335 5300 scilicet
1363 5261 1426 5300 os
1449 5246 1626 5302 Patris
1665 5249 2048 5320 intelligendus
2075 5264 2160 5310 est
2186 5255 2391 5324 absque
2416 5256 2580 5310 dubio
2609 5257 2698 5309 Fi-

1122 5330 1262 5399 lius;
1292 5349 1459 5390 sonus
1479 5347 1658 5392 autem
1683 5352 1750 5393 ex
1773 5338 1890 5408 ejus
1911 5355 2007 5395 ore
2038 5344 2339 5411 procedens
2360 5356 2443 5399 est
2465 5345 2699 5415 Spiritus

1121 5436 1380 5482 sanctus:
1405 5426 1507 5495 Qui
1538 5430 1794 5486 nimirum
1825 5442 1971 5488 recte
1994 5450 2162 5490 sonus
2205 5437 2527 5508 appellatur,
2562 5455 2699 5509 quo-

1121 5516 1271 5571 niam
1313 5525 1367 5571 et
1411 5532 1532 5572 cum
1578 5520 1756 5575 sonitu
1809 5537 1974 5591 super
2012 5524 2297 5592 Apostolus
2336 5529 2501 5593 venit,
2535 5542 2591 5584 et
2622 5547 2698 5585 ex

1119 5607 1307 5672 corde,
1340 5607 1482 5676 quod
1507 5609 1698 5678 replet,
1738 5610 1791 5664 in
1835 5613 1996 5667 verba
2040 5629 2164 5668 mox
2207 5625 2409 5672 saneta:
2441 5619 2700 5686 praedica-

1119 5696 1286 5754 tionis
1309 5696 1543 5770 etumpit
1567 5698 1705 5771 (Act.
1733 5701 1817 5772 tt.)
1849 5700 2002 5768 Quod
2032 5714 2211 5761 autem
2242 5722 2304 5763 os
2333 5707 2511 5762 Patris
2541 5711 2700 5764 inte].

2816 3269 2906 3314 cut
2950 3276 2979 3312 a
3029 3259 3190 3314 Patre
3231 3260 3560 3330 procedere;
3610 3261 3803 3316 beatus
3861 3272 4040 3319 tamen
4079 3265 4414 3321 Athanasius

2813 3351 3193 3406 Alexandriam
3244 3352 3388 3407 secis
3439 3355 3748 3423 episcopus,
3801 3354 3854 3408 in
3902 3355 4060 3420 libra,
4109 3371 4270 3425 quem
4317 3357 4413 3412 ad-

2815 3455 3007 3493 versus
3064 3440 3254 3495 Arium
3336 3443 3599 3510 Scripsit,
3673 3446 3819 3498 inter
3885 3454 4083 3506 eretet'a
4150 3447 4229 3501 sic
4282 3447 4408 3502 ait:

2821 3550 2837 3581 ι
2869 3531 3003 3600 Ego,
3055 3531 3250 3599 inquit,
3303 3532 3469 3586 credo
3516 3532 3713 3587 Filium
3768 3535 3820 3590 in
3870 3533 4054 3597 Patre,
4093 3544 4150 3589 et
4192 3535 4411 3593 Patrem

2813 3622 2922 3691 20
2959 3623 3011 3675 in
3060 3621 3199 3676 Filio
3243 3640 3263 3675 υι
3314 3621 3580 3691 Spiritum
3615 3639 3835 3694 quoque
3881 3625 4224 3680 Paraelctum
4250 3665 4266 3691 ,
4315 3628 4409 3698 qui

2814 3713 3062 3780 procedit
3097 3729 3124 3765 a
3165 3711 3322 3765 Patre
3349 3725 3404 3766 et
3435 3711 3558 3766 Filii
3589 3730 3730 3776 esse,
3765 3725 3820 3769 ct
3848 3715 4047 3778 Patris,
4096 3719 4222 3787 quia
4273 3728 4330 3773 et
4378 3734 4410 3773 a

2814 3804 2951 3860 Filio
2979 3805 3244 3875 procedit,
3272 3804 3415 3859 sicut
3438 3806 3490 3859 in
3518 3806 3813 3876 Evangelia
3837 3810 4104 3874 scriptum
4135 3820 4240 3875 est,
4265 3810 4410 3880 quod

2812 3909 2909 3964 per
2953 3893 3366 3949 insulilationctu
3399 3910 3552 3949 suam
3579 3893 3790 3951 dederit
3820 3898 4100 3968 discipulis
4131 3902 4244 3955 suis
4287 3901 4402 3972 Spic

2815 3986 2978 4039 iitum
3006 3996 3255 4040 sanctum
3285 3985 3472 4040 dicens
3505 4000 3520 4038 :
3561 3986 3806 4057 Acc‘pite
3846 3988 4109 4058 Spiritum
4155 4001 4407 4046 sanctum

2815 4077 2998 4149 (Joan.
3036 4077 3152 4145 xx).
3187 4097 3206 4130 ι
3244 4077 3476 4132 Sanctus
3529 4078 3764 4148 Cyrillus
3809 4081 3974 4134 etiam
4027 4082 4093 4134 tie
4146 4082 4248 4136 hac
4291 4082 4408 4150 ipsa

2814 4168 3050 4237 Spiritus
3082 4170 3255 4223 sancti
3293 4170 3644 4239 procrssione
3673 4178 3862 4224 contra
3897 4171 4202 4225 Nestorium
4228 4174 4401 4229 dicit:

2818 4279 2835 4309 ‹
2865 4259 3125 4324 Quamvis
3151 4259 3293 4313 enim
3324 4260 3376 4311 in
3404 4274 3503 4312 sua
3547 4260 3617 4312 sit
3647 4261 3949 4314 substantia
3981 4261 4216 4329 Spiritus
4243 4262 4361 4331 ejus
4391 4282 4403 4317 :

2812 4347 2956 4404 haud
2996 4350 3215 4403 dubium
3242 4348 3372 4417 quin
3401 4349 3607 4413 Patris,
3638 4359 3695 4403 ut
3727 4350 4061 4418 intxlligatur
4089 4351 4143 4404 in
4174 4367 4404 4420 persona

2814 4440 3137 4510 proprietas,
3165 4440 3311 4493 iuxta
3341 4440 3393 4492 id
3420 4440 3564 4508 quo]
3595 4441 3833 4508 Spiritus
3860 4452 3963 4502 est,
3986 4451 4041 4494 et
4073 4456 4179 4495 non
4198 4442 4401 4506 Filius,

2812 4541 3049 4584 attamen
3076 4531 3286 4584 alienus
3315 4545 3421 4584 non
3449 4532 3516 4582 ah
3541 4531 3651 4584 illo.
3683 4530 3812 4583 Nam
3838 4533 4074 4600 Spiritus
4097 4535 4404 4601 appellatus

2809 4632 2896 4676 est
2936 4621 3180 4675 veritatis
3207 4663 3219 4686 ,
3273 4629 3329 4675 ct
3373 4623 3576 4676 veritas
3623 4622 3870 4678 Christus
3924 4633 4026 4678 est.
4070 4625 4220 4679 Unde.
4258 4633 4405 4684 etab

2810 4711 2924 4781 ipso
2955 4711 3203 4766 similiter
3229 4713 3372 4764 sicut
3396 4722 3423 4764 a
3457 4711 3569 4766 Deo
3597 4711 3781 4776 Patre,
3817 4716 4079 4781 procelit.
4126 4734 4143 4766 ι
4181 4717 4247 4769 Et
4276 4719 4404 4773 bea-

2811 4811 2897 4856 tus
2956 4803 3096 4856 inter
3146 4803 3310 4855 multa
3374 4803 3452 4857 sic
3500 4805 3579 4856 ait
3626 4802 3989 4881 Ambrosius:
4036 4827 4052 4856 ι
4092 4805 4207 4860 Non
4255 4808 4400 4864 enim

2809 4893 3057 4962 quasiex
3093 4893 3210 4947 loco
3261 4893 3495 4952 mittftur
3527 4894 3784 4961 Spiritus,
3820 4905 3914 4949 aut
3963 4900 4120 4966 quasi
4171 4913 4236 4952 ex
4283 4899 4403 4955 loco

2806 4987 3091 5055 procedit,
3138 4985 3354 5053 quando
3403 4987 3649 5054 procedit
3695 5001 3761 5043 cx
3802 4988 3961 5043 Filio.
4001 5008 4018 5041 ι
4065 4992 4401 5060 Augustinus

2807 5079 2970 5129 etiam
2999 5077 3258 5128 adversus
3287 5074 3581 5129 Maximum
3616 5075 4019 5152 [Maximinum]
4071 5082 4256 5136 scribit
4295 5084 4400 5137 Im-

2811 5169 3036 5220 reticum
3072 5185 3084 5220 :
3121 5186 3136 5216 ε
3169 5167 3400 5231 Qua-ris,
3434 5167 3629 5235 inquit,
3659 5181 3688 5220 a
3739 5184 3824 5222 me
3875 5170 3918 5223 si
3981 5173 4045 5226 de
4093 5175 4397 5229 substantia

2808 5254 2988 5309 Patris
3017 5266 3098 5310 cst
3147 5255 3337 5318 Filius,
3391 5257 3459 5311 de
3503 5259 3804 5312 substantia
3855 5261 4041 5316 Patris
4092 5273 4176 5318 cst
4231 5266 4394 5320 e;ia:n

2810 5344 3042 5414 Sp‘Liltts
3073 5356 3292 5401 sanctus
3315 5387 3330 5410 ,
3362 5362 3463 5401 cur
3506 5363 3646 5401 unus
3675 5349 3850 5405 Filius
3875 5393 3889 5415 ,
3917 5361 3971 5405 et
4001 5353 4140 5407 alius
4172 5370 4278 5408 non
4327 5357 4397 5409 sit

2810 5436 3012 5493 Elius?
3047 5457 3065 5488 ι
3100 5438 3331 5506 Moxque
3355 5432 3678 5509 subjungit:
3717 5460 3735 5492 ‹
3769 5442 3911 5498 Ecce
3935 5446 4257 5513 respondeo,
4284 5447 4397 5502 sire

2809 5519 3016 5597 Capias,
3067 5527 3181 5583 sive
3219 5543 3326 5584 non
3363 5530 3586 5596 capias;
3620 5530 3689 5584 de
3743 5530 3906 5587 Patre
3955 5543 4041 5587 est
4088 5528 4299 5596 Filius,
4331 5538 4398 5591 de

2808 5621 2969 5676 Patre
2998 5628 3080 5675 est
3114 5619 3347 5689 Spiritus
3380 5630 3604 5675 sanctus
3629 5637 3644 5675 :
3672 5623 3766 5677 sed
3800 5623 3886 5676 ille
3916 5627 4130 5692 genitus
4161 5638 4263 5693 est,
4296 5629 4399 5682 iste

2809 5711 3127 5783 procedens.
3157 5711 3280 5765 ideo
3335 5711 3424 5766 ille
3470 5709 3643 5788 Filius
3687 5723 3771 5776 es:
3820 5713 4036 5784 Patris,
4071 5717 4139 5774 de
4179 5733 4287 5790 quo
4313 5731 4398 5776 est
