5652 6366
1040 369 1109 430 ιι
1878 344 2126 411 OPUSC.
2162 338 2230 401 11.
2265 368 2340 385 ι·-
2373 327 2773 393 ΑΝτιι-οςυε
2804 322 3087 385 CONTRA
3124 317 3272 378 ’UDJ

2087 344 2126 404 ἒ.
2162 338 2230 401 ll.
2265 368 2340 385 σ-
2373 327 2773 393 ΑΝτιιοςυε
2804 322 3087 385 CONTRA
3124 314 3436 378 ωηερε.
3720 369 3731 375 _
4244 298 4319 355 ιθ

1072 550 2229 601 Μ

2233 518 3890 563 ______________________________.

1630 700 1877 777 ’3’”
1953 695 2807 831 OPUSCULUM
2894 675 3713 809 SECUNDUM.

1288 940 1739 1013 ANTILOGUS
1774 929 2105 1002 CONTRA
2148 919 2496 994 JUDJEOS,
2543 917 2654 979 AD
2697 909 3136 975 HONESTUM
3182 905 3439 967 VIRUM
3482 898 4054 965 CLARISSIMUM.

1134 1642 1340 1688 uomno
1401 1634 1653 1678 HOSESTO
1712 1622 2018 1669 οιπιεειπιο

1067 1686 1225 1792 huius
1252 1715 1506 1771 tenebras
1550 1708 1689 1768 viro,
1727 1702 1941 1756 Psrsus
1993 1695 2217 1792 ultimus
2251 1686 2645 1745 monachorum

1069 1780 1274 1872 servus,
1298 1809 1613 1875 perpetuam
1652 1792 1973 1851 charitatem
2005 1787 2059 1842 in
2090 1780 2327 1840 Christo.

1136 1867 1515 1955 Dilectissimo,
1545 1882 1914 1958 deprecatoria
1939 1878 2095 1934 nobis
2115 1875 2276 1930 verba
2308 1886 2404 1941 per
2424 1867 2650 1958 fratrem

1071 1996 1317 2046 nostrum
1354 1983 1589 2037 Leonem
1616 1954 1801 2044 nuper
1839 1967 2061 2031 misisti,
2105 1972 2372 2035 quatenus
2420 1957 2515 2013 tibi
2557 1954 2654 2011 ali-

1070 2079 1202 2152 quid
1241 2075 1622 2133 scriberemus.
1675 2080 1782 2136 quo
1830 2076 1974 2133 stupe
2010 2055 2410 2152 decertant-ium
2436 2050 2531 2106 tibi
2562 2048 2652 2152 Ju:

1075 2143 1311 2227 (ficorum
1349 2178 1449 2222 ora
1488 2156 1842 2215 rationalibus
1885 2146 2220 2220 argumentis
2253 2143 2573 2205 obstruere;
2600 2144 2658 2191 et

1076 2259 1143 2315 de
1171 2257 1389 2313 Christo
1412 2254 1479 2309 ad
1530 2246 1958 2307 controversiam
1993 2240 2298 2300 venientes,
2320 2230 2659 2290 evidentissi-

1078 2350 1189 2405 mis
1225 2361 1409 2417 posses
1462 2357 1629 2398 sacra:
1672 2338 1964 2407 Scriptura:
2012 2328 2338 2386 testimoniis
2378 2335 2656 2393 superare.

1079 2435 1188 2493 Sed
1220 2437 1266 2492 si
1295 2433 1494 2490 Christi
1525 2430 1680 2485 miles
1702 2442 1843 2489 esse,
1873 2432 1927 2478 et
1952 2436 2051 2493 pro
2074 2435 2141 2474 eo
2168 2417 2394 2472 viriliter
2418 2424 2663 2484 pugnare

1079 2524 1375 2585 desideras,
1413 2528 1604 2576 contra
1653 2514 1835 2571 carnis
1887 2511 2037 2575 vitia,
2079 2515 2272 2563 contra
2325 2501 2523 2560 diaboli
2547 2513 2664 2553 ma-

1082 2616 1273 2672 chinas
1306 2611 1531 2680 insignis
1563 2606 1791 2663 bellator
1815 2617 1967 2657 arma
1998 2596 2179 2669 potius
2205 2593 2452 2662 corripe;
2484 2591 2667 2645 hostes

1085 2705 1375 2769 videlicet,
1425 2701 1518 2771 qui
1558 2711 1844 2779 nunquam
1896 2690 2666 2779 moriuntur:quam_contra

1088 2798 1322 2861 Iudaeos,
1353 2794 1444 2866 qui
1470 2793 1583 2864 jam
1611 2774 1851 2847 de'terra
1886 2799 2023 2857 pene
2072 2779 2230 2836 deleti
2266 2785 2410 2833 sunt.
2443 2774 2669 2866 verum-

2070 1602 2368 1661 secundum
2414 1592 2635 1664 Egypti
2668 1593 2715 1653 A
2744 1590 2862 1644 sine
2921 1586 3209 1655 disciplina
3270 1582 3602 1653 qua-stiones
3632 1578 3810 1634 devita
3858 1577 3944 1650 (ll
3998 1576 4134 1631 Tim.
4164 1576 4275 1647 n);
4319 1594 4342 1629 s

2749 1681 3000 1752 protinus
3056 1678 3296 1733 addidit:
3353 1696 3372 1729 ι
3440 1674 3675 1731 Servum
3730 1685 3913 1727 autem
3975 1669 4190 1727 Domini
4235 1680 4347 1724 non

2750 1776 3212 1847 oportetlitigare,
3241 1772 3335 1829 sed
3364 1779 3708 1827 mansuetum
3742 1783 3865 1823 esse
3905 1766 3973 1821 ad
4000 1779 4215 1829 omnes,
4246 1765 4348 1818 do-

2751 1868 2988 1929 cibilcm,
3021 1864 3341 1935 patientem.
3394 1877 3517 1916 cum
3556 1860 3704 1915 omni
3746 1856 4013 1913 modestia
4040 1853 4350 1924 corripien-

2754 1965 2863 2012 tem
2915 1969 3027 2017 eos,
3071 1952 3163 2023 qui
3210 1951 3496 2015 resistunt,
3541 1965 3610 2003 ne
3650 1947 3866 2018 quando
3922 1946 4015 2001 det
4055 1944 4161 1998 illis
4210 1944 4354 1997 Deus

2754 2044 3134 2114 pmnitentiam
3182 2044 3249 2097 ad
3279 2039 3715 2110 cognoscendam
3763 2038 4074 2100 veritatem,
4122 2044 4177 2090 et
4218 2034 4357 2089 resi~

2756 2124 2969 2205 pisdant
3007 2150 3035 2188 a
3070 2132 3269 2189 diaboli
3296 2131 3527 2201 laqueis,
3556 2146 3585 2185 a
3614 2145 3721 2201 quo
3752 2128 3950 2199 captivi
3976 2136 4258 2189 tenentur.
4288 2125 4358 2179 ad

2758 2227 2929 2295 ipsius
2953 2224 3287 2279 voluntatem
3338 2222 3553 2293 (Ibid.).
3612 2241 3629 2273 ι
3682 2220 3788 2276 Sed
3819 2235 3944 2275 cum
3990 2219 4171 2274 omnia
4222 2231 4362 2286 pene

2762 2318 2975 2373 Veteris
3013 2315 3350 2371 Testamenti
3399 2313 3672 2367 volumina
3716 2311 4085 2367 testimonium
4139 2310 4365 2365 Christo

2762 2411 3107 2481 perhibeant,
3171 2423 3269 2462 nos
3316 2407 3620 2477 postposita
3664 2406 3957 2461 verborum
3993 2402 4363 2467 multitudine,

2764 2514 2935 2569 pauca
2968 2506 3029 2554 et
3074 2508 3348 2565 apertiora
3390 2496 3781 2565 prophetarum
3841 2492 4154 2548 testimonia
4205 2506 4369 2547 cura-

2766 2603 2887 2643 mus
2919 2601 3215 2657 appouere,
3241 2585 3442 2655 quibus
3458 2596 3639 2639 tamen
3663 2593 3855 2638 contra
3876 2597 4094 2638 omnem
4126 2582 4372 2638 Judaica:

2768 2679 3054 2748 pravitatis
3102 2676 3396 2739 insaniam,
3456 2682 3512 2730 et
3561 2689 3749 2729 eorum
3783 2682 4008 2729 ventosa
4056 2684 4373 2729 commenta

2768 2771 2951 2827 valeas
3002 2785 3127 2825 cum
3178 2768 3274 2824 Dei
3328 2766 3596 2836 adjutorio
3634 2766 3884 2823 obtinere
3939 2766 4251 2837 victoriam.
4301 2764 4375 2823 Et

1084 2883 1271 2942 tamen
1299 2856 1355 2939 et
1370 2856 1499 2937 huic
1523 2880 1701 2936 studio
1725 2892 1825 2947 ego
1852 2856 2196 2943 nequaquam
2233 2867 2458 2936 derogo,
2485 2862 2596 2915 imo
2615 2866 2670 2913 et
2699 2932 2741 2947 ﬁ
2772 2864 2898 2934 quia
2925 2864 3122 2933 sagitta
3160 2861 3421 2917 directius
3472 2860 3728 2923 mittitur,
3780 2859 3826 2914 si
3896 2868 4069 2923 meta,
4099 2858 4186 2913 cui
4221 2856 4375 2929 infigi

1087 2981 1285 3031 vestra:
1313 2968 1560 3042 petitioni
1609 2932 1957 3028 satisfacere,
1979 2974 2193 3030 atquum
2238 2970 2359 3012 esse
2412 2954 2664 3008 decerno.
2699 2932 2743 2991 Β
2773 2932 3005 3021 debeat,
3046 2970 3077 3010 e
3112 2953 3329 3009 diverso
3364 2952 3621 3023 primitus
3661 2961 3990 3022 opponatur,
4042 2966 4143 3007 nos
4196 2952 4375 3021 ipsum

1087 3061 1441 3119 Inhonestum
1487 3058 1684 3129 quippe
1728 3064 1833 3119 est,
1880 3061 1939 3107 ut
1982 3048 2388 3106 ecclesiasticus
2431 3043 2515 3098 vir
2563 3042 2670 3104 his.

1090 3154 1187 3228 qui
1240 3152 1373 3209 foris
1417 3159 1562 3215 sunt,
1618 3144 2102 3207 calumniantibus,
2155 3156 2253 3212 per
2313 3134 2674 3209 ignorantiam

1092 3247 1466 3305 conticescat:
1500 3253 1554 3299 et
1582 3241 1929 3299 Christianus
1972 3239 2038 3294 de
2072 3234 2290 3292 Christo
2333 3231 2558 3288 reddere
2582 3242 2676 3285 ra-

1095 3338 1302 3398 tionem
1358 3336 1633 3399 nesciens,
1689 3331 1924 3388 inimicis
1970 3327 2357 3385 insultantibus
2398 3324 2577 3379 victus
2624 3324 2679 3378 et

1098 3430 1357 3487 confusus
1400 3427 1676 3485 abscedat.
1734 3424 1850 3479 Huc
1894 3422 2126 3485 accedit,
2170 3419 2315 3489 quod
2354 3430 2495 3485 saepe
2521 3414 2681 3483 hujus

1098 3520 1180 3576 rei
1209 3518 1369 3574 noxia
1405 3517 1695 3587 imperitia,
1724 3522 1781 3568 et
1822 3512 2062 3569 cavenda
2102 3507 2423 3578 simplicitas
2451 3520 2557 3559 non
2593 3518 2681 3558 so-

1101 3609 1217 3664 lum
1244 3607 1526 3662 audaciam
1567 3603 1858 3660 incredulis
1894 3602 2149 3673 suggerit,
2195 3601 2289 3655 sed
2321 3599 2490 3654 etiam
2527 3609 2680 3651 erro-

1102 3714 1222 3757 rem
1249 3708 1304 3756 et
1327 3699 1660 3757 dubietatem
1684 3697 1737 3752 in
1768 3696 2024 3751 cordibus
2054 3693 2293 3749 fidelium
2328 3690 2518 3763 gignit.

1177 3790 1389 3846 Etcum
1420 3791 1536 3845 haec
1558 3788 1784 3845 scientia
1805 3788 1872 3842 ad
1900 3787 2060 3841 fidem
2090 3792 2239 3841 certe
2256 3793 2365 3839 tota
2393 3782 2681 3852 pertineat,

1106 3880 1243 3938 fides
1272 3889 1450 3937 autem
1476 3878 1716 3935 omnium
1752 3878 2007 3934 virtutum
2056 3877 2127 3931 sit
2164 3875 2517 3945 proculdubio
2567 3873 2688 3928 fun-

1106 3969 1459 4035 damentum;
1509 3969 1598 4024 ubi
1630 3967 2037 4023 fundamentum
2088 3967 2345 4036 quatitur,
2402 3974 2512 4020 tota
2566 3978 2687 4019 mox

1106 4057 1323 4120 ldiﬂcii
1354 4059 1559 4115 fabrica
1582 4059 1940 4130 praecipitium
1986 4058 2193 4112 ruitura
2224 4059 2476 4113 minatur.
2504 4057 2692 4112 Scien-

1110 4148 1240 4208 dum
1286 4160 1462 4207 tamen
1511 4160 1613 4217 est,
1648 4151 1775 4221 quia
1813 4165 1923 4205 non
1959 4164 2115 4204 vana:
2156 4149 2341 4219 gloriae
2392 4165 2579 4215 causa,
2606 4147 2691 4203 vel

1111 4242 1230 4303 solo
1273 4243 1637 4299 contentionis
1683 4256 1869 4297 amore
1918 4240 2079 4295 debet
2124 4238 2469 4295 Christianus
2506 4239 2589 4294 vir
2623 4236 2691 4293 ad

1113 4337 1220 4393 hoc
1246 4343 1523 4391 certamen
1561 4334 1850 4389 accedere:
1888 4331 1983 4387 sed
2011 4331 2080 4386 ob
2110 4331 2161 4387 id
2200 4331 2382 4402 potius
2410 4332 2457 4387 si
2492 4345 2551 4387 se
2575 4347 2693 4403 spe-

1116 4433 1205 4481 rat
1240 4422 1445 4495 aliquid
1499 4424 1566 4478 de
1604 4421 1975 4478 conversionis
2030 4421 2203 4493 gratia
2244 4422 2385 4491 apud
2432 4420 2698 4493 litigantis

1118 4512 1359 4569 animum
1381 4525 1544 4583 posse
1582 4512 1858 4581 prodesse.
1900 4510 2056 4567 Unde
2081 4519 2140 4567 et
2184 4510 2383 4567 Paulus
2420 4511 2539 4567 ait:
2571 4530 2589 4562 s
2639 4510 2698 4567 Si

1120 4604 1246 4675 quis
1264 4602 1378 4658 vult
1402 4602 1772 4659 contentiosus
1818 4616 1940 4658 esse
1962 4618 1978 4667 ;
2004 4616 2103 4657 nos
2132 4602 2440 4672 hujusmodi
2467 4616 2699 4658 consuc-

1124 4694 1364 4751 tudinem
1410 4710 1519 4751 non
1549 4695 1809 4751 habemus
1860 4694 1911 4767 (l
1943 4693 2069 4749 Cor.
2095 4693 2179 4764 ιι).
2222 4712 2242 4746 ι
2277 4693 2343 4748 Et
2378 4696 2451 4750 ad
2478 4694 2698 4750 Titum:

1129 4804 1149 4840 ι
1197 4785 1403 4842 Stultas
1428 4796 1610 4843 autem
1638 4786 1985 4857 qumstiones,
2020 4798 2075 4841 e’t
2104 4787 2464 4857 genealogias,
2498 4796 2553 4841 et
2570 4800 2704 4843 con-

1125 4877 1416 4943 tentiones,
1438 4886 1494 4934 et
1512 4892 1723 4955 pugnas
1751 4877 1882 4948 legis
1902 4876 2082 4933 devita
2108 4896 2122 4932 :
2154 4887 2283 4936 sunt
2308 4878 2453 4939 enim
2482 4877 2705 4934 inutiles

1123 4980 1183 5025 et
1208 4984 1357 5027 vana:
1382 4969 1507 5043 (Tit.
1540 4968 1624 5041 ιι).
1656 4989 1676 5022 ι
1710 4969 1918 5027 Etcum
1944 4972 2067 5041 quis
2092 4972 2161 5026 de
2190 4972 2294 5028 hoc
2317 4971 2534 5043 negotio
2557 4971 2705 5027 litem

1121 5069 1330 5127 movet,
1357 5060 1727 5117 admonendus
1760 5071 1846 5118 est
1894 5071 1955 5117 ut
1990 5076 2105 5117 non
2140 5064 2482 5121 contumelia:
2499 5056 2707 5137 jurgio.

1120 5150 1217 5208 vel
1255 5151 1523 5221 superbia
1554 5152 1721 5223 typho
1766 5154 2183 5231 contendentem
2226 5166 2559 5227 exasperet:
2610 5155 2709 5211 sed

1117 5242 1251 5313 ejus
1286 5252 1523 5301 mentem
1567 5245 1834 5302 charitate
1873 5246 2153 5322 benevola.
2218 5254 2275 5302 et
2315 5247 2708 5317 patientissima

1120 5334 1402 5410 gravitate
1444 5336 1773 5392 demulceat:
1815 5347 2086 5409 quatenus
2127 5337 2398 5410 lapideum
2423 5356 2540 5406 eor,
2564 5341 2711 5411 quod

1119 5422 1303 5484 effusa
1350 5425 1707 5482 amaritudine
1754 5427 1993 5483 deterius
2055 5436 2269 5498 poterat
2326 5429 2710 5497 obdurescere,

1116 5516 1380 5577 modesta
1426 5517 1714 5574 verborum
1761 5519 1991 5577 dulcedo
2028 5520 2098 5576 ad
2122 5520 2451 5579 credendum
2488 5520 2713 5579 forsitan

2775 3044 3153 3115 confligentem
3201 3040 3447 3099 Judaeum
3499 3040 4042 3101 hic'introdueimus.
4082 3050 4141 3095 ut
4185 3040 4378 3095 verbo-

2776 3150 2899 3191 rum
2929 3144 3241 3189 nostrorum
3271 3132 3478 3202 spicula
3506 3146 3616 3185 non
3644 3133 3697 3185 In
3740 3141 3964 3188 ventum
3997 3130 4163 3185 eii'usa
4201 3129 4377 3186 inani-

2778 3235 2861 3281 ter
2886 3225 3139 3289 deﬂuant,
3174 3224 3270 3280 sed
3288 3226 3357 3279 ad
3387 3235 3593 3283 scr-tarn
3617 3225 3797 3291 potius
3820 3224 4107 3281 materiam
4135 3222 4379 3291 jaculata

2780 3317 3115 3387 pertingant.

2876 3406 2983 3480 25
3020 3407 3087 3462 In
3112 3406 3322 3462 nomine
3342 3406 3576 3471 Domini,
3603 3406 3785 3476 incipit
3816 3408 3931 3471 ipsa
3961 3406 4280 3475 congressio.

2856 3497 2953 3553 Dic
2992 3498 3179 3567 igitur,
3212 3511 3247 3551 ο
3300 3494 3486 3551 Iudaee
3522 3495 3634 3567 (qui
3666 3495 3795 3550 dum
3831 3494 4158 3553 Trinitatem
4193 3510 4378 3565 regas,

2786 3598 2842 3645 et
2868 3590 3131 3643 unitatem
3159 3594 3561 3656 consequenter
3594 3586 3839 3656 ignoras)
3872 3586 3917 3640 si
3953 3585 4115 3650 Deus,
4139 3596 4199 3639 ut
4228 3601 4381 3641 assc-

2788 3680 2883 3746 ris,
2914 3695 3053 3736 unus
3085 3687 3167 3735 etc
3203 3679 3257 3733 in
3293 3691 3547 3747 persona,
3578 3692 3664 3732 CUI
3696 3677 3832 3732 dixit
3862 3691 3875 3729 :
3914 3695 3931 3726 ι
3966 3676 4253 3731 Faciamus
4283 3677 4379 3731 ho-

2790 3775 2988 3829 minem
3036 3774 3103 3827 ad
3152 3773 3465 3841 imaginem,
3521 3780 3577 3825 et
3631 3770 4041 3826 similitudinem
4098 3770 4383 3827 nostram’i

2792 3862 2941 3936 (Gen.
2976 3864 3039 3933 ι.)
3075 3884 3093 3915 ι
3130 3862 3263 3917 Nam
3295 3862 3341 3919 si
3372 3876 3477 3917 una
3506 3870 3654 3919 esset
3681 3862 3736 3917 in
3768 3861 3970 3917 deitate
3998 3877 4255 3933 persona,
4281 3879 4389 3919 non

2792 3957 3000 4016 diceret
3042 3977 3063 4011 ι
3098 3958 3398 4023 faciamus,
3436 3976 3456 4011 ι
3521 3954 3617 4012 sed
3668 3954 3887 4011 faciam.
3922 3955 3981 4010 Si
4042 3964 4155 4012 trrs
4205 3963 4393 4012 essent

2795 4052 3136 4115 substantiae,
3161 4066 3268 4106 non
3302 4050 3509 4105 diceret
3534 4047 3889 4121 singulariter
3920 4068 3939 4101 ι
3976 4048 4268 4119 imaginem
4292 4063 4390 4104 no-

2796 4153 3001 4206 stram,
3041 4162 3060 4195 ι
3096 4142 3193 4198 sed
3220 4142 3403 4213 potius
3451 4140 3718 4212 imagines
3759 4148 3997 4218 nostras.
4042 4140 4179 4195 Dum
4228 4140 4395 4212 igitur

2804 4253 2823 4286 ι
2854 4233 3115 4289 faciamus
3149 4252 3168 4285 ι
3201 4241 3413 4289 asserat
3438 4234 3663 4300 trinum,
3693 4251 3711 4284 ‹
3751 4232 4043 4304 imaginem
4086 4242 4333 4289 matram
4368 4251 4388 4284 ι

2799 4327 3045 4385 declaret
3077 4342 3244 4383 unum
3264 4368 3280 4392 ,
3312 4336 3529 4383 constat
3557 4325 3964 4381 evidentissime
3994 4325 4164 4381 Deum
4199 4326 4396 4381 essen-'-

2802 4421 3004 4477 tinlitcr
3041 4435 3208 4476 unum
3242 4418 3416 4476 tribus
3446 4427 3701 4475 constare
3732 4417 4003 4489 personis.
4032 4417 4149 4483 Eia,
4187 4417 4394 4484 Judaee,

2801 4527 2965 4583 perge
2995 4527 3094 4582 per
3127 4512 3294 4567 silvas
3335 4510 3505 4568 divini
3537 4508 3765 4579 eloquii,
3798 4524 4010 4565 mecum
4034 4509 4203 4567 simul
4247 4511 4405 4567 ince-

2802 4604 2890 4669 de,
2924 4605 3059 4675 legis
3087 4613 3191 4660 tua:
3222 4605 3449 4676 paginas
3500 4603 3743 4660 studiose
3766 4602 4020 4669 revolve,
4059 4604 4303 4675 nunquid
4343 4605 4400 4659 in

2804 4698 2886 4753 eis
2926 4697 3136 4767 aliquid
3172 4697 3304 4753 huic
3354 4704 3557 4752 nostra:
3601 4695 3891 4751 assertioni
3921 4697 4163 4767 reperies
4194 4697 4402 4752 discre-

2803 4803 2937 4858 pare
2961 4786 2985 4842 i
3008 4785 3150 4843 Audi
3198 4787 3329 4857 quid
3374 4796 3499 4842 tuus
3536 4785 3747 4857 Moyses
3794 4790 3993 4841 iterum
4027 4787 4169 4842 dicat
4198 4804 4213 4843 :
4248 4807 4265 4838 ‹
4298 4787 4399 4843 Hic

2804 4886 2889 4934 est
2934 4875 3074 4934 liber
3115 4876 3485 4950 generationis
3542 4877 3718 4932 Adam
3770 4878 3823 4933 in
3892 4878 3980 4933 die
4025 4893 4134 4948 qua
4188 4880 4401 4934 creavit

2806 4970 2951 5027 Deus
2986 4971 3288 5037 hominem,
3316 4971 3386 5028 ad
3416 4971 3711 5042 imaginem
3759 4971 3855 5027 Dei
3885 4969 4018 5029 fecit
4044 4971 4198 5027 illum
4235 4990 4250 5028 :
4286 4988 4404 5028 ma-

2807 5060 3017 5117 sculum
3043 5069 3100 5117 et
3124 5060 3384 5122 feminam
3431 5061 3643 5117 creavit
3665 5076 3760 5117 eos
3803 5060 3958 5132 (Gen.
3992 5062 4055 5134 ι).
4082 5082 4100 5116 ι
4126 5061 4267 5131 Quid
4291 5073 4400 5132 est,

2808 5153 2953 5222 quod
2988 5166 3099 5209 non
3125 5149 3362 5219 dicitur,
3393 5153 3522 5223 quia
3566 5151 3710 5207 Deus
3754 5150 3963 5207 creavit
4010 5152 4287 5210 hominem
4334 5153 4407 5210 ad

2809 5246 3101 5316 imaginem
3130 5253 3190 5301 et
3210 5245 3618 5302 similitudinem
3645 5260 3801 5302 suam
3846 5264 3861 5301 :
3914 5248 4008 5302 sed
4032 5247 4172 5304 Dens
4198 5249 4399 5309 creavit

2812 5336 3090 5393 hominem
3115 5336 3183 5391 ad
3211 5335 3508 5409 imaginem
3532 5335 3660 5402 Dei;
3690 5334 3799 5392 nisi
3820 5346 3883 5393 ut
3903 5338 4191 5408 perspicue
4214 5338 4411 5395 distin-

2811 5438 3009 5500 guatur
3034 5438 3268 5498 persona
3320 5426 3505 5485 Patris
3532 5437 3588 5483 et
3612 5427 3771 5485 Filii?
3803 5427 3903 5485 Cui
3934 5429 4113 5485 simile
4134 5438 4223 5487 est
4247 5430 4407 5499 illud,

2813 5520 2960 5591 quod
2988 5534 3085 5591 per
3117 5518 3370 5574 eumdem
3420 5518 3661 5592 Moysen:
3699 5520 3903 5578 iterum
3944 5521 4143 5578 dicitur
4184 5536 4202 5577 :
4244 5540 4266 5576 α
4299 5524 4409 5582 De-

1116 5608 1317 5666 valeat
1344 5608 1607 5665 emollire.
1638 5608 1777 5665 Hinc
1809 5619 1910 5674 est,
1955 5610 2099 5682 quod
2146 5610 2287 5667 idem
2327 5612 2617 5683 Apostolus
2644 5612 2711 5669 ad
2739 5633 2793 5695 ι)
2817 5614 3033 5673 scendit
3059 5620 3241 5668 autem
3267 5614 3535 5670 Dominus
3559 5627 3619 5671 ut
3644 5614 3695 5668 vi
3713 5617 3857 5671 feret
3888 5614 4189 5681 civitatem,
4212 5623 4272 5674 et
4296 5625 4415 5675 tor-

1121 5701 1481 5763 Timotheum
1522 5716 1645 5759 cum
1694 5704 2086 5773 pmmisisset:
2139 5722 2159 5757 s
2200 5701 2407 5765 Stultas
2444 5715 2627 5763 autem
2657 5720 2711 5765 ct

1460 5794 1732 5858 Panos.
1772 5800 2016 5865 CXLV.

2822 5711 2949 5772 tim,
2974 5719 3136 5776 quam
3158 5702 3429 5761 mitiﬁcant
3460 5704 3557 5759 filii
3587 5705 3755 5761 Adam
3782 5704 3937 5779 (Gen.
3960 5705 4063 5779 ιι).
4099 5723 4122 5762 ι
4157 5704 4228 5763 Et
4252 5705 4417 5781 paulo

3856 5794 3899 5855 2
