2826 3207
239 0 1778 52 “—

1136 235 1166 265 ιδ
1345 230 1375 263 S.
1394 234 1496 263 PETRI
1517 234 1657 262 DAMIANI
1678 233 1752 261 OPP.
1774 231 1892 260 TOMUS
1911 230 1977 258 SEU
1992 229 2083 257 PARS
2099 228 2143 256 lli.
2161 245 2196 250 —-
2215 228 2395 258 OPUSCULA
2414 228 2528 258 VARIA.
2702 230 2735 260 Μ

1145 297 1191 323 pst
1207 292 1330 319 subditur
1346 301 1351 317 ε
1375 300 1380 316 :
1398 301 1406 316 I
1422 291 1524 321 Venite,
1540 290 1741 321 descendemus,
1757 294 1783 315 et
1801 288 1910 315 confun-
1929 289 1949 316 Α
1965 287 2029 313 lines
2047 291 2125 313 terra:
2137 286 2230 321 (leid)
2247 297 2256 311 ι
2273 287 2316 317 Et,
2335 291 2363 312 ut
2386 286 2449 314 huic
2461 306 2469 319 ,
2485 294 2565 322 quam
2581 294 2630 323 per
2644 294 2676 317 α
2687 287 2737 317 Dr

1147 340 1226 364 timus
1245 338 1280 364 ibi
1303 340 1416 370 linguam
1440 343 1531 362 eorum
1545 335 1619 368 (Gen.
1637 335 1683 367 ιι).
1704 344 1711 359 ι

1169 382 1249 409 Vides
1267 383 1357 416 igitur,
1383 381 1456 415 quia,
1474 389 1482 405 ι
1505 380 1641 406 descendit
1658 380 1784 405 Dominus
1809 389 1817 403 ι
1834 385 1912 403 unam

1130 426 1279 453 divinitatis
1292 426 1407 451 declaret
1418 425 1578 455 essentiam;
1590 434 1598 448 ι
1610 424 1696 449 venite
1708 433 1716 447 ι
1733 427 1820 448 autem
1841 431 1848 445 ι
1865 421 1910 447 dc-

1130 469 1287 496 scendsmus
1306 478 1314 494 ι
1333 472 1386 495 tres
1415 469 1507 495 doceat
1529 475 1590 495 esse
1612 474 1748 500 personas.
1762 465 1909 498 .lnterroga

1129 514 1209 540 etiam
1228 514 1379 546 Abraham,
1396 521 1478 546 quare
1494 518 1548 539 tres
1566 512 1646 542 vidit,
1668 516 1693 537 ct
1716 518 1795 536 unum
1814 510 1909 535 adora—

1128 559 1182 585 viti
1198 558 1331 591 Scriptum
1347 559 1443 593 quippe
1457 563 1516 584 est:
1534 567 1540 581 I
1562 558 1690 590 Apparuit
1705 556 1728 581 ci
1746 555 1871 580 Dominus
1885 554 1908 578 in

1129 602 1249 630 convalle
1274 601 1393 629 Mambre
1413 601 1516 629 sedenti
1536 600 1564 627 in
1589 599 1660 627 ostio
1682 597 1847 625 tabernaculi
1869 598 1909 624 sui

1126 647 1155 674 in
1175 648 1233 683 ipso
1245 646 1351 680 fervore
1363 646 1415 674 diei
1431 645 1506 682 (Geta.
1519 644 1595 680 amt)
1609 653 1617 677 ;
1633 654 1643 669 ι
1658 643 1754 672 deinde
1767 642 1907 671 subditur:

1130 702 1140 719 ι
1154 692 1276 727 Cumque
1290 691 1421 720 elevasset
1431 691 1524 719 oculos
1536 697 1610 724 suos,
1622 692 1805 725 apparuerunt
1816 689 1842 717 ei
1854 692 1909 715 tres

1124 737 1177 765 viri
1191 741 1294 765 stantes
1310 744 1393 772 prope
1409 737 1483 764 illum
1503 735 1585 770 (Ibid.
1599 736 1620 771 ).
1640 744 1650 761 ι
1668 734 1737 763 Ecce
1761 741 1822 761 cum
1841 740 1908 768 pra-

1125 775 1238 812 missum
1252 780 1302 813 sit,
1320 780 1445 815 apparuit
1458 780 1483 807 ei
1497 779 1643 812 Dominus;
1658 778 1704 806 ubi
1724 784 1805 806 causa
1819 777 1907 805 reddi-

1125 829 1181 857 tur,
1201 832 1255 852 non
1269 824 1377 857 dicitur.
1393 824 1518 859 apparuit
1534 824 1559 852 ei
1583 823 1640 856 vir,
1665 822 1711 850 sed
1724 824 1906 857 apparuerunt

1122 869 1156 898 ei
1169 873 1225 896 tres
1249 868 1311 896 viri.
1331 867 1381 896 Ubi
1402 872 1528 904 patenter
1546 867 1705 899 ostenditur,
1728 867 1790 901 quia
1805 866 1842 898 is,
1859 864 1904 900 qui

1121 903 1172 940 sibi
1191 912 1333 948 apparuit,
1348 917 1376 940 et
1388 903 1457 940 unus
1470 912 1497 939 in
1517 911 1666 939 substantia
1682 910 1799 943 deitatis,
1812 914 1837 937 ct
1853 910 1899 937 tri-

1964 333 2006 357 viti
2024 331 2139 365 Spiritus
2157 337 2266 359 sanctus
2291 332 2446 368 eloquitur,
2466 332 2546 360 aliam
2565 340 2671 369 quoque
2690 334 2735 363 Del

1963 378 2176 404 benedictionem
2201 377 2315 405 similem
2335 378 2569 412 demonstremus.
2587 379 2622 408 ad
2640 379 2734 408 libram

1963 421 2069 449 Numeri
2097 430 2276 450 recurremus.
2312 422 2349 450 lbi
2377 423 2492 458 denique
2518 424 2649 459 acriﬂgm
2675 430 2733 453 est:

1964 477 1972 491 ι
1992 468 2105 494 Locutus
2121 473 2161 494 est
2176 468 2303 494 Dominus
2318 468 2351 494 ad
2367 467 2486 503 Moysen,
2504 478 2514 494 ι
2534 468 2644 497 dicens:
2661 478 2670 495 ι
2684 469 2734 497 lao-

1961 520 2041 545 quere
2056 513 2144 538 Aaron
2170 517 2196 540 et
2222 512 2283 539 filiis
2304 512 2362 545 ejus
2382 521 2388 538 :
2411 512 2457 539 Sic
2484 512 2646 540 benedioetis
2675 512 2733 541 Ilils

1961 556 2049 587 Israel,
2067 561 2093 582 et
2118 557 2211 583 dicetis
2235 557 2273 583 eis
2288 564 2294 582 :
2311 555 2452 583 BenediCat
2477 556 2524 584 tibi
2547 556 2690 590 Dominus,
2706 563 2732 585 et

1958 599 2093 627 custodiat
2107 604 2154 632 te;
2169 600 2293 627 ostendat
2313 599 2446 627 Dominus
2468 599 2564 627 faciem
2577 608 2652 628 suam
2675 601 2729 633 tibi,

1958 647 1985 671 et
1996 644 2158 672 misereatur
2169 645 2206 672 tui
2220 652 2227 677 ;
2245 649 2385 672 convertat
2399 644 2527 673 Dominus
2541 646 2643 674 vultum
2657 653 2730 675 suum
2741 635 2766 668 θ

1957 686 1991 714 ad
2000 690 2036 719 te,
2050 687 2130 714 etdot
2141 687 2187 714 tibi
2195 694 2288 723 pacem
2301 687 2395 722 (Nam.
2407 688 2456 724 vi).
2468 698 2478 716 ι
2491 689 2536 722 Et,
2552 690 2730 723 utclarescat,

1958 730 2020 765 quia
2034 738 2103 759 unus
2116 732 2159 759 est
2175 731 2256 764 Deus,
2269 731 2347 767 cujus
2367 739 2463 761 nomen
2479 734 2548 761 trina
2561 742 2641 770 super
2650 743 2730 770 popu~

1958 774 2012 802 lum
2025 775 2165 803 vocatione
2184 777 2323 810 repetitur.
2338 776 2409 804 illico
2424 777 2591 806 subiufertur
2605 789 2612 806 :
2631 789 2640 805 ι
2655 779 2731 807 Invo-

1956 818 2056 846 cabunt
2072 826 2168 846 nomen
2188 827 2276 847 meum
2291 827 2374 855 super
2385 820 2455 848 filios
2469 821 2561 856 feraci,
2577 827 2604 851 et
2624 831 2673 859 ego
2684 824 2731 852 be-

1958 865 2080 891 lli-dicam
2097 865 2148 892 eis.
2165 874 2174 890 ι

1991 910 2068 941 Ecce,
2087 917 2102 937 ο
2114 909 2216 943 Judme,
2234 911 2295 938 dum
2313 916 2408 940 cuncta
2431 920 2499 948 pene
2513 914 2578 950 legis
2595 919 2647 942 tum
2661 916 2731 943 volu-

1121 966 1173 986 nus
1194 962 1235 986 est
1258 958 1285 986 in
1299 958 1431 992 personis.
1453 955 1530 991 Quod
1556 957 1640 992 ipsius
1660 964 1768 993 quoque
1789 957 1903 984 Abrahae
1918 952 1940 981 Β
1955 955 2025 982 mina
2042 955 2202 983 retuli-endo
2218 957 2410 991 percurrimus,
2432 959 2561 987 unitatem
2582 961 2677 989 divina
2690 969 2732 989 es-

1121 1004 1202 1031 verha
1215 1008 1357 1034 testantur,
1373 1010 1435 1030 cum
1451 1003 1516 1030 dicit
1531 1011 1536 1029 :
1554 1011 1563 1027 α
1580 1002 1701 1034 Domine,
1714 1002 1812 1036 inquit,
1827 1001 1848 1028 si
1863 1001 1902 1028 in-

1121 1048 1182 1075 veni
1210 1047 1325 1082 gratiam
1347 1047 1374 1074 in
1394 1047 1480 1074 oculis
1501 1046 1570 1078 tuis,
1592 1054 1625 1074 ne
1650 1051 1770 1074 transeas
1797 1054 1902 1074 senum

1122 1097 1199 1120 tuum
1211 1102 1218 1120 ς
1230 1094 1278 1121 sed
1289 1092 1557 1128 offeram‘pausillum
1572 1099 1663 1127 aquae,
1681 1096 1708 1119 et
1721 1092 1842 1119 laventur
1856 1099 1902 1127 pe-

1122 1139 1171 1165 des
1186 1138 1278 1174 vestri,
1300 1141 1329 1164 et
1353 1137 1513 1172 requiescite
1548 1139 1598 1163 sub
1632 1137 1728 1164 arbore
1751 1136 1839 1171 (Ibid.
1853 1137 1870 1167 ).
1893 1146 1899 1161 ι

1121 1181 1170 1208 Cui
1190 1182 1271 1209 etiam
1287 1181 1424 1216 aptissime
1440 1181 1564 1216 congruit
1584 1180 1664 1213 illud,
1687 1180 1757 1214 quod
1779 1181 1811 1208 de
1834 1180 1901 1207 Loth

1120 1227 1260 1259 scribitur,
1278 1226 1340 1261 quia
1351 1234 1412 1253 cum
1422 1233 1484 1253 eum
1495 1225 1548 1253 duo
1558 1225 1644 1261 angeli
1659 1232 1692 1252 es
1702 1224 1825 1253 Sodomis
1839 1233 1876 1252 m1,
1888 1234 1897 1248 ι

1120 1271 1307 1299 aubvertendis
1322 1271 1481 1304 educerent,
1497 1271 1535 1298 ait
1548 1270 1581 1298 ad
1593 1277 1640 1299 eos
1658 1270 1727 1298 Loth
1746 1279 1752 1297 :
1770 1280 1778 1297 ι
1795 1270 1900 1304 Qumst‘.

1120 1316 1234 1344 Domine
1246 1317 1294 1349 mi,
1306 1317 1368 1352 quia
1384 1317 1488 1344 invenit
1499 1323 1593 1345 servus
1607 1320 1667 1344 tuus
1680 1316 1796 1351 gratiam
1809 1324 1901 1345 coram

1119 1367 1146 1390 te
1170 1360 1246 1397 (Gen.
1262 1362 1335 1398 nx);
1352 1372 1361 1387 ι
1385 1362 1429 1389 ubi
1455 1362 1537 1389 etiam
1561 1361 1640 1395 paulo
1670 1366 1731 1396 post
1758 1361 1900 1389 subditur:

1119 1416 1129 1433 ι
1146 1406 1214 1432 Pluit
1232 1407 1312 1441 igitur
1324 1405 1453 1433 Dominus
1466 1412 1548 1440 super
1569 1404 1724 1437 Sodomam,
1743 1410 1770 1432 et
1790 1405 1902 1433 Gomor-

1118 1450 1196 1478 rham
1211 1451 1338 1485 sulphur,
1352 1454 1381 1477 et
1391 1450 1479 1486 ignem
1491 1457 1506 1477 a
1521 1449 1633 1478 Domino
1650 1449 1683 1478 de
1698 1449 1768 1478 cutio
1778 1449 1898 1485 (Ibid).-

1118 1495 1185 1523 Cum
1223 1496 1293 1524 enim
1324 1495 1453 1524 Dominus
1482 1503 1497 1522 a
1530 1495 1642 1523 Domino
1672 1495 1764 1530 pluere
1792 1496 1899 1529 dicitur,

1116 1546 1193 1575 patet
1214 1541 1353 1576 profecto,
1368 1541 1430 1576 quia
1460 1545 1590 1576 utraque,
1613 1541 1701 1568 Patris
1726 1541 1852 1570 videlicet
1875 1546 1902 1569 et

1116 1587 1188 1621 Filii,
1206 1594 1320 1622 persona
1346 1587 1478 1623 signatur.
1507 1586 1575 1614 Hinc
1589 1590 1631 1614 est
1652 1587 1740 1619 enim,
1768 1587 1840 1622 quod
1864 1587 1899 1614 ad

1954 1000 2058 1030 sentiae.
2075 1004 2102 1028 et
2114 1000 2272 1028 Trinitatem
2287 1009 2463 1036 personarum
2477 1005 2616 1040 aptissime
2629 1007 2728 1040 reperi-

1953 1052 2023 1072 lnus.
2036 1044 2070 1071 Et
2084 1045 2106 1072 si
2121 1050 2229 1078 cuncta.
2241 1053 2302 1081 quae
2318 1046 2396 1075 nobis
2406 1055 2439 1074 ex
2455 1049 2508 1076 tuis
2522 1050 2597 1077 libris
2610 1051 2732 1078 testimo-

1953 1089 1998 1115 nia
2013 1094 2168 1125 suppetunt.
2183 1090 2215 1117 ad
2229 1091 2279 1118 hoc
2301 1090 2490 1120 afflrmandum
2513 1093 2637 1129 colligere
2659 1095 2732 1123 volu-

1953 1142 2024 1167 mus,
2052 1135 2127 1169 prius
2155 1135 2267 1164 forsitan
2292 1136 2382 1171 lingua
2407 1137 2549 1167 fatiscente
2568 1140 2728 1173 deﬁcimus,

1953 1185 2034 1212 quam
2048 1179 2231 1213 exemplorum
2258 1181 2335 1216 copia
2357 1189 2507 1210 careamus.
2531 1183 2583 1211 Sed
2603 1185 2731 1219 quoniam

1953 1222 2041 1250 omnis
2060 1227 2156 1251 vestra:
2170 1225 2254 1258 partis
2267 1225 2382 1254 assertio
2396 1226 2423 1254 in
2439 1228 2490 1255 hoc
2499 1229 2633 1263 praecipue
2644 1229 2728 1257 soler-

1952 1269 1993 1293 tes
2004 1266 2145 1300 incumbit,
2159 1273 2188 1295 ut
2199 1268 2335 1297 Christum
2351 1270 2434 1298 Deum
2445 1279 2513 1304 esse,
2522 1273 2562 1301 vel
2578 1273 2623 1301 Dei
2636 1273 2730 1302 Filium

1953 1318 2051 1346 negare
2067 1313 2220 1346 contendat,
2236 1321 2308 1342 nunc
2320 1321 2428 1350 quoque
2443 1323 2542 1344 nostra
2563 1318 2730 1354 allegationia

1953 1356 2082 1385 articulus
2104 1357 2155 1385 hoc
2178 1358 2273 1386 itinere
2294 1359 2412 1388 directus
2437 1361 2551 1389 incedat.
2581 1362 2621 1390 Tu
2642 1368 2730 1391 autem

1952 1401 2033 1429 nolim
2047 1402 2124 1437 mihi,
2139 1408 2168 1430 ut
2187 1409 2274 1431 vester
2292 1412 2351 1433 mos
2361 1410 2413 1439 est,
2431 1407 2549 1435 subdolis
2571 1409 2731 1444 tergiversa-

1953 1447 2081 1479 tionibus,
2095 1447 2169 1475 velut
2193 1448 2221 1475 in
2235 1449 2372 1478 variarum
2385 1454 2412 1478 te
2437 1450 2586 1480 formarum
2608 1458 2729 1481 monstra

1952 1496 2115 1524 convertas,
2136 1490 2188 1520 nisi
2214 1498 2243 1520 ut
2266 1494 2386 1522 lubricus
2412 1497 2528 1531 anguis,
2553 1504 2614 1525 cum
2636 1503 2730 1533 captus

1951 1536 2045 1570 fuerit,
2059 1544 2153 1566 manus
2163 1539 2276 1567 evadere
2289 1540 2398 1576 gestias,
2414 1542 2461 1569 sed
2474 1547 2571 1571 cuncta
2594 1544 2628 1571 ad
2651 1544 2729 1572 intel-

1952 1582 2086 1618 ligendum
2101 1588 2208 1612 tuorum
2219 1590 2348 1614 sensuum
2361 1587 2465 1615 viscera
2476 1593 2605 1623 pateant,
2621 1596 2671 1617 cor
2683 1597 2732 1616 an-

1115 1629 1227 1666 loysat
1256 1629 1341 1659 dicit:
1358 1638 1370 1657 ι
1394 1630 1452 1667 Ego
1475 1637 1535 1659 sum
1562 1630 1633 1659 Deus
1654 1631 1803 1664 Abraham,
1828 1631 1899 1659 Deus
1912 1626 1935 1651 ιι
1951 1629 2055 1664 tiquum
2071 1629 2229 1665 ignorantiae
2245 1631 2367 1660 velamen
2381 1632 2510 1667 abjiciat,
2530 1635 2627 1662 mentis
2651 1641 2732 1664 ams

1115 1675 1193 1703 Isaac
1213 1680 1242 1703 et
1268 1674 1340 1703 Deus
1361 1674 1455 1705 Iacob.
1475 1685 1485 1702 ι
1503 1675 1573 1710 α,ίὰ
1595 1681 1637 1705 est
1658 1675 1749 1710 enim,
1775 1676 1848 1712 quod
1869 1680 1900 1704 se

1117 1719 1201 1747 trium
1236 1717 1406 1747 solummodo
1432 1719 1543 1747 Patrum
1574 1719 1658 1748 Deum
1694 1727 1757 1749 esse
1782 1727 1900 1749 commo—

1116 1768 1215 1797 morat,
1239 1768 1267 1791 et
1287 1772 1341 1793 non
1372 1764 1454 1793 etiam
1478 1764 1661 1793 exterarum?
1691 1765 1816 1800 Nunquid
1845 1773 1899 1794 non

1116 1808 1197 1836 etiam
1232 1808 1303 1836 Deus
1339 1808 1455 1837 Enoch?
1486 1808 1610 1844 Nunquid
1640 1817 1693 1837 non
1731 1809 1800 1838 Deus
1822 1809 1898 1843 Noe,

1117 1857 1146 1881 et
1165 1853 1279 1880 aliorum
1310 1853 1544 1881 innumerabilium
1570 1853 1726 1888 iustorum?
1749 1854 1819 1888 Quid
1845 1855 1900 1891 ac

1116 1902 1169 1930 est,
1198 1898 1318 1933 inquam,
1351 1899 1422 1934 quod
1447 1899 1639 1934 pratormissis
1664 1899 1724 1927 aliis
1748 1899 1898 1932 Patribus.

1115 1943 1198 1971 trium
1212 1950 1242 1971 se
1255 1943 1374 1972 virorum
1391 1943 1559 1972 solummodo
1572 1944 1657 1972 Deum
1679 1949 1777 1978 vocat,
1803 1945 1856 1973 nisi
1871 1950 1899 1973 nt

1117 1995 1157 2020 se.
1171 1988 1217 2022 qui
1230 1995 1298 2016 unus
1310 1992 1353 2016 est
1367 1989 1394 2015 in
1408 1988 1573 2022 substantia,
1589 1989 1690 2017 trinum
1715 1996 1777 2017 esse
1796 1989 1824 2017 in
1834 1997 1898 2025 per.

1117 2033 1193 2061 sonis
1216 2033 1365 2061 ostendat?
1381 2032 1456 2061 Hanc
1474 2041 1581 2069 quoque
1599 2033 1759 2062 Trinitatem
1771 2041 1900 2070 persona-

1117 2084 1189 2110 rum,
1205 2082 1285 2113 atque
1296 2077 1426 2105 unitatem
1441 2082 1544 2105 natum
1556 2079 1688 2117 propheta
1701 2079 1786 2107 lsaias
1810 2079 1898 2107 mani-

1116 2122 1186 2152 festo
1198 2123 1339 2158 perdocuit
1351 2143 1358 2155 ,
1372 2131 1433 2151 cum
1445 2123 1580 2159 serapbim
1594 2124 1731 2159 perhibuit
1754 2124 1785 2152 se
1799 2125 1898 2154 vidisse

1116 2168 1282 2197 clamantia:
1300 2178 1310 2195 ι
1328 2168 1454 2201 Sanctus.
1465 2168 1591 2202 Sanctus,
1609 2169 1727 2198 Sanctus
1738 2191 1746 2203 ,
1769 2170 1898 2199 Dominus

1115 2214 1188 2242 Deus
1213 2214 1332 2242 Sabaoth
1356 2213 1432 2249 (Iani.
1461 2214 1509 2249 iv).
1528 2224 1538 2241 ι
1564 2214 1601 2243 Ut
1623 2216 1694 2242 enim
1721 2222 1897 2252 personarum

1117 2258 1236 2288 Trinitas
1249 2264 1457 2291 monstraretur,
1475 2261 1555 2289 tertio
1580 2264 1690 2288 sanctus
1716 2261 1823 2290 dicitur.
1842 2262 1896 2290 Sed

1115 2308 1147 2332 ut
1159 2311 1240 2332 unam
1250 2311 1311 2335 esse
1321 2304 1497 2332 subeundam
1510 2304 1654 2333 Trinitatis
1672 2311 1821 2341 appareat,
1841 2315 1895 2335 non

1115 2349 1223 2379 Domini
1255 2348 1395 2383 Sabaoth,
1420 2350 1468 2377 sed
1496 2349 1625 2379 Dominus
1648 2358 1707 2379 esse
1730 2351 1896 2387 perhibetur.

1115 2393 1193 2429 Quod
1203 2394 1287 2422 David
1298 2401 1406 2430 quoque
1425 2394 1549 2422 similiter
1572 2395 1692 2423 sentiens
1707 2396 1764 2423 ait:
1782 2405 1792 2422 ι
1806 2395 1897 2424 Verbo

1117 2441 1226 2469 Domini
1241 2439 1302 2468 cmli
1327 2440 1427 2467 firmati
1448 2444 1512 2468 sunt
1524 2439 1611 2476 (Psal.
1627 2441 1735 2476 natu).
1751 2450 1762 2467 ι
1778 2441 1895 2470 Verbum

1115 2488 1187 2516 enim
1200 2486 1307 2515 Domini
1318 2485 1403 2514 Filius
1417 2491 1459 2514 est
1469 2486 1569 2514 Patris.

1149 2532 1203 2561 Sed
1217 2536 1247 2560 ut
1259 2532 1368 2561 eosdem
1378 2531 1463 2560 celos
1477 2536 1532 2559 tota
1548 2531 1628 2559 simul
1639 2531 1758 2560 Trinitas
1769 2532 1895 2560 ostenda-

1115 2582 1160 2605 tur
1173 2581 1299 2612 operata.
1326 2580 1436 2612 repente
1447 2575 1482 2604 de
1506 2576 1594 2604 sancti
1608 2576 1726 2611 Spiritus
1753 2576 1897 2604 divinitate

1116 2621 1304 2656 subiungitur:
1332 2629 1342 2647 ι
1359 2621 1393 2649 Et
1408 2620 1509 2656 Spiritu
1533 2621 1591 2649 oris
1615 2620 1675 2655 ejus
1698 2622 1787 2650 omnis
1809 2622 1897 2651 virtus

1948 1673 2091 1709 vigilanter
2110 1675 2261 1704 intendant.
2285 1676 2352 1705 Cum
2370 1685 2434 1706 vero
2456 1679 2522 1708 mihi
2548 1681 2658 1709 obviare
2679 1689 2733 1710 non

1948 1719 2058 1754 poterit.
2079 1720 2278 1751 rationabiliter
2299 1723 2467 1757 obticencat;
2487 1729 2536 1758 ut,
2558 1725 2581 1753 si
2604 1726 2733 1760 possibile

1949 1768 2003 1796 est,
2016 1764 2062 1799 mi
2075 1765 2152 1798 mihi,
2163 1765 2288 1800 imperito
2298 1766 2423 1796 videlicet
2432 1768 2546 1801 homini,
2563 1769 2596 1797 ad
2608 1774 2733 1798 astroelr

1949 1809 2011 1836 dam
2025 1810 2167 1839 veritatem
2182 1819 2258 1839 suam
2271 1817 2492 1848 argumentorum
2505 1815 2647 1843 materiam
2663 1823 2734 1851 pra-

1949 1858 2012 1886 stat,
2026 1854 2084 1888 ipse
2094 1861 2202 1890 quoque
2212 1856 2309 1884 mentis
2322 1861 2374 1885 tua
2388 1858 2505 1886 tenebris
2519 1858 2552 1886 ad
2565 1859 2729 1889 credendam

1949 1899 2087 1933 sapientiae
2101 1907 2156 1928 sua
2171 1900 2261 1929 lumen
2275 1900 2407 1929 infundat.

2165 1944 2218 1979 .7
2236 1944 2349 1973 CAPUT
2368 1945 2512 1975 PftllUl.

2114 1986 2151 2015 De
2166 1987 2280 2022 Christo,
2293 1988 2338 2023 qui
2349 1993 2388 2016 ut
2403 1988 2490 2018 Filius
2506 1989 2564 2019 Dei.

1982 2033 2143 2069 incipiamus
2157 2034 2249 2070 igitur,
2261 2038 2289 2063 et
2302 2034 2371 2070 ejus,
2382 2035 2416 2063 de
2428 2043 2482 2072 quo
2492 2036 2635 2074 loquimur,

1948 2079 2049 2108 torium
2071 2080 2229 2108 ﬂducialiter
2241 2081 2426 2117 imploremus,
2440 2083 2578 2112 dicentes:
2592 2093 2608 2112 ι
2625 2085 2726 2115 Exur-

1948 2129 1994 2161 gat
2008 2125 2078 2153 Deus
2093 2145 2102 2157 ,
2117 2128 2146 2152 et
2167 2125 2331 2160 dissipentur
2344 2127 2445 2156 inimici
2464 2129 2539 2164 ejus;
2553 2133 2581 2157 et
2593 2129 2726 2166 fugiente

1948 2170 2017 2200 faeie
2035 2171 2103 2206 ejus,
2114 2170 2160 2206 qui
2182 2171 2297 2200 oderunt
2318 2179 2379 2200 eum
2401 2172 2592 2212 (PaL-sm).
2614 2184 2624 2200 I
2643 2177 2730 2206 Deum

1947 2216 2039 2250 itaque
2060 2215 2169 2244 Patrem
2191 2217 2402 2252 omnipotentem
2426 2217 2542 2248 Verbum
2558 2220 2591 2248 de
2615 2227 2645 2248 se
2661 2225 2728 2249 aute

1947 2261 2036 2294 omnia
2055 2261 2153 2289 mula
2166 2261 2290 2297 genuisse
2304 2262 2426 2297 legimus.
2438 2264 2574 2293 cretlimus
2587 2286 2595 2298 ,
2623 2270 2651 2294 et
2664 2273 2725 2301 pm

1910 2289 1936 2319 D
1947 2292 2053 2334 bamus.
2070 2305 2147 2339 Quod
2196 2310 2235 2338 tu,
2246 2289 2347 2339 Iudaee:
2371 2289 2651 2342 nequeant—endis:
2665 2289 2728 2345 Et};

1947 2351 1990 2379 cui
2005 2350 2086 2378 dubio
2103 2355 2198 2379 contra
2213 2351 2301 2386 ipsum
2315 2371 2323 2384 ,
2337 2358 2416 2387 quem
2429 2356 2456 2380 te
2476 2353 2594 2381 recolere
2611 2355 2728 2387 asset-is.

1947 2395 2030 2423 Deum
2043 2402 2164 2431 pugnare
2174 2395 2351 2423 convinceris.
2367 2396 2426 2431 Ipse
2442 2397 2513 2424 enim
2526 2398 2590 2426 dicit
2604 2407 2611 2425 :
2628 2407 2638 2425 ι
2656 2399 2727 2427 Eru-

1947 2440 2030 2468 ctavit
2047 2447 2094 2469 cor
2116 2447 2204 2467 meum
2225 2440 2337 2468 verbum
2362 2440 2460 2479 bonum
2484 2441 2577 2477 (Ptol.
2601 2443 2697 2476 ηπ).
2718 2454 2728 2469 ι

1947 2484 1985 2512 De
2000 2485 2052 2513 hoc
2064 2485 2145 2512 verbo
2160 2491 2209 2519 per
2223 2484 2379 2520 prophetam
2393 2485 2474 2513 alium
2488 2486 2605 2514 dicitur:
2624 2496 2635 2513 ι
2655 2487 2729 2516 Ver-

1949 2531 2011 2558 bum
2027 2530 2132 2559 Domini
2149 2529 2265 2558 validum
2277 2551 2286 2564 .
2298 2535 2327 2559 et
2342 2529 2412 2559 forte
2425 2551 2434 2564 ,
2452 2532 2512 2566 quis
2530 2532 2631 2567 poterit
2652 2539 2732 2560 como

1948 2576 2114 2610 prehendere
2141 2574 2228 2602 illud?
2245 2584 2255 2601 ι
2284 2574 2364 2610 (ιωι.
2391 2575 2452 2609 sv.)
2487 2575 2525 2603 De
2553 2576 2603 2604 hoc
2628 2577 2729 2604 iterum

1948 2618 2031 2648 Isaias
2046 2619 2181 2653 loquitur,
2198 2618 2243 2647 ubi
2264 2619 2320 2646 ait:
2335 2629 2346 2646 α
2363 2619 2408 2648 Sic
2428 2620 2480 2647 erit
2504 2620 2614 2649 verbum
2630 2642 2638 2654 ,
2654 2622 2730 2656 quod

1116 2674 1208 2695 eorum
1222 2665 1328 2702 (Ibid).
1347 2674 1358 2692 ι
1375 2665 1413 2693 De
1437 2672 1490 2700 quo
1510 2665 1636 2694 videlicet
1658 2665 1761 2701 Spiritu
1780 2665 1842 2694 alibi
1859 2666 1897 2696 le-
1949 2664 2100 2699 egredietur
2112 2664 2145 2691 de
2164 2669 2212 2690 ore
2227 2670 2307 2691 meo:
2327 2672 2381 2692 non
2396 2669 2547 2693 revertetur
2569 2665 2602 2692 ad
2621 2673 2666 2693 me
2679 2673 2729 2692 va-

1117 2713 1187 2748 gitur
1202 2721 1209 2739 :
1228 2720 1238 2738 ι
1252 2711 1370 2747 Spiritus
1379 2710 1438 2746 ejus
1454 2711 1561 2739 ornavit
1583 2710 1666 2739 celos
1681 2710 1742 2746 (Job
1766 2711 1851 2747 savt).
1867 2711 1898 2739 In
1950 2717 2041 2741 cuum,
2053 2710 2100 2737 sed
2111 2709 2192 2736 faciet
2202 2715 2368 2744 quacunque
2386 2709 2468 2743 volui,
2479 2715 2506 2737 et
2524 2711 2729 2745 prosperabilur

1115 2758 1169 2786 alio
1182 2764 1290 2793 quoque
1311 2756 1415 2792 psalmo
1438 2756 1508 2784 idem
1532 2755 1617 2784 David
1640 2756 1679 2783 ait
1694 2765 1701 2782 :
1721 2764 1730 2781 ι
1747 2755 1898 2784 Beuedicat
1948 2755 1975 2782 in
1987 2755 2038 2786 his,
2053 2755 2086 2781 ad
2100 2754 2233 2788 quac'misi
2244 2754 2320 2782 illud.
2341 2764 2352 2781 ι
2369 2754 2420 2789 Qui
2435 2755 2528 2790 utique
2539 2755 2562 2782 si
2584 2755 2617 2782 de
2633 2759 2727 2783 trans.

1116 2811 1166 2832 nos
1177 2804 1258 2837 Deus,
1280 2803 1351 2832 Deus
1363 2807 1465 2835 uoster,
1482 2802 1624 2831 benedth
1645 2809 1696 2830 nos
1718 2801 1791 2830 Deus
1807 2801 1895 2837 (Prol.
1948 2800 2028 2827 itorio
2051 2799 2133 2826 verbo
2146 2797 2257 2832 diceret,
2270 2807 2323 2827 non
2341 2800 2404 2828 illud
2422 2801 2456 2828 ad
2480 2806 2509 2827 se
2528 2807 2704 2828 reversurum
2718 2821 2726 2830 .

1117 2850 1198 2885 Lm).
1212 2858 1224 2876 ι
1233 2849 1285 2883 Qui
1297 2856 1358 2877 cum
1371 2848 1451 2876 tertio
1458 2847 1674 2880 dixissetDeum,
1688 2851 1719 2875 ut
1730 2854 1813 2875 unttm
1823 2847 1897 2874 hunc
1947 2844 1989 2871 vel
2003 2843 2136 2871 facturum
2161 2841 2262 2877 aliquid
2275 2844 2421 2872 nuntiaret.
2437 2843 2519 2878 Cujus
2533 2844 2633 2872 virtute
2644 2843 2727 2872 Verbi

1117 2899 1188 2921 esset
1198 2893 1362 2926 ostenderet,
1372 2892 1508 2921 subdidit:
1524 2901 1534 2919 ι
1554 2892 1588 2921 Et
1599 2895 1720 2921 metuant
1728 2899 1790 2920 eum
1801 2898 1896 2919 omnes
1947 2893 2019 2917 terra
2031 2887 2141 2916 fundata
2156 2891 2208 2920 est,
2219 2892 2246 2916 et
2258 2888 2328 2916 coelo
2339 2896 2399 2916 cum
2419 2889 2475 2917 suis
2488 2889 2667 2918 luminat-ibus
2679 2896 2727 2917 so-
