5652 6382
1060 426 1126 488 ιδ
1851 428 2091 486 OPUSC.
2134 427 2197 481 ιι.
2235 455 2304 467 -
2340 418 2738 479 ANTILOGUS
2778 415 3054 476 CONTRA
3093 414 3405 473 JUDxEOS.
4235 410 4308 466 46

1059 543 1297 610 lidatum,
1329 549 1383 596 et
1406 556 1553 596 mare
1583 542 1633 595 in
1662 540 1784 595 sinu
1828 555 1924 594 suo
1958 538 2231 593 dill'usum.
2261 537 2335 591 De
2373 551 2480 607 quo
2510 577 2523 600 ,
2559 547 2614 588 ut
2647 542 2694 599 Α
2722 531 2928 599 absque
2967 529 3095 585 illo:
3131 529 3224 597 qui
3258 525 3463 582 invenit
3511 538 3728 580 omnem
3778 523 3917 578 viam
3947 523 4209 589 scientiae,
4253 532 4314 579 et

1059 636 1298 705 superius
1327 635 1526 689 uictum
1555 642 1658 696 est,
1686 631 1918 702 legitur:
1952 649 1970 682 ‹
2013 630 2191 685 Verbo
2240 629 2452 684 Domini
2500 629 2625 683 coeli

1059 726 1249 782 firmati
1275 735 1400 780 sunt
1423 723 1594 795 (Psal.
1646 724 1842 790 χχιιι).
1875 742 1892 774 ι
1930 721 2042 776 Hoc
2082 721 2319 774 Verbum
2369 720 2435 774 de
2466 720 2626 774 Patre

1059 825 1177 871 ante
1214 813 1408 869 saecula
1438 813 1702 883 genitum,
1735 811 1788 864 in
1830 820 1984 865 utero
2018 809 2258 877 Virginis
2302 809 2464 862 homo
2505 808 2621 861 lieri

1057 908 1218 964 voluit
1242 910 1292 960 in
1326 905 1428 959 fine
1479 904 1820 959 saeculorum.
1854 904 1927 958 De
1970 900 2122 969 cujus
2154 900 2312 955 Verbi
2360 902 2620 953 incarna-

1057 997 1198 1052 tione
1264 997 1514 1050 Ilabacuc
1575 993 1816 1062 loquitur
1846 1033 1861 1059 ,
1899 993 2081 1053 dicens
2121 1009 2132 1043 :
2182 1007 2200 1042 ι
2252 993 2390 1045 Ante
2429 989 2620 1044 faciem

1057 1085 1167 1155 ejus
1200 1083 1571 1144 ibitVerbum,
1605 1088 1659 1135 et
1681 1082 1851 1136 exibit
1877 1081 1928 1134 in
1957 1081 2167 1148 campis
2195 1078 2428 1149 (Habac.
2461 1079 2569 1149 ιιι).
2597 1098 2614 1130 ι

1122 1173 1257 1242 Quid
1287 1180 1463 1225 autem
1491 1171 1559 1224 sit
1592 1171 1694 1224 hoc
1717 1169 1940 1222 verbum
1971 1210 1983 1232 ,
2037 1170 2079 1222 si
2119 1168 2348 1223 solerter
2395 1167 2622 1238 inquiri-

1052 1272 1156 1329 tur,
1186 1261 1343 1332 paulo
1365 1272 1487 1331 post
1513 1259 1738 1314 inferius
1768 1258 2054 1322 invenitur,
2084 1273 2206 1311 cum
2237 1256 2370 1310 dicit
2402 1274 2414 1308 :
2453 1275 2471 1308 ι
2512 1256 2622 1324 Ego

1053 1361 1225 1409 autem
1261 1354 1314 1407 in
1345 1353 1571 1407 Domino
1599 1349 1891 1420 gloriabor,
1935 1357 1989 1402 et
2010 1349 2256 1418 gaudebo
2285 1347 2338 1401 in
2359 1347 2470 1402 Deo
2491 1347 2618 1403 .Iesu

1055 1458 1169 1497 meo
1194 1442 1402 1513 (Ibid).
1443 1460 1461 1491 ι
1495 1439 1648 1494 Unde
1675 1448 1729 1492 et
1757 1437 1927 1492 Isaias
1976 1438 2315 1506 apertissime
2376 1438 2616 1502 clamat,

1052 1532 1265 1587 dicens:
1304 1550 1321 1581 ι
1359 1532 1516 1592 Ecce,
1548 1528 1742 1596 inquit,
1767 1527 1921 1595 virgo
1953 1527 2007 1581 in
2040 1537 2193 1581 utero
2222 1527 2516 1596 concipiet,
2566 1537 2621 1582 et

1049 1625 1222 1693 pariet
1238 1621 1434 1675 Filium
1464 1637 1476 1672 :
1510 1629 1564 1673 et
1585 1618 1870 1673 vocabitur
1894 1632 2088 1672 nomen
2117 1617 2237 1685 ejus
2268 1617 2614 1680 Emmanuel,

1052 1712 1189 1783 quod
1235 1714 1622 1781 interpretatur
1669 1709 1950 1763 nobiscum
1992 1709 2449 1776 Deus(lsai.vu).
2488 1731 2506 1763 ι
2544 1712 2619 1766 De

1052 1820 1153 1874 quo
1205 1820 1301 1874 per
1343 1804 1588 1858 eumdem
1646 1801 1966 1869 prophetam
2013 1799 2140 1855 alibi
2187 1801 2425 1855 dicitur:
2463 1821 2480 1853 ι
2513 1802 2616 1857 Do-

2730 621 2878 676 dedit
2904 636 3022 676 eam
3064 618 3231 674 Jacob
3266 631 3438 688 puero
3467 631 3596 681 suo,
3647 625 3703 670 et
3731 614 3894 669 Israel
3925 613 4123 669 dilecto
4157 629 4256 669 suo
4287 631 4307 667 :

2727 720 2849 780 post
2877 713 2990 766 haec
3022 712 3072 765 in
3103 711 3260 764 terris
3294 709 3440 763 visus
3463 717 3565 774 est,
3589 716 3643 762 et
3672 722 3794 762 cum
3830 706 4142 760 hominibus
4179 722 4312 761 con-

2726 811 2974 856 versatus
2999 809 3082 855 est
3113 798 3366 869 (Barucln.
3392 796 3495 866 ιιι).
3529 817 3546 845 ι
3582 795 3713 850 Nam
3745 796 3790 851 si
3822 794 4092 859 Christus,
4126 805 4186 848 ut
4222 809 4309 849 as-

2725 892 2882 954 seris,
2919 890 3066 945 Deus
3099 904 3204 943 non
3263 888 3622 952 est,ostende
3675 887 3805 940 mihi
3847 902 3912 941 ex
3958 886 4064 940 tuis
4115 885 4307 949 libris,

2723 983 2941 1050 quando
2972 990 3093 1050 post
3113 983 3293 1036 datam
3321 979 3491 1050 legem
3519 977 3705 1044 Iacob,
3734 980 3878 1033 Deus
3906 979 3964 1033 in
3987 987 4127 1033 terra
4160 978 4308 1033 visus

2723 1071 2814 1136 sit,
2847 1079 2902 1124 et
2951 1087 3073 1126 cum
3126 1069 3434 1124 hominibus
3465 1076 3840 1124 conversatus.
3865 1067 3970 1122 Sed
3999 1084 4121 1122 cum
4153 1070 4308 1123 inve-

2723 1161 2840 1213 nire
2869 1167 2976 1214 non
3015 1160 3240 1229 poteris,
3271 1160 3578 1214 convictum
3611 1166 3663 1212 te
3709 1157 3764 1210 in
3804 1156 4055 1212 omnibus
4086 1172 4308 1213 necesse

2724 1256 2828 1314 est,
2857 1249 3106 1303 fatearis.
4225 1305 4228 1307 Α

2797 1338 2904 1394 Sed
2958 1353 3025 1393 ne
3069 1339 3248 1407 patius
3289 1337 3424 1391 meis
3456 1337 3635 1391 verbis
3667 1336 4088 1404 circumvenire,
4137 1353 4304 1406 quam

2723 1430 3110 1498 prophetarum
3140 1426 3404 1495 exemplis
3437 1440 3694 1495 superare
3731 1433 3784 1480 te
3830 1425 4038 1491 videar,
4085 1427 4312 1483 accedat

2720 1521 2886 1574 etiam
2918 1519 3128 1580 Daniel,
3162 1527 3215 1571 et
3239 1517 3612 1571 testimonium
3639 1516 3705 1571 de
3731 1516 3950 1572 Christo
3979 1518 4305 1587 perhibeatr:

2726 1629 2744 1661 ι
2777 1610 2910 1664 Cum
2946 1609 3179 1672 venerit,
3213 1609 3404 1678 inquit,
3438 1607 3672 1662 Sanctus
3695 1616 4040 1675 sanctorum,
4068 1610 4311 1665 cessabit

2721 1698 2925 1754 unctio.
2959 1697 3158 1752 Dicetis
3193 1716 3204 1750 :
3240 1696 3490 1751 Nondum
3515 1697 3661 1750 venit
3699 1695 3935 1750 Sanctus
3963 1707 4304 1763 sanctorum,

2721 1790 2957 1844 nondum
2985 1788 3130 1841 venit
3163 1787 3409 1852 Messias,
3433 1799 3689 1842 venturus
3709 1797 3792 1841 est
3814 1796 4013 1854 autem,
4037 1791 4310 1846 ostendite

1053 1873 1227 1949 minus
1253 1895 1443 1948 dilexit
1467 1908 1614 1956 eum,
1644 1891 1808 1945 faciet
1846 1892 2177 1944 voluntatem
2228 1907 2378 1946 suam
2421 1894 2473 1946 in
2513 1893 2617 1947 Ba-
2646 1873 2689 1931 Β
2720 1879 3028 1932 “Damnem
3061 1877 3221 1948 (θαηο
3255 1895 3285 1932 ν

2073 1899 2177 1944 (em
2228 1907 2378 1946 suam
2421 1894 2473 1946 in
2513 1893 2617 1947 Ba-
2646 1873 2689 1931 Β
2720 1879 3028 1932 unctionem
3061 1877 3221 1948 (Dan.
3255 1880 3331 1948 vi)
3369 1898 3382 1931 :
3429 1900 3446 1930 ι
3496 1881 3537 1934 si
3574 1891 3774 1945 autem,
3799 1883 3940 1952 quod
3974 1898 4160 1938 verum
4197 1894 4303 1950 est,

1050 1986 1259 2057 bylone,
1287 1984 1649 2038 etbrachium
1687 1996 1842 2036 suum
1895 1981 1946 2033 in
1987 1979 2270 2034 Chaldaeis.
2322 1983 2432 2053 Ego
2459 2025 2471 2047 ,
2519 2001 2618 2055 ego

1050 2077 1254 2133 locutus
1290 2092 1430 2138 sum,
1461 2083 1515 2129 et
1536 2073 1636 2129 feci
1667 2093 1680 2128 :
1711 2077 1897 2131 vocavi
1937 2087 2082 2136 eum,
2125 2073 2323 2127 adduxi
2371 2089 2492 2128 eum
2515 2115 2528 2137 ,
2566 2083 2620 2129 et

1051 2165 1251 2220 directa
1276 2173 1359 2218 est
1379 2163 1460 2216 via
1487 2162 1603 2231 ejus
1635 2163 1788 2232 (Isai.
1819 2166 2026 2234 xum).
2068 2185 2085 2215 ι
2113 2165 2178 2217 lit
2211 2180 2332 2218 mox
2358 2179 2423 2217 ex
2453 2165 2620 2234 ipsius

1050 2253 1167 2308 Filii
1194 2269 1418 2323 persona
1450 2252 1824 2323 subjungitur:
1862 2275 1877 2306 ι
1910 2256 2163 2310 Accedite
2208 2256 2273 2306 ad
2294 2269 2377 2307 me
2405 2297 2419 2318 ,
2444 2264 2497 2308 et
2527 2271 2619 2309 au-

1049 2343 1157 2397 dite
1182 2344 1310 2397 hoc:
1338 2359 1441 2398 non
1467 2359 1494 2397 a
1520 2345 1782 2412 principio
1811 2345 1861 2398 in
1886 2345 2203 2399 abscondito
2232 2346 2438 2400 locutus
2465 2362 2615 2402 sum:

1048 2446 1113 2486 ex
1163 2441 1402 2501 tempore
1449 2445 1739 2503 antequam
1801 2436 1993 2489 fierent
2031 2436 2101 2490 ibi
2152 2452 2335 2490 eram:
2375 2447 2426 2490 et
2473 2454 2618 2492 nunc

1047 2520 1303 2576 Dominus
1333 2523 1472 2577 Deus
1500 2524 1774 2589 misitme,
1808 2535 1862 2579 et
1883 2526 2107 2593 spiritus
2152 2524 2286 2592 ejus.
2325 2527 2452 2581 Haec
2488 2528 2623 2584 dicit

1047 2609 1304 2664 Dominus
1333 2610 1474 2665 Deus
1511 2611 1820 2682 redemptor
1855 2624 2078 2668 sanctus
2106 2612 2311 2670 Israel:
2354 2615 2465 2686 Ego
2518 2616 2620 2671 Do—

1048 2699 1223 2754 minus
1251 2701 1392 2755 Deus
1423 2709 1546 2755 tuus
1566 2701 1768 2757 docens
1798 2712 1848 2758 te
1895 2704 2042 2758 utilia
2069 2744 2084 2768 ,
2130 2706 2443 2775 gubernans
2478 2717 2530 2761 te
2567 2708 2620 2762 in

1046 2789 1129 2844 via
1146 2805 1248 2858 qua
1272 2791 1540 2846 ambulas:
1568 2793 1772 2847 utinam
1796 2794 2127 2849 attendisses
2155 2797 2409 2849 mandata
2431 2812 2570 2861 mea,
2596 2817 2614 2849 ι

1046 2889 1100 2935 et
1140 2881 1346 2951 reliqua
1395 2881 1606 2951 (Ibid).
1640 2882 1779 2936 Audi
1812 2883 1986 2937 adhuc
2017 2885 2179 2938 etiam
2221 2883 2455 2939 Micbreaa
2493 2901 2621 2954 pro-

1045 2970 1220 3041 pheta:
1250 2971 1615 3025 testimonium
1643 2970 1710 3024 de
1746 2969 2001 3026 Christo:
2041 2990 2058 3022 ι
2107 2971 2225 3025 Erit
2249 3013 2262 3035 ,
2313 2972 2525 3041 inquit,
2566 2974 2620 3028 in

1045 3059 1336 3114 novissimo
1371 3060 1577 3114 dierum
1607 3069 1938 3130 prmparatus
1967 3076 2120 3116 mons
2168 3061 2360 3116 domus
2401 3060 2621 3117 Domini

1046 3150 1101 3203 in
1131 3150 1328 3204 vertice
1375 3151 1639 3206 montium
1667 3191 1681 3215 ,
1712 3161 1769 3206 et
1812 3152 2062 3207 sublimis
2107 3166 2268 3221 super
2312 3153 2477 3208 colles
2504 3194 2518 3218 ,
2566 3165 2621 3209 et

2723 1966 2962 2020 cessavit
2995 1975 3173 2020 vestra
3204 1969 3388 2022 unctio
3421 1968 3550 2036 (non
3584 1970 3728 2022 enim
3754 1968 3868 2035 jam
3905 1970 4117 2026 habetis
4170 1981 4308 2026 tem-

2720 2057 2887 2126 plum,
2907 2072 3012 2111 non
3049 2072 3251 2128 regem,
3280 2072 3384 2112 non
3413 2058 3766 2129 sacerdotes),
3797 2062 4070 2129 agnoscite
4091 2063 4309 2118 venisse

2722 2147 2983 2201 Sanctum
3034 2157 3346 2202 sanctorum
3375 2189 3388 2209 .
3421 2149 3487 2204 de
3526 2164 3635 2217 quo
3685 2164 3780 2217 per
3829 2150 4020 2203 Isaiam
4066 2151 4304 2206 dicitur:

2726 2255 2745 2287 ι
2787 2238 2898 2309 Ego
2946 2253 3067 2292 sum
3128 2238 3268 2294 Deus
3323 2254 3521 2294 vocans
3558 2239 3624 2293 ab
3657 2238 3881 2294 Oriente
3927 2255 4115 2304 avem.
4147 2251 4201 2296 et
4238 2243 4306 2298 de

2722 2343 2868 2387 terra
2895 2333 3185 2402 longinqua
3220 2333 3396 2386 virum
3450 2333 3744 2388 voluntatis
3799 2349 3971 2388 mem:
4009 2344 4061 2388 et
4095 2335 4310 2391 locutus

2721 2440 2862 2489 sum,
2899 2432 2952 2478 et
2985 2424 3248 2478 adducam
3277 2422 3429 2486 illud,
3462 2422 3640 2476 creavi
3670 2431 3723 2476 et.
3764 2421 3956 2476 faciam
3992 2422 4144 2478 illud.
4196 2425 4310 2479 Au-

2724 2513 2837 2567 dite
2869 2527 2954 2567 me
2985 2513 3120 2566 duro
3149 2513 3334 2575 corde,
3367 2511 3460 2581 qui
3494 2511 3650 2581 longe
3678 2511 3809 2566 estis
3832 2509 4110 2579 ajustitia,
4137 2527 4309 2584 prope

2723 2602 2826 2658 feci
2849 2601 3117 2669 justitiam
3149 2617 3323 2656 meam
3356 2601 3510 2672 (Isai.
3540 2601 3708 2672 xcvr).
3743 2621 3761 2654 ι
3789 2602 3982 2658 Adhuc
4017 2612 4200 2659 autem
4253 2614 4312 2661 et

2722 2695 3035 2765 patriarcha
3063 2693 3228 2749 Jacob
3258 2695 3480 2749 accedat
3521 2695 3575 2748 in
3625 2695 3859 2750 medium
3894 2713 3908 2749 :
3957 2715 3976 2747 ι
4014 2695 4130 2751 Νοιι
4163 2697 4310 2752 aufe-

2723 2794 2874 2841 retur
2900 2795 3174 2855 sceptrum
3207 2786 3274 2840 de
3299 2784 3458 2850 Juda,
3488 2794 3542 2840 et
3593 2785 3699 2839 dux
3733 2786 3800 2840 de
3844 2784 4140 2842 femoribus
4168 2788 4306 2858 ejus,

2723 2875 2894 2932 donec
2923 2878 3107 2931 veniat
3136 2877 3227 2945 qui
3258 2877 3554 2932 mittendus
3581 2886 3666 2933 est
3694 2897 3704 2928 :
3738 2887 3792 2932 et
3822 2879 3936 2948 ipse
3979 2880 4084 2934 erit
4119 2895 4310 2953 exspe-

2723 2959 2891 3020 ctatio
2920 2967 3157 3035 gentium
3187 2963 3319 3035 (Gen
3364 2968 3536 3036 χιιι).
3576 2986 3594 3020 ι

2760 3055 2848 3110 ρδὶ
2898 3070 3029 3124 ergo
3054 3054 3164 3124 jam
3209 3072 3307 3125 per
3352 3057 3498 3112 mille
3526 3073 3719 3126 annos,
3751 3068 3896 3116 eteo
3931 3061 4165 3131 amplius
4192 3063 4312 3118 sine

2725 3162 2850 3218 rege
2877 3149 3110 3209 vixistis.
3144 3157 3197 3202 et
3225 3149 3324 3204 sub
3353 3149 3580 3218 pedibus
3607 3150 3848 3220 gentium
3867 3153 4138 3222 jacuistis,
4165 3155 4312 3210 unde

1044 3238 1211 3294 ﬂuent
1237 3240 1300 3294 ad
1323 3255 1444 3295 eum
1471 3242 1675 3311 populi,
1707 3251 1763 3298 et
1786 3214 2370 3313 properabuntgentes
2410 3244 2615 3303 multae.
2647 3214 2691 3276 Ο
2723 3253 2868 3294 nunc
2896 3239 3361 3307 θΧεΡθοιεῑίοηεῐη
3410 3231 3651 3308 [ςεηιὶυω
3705 3244 4070 3310 exspectatis»?
4117 3243 4195 3298 EX
4246 3258 4312 3300 θο

1044 3341 1100 3384 et
1130 3331 1309 3385 dicent
1335 3346 1349 3384 :
1379 3331 1590 3396 Venite,
1627 3334 1988 3390 ascendamus
2013 3335 2082 3389 ad
2113 3344 2355 3390 montem
2406 3335 2618 3390 Domini

1044 3428 1101 3476 et
1138 3422 1204 3474 ad
1253 3421 1469 3477 domum
1512 3423 1610 3478 Dei
1647 3423 1845 3488 Jacob,
1889 3433 1945 3479 et
1992 3426 2209 3482 docebit
2254 3441 2352 3481 nos
2404 3427 2472 3482 de
2515 3427 2618 3482 viis

1043 3509 1179 3575 suis,
1206 3518 1259 3565 et
1289 3510 1487 3565 ibimus
1532 3512 1586 3566 in
1633 3513 1842 3568 semitis
1871 3514 1988 3584 ejus
2019 3531 2033 3568 :
2064 3515 2190 3584 quia
2235 3516 2301 3571 de
2344 3514 2472 3569 Sion
2529 3531 2623 3571 cx-

1043 3599 1144 3655 ibit
1185 3600 1292 3667 lex,
1353 3611 1410 3658 et
1456 3603 1679 3658 verbum
1731 3604 1944 3660 Domini
1995 3607 2063 3661 de
2111 3606 2452 3664 Hierusalem
2500 3623 2513 3660 :
2568 3619 2622 3663 et

1038 3689 1302 3759 iudicabit
1329 3693 1471 3748 inter
1493 3695 1721 3764 populos
1745 3696 1946 3753 multos
1973 3737 1989 3764 ,
2036 3707 2091 3754 et
2133 3700 2391 3768 corripiet
2431 3711 2620 3770 gentes

1041 3780 1211 3840 fortes
1258 3799 1429 3855 usque
1487 3786 1540 3840 in
1596 3785 1947 3859 longinquum
1995 3790 2014 3860 (
2042 3790 2204 3845 Hic/1.
2248 3791 2339 3862 v).
2395 3811 2414 3844 ι
2469 3792 2620 3860 Quod

1041 3871 1294 3930 videlicet
1320 3874 1488 3931 Isaias
1533 3891 1641 3932 non
1683 3879 1842 3935 modo
1884 3881 1985 3935 sub
2033 3879 2222 3938 eodem
2262 3895 2422 3937 sensu
2455 3923 2469 3944 ,
2527 3883 2620 3938 sed

1041 3957 1284 4030 ejusdem
1323 3977 1461 4032 pene
1497 3965 1720 4036 syllabis
1763 3969 2036 4039 protulit:
2067 3985 2168 4025 nec
2207 3984 2307 4025 nos
2351 3973 2422 4031 ad
2462 3971 2621 4027 robe-

1041 4053 1272 4107 randum
1310 4055 1422 4124 28
1455 4057 1775 4114 assertionis
1833 4068 2034 4115 nostra:
2093 4061 2417 4116 sententiam
2474 4061 2623 4131 piget

1041 4142 1221 4198 denuo
1262 4147 1534 4212 scribere,
1578 4149 1721 4217 quod
1769 4164 1867 4219 per
1907 4165 2003 4205 ora
2048 4152 2277 4206 duorum
2330 4153 2618 4222 propheta-

1041 4245 1164 4287 rum
1212 4232 1447 4304 Spiritus
1499 4249 1724 4294 sanctus
1762 4239 1934 4296 voluit
1981 4241 2278 4312 geminare.
2312 4242 2403 4296 Ait
2442 4258 2614 4313 ergo:

1046 4337 1067 4371 ι
1097 4319 1233 4390 Erit,
1263 4325 1456 4396 inquit,
1478 4328 1532 4382 in
1566 4329 1873 4386 novissimis
1897 4331 2087 4388 diebus
2117 4342 2448 4402 praeparatus
2464 4349 2620 4390 mons

1039 4419 1234 4476 domus
1285 4417 1496 4473 Domini
1551 4420 1604 4473 in
1656 4422 1861 4477 vertice
1911 4423 2194 4489 montium,
2229 4434 2285 4479 et
2321 4425 2620 4481 elevabitur

1036 4524 1206 4580 super
1228 4509 1416 4575 colles,
1443 4519 1496 4567 et
1522 4510 1690 4568 ﬂuent
1708 4513 1774 4568 ad
1804 4528 1927 4568 eum
1949 4529 2137 4570 omnes
2155 4524 2361 4586 gentes,
2383 4526 2438 4571 et
2462 4517 2616 4572 ibunt

1035 4601 1244 4673 populi,
1273 4612 1329 4658 et
1367 4603 1587 4659 dicent:
1620 4605 1834 4675 Venite,
1887 4608 2240 4664 ascendamus
2280 4610 2345 4664 ad
2378 4619 2615 4666 montem

987 4757 999 4766 ,
1035 4691 1290 4759 Domini,
1316 4701 1371 4749 et
1397 4694 1465 4748 ad
1504 4695 1722 4750 domum
1773 4697 1867 4751 Dei
1921 4694 2088 4753 Jacob
2120 4717 2132 4751 :
2159 4708 2216 4754 et
2263 4701 2479 4756 docebit
2517 4717 2615 4759 nos

1034 4782 1160 4841 vias
1191 4799 1339 4850 suas,
1363 4794 1418 4840 et
1443 4787 1837 4843 am'bulabimus
1873 4790 1925 4843 in
1967 4791 2178 4846 semitis
2207 4791 2356 4861 ejus;
2392 4794 2517 4862 quia
2547 4795 2613 4850 de

1035 4876 1174 4933 Sion
1203 4877 1372 4933 exibit
1400 4877 1482 4934 lex
1505 4917 1520 4943 ,
1550 4889 1607 4933 et
1630 4880 1854 4934 verbum
1882 4881 2094 4936 Domini
2129 4884 2197 4938 de
2233 4883 2566 4940 Hierusalem
2598 4903 2611 4938 :

1033 4975 1095 5022 et
1114 4965 1383 5035 iudicabit
1429 4978 1639 5039 gentes,
1673 4978 1729 5025 et
1754 4980 1942 5041 arguet
1970 4971 2196 5042 populos
2234 4973 2431 5028 multos
2459 4972 2612 5044 (Isat'.

1032 5055 1145 5128 ιι);
1185 5075 1204 5109 ι
1260 5058 1352 5114 ubi
1397 5067 1452 5113 et
1479 5059 1641 5128 paulo
1668 5071 1791 5129 post
1839 5061 2100 5116 additur:
2139 5080 2158 5114 ι
2198 5063 2399 5117 Domus
2425 5063 2614 5128 J‘acob,

1030 5146 1244 5214 venite,
1277 5156 1332 5202 et
1378 5148 1717 5206 ambulemus
1746 5151 1799 5205 in
1831 5150 2033 5207 lumine
2076 5152 2286 5208 Domini
2342 5154 2553 5226 (1ὁὶι1.).
2591 5175 2609 5208 ι

1030 5235 1228 5309 Neque
1259 5239 1401 5294 enim
1433 5239 1571 5294 alter
1613 5242 1682 5296 ab
1732 5241 1904 5296 altero
1943 5243 2082 5296 hanc
2130 5245 2453 5298 sententiam
2491 5260 2611 5299 mu-

1031 5336 1225 5385 tuatua
1251 5344 1369 5386 esse
1406 5331 1600 5386 merito
1634 5333 1893 5397 creditur,
1930 5347 2054 5388 cum
2096 5340 2322 5404 uterque
2352 5337 2614 5406 propheta

1030 5433 1150 5474 uno
1189 5428 1461 5490 tempore,
1509 5430 1566 5476 et
1610 5423 1711 5478 sub
1758 5423 1962 5479 eisdem
1996 5423 2216 5495 regibus
2261 5427 2613 5496 prOphetasse

1032 5517 1322 5564 noscatur.

1107 5592 1267 5664 Quod
1290 5598 1336 5654 si
1357 5613 1546 5656 omnes
1577 5601 1612 5656 ii
1638 5602 1883 5659 veritatis
1916 5611 2082 5661 testes
2109 5606 2337 5662 necdum
2375 5609 2493 5676 tibi,
2523 5609 2618 5664 Ju-

1028 5689 1178 5755 ἀπο,
1201 5688 1488 5757 sufﬁciunt,
1515 5694 1640 5749 audi
1662 5702 1812 5750 tuum
1838 5712 2051 5768 quoque
2072 5696 2282 5754 Barucli
2307 5701 2572 5756 dicentem
2599 5719 2612 5754 :

1035 5795 1058 5830 ι
1100 5777 1207 5836 Hic
1250 5789 1357 5847 est,
1385 5780 1578 5851 inquit,
1619 5783 1781 5854 Deus,
1813 5793 1868 5841 et
1916 5801 2022 5844 non
2071 5789 2426 5846 :estimabitur
2478 5791 2618 5848 alius

2723 3329 2870 3383 enim
2913 3337 3184 3398 tempore,
3232 3345 3339 3398 quo
3388 3329 3602 3386 dixistis
3651 3331 3721 3386 ad
3768 3331 4023 3398 Pilatum,
4059 3334 4310 3388 claman-

2721 3428 2804 3475 tes
2837 3438 2851 3474 :
2885 3440 2903 3472 ι
2939 3420 3057 3477 Non
3108 3421 3368 3476 habemus
3417 3436 3633 3492 regem,
3663 3421 3767 3476 nisi
3810 3421 4080 3478 Cesarem
4121 3424 4306 3494 (loan.

2723 3514 2872 3584 xix);
2913 3533 2932 3565 ι
2965 3528 3146 3585 regem
3177 3530 3282 3569 non
3313 3515 3584 3570 habuistis
3615 3525 3708 3570 :et
3755 3517 3848 3586 qui
3889 3517 4088 3587 Regem
4119 3534 4306 3591 regum

2723 3604 2910 3657 audire
2950 3604 3219 3670 noluistis,
3262 3620 3486 3675 regnum
3541 3606 3701 3660 simul
3746 3623 3870 3662 cum
3916 3609 4090 3676 patria
4138 3611 4302 3680 perdi-

2722 3695 2897 3752 distis.
2924 3697 3074 3762 Quod
3103 3697 3240 3752 bene
3268 3697 3478 3766 Moyses
3512 3697 3857 3768 praeviderat,
3888 3714 4009 3754 cum
4049 3702 4266 3759 dicebat
4290 3723 4303 3759 :

2727 3804 2746 3838 ‹
2784 3786 3109 3856 Prophetam
3150 3788 3304 3844 vobis
3329 3789 3613 3843 suscitabit
3659 3789 3920 3845 Dominus
3945 3791 4010 3846 de
4041 3791 4304 3850 fratribus

2721 3877 2959 3932 vestris:
2987 3877 3163 3931 omnis
3189 3876 3392 3941 anima,
3424 3892 3543 3946 quas
3577 3891 3683 3932 non
3713 3879 3947 3934 audierit
3987 3882 4301 3951 prophetam

2722 3966 2872 4021 illum
2905 3967 3362 4022 exterminabitur
3406 3969 3472 4022 de
3502 3967 3698 4037 popqu
3725 3983 3825 4024 suo
3848 3969 4027 4040 (Deut.
4068 3973 4247 4046 xvm).
4283 3995 4303 4027 ι

2722 4050 2789 4113 Et
2821 4060 3020 4114 iterum
3064 4058 3207 4112 idem
3249 4056 3464 4129 Moyses
3514 4059 3690 4113 dicit:
3723 4079 3742 4111 ι
3802 4060 3962 4116 Dabit
4010 4063 4157 4119 enim
4208 4066 4309 4122 tibi

2722 4149 2982 4204 Dominus
3009 4161 3107 4203 cor
3135 4136 3420 4219 pavidum,
3448 4157 3502 4204 et
3532 4149 3848 4206 deficientes
3873 4153 4083 4221 oculos,
4113 4165 4170 4212 et
4192 4159 4309 4214 ani-

2722 4253 2866 4292 mam
2909 4251 3146 4293 maerore
3169 4246 3568 4307 consumptam,
3601 4245 3656 4293 et
3681 4239 3783 4294 erit
3816 4241 3925 4295 vita
3955 4251 4041 4297 tua
4066 4247 4310 4313 pendens

2720 4338 2847 4384 aute
2869 4337 2952 4384 te:
2980 4327 3197 4384 timebis
3219 4338 3401 4394 nocte,
3437 4343 3500 4383 ac
3540 4328 3644 4394 die,
3691 4338 3746 4385 et
3792 4345 3899 4386 non
3950 4336 4140 4391 credes
4177 4335 4306 4394 vita

2718 4427 2822 4474 tua:
2870 4417 3081 4490 (Μήτι).
3109 4437 3128 4470 ι
3162 4416 3388 4486 Quando
3417 4428 3601 4474 autem
3631 4418 3731 4475 fuit
3759 4421 3865 4476 vita
3915 4431 4004 4478 tua
4051 4427 4300 4494 pendens

2719 4509 2828 4581 29
2865 4519 2990 4566 ante
3033 4519 3108 4576 te,
3153 4510 3257 4566 nisi
3301 4519 3428 4565 tunc
3480 4525 3602 4565 cum
3649 4520 3928 4568 moventes
3975 4524 4137 4584 caput
4175 4528 4304 4575 ante

2719 4615 2937 4655 crucem
2969 4600 3230 4655 dicebatis
3258 4614 3272 4652 :
3316 4617 3335 4650 ι
3372 4597 3522 4654 Alios
3551 4599 3730 4656 salvos
3754 4600 3904 4669 fecit,
3934 4604 4171 4674 seipsum
4195 4623 4306 4664 non

2721 4700 2898 4762 potest
2936 4691 3142 4746 salvum
3183 4691 3402 4747 facere?
3441 4690 3654 4763 (Matth.
3689 4701 3844 4764 xvn.)
3893 4694 3950 4750 Si
3997 4695 4172 4753 Filius
4210 4701 4309 4758 Dei

2722 4791 2835 4845 est,
2867 4780 3158 4834 descendat
3184 4794 3326 4835 nunc
3354 4781 3420 4836 de
3444 4795 3624 4845 cruce,
3652 4791 3707 4837 et
3729 4783 4002 4839 credimus
4029 4785 4077 4841 ei
4104 4787 4303 4856 (Marc.

2721 4874 2868 4943 uv).
2908 4891 2926 4925 ι
2961 4871 3114 4940 Quod
3152 4873 3593 4930 manifestissime
3625 4890 3722 4946 per
3752 4891 3815 4932 os
3853 4878 4022 4934 David
4059 4881 4176 4951 ipse
4203 4881 4306 4939 Dei

2715 4962 2885 5018 Filius
2907 4963 3162 5033 loquitur,
3189 4963 3377 5019 dicens
3415 4984 3427 5019 :
3467 4983 3485 5016 ι
3517 4964 3749 5033 Omnes,
3782 4969 3874 5037 qui
3911 4970 4165 5028 videbant
4196 4991 4304 5043 me,

2717 5058 3149 5126 aspernabantur
3188 5074 3274 5113 me
3309 5058 3461 5129 (Luc.
3496 5061 3688 5131 xxnt);
3726 5061 3892 5118 locuti
3947 5077 4072 5120 sunt
4121 5067 4302 5134 labiis,

2716 5157 2773 5201 et
2822 5156 3108 5202 moverunt
3147 5157 3329 5218 caput.
3379 5149 3630 5220 Speravit
3684 5151 3740 5205 in
3797 5152 4056 5216 Domino,
4111 5157 4308 5228 eripiat

2719 5253 2864 5305 eum,
2896 5239 3105 5294 salvum
3146 5237 3310 5295 faciat
3359 5256 3502 5308 eum,
3542 5245 3797 5313 quoniam
3827 5245 3941 5300 vult
3976 5263 4097 5302 eum
4129 5247 4304 5320 (Paul.

2723 5335 2858 5400 ut).
2897 5351 2915 5384 ι
2960 5331 3017 5385 ln
3055 5346 3162 5402 quo
3201 5333 3364 5387 etiam
3409 5334 3617 5403 psalmo
3669 5335 3873 5393 flxuras
3922 5338 4198 5396 clavorum
4245 5343 4303 5398 in

2721 5421 2971 5476 manibus
3007 5422 3123 5477 suis
3156 5431 3212 5477 et
3240 5421 3464 5494 pedibus
3507 5423 3624 5479 luce
3665 5425 3866 5482 clarius
3907 5431 4164 5497 ostendit,
4221 5432 4307 5489 di-

2721 5531 2850 5570 cens
2893 5533 2906 5568 z
2970 5533 2987 5565 ι
3020 5515 3294 5570 Foderunt
3340 5532 3535 5574 manus
3581 5533 3732 5575 meas
3783 5530 3837 5576 et
3886 5524 4049 5590 pedes
4093 5539 4246 5580 meos
4292 5545 4304 5578 :

2721 5604 3198 5660 dinumeraverunt
3225 5606 3404 5661 omnia
3435 5622 3558 5662 ossa
3588 5623 3711 5664 mea
3743 5608 3794 5680 (I
3801 5610 3988 5678 0541.).»
4017 5611 4072 5667 Si
4103 5616 4304 5679 nescis,

2723 5695 2811 5751 ille
2845 5705 2964 5751 erat
2997 5696 3096 5752 bos
3144 5705 3299 5762 tuus,
3344 5696 3546 5766 Judaae,
3581 5700 3673 5770 qui
3709 5708 3840 5756 tunc
3891 5702 3943 5756 in
3990 5718 4084 5756 ara
4131 5706 4310 5762 crucis

2726 5803 2906 5845 coram
2940 5799 2993 5845 te
3021 5788 3422 5860 immolabatur,
3450 5792 3545 5849 sed
3571 5791 3916 5865 exigentibus
3940 5794 4044 5851 tuis
4077 5795 4302 5855 meritis.
