5392 6564
1915 538 1981 593 ιι

1883 704 1886 708 ,
1915 668 1946 706 a
1981 658 2034 702 te
2061 639 2289 698 necdum
2327 626 2644 686 comeditur.
2697 621 2771 673 De

1918 694 2497 795 tein-Denteronomio
2527 713 2784 782 loquitur,
2819 707 3044 762 dicens;
3083 720 3100 750 ι
3137 699 3263 760 Bos,
3296 694 3491 764 inquit,

1918 838 2040 885 tuus
2074 818 2381 878 immoletur
2415 814 2598 865 coram
2644 815 2719 868 te,
2759 810 2814 855 et
2857 813 2964 852 non
3012 791 3261 848 comedas
3306 803 3371 840 ex
3431 799 3495 837 eo

2139 908 2350 975 xxvm).
2393 924 2411 955 ι
2457 901 2550 954 Ille
2600 902 2720 952 erat
2776 894 2984 951 asinus,
3033 886 3097 940 de
3143 896 3248 951 quo
3301 879 3495 932 iterum

1921 976 2048 1065 dicit
2082 1026 2095 1058 :
2138 1024 2155 1055 ‹
2191 1000 2392 1055 Asinus
2432 1004 2555 1046 tuus
2591 988 2835 1057 rapiatur
2867 984 2918 1035 in
2955 982 3243 1045 conspectu
3286 980 3399 1032 tuo,
3445 976 3500 1021 et

2063 1092 2319 1149 reddatur
2364 1083 2457 1138 tibi
2491 1079 2698 1152 (Ibid.).
2735 1095 2751 1126 ι
2792 1073 2919 1128 Jure
2948 1069 3142 1137 quippe
3170 1062 3502 1153 Redemptor

1926 1195 2104 1243 noster
2125 1196 2220 1250 per
2248 1180 2471 1248 figuram
2499 1172 2683 1224 asinus
2708 1166 2925 1222 dicitur,
2952 1158 3041 1226 qui
3066 1156 3129 1207 ad
3157 1149 3500 1219 suscipienda

1926 1287 2120 1333 nostra:
2150 1267 2432 1342 pravitatis
2461 1276 2648 1322 onera,
2692 1249 3082 1325 quodammodo
3112 1257 3261 1313 terga
3304 1254 3502 1309 suppo-

1929 1370 2065 1431 suit;
2109 1333 2232 1431 quia
2271 1359 2411 1411 sicut
2446 1368 2541 1434 per
2579 1349 2896 1420 pr0phetam
2938 1341 3131 1393 dicitur
3163 1350 3175 1387 :
3216 1353 3233 1385 ι
3271 1333 3501 1387 Peccata

1927 1425 2268 1519 nostra-ipsc
2308 1425 2540 1516 portavit
2580 1438 2732 1510 (Isai.
2769 1434 2907 1502 Lm).
2948 1450 2964 1481 ι
3005 1429 3104 1484 Ubi
3151 1425 3326 1478 adhuc
3385 1429 3507 1489 apte

1928 1511 2267 1616 subjungitur
2286 1511 2339 1590 I-t
2365 1533 2524 1590 Oves,
2549 1529 2745 1596 inquit,
2771 1535 2874 1575 tua:
2895 1521 3090 1573 dentur
3107 1514 3339 1569 inimicis
3360 1511 3466 1565 tuis
3491 1528 3502 1561 :

1927 1644 1982 1691 et
2017 1611 2120 1688 non
2135 1611 2219 1682 vsit
2250 1625 2338 1696 qui
2373 1632 2423 1675 te
2451 1619 2672 1687 adjuvet
2701 1611 2915 1681 (lbid.).
2964 1627 2981 1658 ι

2001 1724 2128 1790 Qum
2158 1695 2336 1771 autem
2375 1714 2483 1764 sint
2520 1723 2647 1761 oves
2679 1721 2706 1756 a
2736 1703 2931 1771 quibus
2963 1695 3201 1767 adjuvari
3240 1705 3507 1762 synagoga

1931 1815 2227 1871 debuerat,
2287 1801 2569 1859 manifeste
2623 1795 2963 1849 declaratur.
3015 1803 3136 1841 eum
3194 1784 3441 1837 subditur
3492 1794 3506 1832 :

1940 1926 1957 1957 ι
1988 1903 2110 1958 Filii
2143 1899 2216 1953 tui
2240 1905 2294 1951 et
2314 1894 2437 1947 ﬁlia:
2464 1899 2563 1943 tua:
2595 1884 2876 1938 tradantur
2901 1877 3053 1931 alteri
3081 1873 3294 1942 populo,
3329 1871 3512 1923 viden-

1936 1999 2082 2052 tibus
2126 1988 2294 2046 oculis
2345 1983 2484 2044 tuis,
2522 1987 2575 2032 et
2623 1970 2996 2028 deﬁcientibus
3049 1965 3113 2018 ad
3168 1972 3513 2028 conspectum

1936 2101 2122 2142 eorum
2154 2091 2263 2136 tota
2292 2078 2397 2139 die,
2434 2082 2488 2126 et
2518 2084 2620 2123 non
2652 2066 2721 2118 sit
2769 2061 3024 2115 fortitudo
3067 2057 3121 2108 in
3158 2068 3318 2106 manu
3349 2059 3459 2102 tua.
3491 2068 3510 2100 ι

1941 2177 2128 2235 Sancti
2159 2172 2303 2226 enim
2348 2160 2597 2235 apostoli,
2627 2156 2719 2224 qui
2758 2168 2883 2206 oves
2920 2165 3013 2217 per
3045 2144 3410 2199 innocentiam
3443 2140 3519 2193 di-

1942 2278 2160 2329 cuntur,
2184 2256 2495 2317 Israelitica).
2539 2248 2715 2319 gentis
2760 2243 2851 2295 lilii
2888 2247 3034 2299 sunt,
3076 2235 3200 2303 quia
3237 2249 3302 2286 ex
3331 2244 3522 2284 eorum

1944 2325 2199 2434 progenie
2232 2351 2495 2418 originem
2534 2344 2754 2397 ducunt.
2792 2335 2894 2401 Qui
2933 2331 3186 2384 videlicet
3231 2325 3384 2379 alteri
3424 2339 3523 2393 po-

1946 2415 2245 2525 pulolttuuc
2297 2438 2605 2495 traduntur,
2651 2443 2774 2484 cum
2822 2424 3021 2479 Judmis
3070 2415 3526 2490 persequentibus

2689 2519 2702 2525 -
2894 2515 2904 2525 .
3114 2510 3125 2525 .
3244 2509 3254 2520 .
3302 2504 3520 2525 “in”

1948 2504 2137 2596 dicunt
2174 2556 2185 2590 :
2235 2554 2252 2585 ι
2291 2529 2455 2585 Vobis
2500 2519 2780 2593 oportebat
2825 2515 3059 2585 primum
3114 2509 3257 2577 loqui
3302 2504 3525 2587 verbum

2231 2626 2355 2696 quia
2386 2586 2666 2687 repellitis,
2698 2609 2853 2673 illud,
2885 2616 2941 2662 et
2973 2605 3219 2673 indignos
3256 2616 3353 2653 vos
3384 2586 3530 2664 judi-

1951 2727 2088 2782 catis
2115 2731 2327 2776 :eterna:
2357 2713 2506 2774 vitae,
2536 2719 2664 2761 ecce
2692 2699 3062 2758 convertimur
3091 2695 3156 2748 ad
3187 2701 3392 2762 gentes.
3425 2687 3532 2741 Vos

1950 2826 2128 2872 autem
2162 2812 2273 2864 haec
2303 2803 2546 2857 videntes
2579 2810 2685 2849 non
2722 2790 2953 2853 vidistis,
2996 2796 3053 2840 et
3093 2782 3375 2837 audientes
3425 2792 3531 2832 non

1951 2900 2298 2965 intellexistis
2342 2895 2481 2962 (Act.
2520 2886 2663 2957 xm).
2702 2903 2721 2937 ι
2762 2880 2912 2949 Quod
2960 2877 3097 2931 bene
3137 2874 3278 2927 idem
3323 2869 3534 2939 Moyses

1954 2961 2126 3068 usque
2151 2993 2310 3049 hodie
2346 2961 2497 3042 vobis
2535 2982 2888 3048 imprOperat,
2927 2971 3111 3024 dicens
3145 2985 3158 3020 :
3195 2985 3212 3016 ι
3244 2963 3359 3016 Non
3388 2961 3537 3017 dedit

1953 3054 2109 3146 vobis
2132 3082 2392 3140 Dominus
2414 3091 2508 3130 cor
2542 3068 2847 3136 intelligens
2875 3072 2931 3116 et
2961 3058 3147 3113 oculos
3183 3054 3443 3116 videntes,
3481 3061 3537 3105 et

1960 3191 2120 3235 aures
2145 3188 2263 3244 qua:
2288 3173 2508 3240 possent
2540 3159 2725 3215 audire
2745 3165 2920 3221 usque
2961 3151 3011 3202 in
3039 3154 3360 3218 praesentem
3395 3142 3536 3195 diem

185 42 4239 150 m—

2342 521 2398 575 S.
2442 512 2643 572 PETRI
2686 499 2968 565 DAMLKNI
3005 495 3156 554 OPP.
3200 487 3439 547 TOMUS
3480 482 3613 541 SEU
3652 480 3832 538 PARS
3873 479 3958 533 III.
3997 506 4062 516 —
4102 468 4466 531 OPUSCULA
4498 462 4728 518 VARIA.
5089 454 5159 510 48

2812 629 2917 684 quo
2956 610 3167 680 Moyses
3203 605 3487 657 adversum
3518 603 3564 661 Α
3595 594 3973 655 absconditus,
4024 589 4164 644 Deus
4210 583 4373 641 Israel
4427 580 4692 636 Salvator.
4730 592 4749 627 ι
4783 572 4841 628 Si
4874 586 5004 641 ergo
5032 568 5172 623 Deus

3596 697 3680 741 est
3703 686 3832 754 ipse,
3860 683 3951 753 qui
3975 679 4241 751 loquitur;
4270 676 4410 729 Deus
4433 671 4518 726 cui
4537 668 4696 726 dicit:
4722 684 4740 717 ι
4765 663 4845 719 Tu
4865 678 4925 718 es
4947 662 5117 722 Deus;
5153 677 5172 710 ι

3598 750 3809 830 constat
3850 750 4116 842 profecto,
4153 767 4278 839 quia
4308 764 4486 818 Patris
4510 761 4578 815 ad
4607 757 4799 813 Filium
4827 767 5054 824 persona
5096 750 5177 805 lo-

3598 865 3802 935 quitur.
3839 861 3972 915 Nam
4012 870 4067 915 et
4110 857 4250 928 quod
4292 870 4397 909 non
4442 852 4661 917 dicitur,
4692 846 5006 920 simpliciter
5026 851 5085 896 tu
5118 855 5178 893 es

3602 934 3740 1010 Deus
3760 994 3774 1017 ,
3807 952 3899 1006 sed
3932 953 3982 1004 in
4016 962 4064 1005 te
4089 959 4170 1004 est
4196 947 4364 1007 Deus,
4393 953 4447 999 et
4476 954 4530 995 tu
4558 956 4616 995 es
4646 941 4785 994 Deus
4810 934 5173 993 absconditus,

3602 1049 3991 1105 humanitatem
4016 1041 4183 1098 nostri
4208 1036 4587 1107 Redemptoris
4604 1029 4885 1087 manifeste
4906 1027 5170 1095 designat.

3601 1142 3656 1196 In
3680 1141 3898 1195 Christo
3927 1139 4069 1192 enim
4096 1135 4243 1199 Iesu,
4268 1142 4326 1188 ut
4362 1138 4548 1185 noster
4577 1127 4652 1180 ait
4681 1121 4998 1194 Apostolus,
5029 1117 5177 1171 babi-

3605 1241 3683 1285 tat
3715 1230 3893 1283 omnis
3945 1226 4222 1298 plenitudo
4267 1220 4564 1277 divinitatis
4612 1213 4982 1284 corporaliter.
5027 1207 5177 1274 Quod

3604 1335 3782 1378 autem
3803 1321 3934 1375 dicit
3959 1337 3970 1372 :
4001 1339 4018 1370 ι
4049 1319 4226 1372 Labor
4246 1313 4435 1383 Egypti
4456 1352 4470 1374 ,
4500 1318 4557 1363 et
4585 1305 4876 1376 negotiatio
4898 1298 5180 1368 EthEOpia:

3605 1427 3658 1471 et
3680 1413 3917 1474 Sabaim,
3944 1411 4044 1463 viri
4073 1407 4330 1463 sublimes
4363 1403 4429 1456 ad
4463 1411 4513 1455 te
4542 1396 4870 1457 transibunt,
4914 1400 4966 1445 et
4994 1400 5047 1445 te
5089 1388 5180 1442 ad-

3607 1505 3837 1560 orabunt
3889 1500 4112 1572 (Colou.
4161 1507 4255 1564 1t);
4301 1515 4317 1546 ι
4353 1502 4535 1563 aperte
4583 1488 4865 1544 denuntiat
4915 1483 4979 1538 ad
5024 1482 5180 1537 ﬁdem

3608 1596 3809 1650 Christi
3844 1606 4032 1645 omnes
4061 1589 4307 1643 nationes
4335 1583 4570 1651 gentium
4599 1574 5008 1635 convertendas.
5034 1570 5183 1627 Unde

3611 1696 3663 1742 et
3709 1685 3867 1755 paulo
3915 1691 4034 1750 post
4075 1679 4319 1734 subditur
4363 1694 4374 1728 :
4422 1695 4438 1723 σ
4470 1669 4859 1728 Convertitnini
4886 1668 4952 1719 ad
4981 1679 5064 1718 me
5087 1705 5103 1725 ,
5130 1670 5184 1715 et

3613 1777 3743 1831 salvi
3774 1775 3925 1828 eritis
3950 1786 4136 1826 omnes
4169 1770 4300 1822 lines
4324 1777 4510 1829 terrae;
4548 1763 4672 1832 quia
4707 1774 4805 1828 ego
4836 1758 4970 1811 Deus
4995 1765 5048 1809 et
5076 1766 5183 1808 non

3614 1854 3881 1922 cst-alius.
3918 1865 3973 1918 lu
4007 1862 4383 1929 "temetipsum
4420 1855 4594 1924 juravi
4624 1872 4636 1905 :
4665 1850 4968 1922 egredietur
4995 1847 5062 1900 de
5090 1858 5184 1898 ore

3547 1947 3592 2005 Β
3620 1974 3739 2013 meo
3760 1957 3985 2024 justitia:
4031 1954 4275 2013 verbum,
4307 1958 4361 2002 et
4392 1963 4496 2002 non
4531 1951 4857 2002 revertetur;
4906 1936 5027 2007 quia
5059 1932 5189 1987 mihi

3618 2042 3916 2102 cur'vauunt
3941 2058 4129 2097 omnes
4156 2057 4314 2105 genu,
4345 2048 4399 2091 et
4424 2035 4627 2106 jutabit
4650 2032 4827 2087 omnis
4854 2028 5026 2098 lingua
5052 2023 5185 2092 (1η.

3619 2138 3763 2205 xu).
3808 2155 3824 2186 ι
3864 2134 3928 2186 Et
3955 2148 4076 2186 nios
4112 2132 4244 2200 ipse,
4279 2128 4368 2195 qui
4395 2124 4630 2193 loquitur
4661 2120 4822 2173 Pater
4851 2113 5191 2170 manifestum

3624 2232 3690 2286 de
3728 2203 3877 2281 iFilio
3935 2223 4182 2293 perhibet
4248 2215 4654 2275 testimonium,
4708 2222 4829 2263 cum
4880 2203 5190 2274 subjungit:

3631 2340 3649 2373 ‹
3682 2320 3821 2386 Ergo
3850 2316 3902 2368 in
3933 2312 4159 2368 Domino
4188 2308 4369 2362 dicent
4396 2324 4407 2356 :
4438 2318 4569 2357 mea:
4600 2308 4724 2355 sunt
4746 2295 4983 2368 justitiac,
5014 2301 5070 2348 et
5097 2293 5195 2345 im-

3626 2415 3833 2484 perium
3864 2426 3876 2463 :
3910 2411 3987 2462 Ad
4016 2422 4137 2461 eum
4165 2404 4384 2458 venient
4406 2442 4418 2463 ,
4467 2408 4522 2454 et
4561 2395 4958 2453 confundentur
4986 2402 5196 2454 omnes,

3628 2479 3719 2573 qui
3752 2507 4049 2571 repugnant
4075 2498 4144 2549 ei.
4175 2495 4230 2548 In
4261 2487 4909 2558 Dominojuslilicabitur,
4943 2491 4995 2536 et
5019 2479 5196 2534 lauda-

3629 2566 3775 2649 bitur
3801 2566 3958 2644 omne
3989 2601 4172 2640 semen
4199 2583 4362 2638 Israel
4395 2580 4604 2651 (Ibid).
4646 2597 4663 2629 ι
4698 2576 4795 2631 Cui
4826 2570 4998 2629 simile
5032 2577 5115 2624 est
5138 2566 5195 2622 il-

3633 2685 3744 2746 lud,
3795 2683 3934 2750 quod
3980 2695 4074 2748 per
4125 2675 4373 2732 eumdem
4419 2672 4736 2743 prophetam
4795 2665 4919 2719 alibi
4965 2662 5200 2718 dicitur:

3639 2796 3659 2829 ι
3693 2776 3891 2830 Parum
3920 2783 4024 2833 est,
4055 2770 4248 2839 inquit,
4288 2777 4345 2823 ut
4374 2769 4447 2820 sis
4477 2765 4606 2820 mihi
4638 2777 4829 2817 servus
4855 2759 4920 2813 ad
4942 2757 5197 2813 suscitab-

3635 2872 3732 2925 das
3753 2869 3927 2924 tribus
3951 2866 4142 2929 Jacob,
4172 2875 4226 2918 et
4251 2862 4410 2917 fazces
4433 2858 4595 2914 Israel
4624 2851 5008 2911 convertendas
5036 2867 5049 2903 :
5076 2844 5208 2903 Ded?

3639 2973 3691 3019 te
3741 2962 3792 3013 in
3840 2958 4012 3013 lucem
4059 2954 4319 3024 gentium,
4371 2962 4430 3004 ut
4475 2949 4549 3004 sis
4598 2946 4742 3001 salus
4779 2959 4893 2998 mea
4935 2954 5105 3010 usque
5144 2950 5211 2993 re

3638 3061 3940 3108 extremum
3968 3056 4130 3099 terrm
4167 3041 4319 3110 (Isai.
4352 3040 4520 3108 sua).
4555 3055 4573 3088 ι
4616 3035 4816 3091 Servus
4848 3040 5024 3086 autem
5055 3025 5210 3082 Chi-

3642 3151 3758 3197 stus
3782 3142 3900 3192 ideo
3929 3138 4143 3197 dicitur,
4174 3133 4298 3203 quia
4341 3131 4482 3201 seni
4519 3129 4748 3183 formam
4780 3120 5041 3191 suscepit;
5075 3117 5215 3172 unde

1967 3232 2390 3341 tmen-xxviii).
2437 3276 2455 3308 ι
2486 3254 2718 3321 Idipsum
2763 3244 2926 3298 etiam
2967 3240 3295 3307 imprecatur
3347 3232 3538 3285 adver-

1963 3375 2083 3418 sum
2123 3371 2219 3409 vos
2262 3352 2492 3405 dicens:
2532 3360 2552 3393 α

1964 3452 2242 3509 czecitate,
2277 3458 2340 3497 ac
2390 3439 2571 3492 lurore
2608 3432 2807 3487 mentis
2841 3446 2854 3482 :
2887 3436 2940 3482 et
2974 3424 3158 3495 palpes
3203 3423 3255 3474 in
3299 3419 3544 3481 meridie,

1965 3545 2102 3599 sicut
2127 3541 2343 3607 palpare
2373 3530 2508 3585 solet
2545 3539 2718 3580 exectis
2743 3523 2796 3576 in
2831 3518 3087 3579 tenebris,
3123 3523 3178 3569 et
3209 3528 3312 3566 non
3342 3510 3549 3580 dirigas

1969 3635 2084 3687 vias
2119 3600 2236 3683 tuas
2266 3619 2473 3692 (lbid.).
2506 3636 2522 3667 ι
2558 3615 2623 3668 Ει
2652 3612 2816 3667 Isaias
2846 3628 2857 3661 :
2894 3627 2911 3658 ι
2942 3605 3170 3666 Audite,
3213 3600 3420 3668 inquit,
3455 3614 3554 3650 au-

1978 3723 2206 3780 dientes,
2252 3689 2306 3766 et
2345 3708 2509 3763 nolite
2559 3700 2856 3769 intelligere
2898 3711 2912 3748 :
2954 3705 3010 3748 et
3056 3691 3230 3745 videte
3266 3689 3551 3750 visionem,

1977 3819 2032 3867 et
2071 3778 2235 3862 nolite
2278 3807 2625 3868 cognoscere.
2668 3790 2887 3844 Excmca
2928 3799 3023 3838 cor
3071 3778 3250 3850 populi
3287 3778 3465 3847 hujus,
3499 3786 3556 3830 et

1978 3915 2138 3957 aures
2167 3895 2283 3965 ejus
2316 3903 2544 3963 aggrava
2566 3927 2580 3949 ,
2608 3894 2665 3939 et
2690 3881 2874 3938 oculos
2903 3879 3020 3948 ejus
3052 3874 3273 3937 claude;
3314 3888 3380 3925 ne
3417 3872 3557 3925 forte

1977 3994 2158 4048 videat
2198 3964 2390 4045 oculis,
2427 3988 2481 4034 et
2511 3976 2734 4031 auribus
2774 3971 2886 4027 suis
2934 3968 3136 4028 audiat,
3166 3974 3223 4019 et
3262 3964 3423 4017 corde
3460 3976 3559 4015 suo

1985 4081 2281 4149 intelligat:
2311 4083 2366 4129 et
2391 4074 2754 4128 convertatur,
2784 4071 2839 4116 et
2872 4072 3056 4115 sancm
3079 4071 3200 4109 eum
3223 4053 3376 4121 (Isai.
3409 4052 3502 4119 vt).
3536 4069 3553 4102 ι

2054 4144 2354 4228 Vis'adltuc
2398 4162 2540 4216 aliud
2589 4156 2740 4214 Isaia:
2788 4151 3152 4208 testimonium
3202 4150 3268 4201 de
3307 4144 3563 4199 Christo?

1993 4287 2011 4320 ι
2039 4265 2174 4335 Ego,
2206 4256 2400 4330 inquit,
2442 4247 2698 4307 suscitavi
2727 4259 2848 4300 cum
2896 4241 2961 4295 ad
2984 4240 3273 4310 justitiam,
3296 4248 3350 4290 et
3377 4250 3564 4289 omnes

1986 4334 2107 4413 vias
2133 4355 2248 4424 ejus
2286 4347 2508 4416 dirigam
2541 4360 2556 4396 ε
2585 4342 2702 4411 ipse
2738 4336 3027 4392 aedificabit
3060 4334 3332 4387 civitatem
3366 4343 3562 4391 meam,

1989 4459 2044 4506 et
2068 4422 2437 4516 captivitatem
2464 4449 2635 4489 meam
2664 4430 2919 4493 dimittet,
2942 4442 3049 4481 non
3085 4425 3137 4477 in
3168 4422 3364 4492 pretio,
3395 4434 3565 4489 neque

1991 4545 2044 4598 in
2072 4533 2407 4598 muneribus,
2438 4526 2568 4581 dicit
2590 4521 2849 4577 Dominus
2876 4517 3233 4574 exercituum.
3290 4512 3413 4565 Ilaec
3437 4509 3570 4564 dicit

1998 4628 2255 4689 Dominus
2300 4641 2312 4674 :
2359 4617 2532 4673 Labor
2587 4611 2847 4685 Egypti,
2898 4606 3195 4678 negotiatio
3246 4602 3565 4669 Ethiopiaz,

1993 4688 2327 4779 etSabaim;
2369 4706 2469 4762 viri
2506 4703 2760 4758 sublimes
2810 4698 2876 4754 ad
2922 4706 2976 4753 te
3022 4693 3345 4756 transibunt,
3398 4700 3453 4744 et
3494 4688 3570 4742 tui

1995 4819 2193 4871 erunt,
2257 4811 2312 4858 et
2370 4804 2494 4870 post
2549 4803 2602 4849 te
2669 4790 3059 4852 ambulabunt;
3130 4783 3291 4838 vincti
3346 4781 3576 4836 manicis

1998 4904 2255 4972 pergeut,
2313 4900 2369 4947 et
2425 4897 2478 4942 te
2520 4882 2849 4945 adorabunt,
2911 4888 3071 4949 teque
3123 4875 3572 4946 deprecabuntur.

1997 4965 2232 5048 Il'an’tum
2267 4986 2321 5039 in
2359 4993 2411 5037 te
2440 4987 2523 5034 cst
2547 4978 2710 5039 Deus,
2742 4983 2798 5029 et
2834 4987 2940 5027 non
2979 4977 3065 5027 est
3089 4969 3294 5037 absque
3324 4975 3374 5018 te
3412 4965 3573 5019 Deus.

2000 5084 2108 5155 30
2129 5080 2265 5136 Vere
2299 5084 2354 5131 tu
2385 5089 2446 5129 es
2472 5071 2615 5127 Deus
2641 5066 2986 5123 absconditus
3012 5104 3026 5128 ,
3069 5062 3210 5116 Deus
3256 5057 3420 5113 Israel
3465 5056 3580 5110 Sal-

2003 5151 2158 5232 vator
2186 5170 2339 5245 (ικαὶ.
2373 5162 2521 5234 xu).
2560 5182 2579 5217 ι
2609 5161 2877 5231 Loquere,
2901 5156 3102 5220 Judme,
3126 5153 3423 5223 responde,
3461 5151 3582 5219 quis

2008 5276 2088 5324 est
2106 5242 2220 5327 ille,
2240 5261 2332 5330 qui
2348 5258 2508 5313 dicit:
2536 5273 2554 5305 ι
2592 5253 2703 5324 Ego
2718 5248 2972 5305 suscitavi
2995 5261 3119 5301 eum
3144 5246 3206 5298 ad
3231 5242 3534 5313 justitiam?
3559 5260 3577 5291 ι

2010 5358 2116 5415 Sed
2142 5356 2188 5412 si
2212 5350 2410 5415 nescis,
2441 5360 2625 5418 perge,
2672 5343 2826 5399 ﬂecte
2863 5339 3049 5397 oculos
3079 5338 3146 5392 ad
3188 5337 3349 5394 tinem
3392 5335 3587 5406 prioris

2010 5446 2312 5509 sententiae,
2342 5450 2397 5498 et
2423 5438 2567 5500 vide,
2603 5435 2728 5492 auia
2751 5434 2903 5499 dicit,
2935 5453 2953 5485 ι
2981 5430 3242 5487 Dominus
3265 5427 3403 5482 Deus
3427 5440 3587 5481 exer-

2014 5544 2213 5596 cituum
2225 5577 2236 5590 .
2275 5556 2294 5589 ι

2086 5629 2191 5686 Sed
2217 5626 2328 5696 jam
2372 5622 2417 5678 si
2463 5620 2624 5681 nosti,
2655 5619 2777 5689 quia
2805 5618 2947 5673 Deus
2987 5615 3224 5686 loquitur
3260 5633 3271 5667 :
3304 5611 3588 5667 considera

2018 5721 2180 5777 etiam
2202 5716 2289 5771 cui
2319 5714 2573 5783 loquitur.
2599 5710 2873 5766 Descende
2896 5709 3060 5778 igitur
3084 5707 3152 5761 ad
3180 5704 3340 5758 linem
3364 5717 3592 5771 sequen-

2024 5815 2090 5865 tis
2116 5811 2271 5864 linea
2299 5813 2355 5860 et
2382 5805 2525 5868 vide,
2557 5803 2698 5872 quod
2724 5801 2958 5856 dicitur:
2993 5818 3011 5850 ι
3042 5798 3274 5853 Tantum
3316 5795 3370 5849 in
3415 5804 3465 5849 te
3510 5801 3595 5847 est

2026 5900 2186 5962 Deus,
2226 5905 2280 5950 et
2317 5909 2422 5949 non
2452 5891 2759 5961 estabsque
2789 5899 2841 5947 te
2866 5889 3030 5946 Deus.
3062 5887 3204 5943 Vere
3252 5895 3307 5940 tu
3349 5899 3409 5942 es
3454 5883 3595 5938 Deus

3643 3248 3708 3287 ex
3735 3239 3886 3300 parte
3927 3223 4279 3282 humanitatis
4311 3223 4361 3276 in
4393 3219 4603 3290 psalmo
4645 3214 4860 3269 Patrem
4906 3215 5114 3272 exorat,
5144 3205 5219 3261 dio

2589 3334 2867 3417 Perculit“
2913 3340 2967 3383 te
3010 3329 3149 3382 Deus
3194 3323 3448 3386 amentia.
3489 3327 3544 3374 el
3570 3309 3615 3371 (ἶ
3646 3338 3774 3379 cens
3806 3336 3818 3373 :
3851 3339 3868 3371 ι
3896 3317 4117 3373 Custodi
4175 3315 4409 3367 animam
4459 3320 4655 3369 meam,
4702 3302 4956 3374 quoniam
5004 3304 5222 3353 sanctus

3904 3410 3917 3417 _
4081 3406 4100 3417 ,
4633 3395 4771 3417 ,κω-
4802 3406 4950 3417 -Μη
5004 3400 5222 3417 ,Μήκ-

3649 3428 3764 3468 sum
3794 3429 3807 3465 :
3842 3410 4049 3464 salvum
4079 3406 4157 3459 fac
4186 3417 4400 3458 servum
4435 3408 4605 3462 tuum,
4632 3395 4775 3449 Deus
4802 3406 4975 3456 meus,
5004 3400 5224 3459 sperae-

3650 3513 3755 3565 tem
3780 3503 3833 3555 in
3859 3511 3908 3553 te
3933 3496 4103 3568 (Psal.
4138 3492 4356 3562 Laxxv).
4393 3511 4411 3541 ι
4445 3490 4578 3557 Quis
4602 3493 4687 3542 est
4708 3482 4851 3538 enim
4883 3480 5004 3543 iste,
5051 3476 5141 3547 qui
5166 3489 5227 3531 se

3650 3603 3705 3648 et
3737 3598 3980 3645 sanctum
4026 3598 4144 3641 esse
4174 3588 4489 3638 constanter
4518 3575 4780 3637 afﬁrmat,
4831 3582 4885 3625 et
4925 3568 5132 3623 salvum
5169 3577 5228 3620 se

3654 3684 3767 3738 fieri
3800 3679 4076 3735 humiliter
4121 3680 4329 3735 exorat,
4380 3669 4484 3724 nisi
4535 3665 4646 3730 ille,
4692 3676 4850 3734 quem
4893 3673 4988 3729 per
5031 3657 5228 3712 Isaiam

3656 3772 3914 3829 Dominus
3943 3777 4227 3822 venturum
4254 3776 4373 3818 esse
4405 3756 4706 3830 promittit,
4740 3754 4963 3808 dicens:
5002 3769 5018 3800 ι
5050 3747 5230 3817 Prope

3655 3872 3739 3918 est
3788 3863 3968 3930 justus
4026 3871 4219 3918 meus,
4275 3866 4525 3923 egressus
4584 3857 4669 3903 est
4732 3843 4977 3899 Salvator
5041 3838 5236 3896 meus?

3658 3952 3794 4025 (1δαί
3823 3949 3919 4020 ιι.)
3954 3969 3971 3999 .

3732 4042 3888 4104 Ecce,
3922 4050 3976 4091 ut
4003 4049 4058 4091 et
4083 4032 4434 4090 humanitatis
4463 4030 4746 4086 inﬁrmius
4768 4068 4785 4095 ,
4830 4034 4884 4081 et
4937 4021 5238 4078 divinitatis

3661 4133 3898 4204 potentia
3926 4131 3977 4183 in
4002 4143 4109 4183 uno
4138 4126 4433 4182 mediatore
4463 4122 4579 4188 Dei,
4603 4131 4658 4178 et
4677 4121 4951 4177 hominum
4982 4113 5237 4172 ostenda-

3664 4203 3774 4286 tur,
3806 4223 3895 4292 qui
3940 4220 4045 4274 illic
4091 4218 4306 4274 sibimet
4352 4215 4451 4285 ipsi
4484 4214 4710 4269 salutem
4752 4217 5100 4283 poposcerat,
5149 4203 5239 4263 hic

3666 4315 3920 4371 Salvator
3943 4325 4063 4366 esse
4089 4308 4424 4380 perhibetur.
4472 4305 4548 4360 De
4589 4317 4696 4375 quo
4746 4300 4883 4355 idem
4912 4299 5077 4355 Isaias
5115 4296 5241 4351 alibi

3669 4413 3916 4465 testatur,
3948 4402 4174 4456 dicens:
4217 4421 4235 4449 ι
4274 4398 4411 4453 Ecce
4439 4397 4552 4452 dies
4579 4395 4836 4459 veniunt,
4886 4391 5017 4447 dicit
5054 4388 5241 4445 Domi-

3669 4512 3789 4561 nus,
3817 4503 3871 4548 et
3899 4492 4171 4548 suscitabo
4204 4488 4368 4542 David
4394 4501 4611 4557 germen
4649 4483 4852 4553 justum
4882 4500 4896 4535 :
4922 4490 4975 4536 et
5002 4480 5246 4551 regnabit

3671 4602 3790 4648 rex,
3818 4595 3870 4639 et
3900 4585 4115 4652 sapiens
4144 4580 4268 4643 erit,
4300 4587 4355 4633 et
4387 4576 4543 4633 faciet
4564 4575 4823 4647 judicium
4844 4615 4858 4640 ,
4888 4581 4944 4627 et
4976 4571 5246 4639 justitiam

3600 4659 3648 4716 θ
3676 4681 3728 4734 in
3758 4688 3901 4734 terra
3935 4675 4067 4745 (Jer.
4098 4673 4264 4743 uti);
4298 4692 4317 4724 ι
4353 4671 4545 4725 deinde
4580 4668 4892 4739 subjungit:
4927 4684 4945 4717 ι
4979 4665 5035 4720 In
5059 4664 5248 4719 diebus

3677 4771 3783 4826 illis
3809 4766 4104 4823 salvahitur
4132 4762 4284 4827 Iuda,
4314 4770 4369 4817 et
4396 4760 4558 4815 Israel
4587 4758 4847 4815 habitabit
4876 4756 5244 4811 conﬁdenter:

3679 4871 3732 4917 et
3779 4863 3884 4916 hoc
3926 4867 4010 4915 est
4054 4871 4270 4919 nomen,
4316 4854 4458 4923 quod
4492 4852 4759 4907 vocabunt
4796 4864 4946 4912 eum,
4991 4847 5250 4901 Dominus

3672 4953 3852 5024 justus
3872 4956 4055 5005 noster
4076 4945 4284 5018 (Ibid).
4317 4962 4336 4995 ι
4363 4944 4460 4999 llic
4480 4951 4562 4998 est
4577 4942 4774 5013 justus,
4796 4940 4861 4993 ad
4881 4937 5036 5007 cujus
5056 4938 5253 4991 adven-

3687 5055 3798 5100 tum
3829 5042 3970 5096 idem
3994 5037 4256 5109 propheta
4279 5035 4406 5090 totis
4425 5033 4724 5088 visceribus
4749 5037 4969 5090 estuat,
4999 5037 5055 5080 et
5081 5026 5252 5079 anhe-

3686 5135 3782 5202 lat,
3809 5135 3995 5189 dicens
4019 5150 4032 5186 :
4068 5149 4086 5181 ι
4125 5129 4347 5192 Rorate,
4371 5126 4493 5181 caeli
4522 5126 4769 5195 desuper,
4797 5134 4850 5177 et
4871 5120 5040 5175 nubes
5067 5118 5256 5189 pluatt

3683 5227 3925 5298 justum;
3955 5223 4231 5296 aperiatur
4252 5230 4421 5284 terra,
4447 5226 4501 5273 et
4521 5216 4786 5288 germinet
4812 5211 5148 5268 Salvatorcm
5167 5251 5182 5269 .
5205 5219 5254 5261 ct

3681 5318 3894 5389 justitia
3907 5317 4115 5373 oriatur
4137 5311 4325 5379 simul;
4356 5325 4455 5381 ego
4474 5307 4733 5364 Dominus
4750 5302 4926 5360 ereavi
4952 5317 5073 5357 eum
5098 5299 5254 5369 (lui.

3690 5415 3838 5482 xu).
3874 5430 3892 5462 ι
3928 5410 3996 5464 Ει
4027 5406 4198 5461 alibi:
4233 5423 4250 5456 ι
4282 5403 4516 5465 Utinam,
4549 5399 4656 5470 ει
4678 5397 4885 5468 inquit,
4924 5393 5261 5460 dinimperes

3691 5506 3878 5568 caelos,
3901 5512 3956 5557 et
3976 5497 4331 5557 descenderes
4353 5511 4367 5549 :
4392 5510 4422 5549 a
4450 5491 4587 5547 faeie
4609 5500 4696 5545 tua
4720 5494 4926 5542 montes
4944 5480 5257 5540 deﬂuerent,

3696 5603 3838 5658 sicut
3865 5597 4078 5654 exustio
4113 5593 4250 5664 ignis
4275 5591 4629 5650 tabescerent,
4661 5591 4823 5653 atque
4844 5579 5094 5634 arderent
5127 5573 5260 5641 igni,

3698 5703 3759 5748 ut
3779 5701 3962 5746 notum
3986 5660 4343 5743 tieretvnomen
4359 5690 4507 5735 tuum
4527 5673 4756 5731 inimicis
4773 5665 5038 5739 tuist'hai.
5058 5660 5223 5729 un).
5236 5677 5253 5710 I

3701 5786 3768 5840 Et
3799 5785 3993 5838 iterum
4029 5796 4046 5833 ι
4082 5796 4100 5828 ι
4137 5776 4360 5845 Propter
4385 5772 4517 5827 Sion
4544 5781 4651 5823 non
4694 5762 4900 5826 tacebo,
4949 5769 5002 5814 et
5043 5762 5259 5825 propter

3701 5875 4035 5936 Hierusalem
4091 5885 4197 5928 non
4248 5868 4552 5938 quiescam,
4605 5860 4777 5917 donec
4824 5851 5145 5925 egrediatur,
5203 5849 5257 5896 at
