5392 6506
1010 360 1082 418 49
1829 357 2071 417 OPUSC'.
2114 359 2175 414 ll.
2206 389 2278 399 —
2312 357 2712 416 ANTILOGUS
2745 358 3026 417 CONTRA
3063 362 3373 424 JUDEOS.
4244 368 4318 424 50

1010 478 1269 551 splendor
1299 476 1479 549 justus
1506 473 1622 544 ejus
1644 515 1658 541 ,
1697 481 1751 530 et
1782 473 2042 530 Salvator.
2083 472 2201 543 ejus
2228 514 2242 539 ,
2293 482 2351 528 ut
2395 474 2606 543 lampas
2636 472 2683 532 Α
2713 473 2931 527 mortali
2959 474 3213 531 videlicet
3240 477 3356 547 regi
3385 475 3499 532 haec
3528 477 3813 549 prophetia
3840 476 4132 533 convenire
4156 493 4319 549 posse

1009 571 1342 628 accendatur
1380 568 1537 642 (Isai.
1571 567 1727 639 exn).
1761 587 1779 621 ι
1810 567 1886 623 De
1908 567 2100 623 eodem
2124 565 2326 622 Christi
2350 570 2608 630 adventu,
2716 581 2823 621 non
2869 568 3143 633 cemitur,
3195 584 3540 641 consequens
3589 580 3675 642 est
3722 581 3781 625 ut
3832 571 3900 627 de
3948 571 4167 628 Christo
4220 572 4317 628 Dei

1007 673 1063 719 et
1117 662 1373 718 llabacuc
1431 659 1803 717 teStimonium
1863 657 2114 729 perbibet
2140 700 2155 726 ,
2203 660 2435 715 dicens:
2479 678 2498 712 r
2542 657 2610 713 Et
2713 654 2855 712 Filio
2883 658 3258 715 indubitanter
3290 661 3435 716 dicta
3466 660 3741 717 credatur.
3773 664 3851 718 De
3896 678 4027 733 quo,
4060 663 4318 720 videiicet

1010 754 1290 825 respondit
1316 753 1578 807 Dominus
1601 791 1617 817 ,
1668 759 1724 806 et
1759 749 1896 805 dixit
1931 750 1997 805 ad
2024 763 2113 805 me
2145 762 2161 804 :
2197 748 2389 806 Scribe
2431 752 2607 807 visum
2709 758 2915 804 aeterno
2931 750 3123 819 David,
3147 752 3316 807 Isaias
3348 754 3426 809 ait
3456 772 3469 808 :
3505 774 3523 806 ι
3549 750 3763 811 Feriam
3788 756 4071 812 vobiscum
4094 768 4313 827 pactum

1006 848 1060 902 in
1112 847 1261 902 buxu
1313 852 1541 916 aperte,
1579 852 1639 902 ut
1668 852 2015 914 assequatur,
2049 843 2141 913 qui
2173 844 2302 915 legit
2350 858 2443 910 ea;
2477 845 2607 914 quia
2708 838 3139 923 sempiternum,
3198 843 3604 899 misericordias
3675 844 3846 900 David
3920 845 4115 901 ﬁdelis.
4173 846 4316 902 Ecce

1006 939 1186 995 adhuc
1214 940 1351 995 visio
1372 941 1441 994 ad
1470 947 1716 1008 tempus;
1749 947 1805 994 et
1827 938 2038 994 orietur
2062 936 2117 991 in
2153 937 2294 1002 ﬁne,
2328 946 2382 992 et
2414 927 2901 993 ηοιιρὶηαίίρειθω
2940 930 3121 1006 populi
3170 935 3292 990 dedi
3336 951 3485 1003 eum,
3540 938 3755 1003 ducem,
3810 955 3876 994 ac
3913 947 4309 1010 praeceptorem

907 1043 913 1048 ‘
1004 1046 1266 1097 vacuum;
1309 1030 1355 1086 si
1400 1030 1722 1097 tardaverit,
1770 1030 1981 1105 sustine
2012 1043 2173 1094 eum,
2218 1028 2345 1098 quia
2378 1029 2604 1085 veniens

1007 1121 1207 1188 veniet,
1231 1128 1415 1177 etnon
1445 1112 2000 1189 morabiturw'a‘bac.
2030 1118 2115 1191 ιι).
2148 1138 2167 1171 ι
2195 1117 2276 1173 Ad
2307 1118 2600 1188 perhiben-

1002 1213 1359 1285 dum-.adhnc
1392 1214 1764 1269 testimonium
1812 1210 2028 1267 Christo
2072 1210 2339 1281 propheta
2385 1222 2619 1281 quoque.

1000 1286 1204 1362 Itbdias
1230 1304 1453 1359 accedat
1485 1322 1498 1358 :
1537 1323 1555 1357 ι
1588 1304 1706 1371 Quo
1735 1302 1897 1357 modo
1922 1301 2092 1367 enim,
2123 1302 2335 1370 inquit,
2384 1301 2602 1357 bibistis

1000 1410 1163 1467 super
1191 1406 1431 1452 montem
1458 1405 1705 1452 sanctum
1727 1408 1927 1460 meum,
1948 1394 2137 1469 bibent
2157 1408 2347 1448 omnes
2362 1393 2594 1465 jugiter;

998 1498 1053 1545 et
1079 1488 1263 1543 bibent
1289 1498 1344 1543 et
1368 1489 1736 1544 absorbebunt
1758 1528 1773 1554 ,
1810 1492 1867 1543 et
1908 1494 2099 1552 erunt;
2140 1488 2295 1555 quasi
2325 1501 2432 1540 non
2454 1486 2593 1553 sint;

998 1590 1053 1635 et
1082 1582 1135 1636 in
1164 1591 1345 1639 monte
1393 1583 1524 1639 Sion
1573 1582 1679 1639 erit
1723 1580 1952 1637 salvatio
1974 1621 1989 1647 ,
2032 1588 2088 1636 et
2116 1580 2223 1635 erit
2252 1590 2509 1647 sanctus;
2541 1588 2597 1636 et

2706 1026 2978 1095 gentibus.
3026 1027 3167 1083 Ecce
3213 1038 3455 1101 gentem,
3502 1046 3664 1101 quam
3701 1032 4009 1098 nesciebas,
4052 1033 4309 1095 vocabis;

2704 1126 2759 1170 ει
2792 1127 3004 1187 gentes,
3052 1135 3174 1190 qlﬂB
3219 1136 3326 1179 non
3370 1132 3746 1193 cognoverunt
3781 1132 3849 1189 te,
3883 1125 3950 1179 ad
3984 1133 4036 1179 te
4066 1132 4309 1179 current.

2704 1207 2935 1275 Propter
2973 1211 3266 1267 Dominum
3311 1212 3485 1269 Deum
3532 1224 3706 1280 tuum,
3740 1224 3800 1269 et
3837 1224 4091 1270 sanctum
4118 1213 4313 1279 lsrael,

2701 1300 2829 1370 quia
2884 1299 3213 1372 gloriﬁcavit
3256 1311 3308 1358 te
3348 1303 3487 1373 (1σαὶ
3518 1306 3629 1375 Lv).
3671 1325 3689 1358 ι
3730 1304 3987 1375 Nunquid
4045 1321 4154 1360 non
4195 1304 4310 1373 jam

2699 1382 2869 1445 David
2899 1402 2966 1446 ex
2996 1392 3100 1447 hac
3146 1391 3269 1449 luce
3313 1394 3668 1466 migraverat,
3713 1412 3840 1452 cum
3890 1397 4008 1452 haec
4042 1396 4311 1467 propheta

2700 1481 2953 1537 dicebat?
2981 1481 3266 1550 Quomodo
3294 1484 3460 1557 igitur
3485 1487 3552 1542 de
3574 1502 3639 1543 eo
3665 1488 3968 1555 diceretur,
3989 1489 4118 1558 quia
4147 1502 4282 1542 voca

2699 1583 2854 1631 turus
2875 1586 3018 1632 esset
3037 1586 3249 1649 gentes,
3263 1579 3397 1636 etad
3418 1593 3543 1635 eum
3566 1588 3757 1652 gentes
3769 1587 4186 1646 concurrerent,
4204 1579 4300 1651 qui

996 1672 1297 1742 possidebit
1328 1673 1519 1729 domus
1550 1672 1720 1728 Iacob
1748 1688 1843 1729 eos
1862 1714 1875 1739 ,
1908 1672 2002 1743 qui
2030 1687 2090 1727 se
2112 1672 2467 1743 possederant
2493 1690 2506 1726 :
2536 1681 2593 1728 et
2689 1664 2807 1735 iam
2834 1678 3033 1726 exutus
3062 1684 3296 1741 corpore
3338 1687 3465 1727 cum
3507 1672 3837 1729 mortalibus
3866 1688 3975 1728 non
4014 1664 4313 1727 maneret?

995 1765 1101 1820 erit
1121 1766 1313 1822 domus
1341 1764 1510 1820 Iacob
1533 1767 1691 1836 ignis,
1718 1777 1773 1820 et
1800 1765 1994 1820 domus
2022 1763 2219 1833 .loseph
2247 1763 2461 1821 ﬂainma
2482 1805 2497 1831 ,
2535 1773 2594 1819 et

2698 1759 2757 1815 Si
2806 1761 2972 1833 igitur
3016 1763 3122 1819 hoc
3175 1764 3511 1836 prophetica:
3572 1765 3959 1837 promissionis
4016 1762 4305 1821 oraculum

996 1858 1190 1915 domus
1219 1857 1358 1912 Esau
1391 1832 1588 1926 stipula
1623 1857 1885 1927 (Abdias).
1924 1876 1942 1909 ι
1977 1854 2116 1923 Quid
2154 1832 2303 1911 enim
2352 1870 2450 1926 per
2489 1856 2586 1939 do-
2618 1832 2664 1892 Β
2694 1832 3040 1924 nequaquam
3070 1856 3137 1912 de
3171 1832 3389 1927 eo,_qui
3430 1856 3543 1927 jam
3572 1832 3809 1921 obierat,
3854 1855 4025 1912 David
4057 1855 4302 1924 dicipo-

997 1963 1144 2005 mum
1171 1948 1359 2014 Jacob,
1402 1958 1458 2004 et
1495 1950 1716 2021 Josepb,
1747 1951 1850 2006 nisi
1898 1949 2141 2005 Ecclesia
2171 1948 2415 2004 Christi?
2448 1946 2590 2015 Quid

993 2053 1094 2111 per
1118 2041 1334 2095 domum
1363 2040 1506 2097 Esau
1534 2041 1694 2095 debet
1722 2038 1977 2112 intelligi,
2022 2040 2125 2095 nisi
2159 2040 2453 2095 inﬁdelium
2494 2053 2591 2108 po-

993 2129 1105 2201 puli
1127 2130 1152 2185 τ
1178 2130 1380 2186 Domus
1408 2146 1535 2201 ergo
1562 2129 1759 2195 Iacob,
1802 2138 1859 2186 et
1898 2128 2097 2201 Joscpb
2128 2130 2269 2201 ignis
2301 2129 2441 2184 facta
2472 2141 2586 2195 est;

993 2220 1123 2290 quia
1151 2229 1337 2275 sancta
1366 2220 1604 2274 Ecclesia
1633 2221 1754 2293 igne
1779 2222 1953 2276 sancti
1977 2220 2212 2290 Spiritus
2235 2219 2587 2280 inﬂammata,

995 2311 1062 2364 ad
1089 2324 1331 2367 amorem
1358 2311 1451 2365 Dei
1491 2310 1686 2383 frigida
1713 2312 1916 2366 dudum
1947 2311 2246 2367 carnalium
2275 2312 2439 2367 corda
2471 2326 2593 2366 suc-

993 2400 1217 2455 cendit:
1254 2408 1309 2455 et
1333 2400 1412 2455 sie
1446 2416 1476 2454 a
1516 2403 1957 2472 concupiscentia
1994 2401 2281 2471 prtesentis
2318 2400 2498 2456 saeculi
2524 2404 2592 2457 ad

991 2488 1324 2545 desiderium
1366 2490 1643 2547 Creatoris
1693 2493 1911 2547 domum
1953 2493 2095 2548 Esau
2138 2493 2289 2549 velut
2334 2494 2591 2563 stipulam

991 2582 1381 2635 concremavit.
1406 2581 1481 2636 De
1515 2598 1623 2652 quo
1654 2582 1906 2638 videlicet
1931 2584 2054 2655 igne
2092 2586 2145 2641 in
2191 2592 2381 2641 nostro
2416 2577 2593 2643 EvanL

990 2671 1132 2746 gelio
1164 2672 1373 2729 Veritas
1409 2674 1543 2729 dicit
1574 2690 1588 2729 :
1628 2693 1647 2727 ι
1683 2675 1865 2746 Ignem
1894 2677 2016 2730 veni
2042 2677 2259 2733 mittere
2286 2677 2338 2732 in
2364 2685 2589 2744 terram,

991 2750 1048 2815 et
1068 2762 1197 2832 quid
1220 2764 1358 2831 volo,
1389 2766 1491 2821 nisi
1519 2777 1577 2820 ut
1600 2766 1828 2821 ardeat?
1867 2786 1884 2819 ι
1924 2766 2079 2838 (Luc.
2110 2770 2234 2839 xu.)

1619 2856 1950 2959 CAPUT-ll.
2080 2888 2099 2959 λ

1264 2947 1342 3004 De
1369 2949 1600 3017 Christo,
1632 2953 1721 3023 qui
1756 2964 1829 3005 est
1860 2952 1993 3022 lapis
2024 2947 2318 3023 arigularis.

1061 3038 1156 3094 Dic
1200 3042 1329 3095 mihi
1362 3046 1462 3096 hoc
1496 3045 1681 3109 etiam,
1718 3060 1751 3099 ο
1780 3044 1986 3111 «ιυᾱαξε,
2020 3048 2142 3116 quis
2176 3057 2261 3101 est
2294 3047 2395 3103 iste
2430 3047 2585 3117 lapis,

987 3144 1144 3197 quem
1168 3130 1426 3186 Dominus
1446 3134 1733 3203 pollicetur
1752 3150 1810 3191 se
1833 3137 2133 3205 positurum
2160 3138 2212 3191 in
2238 3138 2587 3195 fundamento

989 3221 1161 3276 Sion?
1196 3221 1347 3278 Unde
1378 3224 1542 3279 lsaias
1566 3226 1682 3281 ait:
1718 3246 1736 3277 ί
1770 3227 1908 3282 Ecce
1931 3243 2031 3299 ego
2056 3230 2266 3282 mittam
2300 3231 2351 3284 in
2386 3230 2582 3285 funda-

988 3322 1170 3367 mento
1201 3313 1332 3368 Sion
1364 3315 1596 3385 lapidem
1630 3319 1913 3387 probatum
1942 3361 1956 3385 ,
1999 3322 2335 3388 angularem,
2384 3325 2587 3391 pretio-

986 3418 1128 3469 sum,
1162 3405 1215 3457 in
1244 3403 1599 3461 fundamento
1629 3407 1911 3463 fundatum
1942 3410 2096 3483 (Isai.
2144 3414 2357 3482 xxvm).
2396 3434 2415 3465 ι
2452 3414 2584 3482 Quis

985 3501 1097 3554 est,
1118 3495 1360 3563 inquam,
1386 3496 1489 3551 iste
1520 3498 1680 3567 lapis,
1705 3499 1807 3551 nisi
1834 3499 1941 3565 ille,
1973 3500 2039 3555 de
2065 3517 2172 3570 quo
2200 3503 2363 3556 David
2392 3506 2537 3559 canit
2569 3525 2581 3561 :

992 3602 1011 3634 ι
1046 3583 1345 3653 Lapidem,
1397 3602 1558 3656 quem
1608 3591 2035 3659 reprobaverunt
2079 3593 2446 3659 aediﬁcantes,
2497 3597 2585 3650 hic

987 3674 1165 3732 lactus
1196 3687 1279 3733 est
1309 3681 1366 3733 in
1398 3689 1557 3748 caput
1603 3682 1819 3751 anguli?
1866 3683 2040 3753 (Paul.
2072 3686 2266 3755 cxvn.)
2299 3706 2317 3737 ι
2354 3687 2505 3753 Quod
2540 3689 2584 3743 si

983 3770 1257 3838 lapideum
1312 3786 1407 3826 cor
1460 3780 1611 3827 tuum
1668 3773 1898 3843 lapidem
1952 3777 2285 3832 materialem
2334 3779 2403 3833 ab
2449 3779 2585 3835 Isaia

984 3860 1189 3916 dictum
1214 3862 1510 3929 existimat,
1536 3865 1661 3919 audi
1687 3866 1828 3932 quod
1853 3868 2103 3935 sequitur
2127 3882 2141 3921 :
2172 3886 2190 3918 ι
2223 3867 2398 3938 Super
2422 3886 2583 3939 quem

986 3951 1080 4019 qui
1113 3952 1391 4017 ceciderit,
1425 3955 1802 4025 confringetur
1836 3975 1849 4010 :
1891 3972 2057 4028 super
2089 3974 2251 4028 quem
2286 3976 2415 4015 vero
2445 3963 2586 4018 ceci-

980 4043 1147 4106 derit,
1174 4054 1419 4100 conteret
1446 4061 1591 4101 eum.
1630 4066 1649 4099 ›
1682 4047 1943 4119 Lapidem
1968 4052 2146 4118 enim,
2175 4052 2267 4122 qui
2299 4053 2353 4107 in
2384 4052 2583 4109 funda-

981 4142 1166 4187 mento
1218 4135 1445 4205 parietis
1496 4139 1746 4206 ponitur,
1781 4155 1887 4194 non
1934 4156 2096 4210 posse
2140 4158 2302 4212 super
2350 4145 2583 4215 aliquem

981 4226 1178 4281 cadere
1202 4267 1217 4293 ,
1267 4228 1473 4298 liquido
1502 4232 1911 4300 comprobatur.
1960 4233 2059 4289 Hie
2095 4245 2179 4289 est
2220 4238 2407 4307 utique
2448 4239 2585 4307 lapis

979 4317 1109 4382 ille,
1156 4335 1316 4390 quem
1368 4322 1553 4377 Daniel
1602 4324 1737 4378 vidit
1783 4327 2084 4381 abscissum
2128 4329 2193 4383 de
2239 4338 2422 4386 monte
2466 4333 2583 4386 sine

978 4411 1235 4467 manibus
1282 4412 1443 4485 (Dan.
1496 4416 1593 4486 tt);
1648 4418 1899 4473 Christus
1948 4418 2199 4475 videlicet
2250 4421 2368 4478 sine
2419 4437 2584 4493 opere

975 4500 1457 4568 complectentium
1481 4544 1497 4570 ,
1542 4508 1609 4559 de
1657 4507 1966 4577 incorrupta
1997 4508 2205 4579 virgine
2239 4520 2578 4577 procreatus.

974 4592 1115 4645 Audi
1142 4592 1319 4649 adhuc
1343 4596 1735 4663 testimonium,
1760 4599 1903 4667 quod
1926 4600 2065 4654 idem
2088 4600 2253 4656 lsatas
2270 4604 2336 4658 de
2355 4603 2572 4660 Christo

2694 1942 2866 1998 tuisse
2910 1944 3278 2014 cognoscitur,
3330 1954 3503 2001 restat
3541 1955 3600 2001 ut
3657 1946 3726 2003 de
3770 1961 3870 2013 eo,
3922 1946 4017 2017 qui
4069 1943 4307 2001 necdum

2693 2042 2939 2099 venerat,
2967 2034 3181 2104 prolata
3211 2035 3385 2092 fuisse
3411 2037 3686 2091 credatur.

2765 2123 3005 2179 Rursum
3059 2126 3227 2181 etiam
3281 2126 3350 2184 de
3407 2128 3797 2197 reprobatione
3854 2127 4191 2194 Judteorum,
4249 2134 4308 2183 et

2696 2215 2978 2271 vocatidne
3007 2218 3249 2287 gentium
3296 2216 3805 2279 manifestissimam
3840 2234 3941 2290 per
3979 2218 4307 2273 Zachariam

2694 2308 2957 2363 Dominus
3013 2307 3241 2378 protulit
3290 2308 3641 2371 sententiam,
3692 2309 3934 2364 dicens:
3987 2328 4004 2359 ι
4043 2308 4160 2364 Νοιι
4219 2316 4307 2364 est

2696 2399 2829 2454 mihi
2854 2399 3104 2455 voluntas
3131 2399 3187 2455 in
3204 2399 3378 2466 vobis,
3394 2399 3526 2455 dicit
3556 2399 3818 2455 Dominus
3843 2400 4210 2465 exercituum,
4242 2408 4304 2455 et

2694 2506 2893 2546 munus
2921 2506 3028 2549 non
3056 2490 3348 2561 suscipiam
3380 2491 3447 2546 de
3477 2505 3641 2546 manu
3670 2500 3869 2547 vestra.
3893 2492 3978 2547 Ab
4008 2501 4130 2546 ortu
4157 2492 4305 2547 enim

2695 2582 2826 2639 solis
2856 2597 3027 2653 usque
3069 2583 3135 2637 ad
3176 2592 3433 2639 occasum
3464 2598 3720 2654 magnum
3762 2593 3846 2638 est
3888 2600 4089 2641 nomen
4120 2600 4305 2639 meum

2695 2674 2750 2729 in
2803 2673 3082 2745 gentibus,
3111 2681 3165 2729 et
3206 2673 3259 2728 in
3287 2674 3435 2729 omni
3466 2673 3587 2730 loco
3616 2674 3964 2730 sacriﬁcatur
3989 2687 4046 2730 et
4072 2674 4304 2731 oilertur

2693 2764 2905 2818 nomini
2954 2779 3077 2819 meo
3113 2763 3317 2819 oblatio
3363 2767 3599 2832 munda;
3643 2767 3768 2837 quia
3800 2783 4057 2838 magnum
4089 2776 4171 2822 est
4205 2782 4305 2822 no-

2692 2868 2817 2907 men
2847 2867 3029 2908 meum
3080 2854 3133 2907 in
3180 2854 3454 2924 gentibus,
3495 2854 3629 2910 dicit
3656 2856 3919 2912 Dominus
3958 2857 4303 2912 exercituum

2694 2943 2951 3015 (Malach.
2983 2942 3045 3013 ι).
3084 2962 3103 2995 ι
3146 2944 3215 2999 Ει
3250 2945 3412 3016 paulo
3445 2956 3567 3016 post
3598 2966 3611 3001 :
3652 2968 3669 2999 ι
3705 2948 3772 3003 Et
3818 2949 3872 3002 in
3916 2948 4004 3003 die
4052 2948 4144 3003 illa
4170 2948 4306 3004 dicit

2692 3039 2954 3094 Dominus
2981 3039 3357 3107 exercituum,
3384 3041 3702 3111 disperdam
3753 3044 3974 3099 nomina
4032 3043 4303 3099 idolorum

2693 3133 2952 3201 deterra,
3001 3146 3056 3190 et
3100 3152 3209 3191 non
3255 3136 3705 3191 memorabuntur
3749 3136 3916 3202 ultra,
3957 3145 4013 3191 et
4048 3136 4301 3206 spiritum

2691 3224 3312 3296 pseudoprophetarum,
3339 3234 3394 3280 et
3416 3227 3664 3295 spiritum
3691 3228 4029 3281 immundum
4056 3227 4303 3284 auferam

2689 3316 2755 3370 de
2787 3326 2929 3370 terra
2954 3316 3166 3390 (11nd).
3212 3337 3229 3371 ι
3259 3318 3355 3373 Die
3410 3320 3600 3383 etiam,
3629 3317 3836 3384 Iudaee,
3866 3321 3932 3376 de
3961 3335 4069 3389 quo
4100 3321 4303 3375 intelli-

2689 3408 2800 3476 gis,
2859 3408 3067 3462 dictum
3116 3402 3306 3474 fuisse,
3362 3408 3506 3477 quod
3552 3408 3729 3479 legis:
3772 3427 3791 3459 ‹
3826 3410 3987 3474 Deus,
4030 3408 4298 3477 judicium

2690 3508 2841 3551 tuum
2891 3503 3007 3568 regi
3064 3497 3153 3565 da,
3185 3508 3239 3555 et
3266 3499 3536 3569 justitiam
3578 3510 3723 3554 tuam
3768 3500 3879 3557 ﬁlio
3909 3500 4089 3572 regis?
4116 3499 4296 3571 (Psal.

2688 3589 2861 3661 Lxxt.)
2910 3610 2927 3641 ι
2966 3591 3099 3658 Quis
3129 3602 3211 3646 cst
3257 3593 3356 3648 iste
3400 3606 3492 3647 rex
3534 3594 3675 3662 regis
3705 3592 3797 3647 ﬁlii
3828 3595 4017 3663 pater?
4044 3594 4302 3665 Nunquid

2689 3679 2861 3734 David
2900 3679 3251 3737 Salomonis?
3280 3682 3387 3736 Sed
3436 3682 3553 3753 lege
3598 3697 3692 3752 per
3728 3684 3975 3738 ordinem
4004 3683 4297 3754 psalmum,

2687 3782 2742 3826 et
2772 3773 2893 3827 vide
2932 3775 3062 3842 quid
3107 3775 3395 3844 sequitur:
3432 3794 3449 3825 ‹
3483 3775 3545 3829 Et
3601 3776 3947 3845 permanebit
3982 3791 4108 3831 cum
4158 3776 4297 3841 sole,

2687 3875 2742 3921 et
2773 3875 2899 3921 ante
2927 3867 3110 3922 lunam
3141 3868 3197 3922 in
3242 3868 3501 3923 sarculum
3541 3868 3748 3924 saeculi.
3786 3888 3805 3921 ι
3842 3870 4099 3941 Nunquid
4141 3869 4291 3926 Salo-

2688 3974 2815 4014 mon
2859 3974 3179 4029 permanere
3224 3962 3276 4015 in
3319 3960 3575 4015 saeculum
3628 3961 3810 4031 saeculi
3861 3962 3965 4017 dici
4020 3963 4288 4019 veraciter

2687 4051 2883 4121 potuit,
2915 4052 3007 4121 qui
3035 4052 3124 4106 vix
3156 4068 3254 4121 per
3273 4054 3636 4123 quadraginta
3666 4069 3935 4118 annorum
3964 4054 4298 4110 curriculum

2690 4140 2841 4210 regni
2873 4140 3246 4213 gubernacula
3284 4142 3497 4196 tenuit?

2760 4231 2904 4302 Lege
2936 4232 3133 4297 adhuc,
3168 4242 3225 4287 et
3259 4232 3515 4288 continua
3550 4241 3720 4288 totum
3759 4232 4051 4303 psalmum,
4079 4243 4134 4289 et
4167 4250 4298 4290 con-

2688 4320 2870 4375 sidera
2924 4323 3196 4389 quomodo
3247 4338 3277 4376 a
3338 4321 3631 4379 Salomone
3686 4325 3994 4394 reperiatur
4052 4326 4294 4392 alienus,

2690 4412 2936 4465 maxime'
2962 4411 3071 4466 illic
3110 4412 3200 4467 ubi
3240 4412 3483 4467 dicitur:
3522 4433 3540 4464 ι
3575 4414 3655 4467 Ex
3694 4415 3875 4469 usuris
3905 4423 3960 4469 et
4008 4415 4297 4485 iniquitate

2688 4504 2944 4561 liberabit
2966 4506 3177 4561 animas
3206 4522 3394 4562 eorum
3416 4506 3640 4580 (Ibid).
3676 4528 3696 4561 ›
3730 4508 3864 4563 Nam
3892 4511 4166 4580 quomodo
4195 4509 4298 4566 Sa-

2690 4594 2868 4650 lomon
2896 4611 2962 4649 ex
2994 4596 3284 4666 iniquitate
3320 4597 3555 4653 liberare
3589 4599 3801 4653 animas
3830 4601 4029 4668 potuit,
4069 4601 4197 4670 quia
4226 4617 4295 4657 ex

977 4684 1208 4751 profert,
1240 4686 1461 4742 dicens:
1494 4708 1512 4740 α
1545 4690 1889 4759 Egredietur,
1915 4692 2111 4761 inquit,
2134 4694 2282 4765 virga
2304 4698 2369 4750 de
2395 4697 2576 4753 radice
2674 4688 2887 4757 iilSlilia
2908 4728 2923 4754 ,
2953 4704 3117 4757 quam
3145 4689 3402 4759 primitus
3426 4690 3602 4759 cepit,
3629 4691 3769 4745 idem
3794 4690 3909 4762 ipse
3938 4691 4007 4745 ad
4036 4692 4294 4763 iniquita-

972 4776 1003 4829 J
1029 4793 1132 4832 isse
1153 4820 1165 4842 ,
1197 4787 1252 4833 et
1292 4779 1390 4834 ﬁos
1420 4782 1483 4836 de
1521 4783 1702 4838 radice
1724 4783 1840 4851 ejus
1867 4787 2151 4853 ascendet,
2179 4796 2235 4841 et
2271 4792 2576 4860 requiescet

976 4883 1145 4937 super
1180 4884 1307 4925 eum
1347 4874 1571 4942 spiritus
1621 4876 1867 4940 Domini,
1920 4879 2143 4947 Spiritus
2186 4883 2467 4951 sapientiae
2523 4895 2579 4940 et

974 4957 1325 5025 intellectus,
1399 4964 1621 5033 spiritus
1670 4968 1882 5021 consilii
1938 4978 1993 5024 et
2043 4969 2414 5039 fortitudinis,
2470 4979 2577 5046 spi-

972 5052 1120 5106 ritus
1174 5053 1416 5110 scientia:
1461 5066 1517 5111 et
1564 5059 1820 5127 pietatis,
1874 5071 1928 5115 et
1978 5063 2211 5131 replebit
2256 5081 2378 5120 eum
2414 5069 2577 5137 spiri-

972 5152 1069 5195 tus
1113 5142 1324 5197 timoris
1372 5145 1581 5200 Domini
1618 5146 1771 5217 (Isai.
1805 5150 1902 5217 χι).
1938 5170 1957 5202 ι
2013 5155 2132 5204 dam
2161 5154 2289 5222 quid
2339 5157 2580 5225 apertius

967 5247 1065 5291 eo,
1087 5233 1233 5302 quod
1254 5234 1320 5288 de
1340 5233 1555 5291 Christo
1578 5238 1746 5293 David
1768 5242 1916 5295 canit
1937 5242 1988 5295 in
2013 5243 2255 5311 psalmo?
2275 5263 2292 5295 ‹
2319 5246 2579 5301 Dominus

968 5322 1117 5377 dixit
1140 5324 1209 5379 ad
1232 5340 1353 5379 me:
1382 5326 1551 5382 Filius
1591 5345 1742 5385 meus
1781 5348 1838 5387 es
1880 5342 1958 5397 tu,
1984 5349 2084 5403 ego
2124 5336 2284 5391 hodie
2305 5340 2464 5408 genui
2492 5352 2574 5404 te;

967 5418 1088 5491 32
1117 5418 1330 5486 pustula
1360 5434 1389 5471 a
1426 5434 1530 5482 me,
1563 5430 1616 5473 et
1656 5421 1795 5477 dabo
1844 5424 1939 5478 tibi
1977 5436 2167 5494 gentes
2204 5428 2572 5485 ham-ditatem

973 5525 1151 5577 tuam,
1184 5519 1239 5565 et
1266 5513 1664 5581 possessionem
1706 5523 1852 5570 tuam
1898 5519 2160 5574 terminos
2201 5531 2360 5575 terrae
2396 5520 2570 5592 (Psal.

966 5603 1068 5673 ιι).
1098 5622 1116 5655 ι
1152 5600 1407 5673 Nunquid
1450 5606 1564 5676 ipse
1590 5607 1760 5662 David
1800 5609 1893 5665 Dei
1926 5610 2095 5665 Filius
2126 5613 2231 5667 dici
2262 5615 2457 5682 potuit,
2483 5626 2577 5670 aut

966 5712 1148 5769 super
1190 5696 1363 5755 solum
1402 5698 1687 5759 lsraelitici
1740 5704 1921 5776 populi
1972 5706 2163 5761 solium
2211 5710 2571 5774 constitutus,

965 5787 1162 5848 omnia
1214 5798 1479 5847 terrarum
1530 5809 1694 5867 regna
1740 5798 2017 5866 possedit?
2067 5798 2203 5866 Quia
2234 5816 2363 5871 ergo
2405 5802 2573 5858 David

2685 4790 2789 4833 tem
2832 4780 3180 4848 postmodum
3225 4779 3558 4835 declinavit?
3592 4780 3731 4836 Illud
3769 4782 3935 4837 etiam
3974 4783 4060 4837 cui
4090 4797 4292 4839 conve-

2684 4871 2783 4938 nit,
2814 4870 2916 4924 nisi
2966 4870 3067 4926 soli
3110 4872 3242 4938 Deo,
3272 4872 3419 4942 quod
3463 4873 3663 4929 dicitur
3694 4888 3708 4927 :
3745 4893 3762 4925 ι
3799 4874 3880 4929 Sit
3925 4890 4122 4930 nomen
4174 4876 4290 4947 ejus

2686 4962 3027 5017 benedictum
3066 4963 3121 5017 in
3162 4959 3400 5020 saecula?
3429 4984 3446 5017 ι
3483 4963 3745 5034 Sequitur
3796 4967 3975 5021 adhuc
4018 4968 4287 5038 psalmus,

2682 5065 2737 5108 et
2767 5054 2899 5109 dicit
2927 5074 2940 5108 :
2978 5073 2996 5105 ι
3030 5056 3097 5111 Ει
3120 5056 3515 5113 benedicentur
3550 5058 3602 5112 in
3630 5073 3697 5113 eo
3738 5073 3930 5114 omnes
3972 5061 4146 5115 tribus
4176 5070 4289 5115 ter-

2688 5162 2778 5210 rae,
2812 5163 3004 5202 omnes
3048 5157 3236 5220 gentes
3272 5149 3703 5222 magniﬁcabunt
3744 5166 3890 5205 eum.
3931 5173 3949 5204 ι
3990 5150 4104 5207 Hoc
4144 5153 4286 5212 idem

2677 5239 2790 5309 jam
2838 5239 2966 5295 olim
3015 5243 3158 5297 Deus
3206 5245 3535 5314 promiserat
3573 5243 3839 5306 Abrahae,
3883 5246 4070 5301 dicens
4109 5264 4121 5299 :
4165 5266 4182 5298 ι
4228 5246 4286 5301 In

2684 5332 2891 5386 semine
2911 5342 3001 5387 tuo
3025 5334 3623 5392 benedicenturomnes
3645 5346 3834 5407 gentes
3886 5338 4039 5409 (Ceu.
4070 5340 4278 5412 κενὴ.»

2688 5427 2749 5480 Et
2788 5427 2914 5482 alibi
2956 5428 3022 5483 ad
3055 5428 3226 5484 David
3268 5449 3280 5483 :
3319 5448 3337 5481 ‹
3368 5428 3580 5485 Juravit
3624 5431 4101 5495 Dominus.David
4142 5435 4285 5490 veri-

2685 5532 2872 5587 tatem,
2923 5533 2978 5577 et
3025 5539 3132 5579 non
3184 5524 3538 5581 frustrabitur
3577 5541 3719 5581 eam.
3766 5527 3841 5583 De
3868 5524 4049 5581 Fructu
4074 5527 4285 5584 ventris

2682 5614 2759 5668 tui
2818 5630 3015 5684 ponam
3073 5631 3237 5687 super
3296 5619 3479 5673 sedem
3538 5626 3686 5673 tuam
3742 5618 3929 5691 (Psal.
3980 5619 4199 5691 cxxxt).
4258 5639 4277 5672 ι

2680 5706 2787 5779 33
2815 5707 2881 5761 Et
2901 5708 2953 5763 in
2981 5708 3121 5764 libro
3142 5709 3348 5781 Regum
3376 5712 3615 5768 secundo
3629 5711 3854 5781 legitur:
3890 5732 3907 5763 ι
3946 5712 4070 5768 llaec
4097 5721 4281 5768 autem

2680 5809 2809 5855 sunt
2836 5800 3001 5857 verba
3031 5804 3342 5869 novissima,
3370 5820 3490 5875 qua:
3546 5806 3683 5859 dixit
3732 5804 3900 5861 David
3953 5806 4097 5862 ﬁlius
4139 5805 4277 5865 lsai:
