5392 6578
277 41 3542 136 “—

2025 436 2088 493 M
2446 433 2503 491 S.
2544 433 2749 491 PETRI
2786 433 3066 490 DAMIANI
3106 432 3255 490 OPP.
3298 432 3531 490 TOMUS
3571 428 3702 488 SEU
3739 431 3916 489 PARS
3950 431 4034 487 lll.
4078 462 4145 474 —-
4182 428 4541 487 OPUSCULA
4581 426 4812 483 VARIA.
5159 423 5219 479 5!

2023 547 2163 601 dixit
2190 549 2269 601 vir
2297 550 2384 601 cui
2412 554 2761 601 constitutum
2809 557 2889 600 est
2938 546 3002 600 de
3039 546 3252 601 Christo
3302 544 3465 599 Jacob
3495 541 3579 610 (11
3608 545 3654 605 Α
3684 558 3827 596 mum
3858 543 4143 612 psalmum,
4176 551 4227 597 et
4259 541 4534 595 considera
4562 538 4902 593 manifestum
4933 533 5134 589 Domini
5163 537 5219 588 ad

2021 631 2146 702 Reg.
2181 633 2357 703 xxiii).
2397 652 2416 684 ι
2451 635 2504 686 1η
2535 634 2671 688 libro
2702 632 3169 702 Paralipomenon:
3222 652 3238 683 ι
3292 632 3354 685 Et
3385 631 3580 684 factum

2023 733 2126 787 est,
2160 725 2348 792 inquit,
2380 724 2600 776 verbum
2635 720 2844 775 Domini
2900 723 3066 776 David
3100 724 3165 777 ad
3195 723 3402 776 Nathan
3455 736 3581 787 pro—

2022 812 2254 879 phetam,
2282 812 2460 864 dicens
2486 827 2498 861 :
2533 810 2696 873 Vade,
2728 821 2781 864 et
2801 812 2883 864 dir.
2914 827 3197 865 servomco
3220 812 3422 864 David:
3461 811 3581 863 H:ec

2024 899 2153 951 dicit
2182 898 2464 951 Dominus:
2501 899 2775 952 Annuntio
2805 901 2919 962 tibi,
2951 902 3091 968 quod
3122 900 3479 953 :ediiicaturus
3515 902 3583 953 sit

2022 988 2237 1039 domum
2269 989 2361 1041 tibi
2400 989 2674 1042 Dominus.
2707 988 2948 1058 Cumque
2975 992 3278 1059 impleveris
3303 992 3416 1045 dies
3440 1000 3580 1055 tuos,

2023 1084 2083 1127 ut
2110 1077 2270 1129 vadas
2291 1079 2356 1129 ad
2386 1086 2565 1145 patres
2588 1090 2724 1141 tuos,
2777 1081 3041 1133 suscitabo
3086 1095 3268 1135 semen
3292 1090 3437 1136 tuuin
3464 1093 3582 1152 post

1975 1175 1989 1195 ο
2025 1175 2098 1226 te,
2129 1166 2266 1232 quod
2289 1167 2389 1217 erit
2434 1166 2496 1219 de
2522 1166 2645 1220 (iliis
2676 1167 2867 1229 tuis,ct
2898 1167 3164 1222 stabiliam
3197 1185 3417 1240 regnum
3445 1172 3578 1238 ejus;

2021 1254 2136 1320 ipse
2161 1255 2443 1310 :editicabit
2472 1256 2600 1309 mihi
2628 1258 2860 1318 domum,
2892 1267 2944 1311 et
2996 1259 3220 1314 lirinabo
3240 1261 3428 1314 solium
3468 1261 3582 1328 ejus

2024 1358 2192 1411 usque
2222 1345 2274 1398 in
2305 1346 2707 1413 sempiternum.
2734 1345 2845 1415 Ego
2870 1362 2963 1401 cro
2985 1351 3031 1403 ei
3059 1351 3108 1402 in
3139 1359 3370 1418 patrem,
3391 1360 3442 1404 et
3470 1352 3580 1418 ipse

2020 1434 2122 1486 erit
2151 1435 2277 1488 mihi
2307 1436 2361 1487 in
2393 1435 2576 1500 tilium,
2604 1444 2658 1490 et
2686 1438 3110 1493 misericordiam
3139 1456 3310 1494 meam
3338 1458 3439 1493 non
3483 1458 3579 1493 au-

2018 1522 2184 1578 feram
2218 1527 2283 1577 ab
2310 1540 2393 1589 eo,
2426 1526 2563 1579 sicut
2592 1527 2783 1581 abstuli
2809 1529 2875 1581 ab
2903 1543 2986 1593 eo,
3006 1530 3093 1598 qui
3124 1537 3248 1585 ante
3277 1542 3326 1583 te
3378 1532 3497 1593 fuit,
3529 1540 3582 1584 et

2016 1622 2246 1666 statuam
2276 1629 2400 1667 eum
2426 1615 2475 1668 in
2506 1615 2663 1670 domo
2693 1632 2831 1680 mea,
2864 1628 2917 1672 et
2966 1620 3016 1672 in
3048 1636 3211 1689 regno
3258 1635 3378 1674 meo
3412 1636 3581 1689 usque

2016 1704 2072 1755 in
2103 1704 2506 1774 sempiternum,
2536 1717 2589 1760 et
2613 1707 2836 1762 thronus
2858 1710 2971 1778 ejus
2994 1712 3095 1764 erit
3147 1712 3481 1765 ﬁrmissimus
3506 1714 3576 1780 _in

2016 1805 2328 1859 perpetuum
2361 1795 2409 1862 (1
2446 1796 2570 1848 Par.
2608 1798 2754 1866 xvn).
2789 1818 2805 1848 ι

2611 1886 2833 1941 CAPUT
2873 1889 2955 1942 ΠΙ.

2340 1973 2656 2041 Refulantur
2680 1975 2985 2030 Juda'orum
3012 1996 3229 2032 errores.

2090 2064 2216 2129 Quis
2247 2073 2423 2118 autem
2451 2067 2521 2116 ita
2551 2068 2799 2134 desipiai,
2824 2070 2941 2135 quis
2976 2069 3046 2120 ita
3084 2071 3336 2130 insaniat,
3363 2080 3420 2121 ut
3468 2070 3581 2123 hmc

2020 2156 2196 2207 omnia
2222 2156 2405 2209 credat
2449 2157 2500 2208 in
2535 2155 2819 2211 Salomone
2867 2160 3029 2212 fuisse
3084 2161 3387 2223 completa?
3449 2160 3577 2212 Nam

2017 2244 2243 2312 qualiter
2267 2244 2316 2296 in
2350 2242 2636 2299 Salomone
2666 2245 3060 2314 intelligendum
3094 2258 3193 2300 est.
3251 2249 3392 2316 quod
3450 2249 3578 2300 diri-

2018 2345 2132 2387 tur:
2172 2354 2191 2386 r
2218 2335 2504 2403 Postquam
2530 2337 2808 2391 dormieris
2830 2354 2949 2392 cum
2976 2340 3213 2405 patribus
3244 2340 3369 2401 tuis,
3410 2342 3576 2392 susci-

2019 2425 2138 2477 tabo
2171 2442 2347 2479 semen
2376 2435 2521 2479 tuum
2552 2436 2670 2494 post
2702 2436 2774 2487 te,
2796 2429 2935 2496 quod
2966 2429 3067 2481 erit
3094 2429 3155 2481 de
3189 2430 3311 2482 ﬁliis
3348 2429 3470 2488 tuis,
3524 2440 3573 2477 et

2016 2515 2279 2567 stabilirim
2309 2531 2531 2581 reg-ium
2553 2515 2667 2583 ejus
2695 2516 2774 2586 ill
2810 2516 2936 2586 Reg.
2975 2518 3088 2577 vii).
3124 2538 3139 2565 ι
3180 2518 3438 2579 Qualiter,
3492 2520 3571 2569 iu-

2016 2604 2446 2670 quam,dicihoc
2477 2604 2541 2657 de
2584 2603 2867 2657 Salomone
2919 2606 3111 2672 potuit,
3156 2608 3244 2674 qui
3300 2622 3401 2659 non
3459 2617 3577 2673 post

2017 2698 2238 2744 mortem
2265 2688 2427 2743 David
2455 2698 2609 2744 italus
2638 2701 2737 2757 est,
2773 2693 2852 2744 vel
2893 2708 3114 2758 regnare
3136 2695 3317 2761 cmpit,
3361 2697 3449 2745 sed
3481 2694 3574 2745 ad-

2015 2783 2119 2835 huc
2147 2790 2299 2850 patre
2324 2783 2537 2837 vivente
2569 2784 2843 2854 regnavit?
2877 2784 3014 2851 Quid
3044 2793 3126 2839 est
3158 2800 3284 2854 ergo
3315 2784 3454 2852 quod
3494 2785 3572 2836 di-

2011 2872 2183 2925 citur:
2218 2889 2234 2922 t
2268 2871 2552 2941 Postquam
2575 2873 2860 2928 dormieris
2881 2889 3002 2928 cum
3035 2874 3277 2943 patribus
3304 2875 3432 2936 tuis,
3457 2889 3573 2927 sus-

2010 2960 2190 3014 citabo
2210 2975 2391 3015 semen
2431 2972 2579 3014 tnutn
2616 2972 2732 3029 post
2758 2971 2839 3025 te;
2874 2981 2892 3015 ι
2928 2963 3029 3016 nisi
3058 2964 3195 3031 quod
3224 2962 3470 3016 Christus
3494 2972 3574 3015 est

2013 3053 2066 3103 in
2095 3052 2195 3104 hac
2221 3052 2574 3119 promissione
2594 3052 2852 3121 signatus,
2877 3052 2966 3120 qui
3012 3068 3116 3106 non
3166 3061 3289 3105 ante
3347 3060 3571 3105 mortem

2012 3141 2201 3204 David,
2229 3144 2320 3193 sed
2343 3140 2499 3210 longe
2513 3148 2631 3209 post
2651 3141 2978 3208 ejusobitum
3008 3142 3182 3196 fuerat
3210 3142 3573 3196 suscitandus?

3687 633 3851 686 David
3882 634 3946 688 de
3974 633 4184 687 Christo
4221 633 4536 700 promissum
4570 648 4584 684 :
4624 649 4641 680 ι
4671 629 4870 684 Juravi.
4906 627 5093 696 inquit,
5125 624 5216 678 Da-

3683 723 3769 775 vid
3796 737 3950 776 servo
3979 737 4117 782 meo,
4151 737 4318 787 usque
4348 720 4397 773 in
4429 731 4687 773 mternum
4720 716 5025 786 prmparabo
5055 728 5218 769 semen

3686 821 3866 876 tutnn;
3916 821 3968 865 et
3995 811 4268 865 aediﬁcabo
4297 809 4349 863 in
4381 808 4634 863 saeculum
4675 806 4850 870 saeculi
4881 804 5059 859 sedem
5089 814 5221 856 tuam

3685 897 3853 968 (I’aal.
3884 901 4161 965 Lxxxvm).
4193 917 4209 947 ι
4245 898 4307 951 Et
4337 896 4491 966 paulo
4534 905 4654 964 post
4689 914 4701 946 :
4741 913 4759 945 ι
4792 895 5012 956 Ponam,
5045 892 5220 959 inquit,

3684 991 3735 1041 iu
3763 991 3894 1042 mari
3925 1004 4137 1040 manum
4163 988 4299 1055 ejus.
4321 998 4374 1041 et
4399 988 4451 1040 in
4480 985 4784 1040 ﬂuminibus
4809 984 5076 1037 dexteram
5100 979 5220 1047 ejus.

3679 1076 3796 1137 lpse
3827 1077 4090 1132 invocabit
4116 1092 4219 1140 me,
4254 1075 4408 1130 Pater
4447 1089 4597 1130 meus
4625 1090 4683 1129 es
4720 1084 4795 1135 tu.
4823 1073 4961 1128 Deus
4986 1086 5150 1136 meus,
5177 1079 5225 1125 et

3681 1176 3959 1237 susceptor
3982 1167 4167 1221 salutis
4194 1181 4358 1229 meae;
4396 1174 4448 1219 et
4477 1180 4575 1234 ego
4598 1162 5010 1233 primogenitum
5040 1174 5222 1229 ponam

3682 1257 3828 1311 illum
3858 1267 3910 1311 et
3939 1257 4209 1312 excelsum
4256 1270 4363 1326 prie
4406 1254 4621 1323 regibus
4656 1261 4845 1314 terras;
4892 1252 4943 1304 in
4976 1258 5223 1304 :etemum

3680 1348 3905 1401 servabo
3952 1348 4023 1399 illi
4076 1344 4497 1400 misericordiam
4539 1358 4739 1407 meam,
4778 1352 4831 1396 et
4857 1347 5223 1396 testamentum

3673 1442 3858 1491 meum
3886 1435 4035 1490 ﬁdele
4065 1437 4194 1505 ipsi;
4224 1445 4278 1487 et
4302 1450 4493 1503 ponam
4523 1435 4575 1486 in
4598 1432 4848 1486 arculum
4879 1444 5058 1485 semen
5086 1429 5221 1497 ejus;

3683 1534 3737 1579 et
3790 1527 4037 1579 thronum
4081 1524 4194 1595 ejus
4244 1523 4383 1576 sicut
4427 1523 4541 1575 dies
4589 1520 4731 1574 cceli.
4788 1538 4806 1571 ι
4877 1516 4940 1570 Et
4987 1518 5223 1568 iterum;

3688 1630 3706 1661 σ
3744 1604 3916 1666 Semel
3940 1612 4111 1681 juravi
4144 1612 4196 1664 in
4245 1618 4431 1663 sancto
4457 1624 4575 1663 meo
4606 1608 4647 1661 si
4679 1607 4842 1660 David
4872 1604 5116 1667 mentiar,
5144 1617 5221 1656 se-

3684 1716 3803 1754 men
3836 1701 3949 1768 ejus
3981 1704 4030 1753 in
4062 1710 4316 1754 :eternum
4345 1699 4603 1762 manebit,
4636 1709 4687 1749 et
4717 1697 4938 1750 thronus
4964 1692 5075 1761 ejus
5098 1694 5228 1747 sicut

3682 1793 3759 1844 sol
3788 1793 3836 1844 in
3870 1802 4148 1860 LODSPCCIU
4182 1806 4318 1854 meo,
4343 1799 4395 1845 et
4424 1791 4561 1844 sicut
4590 1789 4710 1844 luna
4741 1787 4971 1858 perfecta
5001 1786 5050 1839 in
5079 1793 5227 1839 teter-

3610 1888 3657 1945 Β
3686 1898 3832 1945 num,
3867 1893 3920 1936 et
3953 1885 4103 1936 testis
4134 1885 4183 1935 in
4212 1882 4348 1935 ctelo
4374 1881 4566 1935 ﬁdelis.
4598 1899 4615 1931 ι

3753 1973 3857 2026 llas
3906 1973 4067 2043 igitur
4112 1987 4296 2025 omnes
4323 1971 4704 2039 promissiones
4747 1968 4813 2024 ad
4855 1966 5018 2021 David
5067 1965 5227 2020 factas

3682 2067 3946 2119 subtiliter
3977 2065 4198 2132 inSpice,
4226 2073 4278 2117 et
4304 2063 4384 2116 vel
4413 2076 4590 2132 regem
4615 2061 4680 2115 de
4705 2059 4870 2114 David
4899 2056 5145 2127 progenie
5174 2056 5226 2109 in

3681 2159 3793 2222 ejus
3825 2158 3955 2207 solio
3986 2154 4366 2223 prmcedentem
4393 2150 4634 2214 ostende,
4661 2150 4743 2204 vel
4783 2148 4958 2202 omnia
4989 2148 5053 2200 de
5076 2145 5227 2200 Chri-

3680 2260 3761 2300 sto
3794 2247 4066 2313 [ιι·;ιῖ‹1’τ“ι;ι,
4099 2256 4147 2298 et
4180 2246 4229 2297 in
4264 2246 4375 2310 ipso
4420 2241 4680 2311 completa
4730 2237 5032 2294 necessario
5056 2235 5223 2290 centi-

3680 2351 3809 2393 tere.
3846 2342 3911 2391 l‘i-
3949 2357 4008 2407 ge
4041 2339 4230 2401 adhuc,
4262 2349 4313 2389 et
4350 2337 4552 2391 discute
4596 2333 4759 2387 aliuin
4789 2330 5069 2400 psalmum.
5101 2326 5227 2392 Quis

3676 2429 3816 2479 enim
3848 2438 3925 2480 est
3960 2428 4044 2479 ille
4069 2465 4083 2487 ,
4134 2426 4197 2477 de
4226 2441 4331 2492 quo
4377 2424 4573 2476 dicitur
4602 2440 4614 2471 :
4650 2439 4667 2471 ‹
4698 2419 4864 2474 Mater
4889 2415 5014 2470 Sion
5041 2415 5181 2469 dicet
5208 2435 5222 2467 :

3679 2519 3865 2577 lloino,
3898 2526 3948 2568 et
3998 2517 4155 2568 homo
4203 2515 4376 2567 factus
4419 2521 4499 2567 est
4536 2512 4586 2564 in
4638 2525 4722 2573 ea,
4753 2521 4807 2563 et
4836 2509 4945 2577 ipse
4990 2505 5226 2560 fundavit

3677 2622 3791 2659 eam
3843 2605 4184 2659 Altissimus?
4233 2603 4402 2672 (Psal.
4431 2600 4714 2668 Lxxxvm.)
4767 2618 4787 2650 ι
4826 2596 4954 2663 Quis
4998 2603 5081 2648 est
5125 2595 5224 2647 iste

3675 2699 4019 2762 Altissimus,
4075 2697 4162 2766 qui
4211 2707 4261 2749 et
4324 2695 4482 2748 homo
4529 2693 4743 2756 dicitur,
4792 2699 4847 2744 et
4891 2685 5222 2741 altissimus!

3673 2788 3950 2849 Scrutare,
4005 2787 4225 2853 inspice,
4273 2784 4506 2847 revolve,
4554 2784 4599 2836 si
4645 2781 4834 2849 placet,
4873 2791 5056 2832 omnes
5084 2777 5223 2829 sacri

3674 2883 3867 2948 eloquii
3903 2881 4141 2948 paginas,
4166 2887 4221 2931 et
4244 2876 4529 2946 perpende,
4557 2875 4681 2943 quia
4710 2871 5009 2926 Altissimus
5029 2868 5222 2935 ubique

3674 2972 3739 3024 de
3792 2971 3899 3024 Deo
3946 2970 4161 3031 dicitur,
4209 2980 4468 3034 nusquam
4519 2962 4719 3017 dictum
4756 2963 4821 3015 de
4857 2956 5080 3025 simplici
5130 2955 5223 3007 ho—

3676 3060 3818 3113 mine
3852 3059 4132 3125 reperitur.
4182 3055 4368 3107 Restat
4394 3067 4522 3122 ergo
4550 3060 4607 3104 ut
4645 3064 4766 3105 cum
4813 3046 5139 3106 Altissimus,
5172 3048 5224 3095 et

3674 3150 3834 3203 homo
3880 3149 4035 3202 simul
4075 3148 4356 3215 jungatur;
4404 3143 4561 3205 Deus,
4599 3150 4653 3195 et
4681 3141 4842 3194 homo
4866 3152 4965 3190 una
4996 3148 5227 3204 persona

2009 3232 2110 3296 Qui
2144 3230 2386 3284 videlicet
2404 3231 2693 3285 aediﬁcaret
2717 3232 2934 3286 domum
2980 3234 3204 3288 Domino
3251 3234 3316 3286 de
3347 3232 3568 3301 parieti-
3598 3214 3642 3275 Ο
3673 3238 3845 3290 dictus
3878 3214 4222 3304 intelligatur,
4252 3235 4316 3287 de
4361 3247 4466 3300 quo
4494 3230 4809 3285 mirabiliter
4853 3226 5067 3281 dicitur.
5099 3225 5226 3293 quia

2008 3319 2110 3374 bus
2142 3334 2245 3374 non
2277 3319 2617 3385 manufactis,
2645 3322 2738 3375 sed
2768 3322 2833 3375 de
2852 3322 3117 3391 lapidibus
3166 3323 3318 3387 vivis,
3371 3332 3423 3376 et
3448 3337 3571 3392 pre-

2012 3410 2182 3471 tiosis,
2215 3409 2317 3464 hoc
2348 3418 2450 3474 est,
2469 3411 2671 3465 sanctis
2697 3422 2752 3466 et
2789 3411 2969 3479 justis.
3021 3412 3149 3466 Illud
3181 3427 3394 3481 quoque
3432 3411 3573 3480 quod

2011 3500 2283 3554 subditur:
2324 3517 2342 3550 r
2376 3499 2573 3554 Fidelis
2601 3500 2706 3554 erit
2731 3500 2920 3555 domus
2949 3500 3084 3567 ejus,
3113 3511 3165 3555 et
3192 3517 3413 3571 regnum
3456 3501 3571 3569 ejus

2015 3601 2179 3654 nsque
2205 3587 2258 3640 in
2282 3588 2871 3656 sempiternumcoram
2901 3606 2985 3643 me
3012 3591 3220 3660 (lbid.).
3268 3611 3282 3639 ›
3330 3589 3464 3655 Quis
3507 3590 3571 3642 de

2009 3673 2300 3731 Salomone
2327 3676 2528 3731 dictum
2552 3677 2829 3747 intelligat,
2850 3692 2969 3731 cum
2999 3679 3214 3732 domum
3244 3677 3356 3744 ejus
3381 3679 3539 3731 alieni
3557 3708 3571 3715 -

2006 3771 2160 3839 genis
2182 3770 2490 3825 mulieribus
2500 3769 2707 3839 plenam
2730 3769 2894 3824 fuisse
2920 3770 3094 3840 legat?
3111 3769 3224 3835 Quo
3247 3770 3388 3823 enim
3418 3779 3573 3836 pacto

2009 3862 2203 3914 domus
2225 3859 2523 3915 Salomonis
2543 3859 2651 3915 Deo
2674 3859 2845 3915 ﬁdelis
2870 3861 3097 3923 exstitit,
3133 3875 3254 3927 quin
3285 3859 3574 3928 gentilibus

2006 3950 2340 4012 mulieribus,
2371 3958 2427 4004 et
2445 3949 2742 4004 colentibus
2771 3950 2908 4004 idola
2938 3950 3089 4020 plena
3115 3949 3247 4003 fuit?
3271 3949 3386 4017 Ipse
3407 3950 3570 4003 etiam

2008 4042 2076 4095 ab
2105 4042 2183 4096 eis
2219 4042 2470 4096 seductus
2493 4041 2545 4095 in
2570 4042 2922 4097 idololatriam
2944 4044 3168 4103 corruit,
3197 4050 3250 4095 et
3276 4042 3448 4096 bonus
3473 4042 3572 4095 ini-

2009 4130 2104 4195 tio,
2135 4130 2269 4198 proh
2299 4131 2479 4185 dolor!
2512 4146 2682 4186 malos
2707 4132 2883 4186 exitus
2914 4131 3119 4185 habuit.
3158 4130 3263 4183 Aut
3302 4129 3571 4197 quomodo

2007 4220 2237 4273 thronus
2255 4221 2369 4288 ejus
2392 4219 2730 4275 ﬁrmissimus
2760 4221 2813 4275 in
2842 4230 3157 4291 perpetuum
3183 4220 3305 4289 jure
3350 4219 3567 4285 dicitur,

2008 4309 2133 4362 dum
2157 4319 2363 4363 constet
2391 4311 2513 4378 quia
2535 4311 2601 4365 de
2626 4310 2931 4365 Salomonis
2955 4311 3162 4366 semine
3194 4325 3283 4363 rex
3307 4325 3567 4380 nusquam

2008 4396 2165 4452 hodie
2195 4398 2496 4467 reperitur?

3674 3328 3739 3389 is,
3766 3328 3855 3395 qui
3887 3338 4045 3379 natus
4076 3336 4156 3378 est
4186 3326 4238 3377 in
4284 3337 4366 3386 ea,
4394 3322 4496 3375 hoc
4521 3328 4603 3375 est
4632 3319 4683 3372 in
4716 3318 4862 3379 Sion,
4893 3317 5003 3385 ipse
5033 3313 5222 3366 funda-

3673 3421 3748 3472 vit
3773 3434 3911 3471 eam.
3945 3417 4171 3470 Necesse
4198 3423 4280 3467 est
4303 3414 4493 3482 quippe
4515 3412 4662 3480 prius
4689 3410 4956 3462 civitatem
4988 3402 5227 3465 fundari,

3670 3517 3724 3561 et
3769 3508 3845 3560 sic
3892 3504 4225 3572 postmodum
4277 3503 4328 3556 in
4355 3516 4416 3553 ea
4447 3502 4714 3554 hominem
4754 3497 4919 3551 nasci.
4971 3493 5076 3547 Sed
5103 3495 5224 3561 quis

3671 3597 3809 3649 valet
3842 3596 3987 3664 prius
4014 3594 4196 3646 urbem
4241 3600 4575 3654 construere,
4606 3596 4659 3640 et
4684 3587 4735 3640 in
4777 3600 4839 3639 ea
4887 3581 5223 3652 postmodum

3672 3690 3734 3742 de
3766 3696 3948 3741 ventre
3979 3686 4167 3739 matris
4193 3684 4375 3737 exire?
4403 3683 4551 3748 Quis,
4599 3681 4835 3749 inquam,
4865 3676 4968 3730 nisi
4993 3674 5225 3729 Redem-

3670 3784 3792 3845 ptor
3814 3784 4018 3835 noster,
4044 3769 4140 3840 qui
4161 3771 4211 3824 in
4236 3773 4320 3825 bis
4353 3786 4466 3840 quae
4509 3769 4655 3834 fecit,
4678 3769 4920 3837 dignatus
4942 3773 5023 3818 est
5062 3763 5177 3818 fieri
5202 3764 5225 3813 ἳ

3739 3863 3877 3931 Quid
3905 3864 3970 3917 ad
4001 3863 4133 3925 haec,
4162 3859 4364 3923 Iudaee,
4385 3858 4497 3926 jam
4529 3857 4756 3912 tentabis
4784 3853 5056 3924 objicere?
5103 3851 5221 3917 Qua

3671 3957 4043 4011 inverecunda:
4071 3954 4264 4008 mentis
4286 3952 4506 4006 audacia
4539 3961 4644 4005 tam
4667 3948 4846 4011 claris,
4869 3957 4975 4000 tam
5000 3945 5222 4014 apertis,

3671 4054 3779 4099 tam
3823 4045 4018 4099 divinis
4065 4043 4268 4111 poteris
4332 4039 4718 4095 assertionibus
4761 4035 5016 4092 obviare?
5069 4035 5222 4095 Esto.

3667 4136 3808 4206 quod
3857 4137 4288 4198 blasphemautes
4335 4132 4512 4186 dicitis
4538 4171 4552 4196 ,
4597 4129 4865 4185 Christum
4909 4126 4975 4180 de
5020 4140 5080 4180 se
5126 4139 5223 4195 po-

3666 4229 3833 4284 tuisse
3858 4227 4130 4282 mendacia
4158 4224 4387 4294 lingere;
4438 4220 4698 4292 nunquid,
4733 4228 4789 4272 et
4816 4227 5098 4286 antequam
5126 4232 5223 4270 na-

3666 4327 3932 4381 sceretur,
3969 4317 4014 4371 si
4050 4315 4189 4369 Deus
4212 4329 4316 4368 non
4347 4320 4509 4377 esset,
4537 4327 4632 4381 per
4658 4309 4880 4364 aliorum
4905 4321 4997 4361 ora
5023 4316 5225 4360 semet-

3667 4410 3842 4477 ipsum
3863 4406 4031 4460 valuit
4056 4402 4409 4473 prophetare?
4431 4401 4563 4454 illud
4585 4400 4743 4453 etiam
4765 4396 4989 4466 qualiter
5017 4395 5223 4465 intelli-

2079 4483 2309 4540 Necesse
2330 4495 2413 4540 est
2434 4501 2578 4555 ergo.
2602 4487 2800 4550 Iudae,
2839 4496 2897 4542 ut
2940 4499 3131 4543 cuncta
3165 4489 3295 4550 haec,
3320 4502 3441 4558 qute
3469 4486 3563 4542 Sa-
3593 4535 3641 4594 υ
3666 4513 3783 4567 με,
3811 4495 3993 4549 audire
4022 4493 4208 4546 delecti

3092 4501 3131 4542 La
3165 4489 3295 4550 haec,
3320 4502 3441 4558 qure
3469 4486 3563 4542 Sa-
3593 4535 3641 4594 D
3666 4513 3783 4567 gas,
3811 4495 3993 4549 audire
4022 4493 4249 4546 delectat
4283 4509 4296 4544 :
4330 4508 4348 4540 ι
4379 4488 4650 4543 Eructavit
4679 4501 4771 4541 cor
4795 4499 4969 4539 meum
4995 4484 5221 4537 verbum

3217 4592 3226 4594 4
3350 4576 3417 4594 nl,
3449 4578 3522 4594 Α-.
3546 4593 3551 4594 ,
3668 4587 3678 4594 .
3927 4583 3958 4594 .-
4601 4579 4609 4589 -
4644 4575 4708 4594 In
4776 4576 4789 4594 Ι
4837 4589 4887 4594 .._
4908 4573 4977 4594 -..ἱ
5034 4592 5042 4594 _
5088 4572 5221 4594 n_:-

2008 4570 2207 4627 lomoni
2258 4577 2403 4630 vides
2430 4591 2764 4647 nequaquam
2794 4591 2948 4646 posse
2999 4592 3313 4647 congruere,
3349 4576 3564 4631 Christo

2009 4664 2229 4721 fatearis
2251 4682 2343 4735 per
2365 4669 2539 4722 omnia
2573 4670 2882 4723 convenire.
2915 4669 2988 4724 De
3034 4684 3140 4737 quo
3166 4671 3325 4721 etiam
3355 4668 3559 4721 Zacha-

2005 4758 2115 4813 rias
2141 4767 2387 4822 testatur,
2435 4758 2654 4815 dicens:
2706 4778 2730 4810 ι·
2780 4759 2902 4814 Hec
2948 4760 3075 4814 dicit
3111 4759 3381 4813 Dominus
3425 4759 3563 4813 Deus

2003 4850 2331 4904 exercituum
2355 4868 2366 4902 :
2394 4849 2533 4904 Ecce
2564 4851 2647 4904 vir
2665 4851 2848 4905 oriens
2877 4866 3067 4905 nomen
3096 4850 3238 4919 ejus,
3288 4858 3340 4903 et
3381 4849 3564 4903 subter

2002 4953 2122 4991 eum
2143 4940 2366 5003 orietur,
2388 4950 2443 4993 et
2465 4938 2823 4994 :ediﬁcabitur
2844 4940 3098 5009 templum
3140 4939 3366 4993 Domino
3391 4958 3403 4992 :
3448 4939 3561 5008 ipse

1999 5038 2244 5084 exstruet
2263 5030 2540 5100 templum,
2571 5039 2625 5086 et
2652 5031 2768 5099 ipse
2794 5030 3028 5099 portabit
3055 5031 3300 5099 gloriam,
3327 5039 3383 5085 et
3404 5031 3558 5084 sede-

2002 5120 2111 5182 bit,
2133 5128 2187 5173 et
2215 5121 2576 5174 dominabitur
2605 5135 2766 5190 super
2802 5121 2995 5176 solium
3024 5136 3203 5186 suum,
3235 5131 3291 5176 et
3318 5122 3420 5175 erit
3471 5133 3558 5175 5a-

2001 5211 2190 5265 cerdos
2228 5225 2389 5280 super
2438 5211 2571 5267 solio
2621 5227 2723 5267 suo
2770 5211 2956 5282 (Zarh.
3005 5212 3098 5282 vi).
3136 5233 3154 5265 ι
3218 5212 3284 5266 Et
3330 5215 3555 5267 iterum:

2007 5317 2025 5349 ς
2060 5297 2212 5364 Ecce,
2243 5299 2438 5370 inquit,
2459 5312 2557 5369 ego
2597 5301 2859 5356 adducam
2902 5317 3115 5357 servum
3146 5317 3322 5356 meum
3369 5301 3587 5366 Orieu-_

2005 5398 2136 5453 tem,
2163 5390 2288 5458 quia
2317 5404 2443 5446 ecce
2471 5390 2625 5461 lapis,
2656 5405 2812 5461 quem
2832 5391 2951 5447 dedi
2977 5406 3153 5446 coram
3189 5391 3313 5446 Jesu
3369 5390 3552 5460 (Zach.

2006 5480 2110 5549 ni).
2147 5498 2166 5530 ι
2194 5480 2364 5550 Super
2390 5481 2619 5549 lapidem
2668 5497 2829 5538 unum
2856 5495 3058 5553 septem
3080 5483 3218 5538 oculi
3250 5493 3395 5548 sunt,
3438 5486 3557 5554 qui-

2003 5568 2103 5622 bus
2128 5570 2377 5627 videlicet
2403 5571 2572 5628 oculis
2596 5581 2802 5644 septem
2824 5575 2999 5630 sancti
3036 5575 3269 5644 Spiritus
3294 5577 3435 5630 dona
3484 5577 3556 5631 si-

2001 5665 2246 5727 gnantur.
2264 5660 2415 5729 Quod
2437 5659 2543 5735 34
2555 5662 2599 5718 si
2620 5661 2846 5719 necdum
2875 5673 2927 5718 te
2939 5664 3116 5719 omnia
3143 5664 3257 5720 haec
3271 5665 3557 5734 propheta-

2004 5761 2118 5827 riyn
2149 5751 2387 5818 exempla
2415 5756 2757 5820 convincunt,
2790 5755 3060 5824 interroga
3089 5754 3261 5813 adhuc
3290 5756 3548 5823 octogesi-

3666 4587 3883 4646 bonum,
3908 4583 4027 4638 dico
4049 4597 4147 4651 ego
4167 4595 4328 4650 opera
4359 4594 4470 4633 mea
4505 4579 4612 4648 regi
4639 4575 4807 4645 (ρωι.
4837 4573 5001 4644 xuv).
5031 4592 5049 4625 ι
5086 4572 5224 4639 Quis

3668 4684 3748 4728 est
3782 4674 3869 4726 ille
3912 4688 4025 4733 rex,
4053 4673 4136 4724 cui
4169 4671 4308 4724 Deus
4355 4682 4516 4736 opera
4559 4682 4653 4721 sua
4704 4665 4867 4720 dicat.
4914 4663 5056 4718 Dicis
5086 4664 5223 4718 mihi

3667 4769 3895 4818 tortasse
3927 4782 3939 4814 :
3972 4762 4174 4826 David;
4221 4762 4312 4815 sed
4343 4760 4456 4830 lege.
4485 4768 4692 4812 sextum
4721 4754 4979 4825 psalmum
5007 4768 5105 4823 per
5132 4767 5222 4806 or-

3668 4853 3863 4915 dinem,
3894 4860 3948 4905 et
3978 4864 4164 4904 sensus
4190 4848 4421 4918 intellige
4444 4848 4725 4900 veritatem
4751 4862 4766 4898 :
4797 4841 5057 4897 descende
5078 4858 5221 4911 pau-

3662 4944 3828 4996 lulum
3856 4941 4101 5005 inferius,
4131 4951 4182 4995 et
4218 4941 4486 5008 interroga
4514 4952 4618 4992 non
4650 4950 4753 4998 me,
4781 4932 4875 4990 sed
4902 4934 5072 5003 ipsum
5107 4931 5218 4987 Do-

3662 5036 3883 5099 minum,
3916 5032 4036 5101 quis
4064 5034 4132 5086 sit
4162 5047 4274 5096 rex,
4307 5032 4390 5085 cui
4424 5032 4535 5100 ipse
4561 5043 4722 5098 opera
4753 5042 4851 5083 sua
4882 5026 5044 5081 dicat.
5072 5026 5220 5081 Audi

3660 5126 3785 5194 quid
3815 5124 4068 5194 praedicto
4095 5124 4203 5194 regi
4232 5123 4370 5177 Deus
4402 5122 4517 5191 ipse
4539 5121 4784 5190 loquatur
4816 5137 4828 5171 :
4865 5134 4885 5168 ι
4912 5116 5100 5179 Sedes,
5129 5119 5221 5171 in-

3663 5214 3796 5283 quit,
3825 5224 3930 5276 tua,
3950 5212 4107 5275 Deus,
4134 5213 4185 5266 in
4210 5211 4461 5266 saeculum
4481 5209 4658 5265 seculi
4677 5225 4691 5275 ;
4712 5209 4855 5278 virga
4879 5207 5221 5271 directiouis,

3661 5304 3809 5372 virga
3842 5302 3988 5371 regni
4017 5303 4090 5355 tui
4120 5301 4324 5372 (Ibid.).
4358 5321 4376 5354 ι
4412 5300 4467 5356 Si
4496 5302 4654 5371 igitur
4684 5299 4823 5355 Deus
4849 5308 4934 5354 est
4957 5299 5094 5371 ipse,
5122 5303 5222 5371 qui

3660 5393 3917 5462 loquitur,
3974 5393 4127 5457 Deus,
4162 5393 4227 5448 ad
4275 5407 4430 5462 quem
4476 5406 4653 5448 sermo
4701 5391 4977 5461 dirigitur;
5020 5404 5224 5448 conse-

3661 5498 3829 5553 quens
3857 5492 3959 5544 est,
3987 5491 4045 5536 ut
4074 5498 4175 5538 non
4207 5482 4511 5553 temporalis
4539 5482 4626 5537 ille
4655 5480 4841 5545 David,
4873 5479 4966 5535 sed
4994 5492 5222 5536 coaeter-

3660 5591 3762 5630 nus
3790 5575 3933 5629 Patri
3960 5574 4147 5641 Filius,
4177 5576 4270 5647 qui
4300 5590 4424 5630 vere
4449 5584 4534 5630 est
4557 5589 4719 5630 manu
4750 5573 4921 5638 fortis,
4953 5572 5221 5645 intelligit-

3620 5708 3637 5720 .
3660 5674 3767 5721 tur.
3795 5667 3924 5722 Illud
3951 5667 4114 5720 etiam
4141 5668 4283 5737 quod
4312 5667 4558 5722 similiter
4580 5665 4947 5735 interpretaris
4965 5664 5020 5719 in
5044 5664 5217 5719 David

3658 5760 3871 5814 silentio
3914 5760 4339 5818 ortetereundum
4384 5751 4502 5814 esse
4549 5772 4655 5815 non
4697 5757 4926 5811 arbitror
4962 5772 4973 5808 :
5012 5774 5032 5807 α
5062 5756 5214 5810 Duxit
