5392 6504
1003 354 1072 411 53
1784 352 2025 410 OPUSC.
2063 352 2125 407 Il.
2166 383 2235 392 —
2273 348 2667 406 ANTILOCUS
2701 349 2980 405 CONTRA
3013 349 3318 406 IUDEOS.
4194 347 4263 403 δι

1000 467 1257 523 Dominus
1312 466 1535 521 Domino
1568 481 1686 521 meo
1729 485 1741 519 :
1774 465 1889 536 35
1921 465 2058 519 Sede
2104 482 2132 517 a
2180 465 2381 517 dextris
2432 463 2569 517 meis
2598 464 2645 523 Α
2673 476 2884 533 gruere,
2914 462 3006 532 qui
3036 462 3332 532 Scripturae
3354 462 3663 517 considerat
3689 461 3957 528 ordinent,
4005 460 4125 530 quis
4166 474 4267 530 po-

1002 556 1173 628 (Psal.
1206 560 1358 624 cvn).
1396 577 1412 607 ι
1446 557 1502 611 Si
1528 558 1668 610 enim
1701 556 1801 610 hoc
1828 556 1894 610 de
1924 555 2111 617 David,
2141 564 2199 609 ut
2226 556 2445 613 asseris.
2482 557 2573 608 de-

1001 650 1090 703 bet
1122 649 1361 716 intelligi,
1394 648 1543 711 illud,
1578 648 1719 717 quod
1750 648 2011 716 sequitur,
2043 662 2146 717 qua
2174 648 2381 701 ratione
2405 646 2569 703 David

1000 739 1195 807 poterit
1224 738 1497 805 roaptnri?
1536 754 1553 787 ι
1583 735 1781 791 Tecum
1810 739 2130 807 principium
2164 739 2215 791 in
2243 739 2328 793 die
2359 740 2572 793 virtutis

1002 838 1126 890 tuae,
1162 828 1211 879 in
1236 826 1607 895 splendoribus
1633 836 1961 892 sanctorum,
1986 841 2049 882 ex
2076 838 2229 882 utero
2256 841 2380 883 ante
2409 830 2570 883 Luci-

1001 917 1172 970 ferum
1210 917 1364 985 genui
1399 926 1467 969 te.
1502 935 1518 967 ι
1554 918 1620 972 Et
1648 918 1842 972 iterum
1876 936 1890 972 :
1934 934 1953 969 ς
1979 915 2185 973 Iuravit
2210 919 2489 986 Dominus,
2519 930 2573 976 et

1010 1022 1112 1059 non
1147 1005 1422 1074 paenitebit
1448 1020 1589 1060 eum.
1629 1005 1704 1059 Tu
1738 1020 1796 1061 es
1836 1008 2092 1063 sacerdos
2122 1007 2173 1061 in
2201 1018 2461 1064 aeternum
2488 1025 2573 1066 se-

1002 1101 1229 1149 cundum
1262 1095 1503 1149 ordinem
1530 1096 1938 1153 Melchisedech.
1970 1119 1988 1151 ι
2023 1098 2192 1168 Igitur
2220 1100 2263 1153 si
2292 1102 2571 1168 sequentia

1001 1186 1064 1237 ad
1100 1184 1423 1239 intellectum
1458 1188 1622 1241 David
1670 1202 1777 1242 non
1820 1189 1966 1243 vales
2015 1188 2319 1256 inﬂectere,
2365 1192 2576 1261 cogeris

1000 1278 1159 1328 etiam
1210 1280 1487 1347 superiora
1527 1282 1592 1333 de
1634 1280 1880 1345 Christo,
1926 1282 2009 1335 cui
2059 1283 2396 1351 apertissime
2438 1298 2569 1338 con-

1000 1379 1220 1439 gruum,
1249 1371 1385 1423 dicta
1429 1372 1663 1426 firmare.
1698 1372 1771 1428 De
1796 1388 1904 1443 quo
1941 1372 2108 1429 Isaias
2139 1375 2423 1430 manifeste
2454 1391 2571 1446 pro-

1002 1460 1207 1510 multis:
1237 1500 1248 1521 ,
1298 1461 1479 1514 dicens
1523 1474 1539 1514 :
1596 1482 1612 1512 ι
1641 1462 1697 1516 In
1740 1463 1825 1517 die
1851 1462 1937 1517 illa
1962 1465 2065 1517 erit
2094 1465 2245 1520 radix
2279 1464 2450 1529 Iesse,
2479 1466 2570 1535 qui

1000 1556 1104 1601 stat
1138 1550 1186 1600 in
1218 1550 1426 1620 signum
1476 1552 1788 1621 populorum
1823 1570 1836 1608 :
1874 1554 2045 1623 ipsum
2096 1564 2280 1625 gentes
2311 1557 2569 1626 depreca-

998 1637 1216 1701 buntur,
1241 1649 1293 1693 et
1318 1640 1419 1692 erit
1452 1640 1755 1708 sepulcrum
1785 1641 1900 1709 ejus
1927 1642 2215 1714 gloriosum
2249 1646 2382 1715 (Isa.
2409 1648 2507 1715 ιι).
2546 1667 2563 1699 ι

1000 1724 1167 1779 Radix
1225 1729 1420 1797 quippe
1466 1729 1617 1784 Iesse
1668 1732 1719 1785 in
1772 1734 1982 1803 signum
2056 1746 2162 1788 stat
2224 1737 2565 1806 populorum,

2681 556 2803 607 terit
2830 552 3110 608 dubitare?
3133 552 3313 607 Addat
3339 553 3513 608 adhuc
3538 550 3695 608 Iesus
3719 554 3937 608 tertium
3962 552 4030 607 de
4070 549 4264 606 Salva-

2675 652 2790 697 tore
2815 650 3003 699 nostro
3030 643 3424 709 testimonium,
3456 654 3749 713 quatenus,
3778 652 3835 698 ut
3877 644 3951 697 ita
4005 642 4262 706 dixerim,

2674 734 2727 788 in
2752 747 2850 788 ore
2871 734 3231 800 duorum,vel
3274 735 3441 789 trium
3488 735 3598 790 imo
3645 734 4105 799 testimoniorum,
4154 742 4263 789 stet

2672 840 2831 881 omne
2854 826 3103 880 verbum.
3133 824 3226 879 Ait
3254 840 3413 896 ergo:
3446 844 3464 877 ι
3499 824 3749 880 Christus
3770 826 4020 896 purgavit
4038 834 4263 895 peccata

2673 914 2862 984 ipsius,
2894 925 2949 971 et
2974 915 3231 971 exaltavit
3256 914 3311 970 In
3333 926 3597 974 internum
3627 930 3796 971 cornu
3826 916 4013 985 ipsius,
4039 925 4095 971 et
4119 915 4267 970 dedit

2674 1007 2747 1063 illi
2780 1016 3159 1064 testamentum
3195 1022 3403 1078 regum,
3464 1016 3518 1063 et
3543 1009 3729 1063 sedem
3784 1006 3971 1078 gloriae
4015 1008 4070 1061 in
4097 998 4267 1061 Israel

2673 1097 2865 1162 (Eceli.
2918 1100 3108 1169 xum).
3147 1115 3165 1151 ι
3215 1096 3275 1153 Si
3322 1113 3454 1168 ergo
3502 1097 3771 1162 Christus,
3825 1097 3919 1167 qui
3964 1097 4266 1151 secundum

2672 1203 2892 1242 carnem
2925 1186 2992 1243 de
3015 1187 3185 1242 David
3214 1188 3481 1254 originem
3511 1186 3686 1252 duxit,
3712 1186 3826 1257 ipse
3851 1186 4019 1242 David
4042 1194 4265 1256 peccata

2671 1278 2945 1349 purgavit,
2976 1279 3091 1349 ipse
3119 1293 3288 1333 cornu
3316 1278 3486 1333 David
3520 1278 3573 1332 in
3621 1287 3939 1348 perpetuum
3982 1277 4266 1339 exaltavit,

2673 1369 2797 1422 etei
2824 1368 3009 1423 sedem
3060 1366 3245 1439 gloria:
3275 1367 3541 1433 contulit;
3587 1376 3804 1423 constat
3843 1365 4110 1436 profecto,
4142 1366 4267 1435 quia

2622 1452 2625 1453 ⁷
2673 1456 2818 1511 ﬁlius
2837 1463 2921 1510 est
2954 1456 3142 1518 David,
3171 1466 3224 1509 et
3259 1455 3371 1525 ipse
3398 1464 3478 1509 est
3504 1455 3669 1511 etiam
3697 1465 3914 1511 creator
3948 1454 4138 1508 David.
4194 1453 4270 1507 De

2675 1544 2840 1599 David
2864 1545 3008 1601 enim
3038 1546 3143 1599 dici
3174 1544 3343 1600 lector
3372 1546 3471 1598 ista
3503 1543 3832 1608 considerat,
3877 1544 3919 1597 si
3972 1543 4271 1612 superioris

2672 1644 2853 1691 textus
2875 1637 3119 1689 ordinem
3146 1635 3303 1689 oculo
3359 1635 3716 1689 continuante
3744 1643 4049 1703 percurrat.

2743 1723 2859 1779 Non
2892 1734 3068 1780 cesset
3090 1725 3265 1780 adhuc
3295 1726 3462 1780 Isaias
3484 1724 3769 1794 perhibere
3799 1724 4168 1779 testimonium
4202 1723 4268 1777 de

998 1818 1210 1882 quando
1241 1817 1484 1874 Christus
1514 1822 1849 1891 signaculum
1887 1826 2061 1879 crucis
2091 1804 2353 1896 imprimit
2378 1826 2571 1884 fronti-
2607 1804 2647 1860 Β
2675 1818 2929 1872 Chiis"):
2966 1835 2985 1869 ‘
3024 1817 3127 1872 PO“

2148 1804 2353 1896 ιριηίηίίι
2378 1826 2571 1884 mimi-
2607 1804 2647 1860 Β
2675 1818 2929 1872 tihristo:
2966 1835 2985 1869 ‹
3024 1817 3253 1883 Ponam,
3282 1818 3657 1889 inquit,super
3677 1816 3784 1882 his,
3807 1818 3899 1886 qui
3929 1817 4184 1888 fugerunt
4206 1816 4270 1870 de

1000 1906 1099 1959 hns
1126 1907 1418 1962 hominum.
1463 1913 1773 1980 Sropulmum
1810 1928 1986 1969 au'etn
2019 1914 2133 1984 ejus
2162 1919 2213 1971 in
2248 1927 2457 1975 tant-'um
2489 1930 2571 1975 est

1002 1994 1313 2061 gloriosum,
1341 2010 1394 2051 ut
1427 2000 1573 2054 salvo
1593 2018 1676 2065 eo,
1705 2003 1847 2070 quod
1880 2006 2140 2075 redempti
2172 2022 2267 2075 per
2290 2006 2404 2074 ejus
2435 2018 2571 2063 mor-

1000 2093 1107 2135 tem
1134 2085 1235 2136 silii
1266 2092 1329 2153 glr
1359 2088 1489 2140 riam
1538 2092 1663 2144 lotis
1694 2092 1991 2147 visceribus
2036 2095 2375 2159 exhibemus,
2406 2098 2569 2153 etiam

998 2173 1171 2228 lcum
1232 2177 1399 2245 ipsum
1469 2180 1739 2237 miraculis
1802 2195 2176 2240 coruscantem
2230 2187 2414 2255 gloria:
2462 2205 2573 2243 sua:

999 2277 1157 2318 CJllSl
1189 2265 1250 2318 ad
1280 2281 1336 2321 s3
1365 2282 1575 2324 omnem
1625 2272 1878 2327 mundum
1928 2290 2223 2345 provocare
2264 2286 2569 2338 cernamus.

1621 2362 1846 2421 CAPUT
1880 2365 1967 2421 IV.
2286 2365 2294 2373 ’

1141 2451 1498 2515 Conprmutur
1524 2451 1783 2508 Christum
1810 2473 1922 2513 vere
1950 2474 2059 2514 esse
2087 2457 2283 2515 Filium
2318 2464 2431 2518 Dei.

1071 2536 1190 2591 Iam
1222 2554 1347 2595 vero
1373 2542 1511 2597 inter
1541 2553 1614 2597 tot
1645 2548 2025 2617 prophetarum
2054 2551 2295 2619 oracula,
2327 2555 2467 2609 inter
2498 2565 2575 2612 tot

998 2625 1401 2684 evidentissima
1451 2641 1761 2689 sanctorum
1811 2639 2159 2707 testimonia,
2208 2646 2451 2716 nunquid
2492 2656 2570 2713 tu,

999 2713 1121 2769 Iesu
1154 2716 1225 2770 tili
1257 2718 1470 2788 Sirach,
1499 2726 1719 2780 omnino
1760 2730 1985 2795 tacebis,
2011 2740 2067 2785 et
2092 2732 2236 2787 inter
2264 2713 2492 2793 caeteros
2519 2746 2573 2793 tu

998 2821 1211 2876 quoque
1242 2810 1602 2869 testimonium
1623 2816 1689 2871 de
1711 2817 1933 2876 Christo
1958 2838 2063 2877 non
2097 2823 2378 2894 proferes?
2406 2828 2575 2886 Acce-

998 2900 1088 2951 dat
1127 2898 1237 2968 jam
1285 2899 1662 2961 fecundissima
1695 2911 1957 2979 sapientia
1997 2924 2083 2969 tua
2140 2916 2191 2970 in
2236 2921 2494 2989 medium,
2522 2933 2577 2979 ct

996 2988 1275 3045 fortiorem
1308 2991 1510 3059 Iesum,
1564 2997 1764 3053 fontem
1815 3002 2061 3058 videlicet
2090 3009 2322 3075 paradisi
2347 3051 2361 3075 ,
2404 3011 2457 3065 in
2486 3028 2577 3067 or-

997 3078 1119 3133 bem
1152 3087 1426 3137 terrarum.
1464 3087 1564 3141 sub
1608 3090 2057 3157 evangelistarnm
2092 3096 2260 3166 ﬁgura
2289 3115 2411 3155 cum
2440 3118 2573 3172 qua-

997 3181 1119 3226 tuor
1164 3174 1275 3228 suis
1306 3173 1615 3235 tluminibus
1647 3182 1953 3239 introducat
1992 3203 2007 3239 :
2056 3206 2073 3237 ι
2103 3186 2331 3262 Legem,
2376 3193 2569 3263 inquit,

1000 3264 1277 3319 mandavit
1304 3264 1513 3337 Moyses
1541 3270 1593 3324 in
1622 3276 1906 3344 praeceptis
1930 3276 2283 3347 jnstitiarum,
2314 3291 2373 3337 et-
2404 3285 2575 3341 haere—

997 3354 1168 3408 ditate
1203 3355 1383 3411 domui
1410 3358 1609 3426 Iacob,
1638 3371 1702 3427 et
1738 3363 1903 3419 Israel
1949 3369 2343 3437 promissionis.
2388 3372 2574 3429 Posuit

1002 3446 1166 3500 David
1215 3461 1381 3515 puero
1429 3465 1526 3506 suo
1573 3454 1813 3510 excitare
1862 3449 2139 3527 regem'ex
2191 3462 2306 3530 ipso
2342 3462 2576 3520 fortissi—

1000 3551 1144 3590 mutu
1178 3539 1231 3591 in
1260 3540 1453 3596 throno
1480 3543 1700 3601 honoris
1736 3546 2008 3602 sedentem
2064 3550 2117 3603 in
2159 3554 2569 3623 sempiternum.

997 3627 1097 3694 Qui
1134 3628 1320 3698 implet
1346 3633 1501 3702 quasi
1534 3633 1731 3691 Phison
1754 3640 2039 3706 sapientia,
2071 3652 2123 3695 et
2154 3643 2294 3698 sicut
2318 3644 2496 3714 Tigris
2523 3648 2573 3700 in

996 3720 1186 3775 diebus
1260 3736 1519 3777 novorum
1584 3738 1600 3777 :
1658 3729 1751 3795 qui
1820 3727 2005 3798 implet
2057 3732 2209 3798 quasi
2271 3732 2575 3803 Euphrates

995 3823 1209 3863 e.:nsum
1241 3851 1255 3873 ,
1320 3812 1410 3881 qui
1464 3813 1786 3884 multipliCat
1830 3820 1984 3886 quasi
2042 3818 2293 3878 Iordanis
2339 3824 2391 3877 in
2443 3834 2572 3881 tem-

996 3912 1127 3966 pore
1158 3900 1368 3966 messis,
1397 3904 1489 3971 qui
1522 3905 1686 3959 mittit
1719 3906 2057 3976 disciplinam
2091 3912 2234 3966 sicut
2264 3914 2437 3970 lucem
2464 3955 2479 3981 ,
2520 3926 2575 3972 et

998 3988 1255 4043 assistens
1268 3990 1421 4059 quasi
1436 3990 1623 4048 Gehon
1650 3996 1701 4048 in
1726 3995 1815 4051 die
1833 3997 2120 4055 vindemiae
2142 3998 2332 4072 (Eccli.
2352 4006 2520 4075 xxiv).
2548 4028 2566 4060 ι

995 4076 1154 4141 Ecce,
1188 4079 1324 4133 bone
1350 4078 1495 4145 Iesu,
1530 4098 1696 4137 unum
1725 4084 1792 4139 de
1837 4086 2054 4144 Christo
2084 4092 2471 4162 testimonium,
2504 4099 2570 4151 da

992 4180 1395 4236 consequenter
1434 4179 1487 4224 et
1518 4172 1663 4227 aliud
1704 4186 1720 4227 :
1777 4194 1795 4225 ‹
1830 4175 1888 4229 In
1922 4191 2194 4241 sermone.
2228 4182 2423 4252 inquit,
2456 4184 2571 4253 ejus

992 4255 1144 4309 siluit
1186 4268 1395 4323 ventus,
1442 4261 1769 4333 cogitatione
1813 4280 1910 4319 sua
1945 4266 2179 4336 placavit
2214 4272 2488 4342 abyssum,
2516 4283 2571 4331 et

993 4350 1253 4418 plantavit
1284 4350 1431 4405 illum
1464 4353 1721 4410 Dominus
1747 4353 1905 4412 Iesus
1936 4374 1951 4413 ;
1984 4370 2202 4431 propter
2232 4363 2403 4433 ipsum
2443 4381 2571 4421 con-

2675 1908 2852 1972 :‘iloab,
2907 1908 3117 1963 leonem
3158 1918 3212 1962 et
3264 1908 3522 1978 reliquias
3561 1918 3740 1963 terrae.
3794 1908 3995 1963 Emitte
4048 1922 4268 1977 agnum,

2678 2000 2921 2064 Domine,
2982 1999 3379 2056 dominatorem
3438 1999 3602 2056 terra:
3652 2002 3718 2055 de
3766 2010 3919 2071 petra
3952 2002 4153 2056 deserti
4204 1998 4271 2053 ad

2675 2101 2913 2146 montem
2939 2092 3059 2147 filis:
3084 2091 3213 2147 Sion
3244 2091 3402 2161 (1εαί.
3436 2093 3572 2163 xvi).
3614 2111 3631 2143 ι
3673 2092 3749 2148 De
3781 2094 3884 2148 hac
3910 2092 4057 2147 enim
4111 2101 4273 2163 gente

2676 2182 3031 2237 Mrabitarum
3077 2196 3328 2254 egressus
3392 2193 3475 2239 est
3506 2185 3688 2256 Agnus
3738 2185 4139 2249 immaculatus,
4178 2184 4269 2252 qui

2677 2278 2821 2331 tollit
2836 2287 3054 2347 peccata
3078 2278 3284 2343 mundi,
3307 2279 3397 2347 qui
3420 2279 3729 2333 dominatur
3751 2280 3801 2333 in
3817 2280 3948 2333 orbe
3975 2290 4245 2334 terrarum

2677 2368 2809 2423 Nam
2834 2369 2930 2439 qui
2962 2369 3044 2423 leo
3074 2377 3293 2439 propter
3311 2369 3683 2424 fortitudinem
3707 2370 3925 2430 dicitur.
3958 2370 4071 2438 ipse
4099 2385 4271 2440 agnus

2675 2470 2894 2530 propter
2943 2460 3413 2515 mansuetudinem
3467 2460 3807 2529 perhibetur.
3866 2460 4030 2519 Petra
4088 2472 4270 2515 autem

2676 2551 2876 2606 deserti
2908 2551 3053 2605 Ruth
3076 2552 3414 2621 intelligitur,
3452 2568 3573 2621 quae
3597 2551 3813 2607 deserta
3853 2552 4052 2622 prioris
4094 2564 4273 2607 morte

2674 2640 2943 2713 conjugis,
2970 2642 3120 2699 Ohed
3146 2646 3213 2698 de
3271 2642 3413 2698 Booz
3446 2644 3655 2715 genuit,
3708 2644 3775 2699 de
3824 2658 4055 2715 quorum
4106 2644 4273 2699 etiam

2675 2733 2927 2789 Christus
2954 2734 3124 2803 stirpe
3148 2735 3443 2790 descendit.
3471 2734 3625 2801 Quod
3653 2741 3837 2790 autem
3866 2750 3995 2805 ergo
4021 2734 4112 2791 hic
4134 2750 4269 2806 pro-

2676 2824 2961 2892 phetarum
2998 2822 3144 2879 dicta
3168 2826 3491 2894 permisceo,
3516 2832 3571 2879 et
3592 2838 3737 2879 nunc
3762 2823 3927 2894 hujus
3960 2822 4273 2879 testimonia

2676 2920 2915 2982 protero,
2947 2927 3089 2967 nunc
3110 2910 3176 2966 ad
3200 2911 3367 2979 illius,
3392 2926 3555 2983 quem
3572 2911 3686 2981 jam
3712 2911 4063 2982 reliqueram,
4104 2910 4273 2967 verba

2678 3016 2920 3069 recurro,
2946 3004 3050 3058 hoc
3076 3018 3141 3058 ex
3167 3003 3327 3059 taedio
3356 3017 3541 3075 agere,
3563 3002 3800 3058 vitanda:
3825 3002 4079 3059 videlicet
4103 3018 4159 3057 sa
4171 3004 4275 3056 tic-

2680 3095 2806 3149 tatis
2834 3110 3018 3160 causa,
3050 3096 3348 3161 contendo;
3379 3111 3446 3149 ne
3478 3097 3521 3150 si
3552 3097 3712 3150 unius
3741 3095 3897 3164 plura
3921 3097 4082 3151 simul
4123 3097 4274 3151 testi-

2680 3183 2860 3237 monia
2886 3191 3268 3251 congerantur,
3296 3185 3641 3242 audientibus
3662 3184 3939 3240 fastidium
3961 3197 4271 3257 generetur.

2677 3274 2782 3329 Per
2802 3274 3013 3345 singula
3033 3289 3247 3345 quoque
3277 3276 3586 3331 testimonia
3614 3278 4001 3347 prophetarum
4051 3279 4273 3333 nomina

2676 3378 2879 3435 ponere
2902 3366 3114 3430 studeo,
3145 3375 3441 3434 quatenus,
3472 3366 3518 3419 si
3549 3366 3661 3430 ubi,
3693 3368 3821 3435 quid
3868 3369 4103 3432 dicatur,
4162 3369 4275 3422 for-

2678 3465 2821 3510 tasse
2854 3454 3006 3509 locus
3037 3455 3351 3524 inquiritur,
3375 3457 3442 3511 ad
3465 3456 3779 3511 evitandum
3809 3457 4143 3512 calumniam
4193 3458 4275 3513 fa-

2673 3542 2778 3598 cile
2797 3543 3120 3612 reperiatur.
3161 3544 3369 3601 Rursus
3398 3546 3564 3615 Igitur
3596 3547 3784 3603 Daniel
3816 3550 3970 3604 teStis
4021 3551 4267 3614 accedat,

2675 3638 2730 3685 et
2757 3631 2885 3701 quid
2916 3633 2983 3687 de
3012 3631 3232 3689 Christo
3260 3636 3597 3707 cognoverit,
3624 3640 3677 3691 in
3730 3639 3969 3694 medium
3994 3640 4268 3709 proferat;

2674 3721 2770 3775 sed
2798 3720 2951 3790 prius
2972 3733 3159 3780 narret
3186 3725 3315 3795 quid
3360 3740 3455 3781 rex
3494 3727 3997 3785 Nabuchodonosor
4054 3732 4271 3798 viderit,

2674 3820 2961 3881 postquam
2990 3821 3102 3869 tres
3128 3829 3329 3885 pueros
3358 3817 3413 3871 in
3436 3817 3709 3873 caminum
3743 3820 3885 3891 ignis
3904 3818 4102 3889 jactari
4129 3837 4270 3893 prm—

2674 3906 2849 3979 cepit:
2882 3928 2901 3961 ι
2934 3910 3095 3975 Ecce,
3116 3910 3309 3982 inquit,
3336 3912 3493 3969 video
3506 3913 3653 3970 viros
3672 3924 3907 3986 quatuor
3933 3917 4140 3974 solutos
4154 3934 4272 3975 atu-

2674 4000 2927 4058 bulantes
2955 4004 3009 4057 in
3040 4003 3219 4060 medio
3247 4005 3409 4076 ignis,
3438 4014 3495 4061 et
3521 4005 3655 4061 nihil
3677 4010 4048 4081 corruptionis
4074 4012 4130 4067 in
4160 4010 4265 4079 eis,

2673 4100 2728 4147 et
2745 4093 2960 4162 species
2988 4096 3168 4163 quarti
3194 4095 3390 4152 similis
3417 4106 3502 4153 est
3550 4096 3688 4154 Filio
3734 4099 3831 4157 Dei
3874 4100 4039 4175 (Dan.
4098 4106 4206 4177 tu).
4244 4126 4265 4159 ι

2672 4184 2831 4251 Ecce,
2856 4185 3061 4253 Judtee,
3092 4188 3259 4244 habes
3287 4188 3483 4245 Filium
3504 4190 3620 4259 Dei,
3650 4206 3750 4247 cur
3785 4192 3925 4249 ultra
3953 4211 4156 4268 negare
4185 4198 4270 4254 ni-

2675 4276 2806 4331 teris
2831 4276 3027 4333 Filium
3056 4278 3197 4334 Dei?
3224 4278 3495 4350 Loquere,
3539 4285 3836 4351 responde;
3883 4286 4013 4357 quid
4057 4290 4273 4361 perspi-

2670 4368 2875 4433 cacius,
2897 4369 3025 4438 quid
3052 4370 3394 4426 manifestius
3414 4372 3645 4443 exprimi
3673 4376 3850 4444 potuit
3875 4376 3942 4432 de
3983 4376 4121 4435 Filio
4147 4380 4271 4449 Dei,

991 4451 1293 4497 nummatus
1316 4452 1398 4498 est
1428 4444 1637 4501 itineris
1677 4447 1819 4514 linis,
1846 4458 1899 4503 et
1933 4451 1984 4505 in
2015 4466 2265 4509 sermone
2292 4453 2408 4535 ejus
2433 4472 2563 4513 con-
2600 4498 2649 4557 Β
2673 4472 2839 4527 quam
2862 4458 3043 4515 dicere
3067 4458 3265 4515 Filiqu
3300 4460 3432 4517 Dei?
3462 4462 3617 4530 Quod
3646 4465 3691 4520 si
3710 4464 3822 4532 jam
3847 4462 3983 4519 nihil
4008 4444 4272 4533 objicere,

991 4539 1261 4586 sununata
1296 4544 1421 4589 sunt
1447 4538 1631 4591 omnia
1656 4537 1843 4607 (Ereti.
1867 4541 2041 4613 mn).
2074 4562 2094 4596 ι
2132 4545 2298 4601 Multa
2328 4547 2571 4606 dicemus

990 4628 1048 4673 et
1066 4619 1375 4677 deticiemus
1401 4625 1601 4681 verbis.
1624 4625 2030 4689 Consummatio
2055 4644 2234 4691 autem
2257 4652 2567 4695 sermonum

992 4712 1107 4779 ipse
1138 4720 1239 4766 est.
1272 4712 1329 4767 In
1360 4716 1614 4772 omnibus
1642 4719 1955 4789 gloriantes,
1985 4727 2054 4778 ad
2081 4726 2208 4795 quid
2238 4727 2571 4788 valebimus?

991 4802 1111 4871 Ipse
1142 4802 1284 4858 enim
1317 4807 1659 4878 omnipotens
1685 4828 1848 4882 super
1876 4814 2057 4870 onmia
2098 4830 2264 4887 opera
2292 4834 2419 4887 sua;
2468 4832 2568 4877 ter-

995 4893 1167 4951 :‘ibilis
1192 4894 1466 4965 Dominus,
1493 4909 1549 4956 et
1579 4912 1807 4970 magnus
1829 4902 2194 4974 vehementer,
2224 4918 2280 4966 et
2308 4912 2573 4969 mirabilis

992 4987 1235 5054 potentia
1282 4987 1471 5056 ipsius.
1525 4988 1901 5047 Glorilleantes
1954 4995 2237 5052 Dominum
2286 5010 2574 5067 quantum-

992 5090 1023 5128 ρ
1048 5089 1206 5142 mque
1248 5077 1516 5143 poteritis,
1559 5080 1921 5147 supervalebit
1953 5083 2127 5137 adhuc
2154 5095 2207 5139 et
2235 5090 2571 5147 admirabilis

992 5166 1391 5236 magnificentia
1422 5171 1558 5241 ejus.
1587 5172 1970 5232 Benedicentcs
2001 5176 2307 5246 Dominum,
2331 5185 2569 5240 exaltate

993 5257 1143 5313 illum
1169 5267 1428 5328 quantum
1458 5264 1681 5330 potestis
1708 5282 1720 5317 :
1750 5266 1920 5337 major
1942 5277 2024 5323 est
2046 5270 2187 5325 enim
2214 5271 2372 5329 laude
2397 5276 2566 5330 omni.

997 5348 1309 5405 Exaltantcs
1333 5351 1613 5422 replemini
1638 5356 1856 5425 virtute,
1882 5376 1949 5415 ne
1971 5360 2227 5420 iaborclis
2256 5383 2269 5419 :
2295 5380 2399 5420 non
2423 5367 2567 5421 enim

994 5445 1223 5501 habetis.
1270 5446 1403 5514 Quis
1454 5449 1585 5504 vidit
1629 5464 1795 5519 eum,
1853 5463 1909 5509 et
1958 5458 2278 5514 enarravit?
2331 5460 2398 5515 Et
2445 5461 2569 5530 quis

991 5538 1357 5609 magniﬁcavit
1389 5556 1513 5596 eum
1542 5541 1684 5599 sicut
1711 5550 1776 5600 ab
1806 5546 2006 5602 initio?
2047 5548 2215 5607 Multa
2252 5552 2568 5609 abscondita

989 5639 1120 5685 sunt
1148 5629 1347 5698 majora
1380 5634 1463 5688 his
1496 5653 1509 5688 :
1546 5650 1715 5705 pauca
1736 5637 1879 5693 enim
1913 5639 2155 5696 vidimus
2175 5656 2399 5713 operum
2429 5642 2568 5712 ejus.

987 5720 1105 5795 33
1122 5721 1253 5790 Qum
1283 5724 1532 5783 videlicet
1581 5739 1772 5786 cuncta
1821 5730 2170 5803 Redemptori
2218 5745 2404 5794 nostro
2435 5754 2565 5794 con-

2678 4547 2882 4603 nullum
2914 4547 3060 4606 vales
3078 4550 3358 4621 aufugium
3388 4552 3657 4615 invenire,
3697 4555 3765 4611 da
3810 4570 4024 4620 manus,
4070 4563 4270 4609 temet-

2676 4640 2855 4710 ipsum
2882 4643 3076 4698 victori
3108 4644 3390 4701 bumiliter
3412 4647 3589 4713 trade,
3611 4647 3927 4719 victumque
3959 4656 4033 4715 te,
4096 4657 4153 4705 et
4179 4664 4272 4705 su-

2675 4740 2925 4801 peratum
2974 4732 3219 4791 funditus
3244 4735 3529 4793 confitere.
3578 4736 3731 4795 Nunc
3785 4739 3950 4795 etiam
3981 4737 4111 4809 quid
4152 4739 4273 4811 ipso

2679 4822 2863 4878 Daniel
2884 4824 2950 4879 de
2977 4823 3215 4893 Christo,
3243 4825 3310 4882 de
3334 4825 3473 4883 Filio
3492 4828 3712 4896 viderit,
3752 4829 3927 4885 dicat:
3959 4848 3997 4882 ‹-
4028 4829 4273 4901 Aspicie-

2678 4911 2801 4967 bam
2826 4914 2878 4967 in
2911 4914 3121 4971 visione
3142 4917 3345 4983 noctis,
3359 4926 3414 4973 et
3436 4933 3567 4975 ecce
3584 4934 3708 4975 cum
3734 4920 3972 4976 nubibus
3991 4920 4113 4977 εωιὶ
4135 4936 4271 4992 qua-

2676 5004 2722 5057 si
2749 5003 2917 5060 Filius
2944 5006 3179 5062 hominis
3209 5007 3484 5074 veniebat,
3515 5017 3571 5064 et
3590 5025 3761 5081 usque
3803 5011 3872 5067 ad
3912 5011 4124 5067 dierum
4171 5028 4270 5067 an-

2675 5096 2883 5167 tiquum
2916 5098 3191 5167 pervenit:
3240 5108 3298 5155 et
3334 5100 3391 5154 in
3439 5110 3734 5171 conspectu
3786 5102 3902 5171 ejus
3953 5103 4269 5161 obtulerunt

2676 5202 2820 5252 eum,
2848 5194 2903 5241 et
2925 5188 3074 5243 dedit
3101 5189 3149 5249 ei
3173 5197 3517 5259 potestatem,
3541 5200 3597 5246 et
3624 5192 3910 5260 honorem,
3935 5204 3993 5250 et
4017 5210 4265 5265 regnum:

2676 5288 2731 5333 et
2752 5294 2942 5335 omnes
2967 5280 3396 5351 populi,vtribus,
3426 5292 3484 5338 et
3509 5284 3706 5355 lingua:
3733 5286 3834 5357 ipsi
3866 5287 4132 5343 servient.
4158 5288 4263 5344 Po-

2674 5376 2845 5425 testas
2873 5370 2990 5439 ejus
3010 5379 3251 5443 potestas
3275 5383 3500 5440 :eterna,
3552 5390 3674 5446 qua:
3701 5394 3808 5433 non
3856 5378 4138 5435 auferetur
4162 5399 4175 5435 :
4210 5390 4268 5437 et

2676 5476 2898 5532 regnum
2926 5462 3061 5533 ejus,
3103 5464 3247 5535 quod
3276 5482 3383 5522 non
3439 5478 3823 5539 corrumpetur
3874 5471 4035 5542 (Dan.
4088 5472 4206 5545 vn).
4240 5494 4261 5529 ι

2671 5550 2741 5605 Et
2766 5552 2960 5607 iterum
2994 5553 3046 5607 in
3090 5554 3297 5611 visione
3338 5566 3533 5612 octava
3578 5558 3719 5613 idem
3770 5560 3987 5616 Daniel:
4014 5580 4033 5612 ι
4091 5560 4264 5631 Scito,

2673 5643 2867 5711 inquit,
2918 5653 2973 5699 et
3025 5644 3207 5715 planta
3236 5662 3444 5713 aurem,
3488 5657 3542 5703 et
3596 5650 3965 5707 animadverte
3996 5651 4065 5707 ab
4115 5653 4263 5709 exitu

2673 5740 2957 5807 sermonis,
3024 5747 3083 5795 ut
3155 5740 3349 5797 iterum
3407 5741 3708 5800 aedificetur
3767 5744 4103 5803 Hierusalem
4164 5762 4258 5804 us—
