5392 6564
228 41 3358 134 μ

1994 459 2062 513 55
2417 457 2475 513 S.
2511 456 2711 512 PETRI
2747 451 3028 512 DAM‘AN!
3065 452 3215 508 OPP.
3259 450 3494 508 TOMUS
3531 448 3660 505 SEU
3703 449 3880 504 PARS
3917 449 4003 503 Ill.
4028 478 4093 488 —
4134 446 4492 503 OI’USCULA
4535 445 4755 501 VMlM.
5143 442 5206 499 50

1996 589 2099 644 que
2155 573 2221 625 ad
2305 572 2580 626 Christum
2639 570 2826 623 ducem
2901 565 3262 620 hebdomadas
3334 572 3556 633 septem,
3590 566 3637 623 Α
3666 560 3919 614 tondente
3945 574 4002 613 se
4028 559 4382 622 obmutescet,
4412 566 4463 611 et
4503 572 4606 611 non
4654 556 4857 625 aperiet
4908 569 4972 610 os
5005 566 5161 609 suum
5192 597 5206 619 ,

1996 663 2100 732 37
2130 672 2184 715 et
2214 661 2352 714 muri
2396 661 2449 713 in
2471 659 2711 727 angustia
2754 668 3055 724 temporum
3087 675 3098 707 :
3128 665 3182 708 et
3212 662 3331 724 post
3355 654 3554 707 hebdo—

1998 752 2185 805 madas
2207 750 2481 818 sexaginta
2497 747 2770 800 occidetu:
2794 746 3041 800 Christus
3068 762 3081 797 :
3108 754 3162 798 et
3193 759 3300 797 non
3320 744 3422 796 erit
3442 741 3556 808 ejus

1996 840 2244 911 populus,
2274 838 2364 904 qui
2418 851 2542 890 eum
2597 846 2885 906 negaturus
2930 843 3013 888 est
3043 833 3200 902 (Dan.
3231 834 3325 901 ts).
3367 851 3384 883 ι
3420 829 3555 896 Quid

1996 931 2251 1000 apertius,
2277 928 2407 997 quid
2424 927 2732 996 expressius
2758 928 2821 980 de
2842 936 3016 979 morte
3040 925 3238 979 Christi
3255 923 3361 975 dici
3380 928 3556 988 potest

1997 1020 2228 1087 co,quod
2244 1019 2773 1082 dicitur,roccidetur
2788 1015 3031 1072 Christus
3043 1018 3092 1069 »ἲ
3107 1015 3216 1068 Non
3231 1015 3318 1067 hic
3333 1014 3554 1082 mystica

1997 1108 2125 1161 latet
2143 1106 2332 1177 figura,
2350 1123 2456 1162 non
2480 1107 2689 1161 occulta
2716 1108 3004 1165 sententia.
3030 1106 3122 1160 sed
3148 1114 3330 1172 aperta
3356 1104 3551 1171 potius,

1997 1198 2119 1251 licet
2142 1196 2207 1251 de
2224 1196 2416 1251 futuris
2432 1195 2541 1264 jam
2566 1211 2709 1250 nunc
2730 1207 2985 1250 narratur
3003 1193 3250 1248 historia.
3276 1191 3371 1245 Cui
3394 1191 3551 1245 etiam

1998 1284 2207 1339 Danieli
2235 1285 2450 1341 Gabriel
2472 1287 2693 1354 angelus
2719 1285 2875 1354 paulo
2897 1284 3142 1351 superius
3164 1283 3360 1335 iterum
3386 1280 3512 1335 dicit
3537 1294 3551 1331 :

2002 1396 2018 1424 ι
2059 1374 2138 1429 Tu
2187 1384 2364 1429 autem
2417 1377 2781 1430 animadverte
2830 1388 3155 1436 sermonem,
3215 1381 3269 1426 et
3323 1372 3556 1441 intellige

1994 1467 2254 1521 visionem
2291 1486 2303 1520 :
2335 1467 2666 1535 septuaginta
2697 1465 3047 1519 hebdomada:
3088 1463 3413 1517 abbreviata:
3434 1471 3557 1516 sunt

2000 1570 2157 1624 super
2181 1553 2429 1623 populum
2460 1563 2704 1615 tuum,et
2724 1570 2885 1622 super
2906 1556 3092 1607 urbem
3107 1563 3346 1607 sanctam
3374 1561 3551 1605 tuam:

1993 1652 2054 1696 ut
2078 1653 2423 1697 consumetur
2451 1643 2844 1712 praevaricatio,
2876 1652 2929 1695 et
2961 1642 3118 1695 tinem
3159 1642 3385 1709 accipiat
3426 1655 3556 1709 pec-

1993 1742 2194 1795 catum,
2234 1741 2288 1786 et
2331 1731 2574 1787 deleatur
2622 1732 2901 1802 iniquitas,
2942 1741 2994 1784 et
3033 1728 3552 1795 adducatnrjustitia

1996 1824 2340 1893 sempiterna,
2396 1834 2453 1879 et
2506 1824 2793 1892 impleatur
2843 1825 2995 1885 visio,
3051 1831 3105 1874 et
3150 1823 3446 1890 prophetia,
3500 1828 3554 1873 et

3661 651 3723 704 de
3770 650 4015 718 angustia
4062 658 4117 703 et
4166 650 4231 703 de
4279 648 4484 716 judicio
4510 646 4748 702 sublatus
4773 656 4873 701 est.
4903 644 5210 700 Generatio-

3658 754 3778 794 nem
3806 741 3921 808 ejus
3943 738 4064 809 quis
4095 739 4405 793 enarrabit?
4426 737 4560 804 Quia
4582 738 4853 792 abscissus
4875 746 4959 791 est
4978 738 5043 791 de
5070 745 5207 792 terra

3658 828 3949 882 viventium
3984 828 4135 899 :38
4161 838 4378 898 pr0pter
4406 828 4581 884 scelus
4623 828 4804 898 populi
4819 828 4941 909 .mei
4975 828 5206 898 percussi

3657 932 3800 969 eum.
3829 917 3891 970 Et
3918 918 4067 970 dabit
4109 919 4299 986 impios
4347 932 4444 985 pro
4472 917 4765 985 sepultura.
4796 928 4852 972 et
4871 918 5087 973 divitem
5111 933 5209 988 pro

3656 1018 3831 1061 morte
3881 1023 3998 1072 sua,
4035 1023 4099 1062 eo
4129 1009 4270 1077 quod
4329 1010 4662 1078 iniquitatem
4713 1025 4818 1064 non
4854 1009 5065 1073 fecerit,
5112 1023 5208 1064 nec

3655 1097 3806 1152 dolus
3834 1097 3994 1153 fuerit
4021 1099 4075 1153 in
4098 1114 4194 1154 ore
4218 1098 4354 1166 ejus,
4377 1108 4431 1153 et
4460 1100 4714 1156 Dominus
4734 1100 4901 1155 voluit
4923 1115 5046 1155 eum
5074 1114 5206 1154 con-

3656 1197 3833 1245 terere
3858 1191 3908 1245 in
3936 1190 4268 1245 inﬁmitate.
4288 1191 4342 1246 Si
4367 1193 4605 1260 posuerit
4631 1201 4953 1263 propeccato
4977 1191 5206 1246 animam

3654 1295 3828 1345 suam,
3856 1283 4058 1337 videbit
4084 1296 4268 1336 semen
4296 1282 4622 1352 loogtevum;
4651 1292 4705 1337 et
4730 1282 4973 1336 voluntas
5002 1281 5206 1336 Domini

3656 1370 3707 1423 in
3732 1386 3889 1424 manu
3908 1370 4025 1438 ejus
4047 1371 4324 1442 dirigetur,
4344 1387 4442 1441 pro
4466 1386 4532 1426 eo
4552 1371 4691 1439 quod
4715 1371 4931 1425 tradidit
4959 1372 5010 1426 in
5041 1380 5210 1425 morte

3657 1459 3888 1511 animam
3935 1473 4108 1521 suam,
4141 1469 4195 1511 et
4236 1472 4358 1513 cum
4387 1459 4664 1514 sceleratis
4705 1460 4988 1528 deputatus
5013 1468 5129 1523 est;
5157 1467 5213 1513 et

3657 1548 3769 1616 ipse
3793 1557 4012 1616 peccata
4036 1547 4324 1602 multorum
4351 1548 4490 1613 tulit,
4525 1558 4580 1603 et
4602 1563 4699 1618 pro
4735 1547 5214 1618 transgressoribus

3658 1638 3883 1707 rogavit,
3909 1647 3965 1691 ut
3989 1653 4092 1691 non
4125 1638 4383 1706 perirent.
4420 1656 4437 1690 ι

3736 1730 3827 1784 Vis
3856 1728 4030 1783 adhuc
4058 1730 4243 1782 audire
4266 1729 4369 1786 alia
4398 1740 4558 1801 atque
4602 1729 4706 1783 alia
4736 1730 4800 1783 de
4822 1737 4992 1783 morte
5012 1725 5213 1783 Christi

3656 1817 3987 1871 lucidissima
4012 1819 4340 1883 testimonia,
4357 1827 4411 1874 et
4432 1820 4631 1890 absque
4661 1819 4765 1873 ulla
4787 1833 5005 1890 prorsus
5025 1819 5215 1874 obscu-

2002 1922 2230 1983 ungatur
2277 1913 2506 1968 Sanetus
2536 1925 2846 1966 sanctorum
2882 1912 3092 1981 (Ibid).
3141 1933 3158 1962 ι
3193 1913 3344 1976 Quod
3394 1911 3438 1965 si
3493 1912 3558 1965 de
3589 1896 3629 1953 Β
3662 1908 3818 1962 ritate
3839 1907 4235 1975 prolata?Audi
4269 1909 4451 1978 itaque
4486 1912 4614 1981 quid
4656 1910 4907 1965 Salomon
4935 1910 5000 1964 de
5022 1908 5218 1964 Judzis

1996 2001 2262 2070 prmfinito
2286 2010 2584 2071 temporum
2614 2016 2839 2056 numero
2863 2002 3096 2065 dubitas,
3142 2001 3254 2070 lege
3279 1997 3564 2052 Tertullia-
3659 2007 3846 2052 contra
3893 1998 4168 2053 Christum
4211 2000 4665 2062 machinantibus,
4719 2008 4773 2054 et
4821 2000 4884 2056 de
4929 1998 5043 2068 ejus
5090 2013 5215 2055 nece

1996 2098 2145 2150 nunt,
2173 2099 2227 2142 et
2255 2087 2537 2143 manifeste
2561 2089 2798 2159 reperies
2825 2089 3246 2158 quadringentos
3271 2087 3560 2155 nonaginta

1999 2168 2170 2228 annos
2215 2174 2437 2229 fuisses
2466 2176 2640 2245 primo
2689 2191 2830 2229 anno
2879 2176 3025 2229 Darii
3085 2177 3223 2244 regis
3275 2174 3560 2228 Persarum

1998 2280 2167 2334 usque
2194 2268 2261 2320 ad
2289 2268 2553 2321 excidium
2582 2266 2938 2331 Hierusalem,
2961 2269 3101 2335 quod
3130 2266 3331 2319 factum
3359 2274 3441 2319 est
3466 2280 3562 2332 per

2000 2358 2384 2426 Vespasianum
2400 2357 2622 2412 Romani
2641 2358 2847 2427 imperii
2861 2357 3177 2436 principem.
3192 2355 3560 2425 Septingenta:

2001 2456 2178 2504 autem
2210 2448 2556 2503 hebdomadas
2595 2448 3015 2519 quadringentos
3054 2447 3341 2515 nonaginta
3389 2460 3559 2499 annos

2000 2538 2202 2606 absque
2266 2537 2371 2592 ulla
2426 2539 2700 2592 dubietate
2757 2536 3062 2604 perficiunt.
3130 2536 3318 2588 Dicitis
3378 2544 3555 2587 autem

1998 2628 2227 2680 necdum
2253 2627 2464 2679 venissr
2495 2625 2787 2688 Christum,
2821 2633 2875 2678 et
2905 2624 3080 2678 adhuc
3100 2639 3221 2676 eum
3250 2637 3345 2675 vos
3371 2637 3558 2690 exspe-

1997 2724 2147 2769 ctare
2171 2723 2470 2769 venturum.
2506 2712 2612 2769 Sed
2648 2716 2771 2783 quis
2813 2713 3054 2782 ambigat
3100 2714 3241 2767 hunc
3292 2728 3557 2766 annorum

1996 2819 2276 2858 numerum
2302 2819 2330 2856 a
2354 2812 2594 2872 tempore
2625 2800 2859 2856 Dauielis
2891 2817 3010 2856 esse
3037 2801 3405 2855 transactum?
3435 2816 3554 2853 cum

1988 2896 2096 2964 jam
2127 2896 2270 2950 mille
2293 2895 2645 2965 quadraginta
2670 2908 2841 2948 annos
2867 2893 2992 2947 huic
3039 2907 3264 2947 summa:
3289 2891 3553 2960 superad-

1994 2987 2136 3039 ditos
2161 3000 2278 3041 esse
2305 3000 2405 3037 non
2432 2984 2713 3054 ignorem?

2067 3074 2587 3142 lmpudentissimum
2640 3086 2768 3142 ergo
2821 3081 2948 3134 est,
3003 3081 3120 3139 post
3181 3081 3291 3130 tam
3335 3070 3550 3140 longum

1994 3173 2221 3232 tempus,
2255 3163 2569 3231 prophetico
2594 3176 2817 3215 numero
2861 3162 3284 3232 superadditum,
3312 3161 3549 3215 futurum

3664 2092 4046 2155 tractantibus,
4104 2100 4313 2145 asserat
4362 2110 4374 2145 :
4437 2108 4456 2143 ι
4512 2091 4790 2154 Dixerunt,
4837 2090 5028 2159 inquit,
5068 2087 5215 2160 impii

3661 2185 3798 2252 apud
3829 2186 4147 2253 semetipsos
4178 2198 4192 2237 :
4224 2184 4435 2251 Venite,
4469 2184 4950 2240 circumveniamus
4989 2184 5214 2254 justum,

3662 2272 3912 2338 quoniam
3964 2273 4169 2329 inutilis
4191 2283 4273 2328 est
4315 2273 4492 2341 nobis,
4524 2283 4579 2329 et
4602 2274 4902 2329 contrarius
4929 2284 5013 2329 est
5037 2275 5215 2345 operi-

3659 2362 3758 2414 bus
3790 2364 4009 2440 nostris.
4042 2373 4096 2419 et
4148 2366 4472 2435 improperat
4518 2368 4671 2422 nobis
4724 2375 4939 2437 peccata
4981 2366 5134 2437 legis,
5165 2376 5217 2420 et

3659 2450 3897 2502 ditl‘ainat
3929 2454 3977 2504 in
4003 2467 4099 2505 nos
4130 2464 4350 2521 peccata
4384 2455 4676 2523 disciplinze
4700 2466 4916 2510 nostra.
4945 2455 5213 2512 Promittit

3658 2556 3712 2590 se
3740 2542 4019 2594 scientiam
4048 2542 4137 2595 Dei
4170 2544 4385 2607 habere,
4415 2555 4466 2597 et
4498 2545 4687 2598 Filium
4734 2545 4823 2599 Dei
4855 2559 4914 2600 se
4955 2546 5210 2600 nominat.

3658 2631 3849 2683 Factus
3876 2643 3957 2685 est
3990 2633 4143 2685 nobis
4174 2634 4227 2685 in
4258 2634 4645 2689 traductionem
4685 2636 5067 2704 cogitationum
5095 2636 5211 2691 ani-

3659 2736 3863 2772 marum
3888 2730 4210 2774 nostrarum.
4237 2721 4428 2776 Gravis
4454 2733 4534 2776 est
4560 2723 4711 2778 nobis
4740 2724 4901 2778 etiam
4924 2724 4989 2779 ad
5020 2724 5204 2779 viden-

3658 2810 3801 2871 dum,
3836 2810 4088 2877 quoniam
4122 2811 4397 2865 dissimilis
4421 2820 4501 2866 est
4532 2813 4654 2867 aliis
4692 2814 4802 2867 v'ita
4829 2812 4988 2877 illius,
5024 2826 5078 2868 et
5108 2815 5207 2866 im-

3656 2911 3868 2955 mutatae
3912 2910 4033 2955 sunt
4060 2902 4156 2954 via:
4180 2902 4313 2969 ejus.
4367 2902 4647 2973 Tanquam
4687 2920 4918 2977 nugams
4958 2907 5205 2960 estimati

3654 3006 3838 3045 sumus
3865 2991 3932 3044 ab
3962 2991 4070 3057 illo,
4105 3000 4156 3046 et
4189 2993 4422 3049 abstinet
4458 3011 4514 3049 se
4545 3012 4571 3049 a
4599 2997 4698 3049 viis
4732 2996 4929 3049 nostris
4958 3004 5207 3064 tanquam

3653 3085 3720 3135 ab
3774 3082 4160 3148 immunditiis,
4207 3092 4261 3137 et
4311 3085 4529 3152 prmfert
4588 3086 4877 3140 novissima
4917 3084 5205 3152 justorum,

3653 3182 3705 3225 et
3730 3172 3991 3240 gloriatur
4018 3183 4221 3241 patrem
4247 3189 4302 3227 se
4330 3176 4493 3228 Deum
4526 3176 4743 3229 habere.
4774 3175 5057 3230 Videamus
5082 3190 5208 3246 ergo

1994 3257 2169 3312 adhuc
2199 3269 2437 3323 asserere
2462 3253 2754 3309 Salvatoris
2776 3257 3085 3324 adventum.
3117 3256 3245 3308 Nam
3274 3257 3389 3323 ipso
3417 3265 3550 3308 (ειη-
3579 3240 3619 3297 C
3652 3264 3695 3315 5i
3730 3277 4006 3318 sermones
4037 3264 4178 3318 illius
4213 3266 4318 3317 veri
4347 3275 4490 3329 sunt,
4524 3273 4580 3319 et
4629 3275 4894 3320 tentemus
4927 3281 5046 3335 qua
5083 3240 5213 3321 vei)—

1997 3361 2146 3415 pore,
2179 3362 2285 3411 quo
2313 3346 2567 3398 Dominus
2609 3345 2800 3414 agebat
2845 3346 2983 3398 inter
3034 3346 3297 3408 homines,
3339 3355 3549 3411 poterat

1993 3435 2218 3489 forsitan
2249 3436 2448 3488 malitia
2475 3431 2778 3488 Judreorum
2802 3436 3018 3489 veritati
3048 3437 3436 3495 contradicere,
3464 3452 3553 3503 ap-

1993 3526 2220 3594 probans
2249 3542 2305 3579 se
2332 3526 2396 3579 de
2417 3526 2626 3593 expleto
2650 3526 2782 3577 tanti
2811 3527 3063 3593 tempOris
3088 3526 3261 3592 spatio
3286 3521 3550 3576 dubitare.

1999 3616 2147 3683 Nune
2182 3628 2361 3670 autem
2396 3632 2516 3670 cum
2567 3631 2726 3684 supra
2776 3617 3053 3684 pmefatum
3104 3632 3385 3669 numerum
3446 3623 3553 3667 tam

1997 3710 2310 3779 multiplicia
2338 3725 2595 3764 annorum
2639 3710 2911 3763 curricula
2946 3710 3400 3778 supercreverint,
3436 3709 3556 3775 quis

1991 3802 2102 3869 jam
2127 3801 2191 3854 de
2220 3800 2435 3869 przeiixo
2458 3814 2680 3853 numero
2707 3814 2765 3854 se
2789 3799 2934 3853 dicat
2979 3801 3253 3868 ambigere
3295 3813 3416 3850 cum
3463 3812 3555 3850 su-

2001 3892 2277 3959 peraddita
2332 3899 2409 3946 tot
2456 3899 2753 3960 temporum
2798 3891 2970 3962 spatia
3018 3891 3107 3945 vix
3145 3890 3322 3954 valeat
3360 3906 3559 3960 suppu-

1994 3988 2107 4034 tare
2127 3981 2152 4033 ’ἶ

2070 4071 2277 4126 Rursus
2308 4072 2370 4126 de
2396 4072 2645 4140 passione
2690 4071 2910 4137 Christi,
2937 4079 2991 4126 et
3037 4080 3208 4126 morte
3248 4072 3367 4141 ejus
3393 4070 3559 4126 Isaias

2005 4161 2338 4229 apertissime
2364 4161 2613 4231 loquitur,
2638 4162 2821 4218 dicens
2845 4180 2857 4215 :
2880 4181 2900 4215 ι
2922 4162 3163 4228 Domine,
3190 4164 3311 4233 quis
3332 4162 3559 4217 credidit

2004 4252 2204 4305 auditui
2237 4261 2441 4316 nostro,
2491 4262 2547 4309 et
2592 4253 2873 4309 brachium
2903 4256 3113 4311 Domini
3142 4256 3230 4310 cui
3259 4256 3557 4312 revelatum

1999 4340 2117 4394 est?
2141 4341 2206 4394 Et
2233 4341 2473 4396 ascendit
2502 4342 2640 4397 sicut
2664 4344 2961 4415 virgultum
3012 4358 3194 4401 coram
3225 4359 3311 4409 eo,
3335 4355 3391 4400 et
3419 4345 3559 4400 sicut

2004 4430 2152 4483 radix
2178 4432 2243 4485 de
2268 4441 2406 4486 terra
2434 4432 2637 4489 sitienti
2669 4445 2759 4490 :et
2803 4450 2901 4490 nor.
2934 4445 3018 4491 est
3046 4435 3254 4505 species
3281 4437 3353 4499 ei,
3384 4451 3557 4505 neque

3653 3365 3770 3404 tura
3798 3364 3920 3405 sunt
3946 3353 4041 3416 illi,
4067 3364 4118 3406 et
4150 3355 4383 3408 sciemus
4406 3369 4523 3422 qua:
4548 3364 4706 3409 erunt
4734 3355 5016 3409 novissima
5043 3355 5207 3408 illius.

3656 3442 3710 3491 Si
3745 3444 3888 3491 enim
3920 3450 4001 3493 est
4031 3456 4188 3493 verus
4216 3442 4306 3493 Dei
4333 3443 4515 3502 Filius.
4542 3445 4795 3511 suscipiet
4823 3444 4988 3506 illum,
5014 3456 5069 3497 et
5086 3444 5213 3500 libe-

3657 3530 3793 3581 rabit
3840 3546 3959 3582 eum
4014 3531 4080 3584 de
4126 3546 4283 3583 manu
4336 3533 4748 3585 contrariorum.
4803 3531 5131 3587 Contumeiia
5160 3546 5215 3588 et

3656 3628 3924 3673 tormento
3977 3622 4367 3690 interrogemus
4398 3623 4565 3685 Ηῆωι,
4597 3635 4652 3678 ut
4703 3625 4935 3679 sciamus
4964 3641 5215 3681 reveren-

3657 3712 3784 3761 tiam
3841 3707 3967 3774 ejus.
4028 3709 4192 3764 Morte
4225 3713 4528 3780 turpissima
4585 3715 4999 3768 condemnemus
5026 3713 5211 3778 illum;

3660 3800 3762 3851 erit
3791 3799 3929 3850 enim
3957 3812 4233 3866 respectus
4261 3817 4324 3853 ex
4360 3803 4694 3857 sermonibus
4726 3802 4885 3856 illius.
4912 3801 5033 3857 Haec
5064 3804 5200 3873 cogi.

3662 3898 3927 3950 taverunt,
3954 3895 4008 3939 et
4037 3898 4356 3942 erraverunt
4384 3904 4395 3940 :
4429 3892 4717 3944 excaecavit
4750 3893 4891 3944 enim
4918 3891 5032 3946 illos
5055 3892 5212 3946 mali-

3660 3978 3732 4030 tia
3766 3992 3972 4041 eorum,
3997 3986 4049 4030 et
4070 3979 4376 4032 nescierunt
4406 3992 4802 4036 sacramentum
4831 3981 4945 4044 Dei,
4972 3991 5022 4035 et
5039 3998 5213 4054 neque

3660 4079 4013 4139 speraverunt
4058 4072 4359 4126 mercedem
4403 4072 4644 4142 justitiaz,
4702 4088 4799 4128 nec
4844 4073 5216 4142 iudicaverunt

3661 4161 3917 4215 honorem
3948 4162 4248 4215 animarum
4300 4178 4516 4217 suarum
4546 4162 4693 4233 (Sap.
4745 4164 4826 4233 ιι).
4862 4183 4882 4217 ι
4924 4164 4989 4218 Et
5032 4163 5216 4217 lliere-

3659 4253 3796 4307 mias
3821 4271 3832 4304 :
3868 4272 3884 4302 ι
3924 4251 4175 4322 Spiritus,
4205 4254 4401 4323 inquit,
4432 4255 4544 4308 oris
4572 4257 4741 4310 nostri
4770 4254 5013 4310 Christus
5031 4254 5213 4310 Domi-

3659 4357 3763 4396 nus
3782 4352 3972 4409 captus
3993 4348 4073 4396 est
4103 4342 4156 4394 in
4182 4344 4419 4411 peccatis
4452 4346 4650 4398 nostris
4683 4363 4695 4398 :
4740 4344 4824 4398 cui
4848 4344 5080 4398 diximus
5112 4362 5126 4399 :
5156 4343 5212 4397 in

3659 4431 3847 4485 umbra
3877 4441 3964 4484 tua
3995 4431 4236 4487 vivemus
4260 4433 4310 4485 in
4335 4433 4584 4501 gentibus
4607 4433 4821 4503 (Thren.
4852 4436 4945 4504 tv).
4984 4453 5003 4487 ι
5032 4434 5099 4488 Et
5121 4449 5216 4503 per

2003 4519 2195 4584 decor;
2226 4530 2280 4574 et
2302 4522 2533 4577 vidimus
2556 4539 2699 4590 eum,
2725 4535 2778 4579 et
2804 4539 2913 4580 non
2938 4534 3058 4581 erat
3082 4536 3350 4594 aspectus,
3375 4534 3430 4580 et
3461 4525 3554 4580 de-
3585 4571 3635 4594 η
3662 4518 3872 4573 beatum
3902 4517 4001 4573 Job
4032 4519 4144 4587 ipse
4173 4519 4428 4574 Dominus
4472 4520 4524 4573 in
4557 4522 4802 4589 passione
4828 4520 5037 4592 positus
5082 4537 5210 4576 cou-

2003 4609 2357 4666 sideravimus
2394 4627 2515 4666 eum
2554 4612 2883 4682 despectum,
2914 4625 2969 4671 et
3016 4616 3364 4672 novissimum
3412 4616 3556 4670 viro-

2004 4713 2146 4762 rum.
2170 4700 2341 4755 virum
2370 4702 2638 4764 dolorum.
2677 4707 2733 4758 et
2783 4706 3041 4762 scientem
3081 4706 3469 4767 inﬁrmitatem,
3501 4714 3556 4759 et

2003 4792 2153 4858 quasi
2182 4792 2528 4848 absconditus
2542 4804 2623 4849 est
2652 4795 2827 4850 vultus
2853 4797 3057 4863 ejus,et
3076 4798 3359 4866 despectus
3379 4814 3393 4862 ;
3414 4798 3555 4853 unde

2002 4896 2100 4935 nec
2128 4886 2489 4951 reputavimus
2512 4902 2653 4940 eum.
2706 4887 2843 4942 Vere
2884 4890 3171 4959 languores
3198 4898 3412 4943 nostros
3440 4889 3552 4958 ipse

2002 4972 2140 5036 tulit,
2171 4985 2226 5027 et
2249 4973 2457 5030 dolores
2484 4984 2691 5032 nostros
2733 4979 2846 5046 ipse
2886 4981 3123 5048 portavit
3152 4996 3165 5033 :
3191 4988 3245 5034 et
3272 4995 3369 5034 nos
3393 4986 3553 5047 puta-

2000 5064 2174 5116 vimus
2193 5077 2312 5116 eum
2346 5064 2497 5132 quasi
2524 5064 2812 5134 leprosum,
2842 5078 2895 5121 et
2938 5084 3247 5136 percussum
3277 5085 3307 5122 a
3331 5070 3460 5131 Deo,
3503 5077 3557 5122 et

2003 5153 2374 5219 bumiliatum;
2406 5156 2520 5224 ipse
2549 5165 2726 5210 autem
2771 5158 3083 5212 vulneratus
3102 5168 3185 5213 est
3216 5170 3434 5227 propter
3456 5158 3556 5211 ini-

2000 5243 2234 5309 quitates
2254 5253 2482 5308 nostras,
2513 5248 2724 5302 attritus
2749 5257 2829 5302 est
2866 5257 3084 5318 prapter
3109 5249 3311 5303 scelera
3335 5258 3552 5311 nostra;

2003 5332 2279 5402 disciplina
2331 5336 2479 5403 pacis
2523 5345 2715 5391 nostra:
2751 5353 2910 5407 Super
2957 5355 3102 5401 eum,
3134 5348 3188 5392 et
3233 5338 3400 5393 livore
3440 5337 3557 5406 ejus

2003 5423 2174 5475 sanati
2220 5439 2421 5477 sumus.
2473 5424 2665 5480 Omnes
2709 5442 2805 5480 nos
2852 5430 3000 5496 quasi
3029 5445 3156 5483 oves
3207 5430 3552 5482 erravimus:

2010 5514 2369 5582 unusquisque
2422 5506 2474 5566 in
2526 5515 2660 5568 viam
2692 5531 2838 5570 suam
2870 5518 3184 5583 declinavit;
3220 5528 3273 5573 et
3299 5520 3553 5572 lion-linus

2010 5601 2182 5667 posuit
2210 5602 2262 5655 in
2285 5619 2349 5657 eo
2375 5604 2705 5672 iniquitatem
2754 5610 2987 5661 omnium
3034 5620 3298 5663 nostrum.
3330 5610 3553 5665 Oblatus

2011 5702 2111 5756 est,
2143 5693 2266 5761 quia
2292 5695 2403 5765 ipse
2430 5695 2610 5759 voluit,
2636 5707 2690 5751 et
2725 5714 2829 5751 non
2859 5701 3069 5767 aperuit
3093 5716 3152 5755 os
3176 5716 3330 5754 suum
3368 5720 3379 5753 :
3414 5702 3552 5754 sicut

2011 5781 2121 5834 uvis
2150 5785 2214 5835 ad
2244 5785 2561 5841 occisionem
2605 5787 2844 5851 ducetur,
2898 5800 2945 5842 et
2974 5790 3124 5859 quasi
3155 5804 3321 5859 agnus
3369 5806 3546 5842 rorant

3583 4571 3636 4630 D

3663 4610 3924 4677 queritur,
3955 4608 4140 4661 dicens
4170 4624 4182 4660 :
4216 4626 4234 4658 ‹
4271 4607 4434 4679 Ruga:
4462 4624 4593 4663 mea:
4633 4611 4992 4666 testimonium
5028 4612 5214 4667 dicunt

3661 4709 3848 4753 contra
3867 4706 4043 4763 me,et
4062 4698 4352 4753 suscitatur
4375 4698 4691 4769 falsiloquus
4716 4702 4996 4756 adversum
5019 4700 5211 4756 faciem

3661 4806 3836 4846 meam
3890 4790 4261 4845 contradicens
4307 4792 4457 4845 mihi.
4507 4790 4718 4861 Colligit
4767 4792 4928 4845 etiam
4974 4792 5211 4845 furorem

3661 4898 3814 4938 suum
3847 4883 3901 4936 in
3936 4897 4042 4947 me,
4071 4890 4126 4936 et
4155 4883 4490 4937 comminans
4528 4883 4680 4948 mibi,
4718 4881 4991 4955 infremuit
5024 4895 5212 4940 contra

3661 4988 3747 5027 me
3800 4973 4046 5027 dentibus
4092 4973 4445 5028 suiszbostis
4500 4988 4649 5028 meus
4694 4972 5018 5028 terribilibus
5047 4976 5213 5027 oculis

3664 5082 3748 5120 me
3779 5066 3999 5119 intuitus
4027 5075 4131 5119 est.
4161 5065 4502 5133 Aperuerunt
4547 5078 4710 5135 super
4738 5079 4821 5119 me
4850 5079 4942 5117 ora
4970 5079 5085 5126 sua,
5116 5081 5213 5119 ex-

3665 5155 3982 5224 probrantes
4029 5163 4407 5223 percusserunt
4455 5152 4723 5206 maxillam
4778 5168 4984 5214 meam,
5034 5153 5214 5207 satiati

3661 5255 3784 5300 sunt
3810 5245 3982 5313 pomis
4011 5242 4161 5296 meis.
4184 5242 4459 5296 Conclusit
4501 5256 4585 5294 me
4616 5242 4753 5296 Deus
4785 5239 4919 5309 apud
4948 5241 5206 5310 iniquum,

3661 5344 3711 5389 et
3751 5336 4000 5388 manibus
4038 5333 4316 5401 impiorum
4370 5347 4455 5386 me
4488 5332 4717 5386 tradidit.
4741 5331 5097 5385 Circnmdedit
5126 5346 5213 5383 me

3661 5427 3858 5482 lanceis
3885 5426 4014 5487 suis,
4041 5435 4089 5478 et
4117 5426 4515 5479 convulneravit
4562 5425 4770 5479 lumbos
4796 5436 4969 5484 meos;
4997 5438 5100 5476 non
5126 5437 5215 5491 pe-

3661 5520 3851 5586 percit,
3873 5527 3925 5571 et
3946 5514 4129 5569 elfudit
4160 5516 4207 5569 in
4238 5525 4434 5569 terram
4466 5516 4668 5570 viscera
4713 5528 4825 5568 mea
4864 5514 4982 5585 (Job
5006 5526 5141 5582 xvi).
5183 5531 5201 5561 ι

3658 5610 3785 5677 Qua:
3833 5611 4077 5663 videlicet
4123 5609 4301 5662 omnia
4356 5624 4388 5661 a
4439 5608 4593 5662 beato
4634 5606 4733 5662 Job
4775 5621 4988 5676 prorsus
5035 5613 5213 5659 extra-

3658 5717 3778 5761 nea,
3818 5703 3867 5753 in
3907 5700 4119 5753 Christo
4157 5699 4491 5767 reperiuntur
4530 5699 4645 5751 luce
4665 5698 4857 5752 clarius
4883 5696 5045 5752 fuisse
5067 5712 5211 5749 emno

3652 5792 3809 5859 picta.
