5392 6574
960 522 1023 579 57
1517 514 1762 574 OPUSC.
1804 515 1892 571 III.
1928 546 1997 556 —
2038 514 2383 572 DIALOGUS
2418 514 2629 572 INTER
2669 512 2973 571 JUDEUM
3014 512 3101 568 ET
3143 512 3639 572 CIIRISTIANUM.
4126 464 4223 595 I58

1030 634 1169 690 Ecce
1197 633 1287 703 qui
1320 642 1439 703 post
1460 641 1569 687 tam
1598 631 1934 703 perspicuam
1962 628 2328 698 exemplorum
2354 628 2526 683 lucem
2560 638 2606 693 Α
2636 629 2799 681 vium.
2835 627 2972 680 Audi
3024 626 3208 696 igitur,
3242 627 3368 696 quid
3398 628 3511 697 ipse
3554 629 3699 683 dicat
3728 646 3739 681 :
3773 648 3788 680 ι
3824 628 3971 684 Dixit
4001 628 4221 683 Balaam

958 725 1132 781 adhuc
1179 724 1497 779 testimoniis
1524 723 1743 792 indiget,
1776 728 1947 775 restat
1973 729 2031 774 ut
2061 720 2127 772 ad
2160 718 2531 787 contemplan-

956 818 1085 875 dum
1135 817 1434 872 radiantem
1485 816 1542 870 in
1593 814 1815 876 meridie
1849 812 2017 868 solem
2064 812 2299 867 lucernae
2350 811 2531 867 lumen

956 908 1229 980 elﬁagitet.
1258 907 1393 963 Nam
1420 922 1541 962 cum
1568 912 1647 961 tot
1686 912 1953 961 astrorum
1997 902 2298 958 caelestium
2351 903 2531 959 radios

955 1014 1141 1057 coram
1168 1009 1240 1065 te,
1264 998 1465 1063 Judzee,
1501 998 1685 1053 videas
1708 985 2029 1059 enitescere,
2063 996 2247 1058 miror,
2281 1008 2399 1065 quae
2424 1002 2531 1049 tam

955 1092 1133 1147 densa:
1156 1093 1388 1148 tenebrm
1412 1091 1673 1148 caecitatis
1716 1092 1892 1147 locum
1921 1091 2083 1143 etiam
2112 1088 2163 1143 in
2189 1088 2377 1143 vacuis
2402 1104 2531 1143 ocu-

953 1180 1129 1239 lorum
1152 1183 1370 1239 orbibus
1395 1183 1505 1254 39
1536 1184 1749 1239 valeant
1776 1183 2043 1237 obtinere.
2078 1180 2202 1236 IImc
2232 1181 2375 1235 enim
2399 1195 2527 1257 per-

954 1272 1253 1343 spi.ualux
1282 1276 1530 1347 veritatis
1557 1274 1705 1329 illum
1740 1288 1953 1343 quoque
1976 1272 2145 1327 latere
2190 1287 2297 1325 non
2328 1273 2525 1341 potuit,

951 1365 1046 1435 qui
1075 1367 1373 1423 tenebrosae
1384 1367 1706 1437 cupiditatis
1730 1365 1958 1435 caligine
1981 1366 2163 1419 oculos
2191 1366 2369 1419 cordis
2392 1364 2529 1417 ami-

951 1455 1046 1522 sit,
1087 1456 1305 1511 Balaam
1354 1458 1622 1521 videlicet,
1668 1457 1761 1526 qui
1792 1458 1918 1511 dum
1967 1454 2142 1510 lucem
2176 1454 2476 1510 aliorumve
2506 1454 2528 1479 ‘

950 1544 1181 1603 fastidiis
1206 1548 1461 1618 praetulit,
1478 1550 1594 1619 ipse
1617 1552 1668 1604 in
1694 1551 1929 1605 tenebris
1952 1549 2263 1604 ambulavit.
2289 1547 2348 1602 Si
2372 1564 2522 1619 ergo,

947 1635 1151 1703 Judtee,
1182 1642 1250 1695 ad
1282 1641 1526 1696 veritatis
1573 1642 1716 1696 viam
1761 1642 2059 1697 videntium
2092 1656 2197 1696 non
2222 1640 2303 1695 vis
2325 1641 2526 1697 habere

948 1726 1223 1793 ducatum,
1253 1730 1442 1785 saltem
1496 1744 1671 1788 cacus
1699 1746 1901 1790 meum
1935 1733 2080 1788 hunc
2121 1746 2350 1802 sequere
2381 1746 2522 1800 prte-

963 1937 3936 1967 WW

2632 716 2777 773 ﬁlius
2808 716 2983 770 Behor
3015 734 3027 767 :
3061 714 3199 770 dixit
3222 717 3385 770 homo
3407 717 3561 786 cujus
3578 717 3864 772 obturatas
3886 727 3969 772 est
3990 718 4219 774 oculus:

2632 812 2743 885 4ο
2762 814 2896 867 dixit
2921 810 3136 867 auditor
3157 826 3468 866 sermonum
3494 813 3589 867 Dei
3617 814 3707 883 qui
3739 816 3889 868 novit
3917 814 4222 869 doctrinam

2631 904 2913 966 Altissimi,
2934 913 2990 958 et
3008 902 3270 957 visionem
3295 902 3694 972 Omnipotentis
3718 906 3885 973 videt,
3908 906 3998 976 qui
4023 906 4225 961 cadens

2633 1002 2847 1062 apertos
2869 994 3034 1048 habet
3063 993 3249 1048 oculos
3282 1012 3295 1047 :
3330 992 3532 1048 Videbo
3558 1008 3704 1059 eum,
3750 997 3842 1049 sed
3874 1012 3979 1049 non
4010 995 4170 1050 modo
4204 1011 4220 1049 :

2634 1086 2887 1141 intuebor
2916 1072 3088 1151 illum,
3119 1087 3211 1140 sed
3254 1100 3362 1151 non
3390 1100 3576 1155 prope.
3611 1084 3919 1143 ORIETUR
3952 1086 4223 1141 STELLA

2634 1193 2703 1233 ex
2732 1177 2919 1245 Jacob,
2948 1187 3005 1233 et
3025 1187 3316 1248 consurget
3344 1180 3494 1250 virga
3527 1180 3593 1233 de
3622 1179 3806 1242 Israel,
3855 1189 3909 1233 et
3951 1180 4225 1249 percutiet

2634 1271 2799 1325 duces
2826 1270 3005 1336 Moab,
3040 1272 3384 1341 vastabitque
3415 1286 3606 1326 omnes
3647 1270 3784 1325 ﬁlios
3836 1270 3989 1325 Seth.
4023 1270 4089 1324 Et
4116 1271 4223 1326 erit

2630 1365 2861 1420 Idumaea
2890 1367 3163 1436 possessio
3187 1366 3326 1433 ejus,
3352 1366 3643 1421 Ιιεετοόίωε
3662 1364 3783 1420 Seir
3806 1365 3961 1420 cedet
3986 1364 4223 1425 inimicis

2628 1456 2782 1510 suis:
2815 1455 2985 1510 Israel
3037 1470 3165 1509 vero
3218 1454 3435 1511 fortiter
3462 1465 3606 1527 aget.
3653 1455 3729 1512 De
3776 1451 3944 1510 ,ιαςῶ
3991 1456 4099 1511 erit
4117 1455 4220 1528 qui

2628 1538 2967 1613 dominetur,
3037 1555 3093 1601 et
3146 1546 3343 1617 perdat
3397 1547 3655 1617 reliquias
3722 1547 3963 1602 civitatis
4021 1545 4216 1619 (Num.

2625 1636 2796 1710 xuv).
2850 1656 2871 1690 ι

2929 1728 3014 1786 Sit
3045 1746 3233 1786 nomen
3272 1730 3485 1786 Domini
3510 1730 3856 1787 benedictum.

1586 2100 1831 2208 πμ
1912 2121 2355 2239 OPUSC
2374 2124 2767 2239 ULUM
2856 2124 3551 2240 TERTIUM.

1049 2337 1445 2400 DIALOGUS
1486 2339 1723 2399 INTER
1766 2339 2104 2400 JUDJEUM
2166 2338 2765 2412 REQUIRENTEM,
2811 2341 2914 2401 ΕΤ
2956 2340 3509 2406 CHRISTIANUM
3551 2345 3602 2406 E
3641 2341 4109 2407 CONTRARIO

1689 2437 2351 2498 BESPONDENTEM.
2398 2438 2509 2499 AD
2551 2438 2899 2501 EUMDEM
2941 2438 3412 2503 HONESTUM.

940 2728 1330 2807 Ascnlsu'run.
1352 2760 1420 2769 —
1441 2728 1763 2807 Eorumdem
1792 2728 2095 2807 3Iudaeorum
2123 2732 2475 2807 pertinaciam
2526 2733 2701 2807 adhuc
2728 2733 3108 2807 vehementius
3135 2733 3382 2804 coarguit
3408 2774 3423 2798 ,
3453 2734 3579 2789 dum
3629 2738 3891 2805 quasdam
3946 2738 4215 2807 captiosas

1008 2801 1353 2885 qurestiones,
1399 2814 1533 2867 quas
1571 2799 1759 2885 frivzole
1789 2801 1841 2853 iu
1873 2800 2211 2885 Christianos
2251 2802 2531 2883 objiciunt,
2580 2803 2839 2885 dissolvit.
2884 2802 3131 2885 Pendent
3157 2799 3338 2884 autem
3371 2822 3559 2885 omnes
3590 2799 3775 2885 exiillo
3805 2799 4125 2885 capitefcut
4166 2810 4210 2863 si

1007 2869 1251 2949 Christus
1272 2870 1438 2949 legem
1469 2884 1572 2949 non
1602 2869 1839 2949 solvere,
1870 2871 1962 2924 sed
1990 2871 2280 2938 adimplere
2309 2873 2567 2949 venisset,
2610 2873 2746 2949 legis
2775 2872 3023 2927 Mosaicae
3055 2874 3390 2949 caeremoniae
3416 2875 3821 2949 aChristianis
3846 2869 4211 2947 negliguntur.

1008 2938 1254 3015 Ostendit
1278 2938 1438 3009 igitur
1466 2939 1598 3008 legis
1625 2938 1869 2993 Mosaica:
1917 2950 2206 3008 praecepta,
2254 2942 2481 3012 mystica
2526 2952 2579 2995 et
2605 2938 2909 2997 futurorum
2938 2944 3200 3013 prasagia
3232 2944 3421 3011 fuisse,
3453 2945 3682 3015 ideoque
3714 2949 3766 3002 in
3796 2938 4018 3004 Christo
4048 2950 4210 3004 ﬁnem

1009 3010 1303 3079 accepisse.

1009 3160 1162 3215 Nunc
1217 3169 1393 3215 autem
1440 3162 1505 3216 de
1550 3162 1869 3233 quihusdam
1918 3162 2302 3227 caeremoniis,
2332 3179 2516 3235 super
2549 3170 2591 3229 ιι
2622 3174 2766 3220 tione
2806 3180 3102 3225 cessemus.
3156 3166 3239 3224 Ad
3290 3169 3435 3239 quod
3487 3168 3782 3225 Sabbatum
3827 3173 4211 3229 celebrandum

935 3254 1128 3325 qn'Lbus
1171 3267 1313 3323 same
1342 3257 1805 3324 scrupulosissime
1860 3257 2137 3325 qumritis,
2184 3265 2239 3310 et
2284 3261 2515 3326 garrulis

936 3348 1248 3414 ambagibus
1278 3350 1629 3415 quaestionum
1659 3349 1830 3403 lucem
1876 3349 2124 3414 movetis,
2152 3349 2251 3402 sub
2280 3352 2511 3418 quodam

936 3440 1314 3508 inquisitionis,
1351 3442 1817 3510 responsionisque
1870 3441 2083 3518 dialogo
2135 3441 2313 3495 brevis
2373 3445 2512 3497 inter

936 3543 1034 3582 nos
1064 3538 1377 3582 eontexatur
1400 3530 1591 3593 oratio,
1622 3540 1677 3583 ut
1700 3545 1822 3583 cum
1858 3531 1949 3583 tibi
1982 3530 2141 3584 fuerit
2167 3546 2231 3585 ex
2260 3532 2511 3585 omnibus

934 3621 1287 3684 satisfactum,
1320 3632 1411 3675 aut
1444 3622 1781 3691 compcllaris
1833 3638 2023 3674 manus
2053 3622 2181 3676 dare
2207 3624 2508 3686 convictus,

934 3723 1027 3765 aut
1042 3728 1161 3767 cum
1178 3714 1529 3781 ignominiosa
1558 3715 1891 3767 tuarecedas
1907 3713 2216 3767 inﬁdelitate
2232 3713 2506 3768 confusus.

931 3805 1044 3873 Age
1069 3804 1249 3873 igitur.

1006 3893 1235 3959 Qna'slio
1272 3895 1315 3947 Ι.
1366 3894 1420 3947 Si
1451 3882 1697 3947 Christus
1728 3907 1836 3947 non
1865 3894 2010 3947 venit
2052 3906 2221 3963 tegent
2270 3894 2506 3957 solvere,

930 3984 1025 4037 sed
1068 3984 1320 4052 implere,
1354 4000 1449 4037 cur
1475 3998 1639 4059 carne
1666 3999 1771 4037 non
1805 3983 2207 4038 circumciditur
2241 3985 2507 4039 Christia-

932 4088 1033 4127 nus
1058 4075 1079 4126 ?

1006 4162 1307 4234 Responsio.
1354 4164 1466 4219 Iino
1501 4165 1611 4235 jam
1652 4181 1709 4220 se
1739 4166 1858 4219 ideo
1904 4164 2241 4219 Christianus
2284 4166 2507 4221 minime

931 4254 1288 4319 circumcidit,
1322 4256 1445 4322 quia
1470 4256 1612 4323 quod
1636 4256 2041 4309 circumcisione
2063 4257 2503 4325 prophetanatur,

931 4347 1179 4401 Christus
1209 4349 1465 4417 implevit.
1504 4349 1832 4419 Exspoliatio
1866 4351 2064 4419 quippe
2094 4353 2217 4406 vitae
2248 4353 2503 4419 carnalis,

930 4452 1050 4506 quae
1066 4438 1115 4491 in
1138 4439 1304 4493 veteri
1328 4438 1444 4507 lege
1468 4438 1641 4494 fuerat
1656 4441 1901 4511 ﬁgurata,
1919 4442 1969 4495 in
1984 4440 2311 4510 Christijam
2331 4446 2505 4499 cerni-

2619 3255 2734 3323 ipsc
2756 3268 3037 3325 provocat,
3072 3258 3199 3312 dum
3224 3259 3463 3315 clamat:
3495 3280 3511 3311 ι
3548 3258 3757 3325 Venite,
3790 3263 3980 3333 inquit,
4009 3266 4075 3319 ad
4102 3281 4209 3333 me,

2616 3362 2803 3402 Omnes
2829 3349 2921 3418 qui
2953 3348 3214 3404 laboratis
3255 3361 3309 3405 et
3334 3352 3545 3406 onerati
3576 3352 3727 3407 estis.
3762 3362 3813 3408 et
3842 3368 3939 3423 ego
3969 3354 4210 3410 reficiam

2615 3454 2729 3492 vos.
2767 3437 2955 3495 Tollite
2992 3441 3181 3511 jugum
3209 3454 3386 3495 meum
3415 3458 3575 3511 super
3603 3458 3697 3495 vos
3717 3484 3730 3507 ,
3758 3453 3812 3496 et
3842 3445 4035 3499 discite
4064 3461 4091 3497 a
4123 3460 4210 3501 me

2613 3531 2738 3599 quia
2766 3531 2913 3585 ruitis
2945 3546 3064 3585 sum
3112 3539 3168 3586 et
3212 3532 3430 3586 humilis
3475 3533 3664 3598 corde,
3711 3542 3763 3587 et
3807 3535 4094 3589 invenietis
4125 3553 4211 3591 re-

2612 3621 2792 3689 quiem
2840 3622 3125 3676 animabus
3177 3624 3391 3677 vestris.
3446 3641 3465 3675 ›
3512 3622 3759 3678 Carnalis
3807 3640 3936 3694 ergo
3983 3627 4208 3683 Sabbati

2615 3715 2819 3769 cultum
2850 3730 3245 3783 supervacuum
3273 3715 3541 3779 ducimus,
3576 3731 3698 3769 cum
3720 3716 3833 3785 jam
3862 3717 3989 3771 illud
4022 3734 4207 3774 verum

2613 3816 2666 3860 et
2702 3808 3038 3862 salutifcrum
3066 3850 3080 3874 ,
3132 3817 3352 3879 propter
3399 3808 3541 3878 quod
3580 3810 3883 3864 institutum
3921 3821 4022 3879 est,
4069 3813 4208 3867 cele-

2612 3896 2855 3951 bramus.

2690 3988 2923 4053 Qua'stio
2947 3986 2999 4042 5.
3036 3986 3092 4043 Si
3120 3988 3368 4045 Christus
3412 4004 3519 4043 non
3551 3991 3700 4044 venit
3749 3992 3921 4061 legem
3973 3992 4204 4060 solvere,

2610 4080 2703 4135 sed
2737 4079 2979 4148 implere,
3014 4096 3115 4136 cur
3138 4080 3482 4137 Christianus
3514 4084 3736 4153 negligit
3767 4085 4014 4139 ciborum
4059 4085 4209 4140 dill‘e-

2610 4170 2839 4224 rentiam
2860 4211 2873 4234 ,
2905 4186 3024 4239 qua:
3052 4171 3105 4225 in
3142 4170 3256 4243 lege
3292 4173 3603 4244 praecipitur
3632 4175 3956 4228 observari?

2686 4264 2986 4335 Responsio.
3014 4265 3127 4322 [tuo
3156 4266 3358 4321 idcirco
3386 4267 3500 4322 haec
3528 4284 3555 4321 a
3596 4267 3921 4323 Christianis
3956 4270 4201 4324 ciborum

2609 4354 2912 4410 diﬁ'ereutia
2958 4369 3064 4410 non
3090 4356 3419 4422 admittitur,
3452 4358 3707 4425 quoniam
3738 4373 3767 4410 a
3792 4358 4029 4422 Christo,
4055 4361 4200 4428 quod

2606 4464 2706 4517 per
2727 4450 2865 4504 hanc
2894 4448 3248 4519 ﬁgurabatur,
3282 4451 3553 4522 impletur.
3602 4453 3942 4508 lmmunditia
3979 4456 4200 4526 quippe,

933 4537 1021 4581 tur
1044 4530 1437 4583 resurrectione
1459 4531 1722 4599 completa
1750 4549 1762 4585 :
1794 4542 1847 4585 et
1872 4534 2014 4601 quod
2041 4542 2419 4603 exspectamus
2449 4537 2500 4590 in
2530 4526 2575 4589 C
2606 4555 2727 4609 qua:
2758 4548 2883 4595 tunc
2904 4539 3197 4597 cavebatur
3220 4542 3271 4596 in
3302 4543 3462 4608 cibis,
3496 4560 3638 4599 nunc
3663 4546 3715 4599 in
3747 4547 3987 4601 moribus
4014 4562 4202 4617 repro-

931 4625 1115 4672 n0stra
1149 4621 1543 4675 resurrectione
1601 4621 1862 4687 futurum,
1910 4624 2021 4693 jam
2068 4625 2121 4678 in
2156 4627 2296 4681 sacri
2329 4628 2504 4697 bapti-

928 4712 1119 4763 smatis
1151 4712 1407 4780 mysterio
1436 4715 1857 4768 commendatur.
1885 4713 2133 4770 Carnalis
2180 4717 2358 4785 itaque
2401 4718 2507 4771 cir-

929 4800 1189 4854 cumcisio
1214 4812 1467 4870 tanquam
1512 4802 1777 4872 superflua
1817 4804 1939 4872 jure
1967 4808 2348 4875 contemnitur,
2383 4824 2504 4862 cum

923 4889 1037 4959 jam
1062 4890 1372 4957 spiritualis,
1403 4900 1620 4960 propter
1640 4908 1799 4962 quam
1821 4896 2230 4965 signiﬁcandam
2254 4898 2342 4953 illa
2367 4914 2504 4967 prte-

926 4987 1186 5043 cesserat,
1220 4980 1521 5034 celebratur

1004 5068 1232 5133 Quwstio
1262 5071 1315 5124 2.
1361 5072 1469 5125 Cur
1493 5081 1689 5127 omittit
1723 5074 2062 5131 Christianus
2092 5076 2383 5133 Sabbatum
2415 5096 2505 5134 co-

928 5160 1059 5224 lere,
1111 5161 1155 5214 si
1194 5160 1441 5217 Christus
1485 5179 1587 5218 non
1638 5165 1783 5220 venit
1824 5166 1992 5231 legem
2016 5166 2242 5235 solvere,
2270 5171 2364 5223 sed
2398 5171 2500 5224 im-

928 5252 1071 5323 plere
1090 5253 1113 5305 ?

999 5341 1298 5410 Responsio.
1329 5354 1373 5395 Α
1421 5344 1573 5397 nobis
1614 5344 1903 5400 Sabbatum
1937 5348 2055 5402 ideo
2084 5364 2186 5402 non
2213 5362 2461 5405 servatur
2486 5395 2499 5419 ,

930 5433 1051 5501 quia
1081 5433 1219 5500 quod
1255 5441 1377 5485 tunc
1407 5444 1522 5487 erat
1552 5437 1602 5488 in
1636 5436 1801 5505 ﬁgura
1830 5440 2182 5507 praemissum,
2218 5457 2312 5510 per
2344 5446 2501 5499 exhi-

927 5523 1182 5577 bitionem
1236 5523 1313 5576 rei
1360 5523 1473 5590 jam
1526 5526 1766 5580 videmus
1818 5528 2113 5595 impletum.
2168 5532 2227 5585 In
2284 5534 2501 5590 Christo

926 5611 1121 5683 quippe
1173 5627 1357 5667 verum
1413 5617 1705 5684 spiritualis
1752 5621 1846 5674 otii
1891 5620 2185 5677 Sabbatum
2236 5626 2499 5693 colimus,

925 5718 1044 5756 cum
1079 5703 1129 5755 in
1169 5718 1232 5758 eo
1262 5705 1374 5759 solo
1418 5722 1564 5777 spem
1610 5711 1878 5778 ponimus,
1911 5723 1961 5766 et
1995 5716 2073 5769 sic
2124 5717 2177 5771 in
2226 5718 2315 5773 illo
2339 5760 2353 5785 ,
2389 5731 2499 5775 toto

924 5792 1101 5846 cordis
1133 5808 1313 5849 amore
1343 5812 1403 5850 ac
1426 5798 1709 5858 devotione
1751 5804 2096 5873 quiescimus,
2132 5817 2189 5863 ut
2232 5812 2300 5867 ab
2352 5814 2496 5868 omni

924 5882 1172 5940 vitiorum
1201 5888 1381 5942 servili
1423 5903 1585 5960 opere
1614 5908 1675 5950 ac
1714 5901 2047 5953 terrenarum
2098 5914 2278 5957 rerum
2322 5906 2493 5960 ambi-

2606 4632 2769 4684 batur
2798 4630 3068 4685 humanis.
3102 4631 3258 4686 Sicut
3287 4632 3431 4688 enim
3480 4636 3652 4689 sancti
3692 4636 3913 4704 quique,
3965 4651 4027 4690 ac
4068 4637 4204 4703 justi

2606 4720 3006 4775 transferuntur
3032 4724 3085 4777 in
3116 4738 3313 4792 corpus
3355 4723 3555 4779 Christi
3582 4743 3593 4777 :
3623 4727 3702 4779 sic
3745 4728 3813 4779 ab
3868 4741 3934 4781 eo
3984 4726 4201 4797 reprobi

2606 4828 2660 4866 ct
2694 4813 2861 4881 iniqui
2896 4825 3148 4883 tanquam
3173 4817 3274 4870 cibi
3304 4818 3635 4885 repelluntur
3663 4818 3950 4872 immundi.

2675 4902 2966 4973 Postquam
3000 4920 3127 4974 ergo
3172 4905 3286 4975 ipsa
3318 4906 3551 4971 Veritas,
3609 4922 3728 4976 qua:
3766 4909 4197 4979 signiﬁcabatur,

2606 4993 2823 5048 advenit
2849 4996 3075 5049 :merito
3100 4996 3515 5065 signiﬁcationis
3543 4999 3734 5051 umbra
3765 4999 4015 5053 cessavit.

2681 5085 2910 5150 Quwstio
2942 5090 2995 5140 Δ.
3027 5085 3085 5141 Si
3128 5088 3375 5143 Christus
3411 5105 3517 5143 non
3551 5092 3697 5143 venit
3741 5090 3912 5159 legem
3964 5090 4193 5157 solvere,

2605 5176 2698 5229 sed
2732 5176 2971 5244 implere,
3002 5192 3102 5230 cur
3137 5186 3192 5231 et
3221 5179 3533 5232 animalium
3577 5180 3835 5235 carnibus
3863 5181 4188 5237 sacriﬁcium

2606 5264 2715 5318 Deo
2744 5264 3086 5321 Christianus
3118 5284 3222 5321 non
3248 5282 3402 5323 curat
3432 5270 3673 5324 olI'erre?

2676 5356 2981 5424 Responsio.
3030 5358 3141 5412 lino
3187 5360 3387 5416 idcirco
3433 5378 3461 5415 a
3511 5362 3837 5417 Christianis
3886 5363 4193 5433 hujusmodi

2604 5448 2927 5501 sacriﬁcium
2950 5464 3054 5502 non
3078 5448 3323 5516 oﬂ‘ertur,
3353 5453 3476 5521 quia
3500 5454 3759 5523 quidquid
3787 5454 3841 5507 in
3866 5454 3970 5508 illis
3996 5454 4193 5511 hostiis

2605 5540 2778 5608 typice
2805 5542 3111 5608 gerebatur,
3162 5552 3331 5597 totum
3378 5545 3429 5597 in
3477 5545 3847 5600 immolatione
3889 5547 4049 5617 Agni,
4100 5546 4189 5617 qui

2606 5631 2741 5685 tollit
2771 5644 2986 5700 pcccata
3016 5634 3198 5688 mundi
3236 5635 3413 5703 (Jonn.
3458 5638 3516 5706 t),
3550 5636 3815 5691 veraciter
3841 5637 4187 5707 adimpletur,

2604 5733 2661 5778 et
2686 5725 2810 5793 quia
2838 5725 3019 5779 omnia
3049 5727 3135 5780 illa
3165 5728 3239 5780 nil
3281 5720 3426 5782 aliud
3452 5728 3644 5784 salutis
3683 5730 3974 5795 habebant,
4006 5731 4109 5785 nisi
4135 5739 4192 5785 ut

2605 5815 2672 5869 ad
2706 5816 2808 5870 hoc
2845 5826 3092 5872 nostrum
3137 5820 3461 5876 sacriﬁcium
3511 5822 3840 5876 unanimiter
3883 5823 4187 5888 tenderent,

2606 5908 2708 5962 hoc
2736 5924 2898 5963 unum
2930 5911 3106 5966 omnis
3137 5914 3581 5971 caeremoniarum
3624 5915 3910 5972 diversitas
3940 5917 4185 5988 designa-
