5392 6560
218 41 4232 135 w-

2033 399 2099 454 59
2453 397 2510 452 S.
2550 395 2750 452 PETRI
2787 390 3064 448 DAMIANI
3103 390 3251 445 OPP.
3299 391 3536 448 TOMUS
3571 389 3700 445 SEU
3742 390 3916 446 PARS
3955 390 4040 446 ill.
4082 422 4145 431 —
4186 389 4546 448 OPUSCUL‘A
4588 388 4812 447 VARIA.
5171 391 5232 445 60

2033 522 2151 572 rot,
2200 520 2477 580 postquam
2528 509 2698 561 hostia
2745 505 3031 574 tingularis
3074 504 3261 564 illuxit,
3315 502 3581 571 multiplex
3614 504 3657 559 Α
3689 518 3883 556 annum
3917 504 3993 557 vel
4020 504 4178 558 etiarn
4209 506 4425 569 veritas,
4454 520 4515 559 ac
4549 506 4804 575 sapientia
4836 504 4947 566 Det,
4974 519 5090 573 qua:
5115 520 5230 559 cum

2032 602 2238 664 umbra,
2271 616 2388 669 quae
2416 597 2762 668 prtecedebat.
2793 596 3028 650 evanuit.
3057 596 3188 659 Quis
3212 594 3355 648 enim
3386 595 3591 646 nesciat

2030 695 2215 745 eadem
2246 691 2504 744 sacriﬁcra
2552 692 2727 757 potius
2762 688 2828 740 ad
2866 688 2966 741 hoc
3012 686 3333 741 inobedienti
3376 685 3585 753 populo,

2030 794 2096 833 ne
2123 795 2238 832 cum
2268 779 2421 831 idolis
2450 780 2823 842 fornicaretur,
2851 778 3119 846 imposita,
3144 790 3299 845 quam
3323 774 3446 835 Deo,
3475 782 3589 827 tan.

2029 882 2187 936 quam
2213 868 2325 933 ipse
2357 866 2704 928 desideraret,
2741 867 2965 920 oblata?

2100 957 2327 1021 Qua’stio
2359 957 2410 1010 5.
2446 957 2501 1010 Si
2543 958 2787 1012 Christus
2827 973 2930 1012 non
2971 962 3130 1029 venit.
3149 957 3318 1024 legem
3362 970 3586 1019 scivere,

2028 1049 2118 1103 sed
2136 1049 2372 1118 implere,
2397 1063 2493 1101 cur
2514 1045 2849 1102 Christianus
2876 1062 3119 1117 azymam
3151 1061 3309 1114 quam
3342 1046 3429 1100 lex
3456 1060 3592 1114 prte-

2028 1137 2176 1205 cipit,
2209 1154 2313 1196 non
2340 1136 2630 1192 observat?

2097 1224 2391 1291 Responsio.
2418 1226 2624 1280 Idcirco
2651 1242 2679 1280 a
2726 1224 3049 1281 Christianis
3093 1228 3318 1280 vistbttts
3368 1239 3495 1287 tua.
3538 1233 3592 1280 et

2027 1318 2316 1386 corporalis
2338 1318 2442 1389 43
2466 1334 2652 1387 azyma
2674 1319 3099 1389 floccipenditur,
3126 1319 3376 1389 quoniam
3403 1331 3589 1386 expur-

2026 1418 2146 1476 gatu
2174 1412 2369 1463 veteris
2396 1414 2515 1463 vitae
2542 1410 2825 1474 fermento,
2857 1425 2993 1464 nova
3016 1412 3322 1477 conspersio
3345 1410 3590 1477 spiritua-

2027 1499 2146 1553 liter
2198 1500 2533 1568 adimpletur.
2586 1501 2733 1555 Tunc
2781 1504 2922 1554 enim
2967 1514 3082 1553 erat
3129 1502 3259 1568 legis
3313 1499 3585 1566 Scriptura

2012 1597 2365 1657 Piteceptnm,
2400 1607 2541 1643 nunc
2584 1600 2665 1643 est
2713 1593 3069 1645 testimonium
3102 1599 3190 1643 :et
3227 1600 3503 1657 postquam
3538 1591 3585 1641 id

2013 1681 2163 1748 quod
2193 1679 2445 1747 signiﬁca.
2488 1690 2612 1736 .tur.
2647 1680 2895 1743 advenit;
2925 1681 3022 1731 hoc
3051 1680 3191 1732 ouod
3230 1679 3585 1747 signiﬁcabat,

2021 1768 2246 1819 interiit.

3688 592 3873 647 d0teat
3902 594 4117 665 angelos
4148 596 4198 649 in
4228 597 4382 661 ccelo,
4416 598 4651 651 homines
4682 596 4838 649 etiam
4863 597 5054 651 docere
5095 598 5234 651 venit

3692 681 3742 735 in
3775 690 3912 736 terra
3938 701 3950 735 :
3983 684 4118 751 quod
4141 686 4288 753 prius
4312 686 4543 754 iusserat
4571 686 4852 739 carnaliter
4874 686 4970 740 sub
4990 688 5234 757 aenigma-

3692 773 3758 826 tis
3780 774 3964 828 umbra
3987 774 4212 837 servari,
4262 777 4598 843 postmodum
4629 775 4902 843 discipulis
4929 775 5039 831 suis
5083 777 5221 838 spiri

3693 864 3905 915 tnaliter
3936 862 4207 915 mandavit
4234 863 4475 932 intelligi.

3760 952 4057 1020 Responsio.
4091 952 4179 1007 Sic
4225 954 4363 1007 enim
4409 955 4520 1009 dies
4564 954 4817 1024 septimus
4865 955 5082 1010 feriatus
5124 971 5236 1010 esse

3687 1047 4016 1118 prtecipitur,
4053 1057 4108 1100 ut
4134 1057 4333 1101 mterua
4366 1063 4460 1117 per
4503 1064 4622 1103 eum
4664 1051 4874 1117 requies
4918 1051 5234 1119 designetur.

3691 1137 3779 1191 Sic
3804 1145 3856 1190 et
3890 1138 3938 1189 in
3985 1153 4124 1189 anno
4157 1138 4405 1205 septimo,
4452 1139 4529 1192 sic
4570 1149 4622 1192 ct
4666 1139 4717 1191 in
4747 1137 4984 1201 Jubllmo,
5016 1139 5108 1206 qui
5149 1154 5239 1207 per

3691 1240 3950 1278 annorum
3977 1224 4233 1277 circulum
4270 1226 4574 1293 septenario
4600 1242 4820 1281 numero
4846 1228 5042 1296 septies
5088 1228 5242 1296 repli-

3690 1324 3826 1374 cato,
3876 1324 3927 1365 et
3968 1315 4193 1367 monade
4242 1315 4578 1382 superaddita
4630 1318 4679 1371 in
4733 1318 5238 1386 quinquagenartum

3689 1402 3920 1464 ducitur,
3953 1416 4134 1454 secura
4167 1404 4314 1470 quies
4355 1413 4622 1473 perpetua:
4661 1404 4998 1458 beatitudinis
5027 1404 5238 1457 intima-

3692 1499 3791 1541 tur.
3823 1490 4108 1558 Incipiente
4136 1491 4581 1560 quippeJubilmo,
4616 1493 4752 1547 tubis
4778 1494 5005 1555 canitur,
5032 1507 5239 1544 omnes-

3690 1597 3791 1648 que
3816 1581 3877 1630 ad
3909 1584 4269 1647 pessosnones
4292 1583 4529 1651 proprias
4552 1591 4926 1645 revertuntur;
4962 1582 5082 1648 quia
5109 1583 5242 1632 sicut

3690 1670 3815 1721 d'cit
3846 1670 4129 1735 Apostolus
4159 1685 4176 1723 :
4203 1688 4219 1718 ι
4255 1670 4369 1737 Ipse
4412 1670 4666 1723 Dominus
4695 1671 4745 1723 in
4773 1668 4941 1735 jussu,
4972 1680 5025 1722 et
5046 1670 5096 1722 in
5120 1683 5244 1721 voce

3691 1758 4014 1823 archangeli,
4049 1767 4102 1809 et
4144 1758 4193 1808 in
4224 1759 4341 1809 tuba
4376 1757 4468 1810 Dei
4502 1758 4784 1811 (lescendﬂ
4807 1758 4871 1810 de
4898 1756 5065 1818 C(elo;
5095 1765 5247 1808 canet

2093 1858 2317 1921 Qiurstio
2339 1858 2387 1910 6.
2423 1858 2476 1911 Si
2507 1858 2747 1912 Christus
2792 1860 2960 1924 lerem
3003 1862 3149 1912 venit
3196 1857 3440 1924 implere,
3487 1873 3582 1909 cur
3616 1849 3656 1905 Β
3687 1849 3824 1897 οηίιιι
3854 1850 3992 1905 mh“,
4020 1859 4071 1899 Cl
4097 1858 4222 1899 ηιυΐι

3116 1863 3149 1911 η
3196 1857 3440 1924 impiam.
3487 1873 3582 1909 ςιιι-
3616 1849 3656 1905 Β
3687 1849 3824 1897 enim
3854 1850 3992 1905 tuba,
4020 1859 4071 1899 et
4097 1848 4288 1899 mortui
4322 1858 4594 1917 resurgent
4645 1848 4950 1915 incorrupti.
4985 1865 5001 1897 ι
5032 1845 5140 1917 Μ
5169 1846 5245 1898 Ad

2027 1947 2357 2000 Christianus
2416 1949 2681 2017 paschalis
2733 1950 2853 2013 agni
2911 1949 3168 2017 sarguina
3234 1948 3431 1998 Pascha
3486 1960 3588 1997 non

2028 2039 2278 2100 celebrat,
2311 2054 2430 2092 eum
2460 2039 2560 2091 hoc
2587 2048 2863 2107 tanmpere
2888 2037 2967 2091 lex
2998 2040 3106 2105 ipsa
3135 2044 3384 2090 decernat
3409 2038 3429 2085 ‘?

2097 2127 2390 2195 Responsio.
2425 2128 2520 2179 Hic
2552 2130 2598 2180 id
2632 2133 2801 2194 ipsum
2834 2129 3281 2195 respondendum,
3310 2126 3447 2191 quod
3476 2126 3583 2192 jam

2027 2216 2267 2283 superius
2291 2216 2489 2270 dictum
2517 2225 2630 2278 est;
2660 2217 2780 2282 quia
2805 2225 3084 2285 postquam
3110 2231 3267 2268 verus
3297 2216 3379 2268 ille
3405 2220 3586 2285 Agnus

2025 2305 2115 2371 qui
2145 2303 2563 2373 signiﬁcabatur,
2606 2305 2883 2358 advenisse
2926 2305 3304 2375 cognoscitur;
3339 2303 3424 2357 ille
3452 2344 3466 2366 ,
3496 2305 3585 2372 qui

1947 2445 1953 2453 ,
2025 2392 2376 2462 signiﬁcabat,
2405 2393 2702 2461 superﬂuus
2725 2393 3013 2462 judicatur.
3059 2395 3222 2461 Cujus
3254 2405 3435 2458 utique
3465 2411 3589 2448 san-

2025 2481 2196 2550 guinis
2227 2498 2329 2535 non
2369 2481 2476 2546 jam
2508 2481 2731 2550 ligneas,
2766 2483 2877 2535 sive
2926 2483 3156 2551 lapideas
3208 2482 3349 2535 fores
3382 2483 3588 2552 inungi-

2029 2582 2169 2631 mus,
2217 2571 2309 2624 sed
2356 2570 2629 2623 interioris
2675 2573 2850 2638 potius
2895 2572 3125 2625 hominis
3156 2573 3361 2625 viscera
3410 2573 3588 2625 consi-

2025 2671 2269 2724 gnamns.

2094 2744 2321 2809 Qurcstin
2345 2749 2396 2802 7.
2444 2748 2496 2803 Si
2540 2764 2645 2803 non
2679 2748 2832 2804 solvit
2867 2751 3034 2820 legem
3060 2750 3326 2815 Christus,
3359 2767 3452 2805 cur
3475 2752 3587 2820 lege

2021 2836 2327 2890 mandatam
2356 2854 2456 2891 non
2482 2838 2717 2893 celebrat
2739 2843 3074 2894 neomeniam
3104 2842 3480 2894 Christianus?

2095 2923 2395 2994 Responsio.
2424 2926 2644 2995 Propter
2659 2931 2756 2982 hoc
2781 2932 2938 2982 etiam
2960 2931 3295 2983 Christianus
3319 2933 3588 2983 et-lebrare

2024 3018 2349 3082 cantemnit,
2389 3021 2639 3086 quoniam
2690 3022 2739 3073 id
2790 3032 2976 3085 totum,
3026 3033 3242 3091 propter
3279 3024 3417 3090 quod
3462 3024 3585 3076 olim

2020 3103 2344 3158 celebratum
2365 3116 2464 3169 est,
2496 3108 2739 3162 Chri~tus
2763 3111 3017 3177 implevit.
3046 3112 3206 3165 Novae
3230 3113 3423 3180 quippe
3449 3112 3586 3167 luna

3690 1937 4058 2001 posst-ssitiics
4088 1943 4264 1987 autem
4318 1951 4442 1989 snas
4480 1950 4907 2003 unumquemque
4937 1937 5131 1997 redire,
5166 1944 5248 1986 est

3690 2040 3909 2091 (turpem
3931 2042 4022 2074 alii]
4050 2029 4287 2091 proli-nus
4307 2026 4610 2095 incorrupta
4637 2030 4886 2094 recipere.
4909 2025 5055 2079 Tunc
5072 2041 5248 2078 rever-

3690 2123 3828 2164 tetttr
3858 2116 4020 2166 Adam
4050 2116 4112 2166 ad
4145 2117 4419 2182 antiquam
4457 2117 4637 2169 carnis
4666 2133 4774 2170 sua:
4814 2126 5027 2176 terram,
5061 2115 5113 2167 in
5143 2130 5245 2181 qua

3686 2209 3932 2274 primitus
3984 2208 4498 2260 liabitaveratttunc
4547 2206 4675 2270 Noe,
4727 2206 5010 2268 Abraham,
5058 2204 5246 2274 Moysi,

3686 2288 3998 2366 cunctisque
4041 2298 4255 2366 propria
4288 2302 4555 2365 possessio
4605 2299 4859 2364 redditur,
4892 2298 5014 2351 dum
5054 2312 5248 2365 corpus

3690 2387 3791 2440 Illis
3853 2388 4256 2457 incmruplibile
4310 2388 4647 2443 reformatur.
4703 2388 5025 2458 Redemptor
5070 2389 5249 2458 itaque

3688 2487 3890 2540 noster,
3916 2478 4004 2545 qui
4032 2476 4305 2547 discipulis
4329 2478 4538 2548 aperuit
4559 2482 4875 2543 sensum,'ut
4895 2477 5248 2548 intelligerent

3689 2577 3939 2633 mysteria
3971 2566 4389 2633 Scripturarum,
4431 2567 4599 2621 noluit
4631 2566 4924 2627 Jub‘tlteum,
4964 2566 5136 2621 noluit
5161 2581 5247 2621 see

3689 2658 3913 2724 ptimum
3940 2658 4269 2711 remissionis
4297 2673 4516 2720 annum,
4552 2658 4637 2711 vel
4666 2668 4884 2713 caeteras
4907 2656 5088 2728 legalis
5117 2660 5245 2713 ritus

3690 2746 4033 2795 cmrenmnias
4061 2743 4346 2797 carnaliter
4386 2744 4685 2800 observari.

3760 2833 4045 2896 Postquam
4065 2836 4173 2886 lucc
4188 2838 4362 2888 omnia
4376 2836 4718 2905 spiritualiter
4735 2834 4856 2891 fecit
4869 2836 5111 2907 intelligi,
5124 2846 5239 2891 tunt

3690 2923 3830 2975 enim
3867 2923 4113 2975 mandata
4168 2925 4352 2993 legalia
4403 2926 4662 2979 veraciter
4705 2927 5077 2995 adintplentur,
5125 2942 5240 2981 cum

3685 3014 3832 3080 juxta
3872 3013 4200 3079 spiritualem
4247 3015 4647 3082 intelligentiam
4691 3018 4756 3072 ad
4803 3031 4957 3085 quam
5007 3016 5239 3072 instituta

3691 3114 3834 3166 sunt,
3865 3105 4017 3156 fiunt.
4050 3105 4177 3158 Mm
4211 3115 4332 3160 tunc
4359 3118 4510 3161 erant
4540 3124 4722 3171 vacua,
4753 3109 4938 3162 umbra
4968 3108 5173 3163 scilicet
5196 3126 5235 3165 ει

2020 3193 2329 3248 solemnitas
2347 3212 2533 3248 novam
2552 3198 2792 3267 designat
2815 3201 2864 3250 in
2890 3201 3099 3253 homine
3125 3201 3234 3255 fieri
3263 3214 3585 3266 creaturam,
3616 3175 3660 3236 Ο
3694 3196 3867 3266 imago
3893 3199 3989 3260 rei.
4020 3214 4123 3249 non
4143 3197 4264 3266 ipsa
4294 3214 4394 3263 ηις,
4424 3216 4543 3254 cum
4579 3200 4863 3254 carnaliter
4881 3200 5228 3255 servabantur

2023 3286 2089 3340 de
2113 3302 2214 3354 qua
2242 3287 2369 3341 dicit
2395 3289 2718 3355 Apostolus:
2754 3308 2769 3339 t
2821 3290 2875 3342 St
2921 3307 3022 3360 qua
3070 3293 3232 3361 igitur
3280 3295 3331 3346 in
3375 3293 3590 3348 Christo

2021 3389 2158 3429 nova
2206 3387 2483 3436 creatura,
2537 3387 2718 3432 verera
2772 3382 3138 3438 transierunt:
3169 3390 3223 3436 et
3269 3396 3396 3436 ecce
3446 3381 3586 3437 facta

2021 3476 2148 3519 sunt
2181 3470 2356 3520 omnia
2388 3483 2518 3522 nova
2548 3469 2630 3535 (11
2653 3469 2773 3522 Cor.
2808 3474 2881 3540 v).
2917 3490 2937 3523 ο

2099 3556 2327 3621 ριιιεειὶο
2351 3559 2403 3613 8.
2449 3560 2502 3611 Si
2531 3560 2777 3613 Christus
2819 3577 2924 3614 non
2968 3567 3112 3616 venit
3142 3563 3310 3632 legem
3359 3564 3581 3629 solvere,

2023 3661 2119 3699 cur
2147 3646 2480 3700 Christianus
2511 3648 2594 3700 illa
2623 3648 2951 3703 ablutionum
2984 3649 3326 3717 baptismata,
3353 3667 3471 3721 qua
3502 3653 3586 3708 lex

2020 3737 2285 3806 WiﬂCipit,
2320 3754 2422 3792 non
2454 3740 2746 3793 observat?

2096 3827 2387 3895 Responsio.
2415 3828 2534 3883 ideo
2564 3830 2674 3885 haec
2701 3831 3037 3887 Christiana‘
3050 3847 3153 3886 non
3196 3842 3472 3888 merentur
3495 3836 3588 3889 ob-

2021 3920 2302 3972 servantia;
2329 3920 2554 3984 cultum,
2600 3923 2723 3990 quia
2757 3931 2881 3977 tunc
2908 3923 3112 3979 umbm
3138 3923 3352 3978 fuerunt
3381 3924 3591 3979 futuro-

2023 4022 2163 4066 rum.
2187 4023 2411 4077 quorum
2437 4026 2576 4065 nunc
2596 4014 2931 4083 perspicuum
2956 4014 3288 4083 possidemus
3313 4013 3582 4069 ell'eetum.

2022 4099 2326 4167 Censepulti
2369 4103 2508 4156 enim
2539 4118 2723 4158 sumus
2767 4103 2983 4160 Christo
3025 4120 3122 4174 per
3166 4105 3487 4174 baptismum
3530 4122 3584 4160 tn

2023 4195 2197 4243 morte
2226 4187 2393 4259 (Rom.
2435 4193 2550 4262 vt);
2595 4200 2655 4245 ut
2683 4193 2950 4261 quomodo
2990 4195 3226 4248 surrexit
3262 4194 3509 4249 Christus
3554 4208 3585 4248 a

1964 4268 1974 4281 '
2023 4278 2248 4330 mortuis
2277 4293 2372 4345 per
2396 4278 2620 4349 gloriam
2650 4279 2844 4349 Patris,
2875 4283 2954 4339 sic
2998 4292 3053 4337 et
3102 4298 3202 4340 nos
3247 4283 3301 4338 in
3346 4284 3586 4339 novitate

2024 4364 2144 4419 vita:
2168 4368 2517 4423 ambulemus.

2093 4452 2320 4516 Quaestio
2341 4456 2392 4510 9.
2409 4456 2465 4509 Si
2498 4457 2578 4512 lex
2609 4474 2637 4512 a
2663 4459 2876 4515 Christo
2897 4459 3112 4530 impleta
3136 4470 3235 4525 est,
3260 4477 3362 4515 non
3391 4461 3583 4528 soluta,

3693 3287 3785 3341 Vis
3812 3289 3995 3340 audire
4023 3289 4289 3356 quomodo
4314 3299 4467 3344 erant
4491 3306 4652 3346 vacua
4680 3299 4735 3346 et
4759 3306 4915 3352 vana,
4940 3298 4992 3345 et
5017 3306 5121 3345 non
5155 3304 5231 3343 ve

3693 3377 3823 3430 ritas
3885 3376 4021 3443 ipsa,
4072 3376 4165 3430 sed
4222 3378 4463 3432 veritatis
4505 3379 4792 3449 exempla?
4841 3378 4963 3431 audi
5007 3379 5137 3446 quid
5200 3380 5238 3433 ir

3690 3464 3872 3519 Exodo
3898 3465 4153 3518 Dominus
4178 3465 4241 3518 ad
4283 3465 4495 3535 Moysen
4525 3468 4665 3523 dicat
4693 3486 4705 3521 :
4731 3486 4749 3519 ι
4776 3467 5047 3536 Erantque
5072 3477 5244 3523 vectes

3689 3570 3751 3608 ex
3786 3566 4011 3623 utroque
4057 3556 4221 3609 latere
4254 3555 4437 3611 altaris
4484 3556 4550 3611 ai
4596 3557 4948 3628 portandum:
4975 3571 5079 3610 non
5121 3558 5239 3612 soli.

3689 3645 3838 3709 dum,
3867 3648 3959 3699 sed
3984 3647 4154 3706 inane,
4186 3657 4235 3700 et
4269 3664 4488 3702 vacuum
4520 3647 4688 3705 facies
4717 3649 4865 3714 illud,
4899 3650 5036 3705 sicut
5062 3650 5155 3705 tibi
5192 3652 5245 3705 in

3691 3744 3872 3789 monte
3915 3745 4265 3791 monstratum
4307 3749 4389 3790 est
4428 3738 4620 3808 (Exod.
4656 3741 4840 3810 xxvii).
4876 3760 4895 3794 ι
4935 3740 5242 3813 Quodergr

3691 3824 3897 3897 llcjses
3936 3827 4066 3880 vidit
4118 3829 4167 3880 in
4201 3839 4399 3887 monte.
4426 3839 4614 3885 sancta
4640 3831 4873 3886 Ecclesia
4898 3841 4997 3898 est,
5025 3832 5139 3903 ipsa
5173 3836 5248 3887 rei

3691 3917 3891 3970 veritas
3932 3925 4031 3970 est.
4082 3915 4505 3972 Tabernaculum
4537 3927 4725 3977 autem
4781 3921 4906 3975 illud
4940 3922 4992 3976 in
5033 3923 5246 3977 deserta

3690 4013 4075 4065 constructum,
4112 4006 4321 4070 umbra,
4346 4019 4395 4061 et
4419 4006 4594 4078 imago
4618 4009 4850 4078 ejusdem
4870 4009 5121 4066 Ecclesiae
5142 4023 5245 4077 est,

3690 4094 3753 4147 ad
3779 4093 3928 4162 cujus
3948 4096 4246 4161 exemplum
4277 4095 4474 4150 factum
4499 4109 4601 4153 est.
4628 4098 4720 4153 Est
4749 4100 4949 4155 scilicet
4979 4102 5157 4167 homo,
5181 4106 5246 4156 εει

3689 4184 3840 4252 cujus
3873 4185 4155 4254 imaginem
4188 4185 4245 4238 tit
4269 4186 4517 4254 sigillum,
4546 4189 4637 4242 sed
4659 4189 4710 4242 in
4738 4192 5136 4258 comparatione
5163 4195 5239 4245 vi-

3687 4277 3855 4339 caria,
3881 4278 4040 4328 homo
4066 4275 4280 4343 quidem
4307 4291 4413 4341 res,
4445 4286 4498 4332 et
4526 4278 4722 4334 veritas
4750 4281 4944 4335 dicitur
4964 4323 4978 4347 ,
5027 4298 5148 4338 cum
5175 4287 5222 4338 si

3689 4366 3870 4434 gilium
3911 4366 4206 4421 similitudo
4253 4378 4456 4422 tantum
4507 4372 4621 4434 rei,
4666 4380 4721 4425 et
4761 4370 4926 4433 forma
4981 4374 5244 4431 videatur.

3689 4463 3972 4530 pOSltlllallt
4014 4477 4141 4527 ergo
4174 4463 4315 4517 venit
4351 4465 4622 4532 plenitudo
4666 4466 4937 4536 temporis,
4987 4468 5247 4538 implevit,

2022 4543 2146 4612 quid
2171 4545 2393 4600 rationis
2418 4548 2686 4616 objicitur,
2720 4560 2777 4603 ut
2804 4566 2834 4603 a
2878 4550 3197 4607 Christianis
3238 4550 3581 4621 Scenopcgic
3611 4540 3658 4600 D
3685 4551 3807 4605 dum
3839 4566 3898 4605 ea
3948 4551 4298 4619 spiritualiter
4326 4554 4622 4609 exhibenda
4664 4555 4952 4610 mandavit.
4990 4556 5140 4613 Unde
5167 4559 5246 4613 fac

2022 4635 2330 4692 solemnitas
2361 4653 2467 4693 non
2497 4639 2742 4694 colatur?

2091 4724 2393 4795 Responsio.
2439 4727 2859 4786 Tabernaculum
2897 4732 2991 4788 Dei
3039 4731 3269 4789 societas
3293 4745 3375 4789 est
3404 4736 3583 4803 populi

2016 4818 2331 4882 Christiani,
2363 4823 2692 4889 etquoniam
2728 4824 2855 4878 illud
2896 4825 3298 4880 tabernaculum
3339 4838 3580 4880 sanctam

2016 4909 2395 4978 praeﬁgurabat
2430 4909 2740 4974 Etclesiam,
2778 4916 3138 4967 contemnitur
3171 4916 3401 4985 signum,
3428 4925 3578 4985 post-

2018 5014 2179 5069 quam
2196 4999 2359 5066 venit,
2378 5002 2521 5071 quod
2542 5000 2713 5056 fuerat
2732 5005 3131 5075 prtesignatum.
3156 5005 3260 5059 Nec
3279 5007 3419 5059 enim
3438 5005 3580 5060 dicc-

2020 5105 2169 5146 retur
2182 5093 2584 5148 tabernaculum
2600 5096 3017 5161 testimonii,nisi
3035 5106 3377 5152 attestaretur
3395 5098 3578 5164 alicui,

2019 5196 2136 5252 qua:
2161 5181 2660 5240 declarandaerant
2705 5201 2802 5240 suo
2848 5196 3086 5257 tempore
3120 5189 3381 5245 veritatis.
3427 5189 3579 5256 Quod

2019 5273 2201 5344 itaque
2254 5282 2377 5329 tunc
2423 5275 2678 5344 agebatur
2743 5287 3008 5347 praeepto
3057 5277 3340 5347 figuratum
3374 5319 3391 5344 ,
3437 5295 3580 5335 nunc

2019 5363 2426 5432 praesentialiter
2464 5367 2706 5421 cernitur
2763 5369 3066 5425 testimonio
3127 5370 3419 5423 revelatum
3461 5386 3475 5422 :
3526 5378 3581 5425 et

2022 5470 2143 5510 cum
2159 5454 2273 5524 jam
2298 5457 2372 5523 id,
2401 5456 2543 5528 quod
2580 5458 2929 5530 figurabatnr,
2961 5460 3252 5530 aspicitur;
3280 5462 3420 5532 quod
3448 5461 3582 5535 figu-

2021 5546 2189 5611 rabat,
2218 5545 2539 5615 snperﬁuum
2566 5563 2664 5617 per
2685 5549 2865 5603 omnia
2880 5548 3171 5617 judicatur.

2092 5633 2317 5698 Quintia
2348 5635 2434 5691 to.
2466 5637 2520 5692 Si
2546 5637 2790 5696 Christus
2812 5639 2980 5712 legem
3024 5641 3231 5698 solvere
3271 5643 3458 5710 noluit,
3490 5644 3585 5700 sed

2022 5724 2259 5795 implere,
2312 5743 2480 5795 quare
2526 5727 2867 5788 Christianus
2914 5733 3199 5805 septimum
3249 5736 3584 5793 remissionis

3683 4651 3825 4696 ctum
3854 4652 3958 4705 est,
3999 4652 4053 4695 ut
4079 4654 4200 4713 post
4229 4645 4514 4700 adventum
4545 4647 4750 4702 Domini
4777 4656 4983 4703 terrena
5015 4649 5101 4704 illa
5125 4650 5247 4707 Hie-

3682 4731 3919 4786 rusalem
3939 4747 4060 4785 cum
4084 4750 4180 4787 suo
4209 4736 4404 4805 templo
4443 4734 4680 4792 funditus
4720 4752 4903 4792 eversa
4946 4750 5243 4805 corruerat,

3682 4836 3947 4893 quatenus
3979 4833 4085 4877 seta
4112 4839 4208 4893 per
4234 4827 4488 4880 mundum
4511 4837 4695 4883 sancta
4719 4827 5034 4884 universalis
5058 4829 5243 4884 Eccle-

3684 4919 3760 4971 sia
3783 4929 4110 4971 coroscaret.
4139 4915 4290 4971 Sicut
4310 4919 4454 4971 enim
4478 4918 4800 4989 evangelista
4827 4919 5009 4979 refert.
5030 4920 5245 4990 quibus-

3682 5005 3804 5061 dam
3836 5005 4137 5060 dicentibus
4166 5007 4230 5061 de
4262 5009 4490 5078 templo,
4534 5012 4674 5078 quod
4702 5009 4958 5078 lapidibus
5008 5010 5162 5065 bonis
5193 5019 5244 5063 et

3683 5094 3837 5150 donis
3873 5105 4191 5152 exornatum
4216 5109 4381 5166 esset,
4417 5097 4548 5155 dixit
4580 5117 4594 5154 :
4621 5118 4641 5151 ι
4680 5100 4831 5163 Rrec,
4872 5116 4986 5169 qua:
5027 5102 5242 5166 videtis,

3683 5187 3898 5241 venient
3928 5186 4065 5251 dies,
4100 5188 4294 5255 quibus
4333 5205 4436 5244 non
4473 5190 4800 5260 relinquetur
4826 5191 4957 5260 lapis
4982 5205 5143 5260 super
5171 5192 5244 5244 la.

3683 5276 3884 5346 pidem,
3903 5277 3993 5343 qui
4016 5292 4120 5331 non
4144 5278 4448 5334 destruatur
4466 5279 4682 5351 (Matth.
4709 5297 4864 5345 xxiv;
4893 5280 5076 5334 Matth.
5104 5297 5237 5346 aut;

3687 5364 3814 5419 Luc.
3872 5367 4005 5436 nt).
4065 5391 4082 5419 ι
4142 5368 4269 5423 Erat
4321 5386 4551 5439 namque
4596 5370 4925 5427 Hierusalem
4973 5372 5101 5426 urbs
5156 5371 5242 5425 illa

3682 5470 3876 5527 magna
3942 5457 4167 5529 regalis,
4235 5460 4325 5515 ubi
4363 5460 4616 5531 templum
4672 5462 5080 5516 famosissimum
5134 5462 5242 5516 Deo

3681 5549 3858 5608 fuerat
3885 5560 4234 5618 etstructum,
4264 5561 4448 5622 postea
4472 5565 4600 5608 vero
4638 5567 4797 5624 quam
4839 5553 4984 5607 venit
5007 5552 5115 5615 ille,
5149 5555 5240 5622 qui

3684 5651 3803 5699 erat
3848 5658 4034 5699 verum
4080 5643 4332 5713 templum
4375 5642 4489 5709 Dei,
4527 5651 4583 5698 et
4624 5642 4860 5699 cmlestis
4904 5640 5238 5699 Hierusalem

3686 5738 3847 5805 ccepit
3875 5736 4082 5806 aperire
4122 5735 4409 5806 mysteria:
4443 5734 4614 5792 deleta
4654 5744 4738 5790 est
4765 5733 4850 5790 illa
4880 5744 5105 5795 terrena.
5148 5734 5236 5790 ubi

4580 6414 4642 6422 A_
4703 6413 4741 6419 λ.
4797 6411 4878 6422 Ἦ
