5392 6508
932 354 993 411 61
1525 336 1767 398 OPUSC.
1806 336 1894 391 lll.
1938 364 2008 376 —
2045 327 2417 388 DIALOGUS.
2454 324 2665 383 INTER
2705 321 3010 381 JUDlEUM
3050 321 3139 379 ET
3178 322 3684 383 CHRISTIANUM.
4133 334 4205 393 ω

930 464 1168 528 caelestis
1199 457 1463 532 apparuit,
1494 463 1545 511 et
1574 456 1625 507 in
1656 450 1856 520 templo
1880 447 1972 502 illo
2015 460 2121 499 non
2152 442 2411 498 remansit
2431 444 2516 532 la-
2550 442 2595 502 Α
2625 438 2839 532 hibeat,
2887 435 3131 506 profecto
3158 436 3326 491 Deum
3356 447 3410 491 et
3438 438 3713 494 hominem
3740 439 3943 497 clarius
3983 441 4218 501 manife—

931 561 1014 630 pis
1059 530 1522 624 superilapidem.
1575 542 1705 594 Erat
1749 539 1899 609 prius
1957 533 2198 630 pontifex
2250 530 2514 630 sanguine

932 624 1230 710 taurorum,
1262 651 1314 697 et
1343 640 1638 695 hircorum.
1676 630 1971 702 puriﬁcaus
2004 624 2255 696 populum
2281 642 2293 676 :
2328 624 2421 677 sed
2450 637 2515 676 ex

930 755 1038 809 quo
1063 709 1399 789 venitverus
1417 722 1682 796 pontifex,
1710 721 1798 788 qui
1841 718 2105 786 sanguine
2136 728 2233 767 suo
2264 709 2515 782 puriﬁca-

931 803 1015 883 πῖθι
1038 826 1339 883 credentes,
1386 830 1652 885 nusquam
1678 821 1760 867 est
1796 810 1883 863 ille
1916 806 2151 878 pontifex
2194 803 2370 873 prior,
2419 816 2517 855 nec

931 919 1070 975 ullus
1098 917 1145 971 ei
1170 912 1386 967 relictus
1411 916 1495 963 est
1524 907 1692 962 locus.
1720 902 1902 956 Altare
1927 899 2024 953 fuit
2054 898 2219 967 prius,
2246 893 2514 949 sacriﬁcia

930 1006 1380 1066 celebrabantur,
1422 999 1518 1053 sed
1567 1004 1625 1050 ut
1671 995 1816 1050 venit
1862 1004 2022 1045 verus
2062 991 2265 1057 Agnus,
2317 988 2409 1053 qui
2456 998 2517 1038 se

930 1102 1107 1174 ipsum
1156 1093 1352 1151 obtulit
1397 1091 1628 1146 hostiam
1672 1086 1816 1149 Deo,
1868 1090 2059 1138 cuneta
2106 1080 2192 1134 illa
2236 1084 2379 1174 velut
2418 1091 2516 1174 pro

927 1168 1173 1263 tempore
1213 1188 1388 1260 posita
1443 1194 1766 1239 cessavere:
1804 1185 2089 1248 prepterea
2124 1188 2253 1227 sane
2298 1171 2401 1225 hoc
2442 1168 2520 1224 di-

926 1286 1052 1340 vina
1102 1278 1433 1351 dispensatio
1482 1272 1813 1345 procuravit,
1867 1277 1927 1322 ut
1974 1276 2027 1320 et
2072 1265 2265 1319 civitas
2309 1263 2421 1331 ipsa
2462 1268 2518 1316 et

928 1377 1291 1445 templum,et
1324 1371 1507 1426 omnia
1552 1368 1637 1421 ilia
1688 1366 1888 1436 pariter
1933 1363 2397 1419 subverterentur,
2447 1370 2515 1410 ne

926 1470 1048 1539 quis
1082 1465 1219 1519 forte
1250 1463 1423 1517 adhuc
1458 1460 1738 1530 parvulus,
1779 1465 1833 1511 et
1864 1454 2071 1508 lactans
2102 1452 2156 1505 in
2188 1449 2313 1515 ﬁde,
2362 1447 2406 1501 si
2436 1446 2517 1497 vi—

928 1561 1078 1616 deret
1105 1557 1194 1611 illa
1248 1562 1500 1609 constare
1544 1550 1669 1604 dum
1715 1546 2107 1603 sacriﬁciorum
2156 1543 2340 1605 ritum,
2389 1546 2513 1593 dum

927 1651 1300 1708 ministrorum
1322 1644 1568 1699 ordinem
1600 1639 1864 1694 attonitus
1894 1643 2160 1705 stuperet,
2192 1632 2309 1702 ipso
2337 1631 2515 1687 diver-

926 1755 1109 1797 sarum
1151 1738 1443 1793 formarum
1493 1740 1773 1801 raperetur
1808 1726 2024 1782 intuitu.
2078 1724 2181 1779 Sed
2230 1722 2517 1791 providens

2621 542 2745 586 stat.
2781 531 2845 584 Et
2889 532 3085 585 iterum
3125 546 3344 601 quoque
3374 532 3542 588 Isaias
3574 535 3651 588 ait
3686 554 3696 587 :
3733 553 3750 585 ι
3786 534 4065 591 Habitabit
4090 579 4105 604 ,
4136 540 4221 595 in-
4306 588 4315 597 κ

2619 620 2773 690 quit,
2807 619 2963 688 lupus
3004 636 3129 674 cum
3174 636 3348 690 agno,
3382 631 3439 675 et
3473 622 3675 691 pardus
3720 638 3842 677 cum
3875 625 4027 679 hme
4057 642 4222 682 accu-

2619 710 2798 771 babit;
2835 711 3052 774 vitulus,
3084 720 3138 765 et
3162 711 3247 766 leo
3269 752 3283 773 ,
3314 721 3368 765 et
3388 713 3506 769 ovis
3538 714 3700 768 simul
3737 720 4130 785 morabuntur,
4163 727 4221 774 et

2618 814 2757 870 puer
2780 800 3035 869 parvulus
3057 801 3287 856 minabit
3309 818 3404 858 eos
3436 802 3571 872 (Isa.
3610 804 3709 873 XI).
3754 827 3773 857 ι
3802 805 3939 860 Nam
3975 824 4072 877 per
4093 824 4221 863 san-

2618 900 2720 946 ctte
2768 893 3052 947 charitatis
3087 894 3294 948 viscera
3347 895 3503 965 lupus
3549 912 3673 950 cum
3721 912 3861 967 agno
3904 900 4215 966 habitabit,

2618 987 2742 1055 quia
2773 988 2864 1055 qui
2906 988 2956 1041 in
2987 988 3183 1043 saaculo
3222 998 3464 1058 raptores
3495 991 3733 1055 fuerunt,
3767 1010 3890 1046 cum
3915 996 4220 1052 mansuetis

2618 1085 2673 1131 et
2721 1077 2945 1131 mitibus
2993 1078 3047 1132 in
3078 1095 3213 1148 pace
3266 1081 3701 1153 cenquiescunt,
3738 1094 3792 1139 et
3840 1086 4045 1155 pardus
4091 1101 4217 1142 cum

2618 1170 2773 1224 hmdo
2804 1171 3050 1235 accubat,
3080 1174 3205 1241 quia
3235 1172 3327 1242 qui
3348 1184 3696 1243 peccaturum
3726 1191 3951 1232 suorum
3983 1179 4217 1235 maculis

2616 1263 2801 1316 varius
2830 1260 2951 1326 fuit,
2983 1278 3107 1317 cum
3148 1279 3232 1328 eo,
3266 1266 3356 1334 qui
3397 1280 3455 1320 se
3484 1267 3732 1336 despicit,
3766 1276 3821 1321 et
3867 1278 4217 1335 peccatorem

2620 1354 2838 1415 fatetur,
2865 1354 3139 1408 humiliari
3171 1359 3465 1410 consentit.
3504 1358 3601 1413 Ubi
3635 1368 3689 1413 et
3722 1359 3977 1414 subditur
4005 1378 4019 1413 :
4058 1380 4077 1412 ι
4117 1360 4216 1415 Vi-

2620 1446 2761 1500 tulus
2791 1456 2845 1499 et
2867 1446 2971 1511 leo,
3003 1456 3059 1501 et
3088 1448 3209 1501 ovis
3240 1449 3401 1502 simul
3433 1451 3821 1515 morabuntur;
3862 1470 3880 1501 »
3917 1452 4041 1520 quia
4064 1460 4119 1506 et
4147 1453 4215 1521 is,

2618 1537 2707 1604 qui
2736 1551 2833 1605 per
2860 1537 3157 1591 contritum
3188 1553 3283 1592 cor
3311 1539 3378 1593 ad
3408 1540 3786 1609 quotidianum
3814 1556 3875 1595 se
3907 1541 4016 1595 Deo
4046 1542 4217 1613 sacri-

2617 1624 2799 1680 ﬁcium
2838 1632 3128 1695 praeparat,
3155 1638 3210 1684 et
3243 1628 3402 1695 alius,
3446 1631 3538 1699 qui
3575 1641 3834 1699 tanquam
3874 1632 3957 1687 leo
3986 1647 4053 1688 ex
4087 1647 4217 1688 cru-

2618 1716 2839 1771 delitate
2874 1719 3162 1784 saeviebat,
3213 1729 3269 1777 et
3313 1720 3401 1776 ille
3430 1724 3522 1791 qui
3555 1723 3702 1778 velut
3728 1723 3846 1778 ovis
3888 1725 4216 1781 innocentiae

926 1831 1225 1891 inﬁrmitati
1259 1839 1474 1891 nostrte,
1503 1800 1567 1880 et
1601 1824 1788 1877 videns
1836 1816 2183 1888 multiplicari
2214 1814 2511 1870 Ecelcsiam
2544 1800 2586 1859 Β
2618 1824 2729 1862 suae
2764 1810 3113 1879 Simplicitate
3137 1816 3420 1882 perdurat,
3452 1815 3507 1868 in
3530 1815 3701 1869 caulis
3731 1825 3936 1871 sancta:
3956 1817 4215 1873 Ecclesiae

925 1939 1100 1987 suam,
1130 1920 1312 1975 omnia
1360 1917 1446 1971 illa
1477 1914 1717 1971 subverti
1750 1912 1898 1974 fecit,
1942 1919 1996 1963 et
2025 1909 2241 1978 penitus
2284 1904 2508 1969 auferri,

924 2024 985 2068 ut
1014 2014 1129 2067 sine
1153 2010 1259 2063 ulla
1283 2003 1625 2063 cunctatione
1654 2002 1997 2059 cessantibus
2022 1999 2247 2053 umbris.
2287 2006 2342 2051 et
2375 1995 2513 2066 typi-

926 2105 1004 2162 cis
1024 2103 1130 2176 ἠδ
1153 2100 1500 2171 imaginibus,
1529 2106 1685 2152 vetus
1712 2101 2025 2166 superesset
2050 2110 2062 2145 :
2088 2101 2362 2147 eteverso
2391 2103 2511 2144 ma-

922 2194 1099 2250 teriali
1129 2192 1349 2261 templo,
1380 2188 1621 2245 Ecclesia
1650 2202 1749 2257 per
1777 2186 1964 2241 orbem
1995 2182 2107 2239 sola
2132 2191 2403 2251 regnaret.

994 2286 1269 2355 Epilogus.
1314 2284 1418 2337 Sed
1455 2268 1568 2351 jam
1599 2288 1720 2348 post
1762 2284 1965 2332 tantam
2010 2275 2226 2330 testium
2273 2273 2508 2338 nubem,

922 2378 1127 2441 Iudaee,
1158 2376 1249 2431 tibi
1280 2374 1545 2441 epilogum
1576 2369 1790 2432 faciam,
1815 2377 1871 2421 et
1895 2366 2158 2435 incipiens
2190 2365 2253 2417 ab
2288 2382 2303 2405 ί
2324 2364 2511 2417 xrtrdio

922 2466 1280 2525 humanitatis
1301 2463 1501 2517 Christi
1524 2476 1618 2531 per
1644 2462 1977 2513 incrementa
2009 2467 2311 2526 temporum
2341 2470 2511 2523 usque

924 2541 990 2613 ad
1017 2554 1531 2613 consummationem
1554 2593 1568 2617 ,
1602 2548 1917 2620 prophetica
1954 2546 2258 2600 testimonia
2301 2546 2427 2610 tibi,
2464 2545 2508 2597 si

922 2650 1110 2713 habes,
1142 2656 1265 2701 ante
1295 2644 1471 2699 JCtllOS
1498 2658 1718 2712 ponam,
1743 2649 1802 2695 ιιι
1826 2640 1979 2710 quasi
2022 2640 2122 2693 sub
2152 2654 2257 2693 uno
2288 2650 2509 2706 aspectu

923 2741 1146 2798 collecta
1183 2738 1420 2792 breviter
1452 2736 1657 2791 videas.
1694 2748 1813 2802 qum
1841 2748 1926 2786 me
1951 2730 2165 2795 dilfuse,
2196 2739 2250 2786 et
2278 2731 2508 2799 sparsim

921 2846 1124 2903 ponere
1173 2829 1422 2899 superius
1468 2825 1806 2879 attendebas.
1856 2821 1991 2876 Nam
2031 2821 2174 2891 quod
2214 2820 2305 2875 Dei
2340 2819 2509 2875 Filius

922 2921 1319 2980 humanitatem
1356 2926 1600 2972 nostram
1648 2923 2002 2982 suscepturus
2044 2922 2229 2978 esset,
2279 2920 2511 2965 testatur

922 3012 1209 3073 Jercmias,
1238 3010 1421 3063 dicens
1455 3023 1468 3059 :
1508 3024 1526 3058 ι
1559 3005 1763 3068 Faciet,
1789 3003 1987 3073 inquit,
2019 3001 2281 3057 Dominus
2308 3016 2507 3055 novum

923 3120 1086 3174 super
1134 3114 1371 3164 terram,
1405 3110 1459 3154 et
1506 3098 1699 3152 mulier
1742 3096 2103 3152 circumdabit
2150 3098 2325 3149 virum
2371 3093 2505 3163 (Jer.

921 3199 1097 3266 xxxi).
1135 3215 1153 3247 ι
1190 3193 1245 3249 Si
1274 3193 1415 3248 enim
1445 3191 1510 3245 de
1552 3188 1783 3258 simplici
1816 3187 2035 3243 homine
2066 3186 2289 3251 diceret,
2320 3200 2511 3255 super-

920 3288 1031 3342 ﬂuo
1056 3291 1346 3356 poneretur
1376 3296 1605 3345 novum,
1652 3279 1791 3347 quod
1824 3278 2023 3347 ubique
2059 3278 2111 3330 in
2150 3277 2385 3331 humano
2417 3290 2511 3344 ge-

921 3395 1053 3436 nere
1073 3376 1315 3433 ceruitur
1338 3376 1617 3429 usitatum.
1639 3371 1791 3437 Quod
1807 3380 1988 3423 autem
2014 3368 2209 3425 mulier
2234 3368 2320 3423 illa
2340 3366 2509 3437 Virgo

920 3472 1084 3535 foret,
1113 3484 1209 3537 per
1237 3482 1399 3535 quam
1429 3466 1523 3519 Dei
1562 3463 1735 3517 Filius
1768 3462 1916 3516 velut
1952 3474 2045 3529 per
2074 3458 2353 3513 cmlestem
2385 3474 2512 3528 por-

924 3572 1032 3617 tam
1079 3560 1145 3614 de
1186 3558 1308 3613 sinu
1356 3555 1534 3611 Patris
1578 3554 1649 3625 ad
1689 3552 1961 3637 publicum
2008 3561 2254 3604 nostrum
2295 3549 2509 3615 exiret,

921 3648 1158 3706 ostendit
1184 3644 1471 3709 Ezechiel,
1501 3641 1595 3713 qui
1632 3642 1748 3696 ait:
1782 3660 1801 3693 ι
1838 3638 2119 3694 Convertit
2157 3654 2265 3705 me,
2310 3638 2507 3707 inquit,

922 3741 991 3796 ad
1018 3740 1158 3794 viam
1191 3746 1360 3807 portte
1407 3732 1699 3792 sanctuarii
1732 3730 2044 3795 exterioris,
2084 3743 2205 3799 qua:
2251 3729 2511 3799 respicie-

920 3831 1015 3885 bat
1062 3830 1128 3883 ad
1158 3828 1452 3889 orientem,
1488 3830 1543 3877 et
1584 3824 1700 3876 inec
1726 3829 1847 3875 erat
1886 3820 2110 3883 clausa;
2156 3828 2212 3873 et
2242 3818 2378 3873 dixit
2405 3819 2511 3875 Do-

922 3922 1103 3976 minus
1127 3918 1195 3974 ad
1228 3932 1352 3973 me:
1384 3915 1548 3970 Porta
1576 3914 1723 3978 haec,
1754 3926 1917 3981 quam
1960 3910 2134 3977 vides,
2166 3909 2352 3966 clausa
2380 3910 2507 3977 erit,

920 4022 977 4069 et
1019 4026 1125 4067 non
1158 4008 1436 4078 aperietur
1458 4044 1473 4068 ,
1502 4013 1558 4059 et
1579 4004 1663 4059 vir
1704 4018 1810 4058 non
1840 4002 2068 4057 transiet
2094 4016 2189 4072 per
2216 4015 2335 4057 eam
2361 4040 2378 4065 ,
2415 4000 2510 4057 sed

921 4118 1137 4175 semper
1157 4103 1261 4158 erit
1285 4100 1467 4155 clausa
1496 4096 1713 4168 (Ezech.
1746 4097 1914 4165 xuv).
1952 4114 1970 4146 ι
2000 4093 2163 4149 Beata
2186 4093 2331 4149 enim
2357 4094 2511 4162 virgo

920 4197 1091 4252 Maria
1121 4206 1336 4261 semper
1367 4198 1449 4244 est
1474 4188 1655 4245 clausa
1683 4227 1698 4253 ,
1740 4186 1866 4256 quia
1910 4192 1964 4240 et
1991 4192 2117 4239 ante
2150 4193 2365 4255 partum
2395 4225 2411 4250 ,
2456 4193 2511 4241 et

917 4301 1044 4361 post
1069 4295 1286 4358 partum
1313 4297 1525 4352 semper
1550 4281 1888 4348 incorrupta.
1914 4278 1990 4335 De
2016 4293 2122 4347 qua
2146 4278 2312 4333 etiam
2343 4277 2512 4334 David

920 4380 1093 4443 canit,
1121 4378 1305 4433 dicens
1335 4391 1347 4427 :
1387 4392 1403 4424 ι
1434 4372 1492 4426 In
1537 4369 1649 4427 sole
1676 4370 1853 4439 posuit
1894 4366 2302 4423 tabernaculum
2329 4381 2507 4433 suum,

919 4482 979 4527 et
1004 4471 1119 4539 ipse
1150 4476 1405 4536 tanquam
1449 4476 1682 4533 sponsus
1708 4460 2011 4531 procedens
2035 4459 2103 4514 de
2143 4458 2382 4515 thalamo
2410 4474 2509 4515 suo

950 4559 1097 4614 Psal.
1132 4559 1308 4614 εγω).
1347 4573 1364 4605 ι

950 4559 1097 4614 Psal.
1132 4572 1260 4613 XVIII
1292 4595 1308 4611 .
1347 4573 1364 4605 ι

921 4564 940 4628 (
996 4650 1148 4719 Quod
1177 4556 1358 4703 aut)em
1407 4642 1663 4715 parvulus
1706 4641 1924 4698 futurus
1947 4648 2093 4697 esset
2123 4640 2176 4697 in
2203 4639 2508 4697 substantia

918 4740 1296 4805 humanitatis,
1322 4747 1379 4791 ut
1404 4751 1503 4791 nos
1532 4748 1755 4805 magnos
1783 4733 2022 4791 elﬁceret
2046 4748 2110 4789 ex
2140 4733 2340 4789 virtute
2374 4732 2510 4789 divi-

919 4834 1109 4890 nitatis
1133 4874 1148 4900 ,
1178 4831 1345 4887 lsaias
1372 4829 1678 4903 perhibet,_
1701 4827 1795 4898 qui
1842 4828 1956 4883 ait:
1995 4846 2013 4879 ι
2048 4825 2315 4882 Parvulas
2358 4826 2505 4882 enim

920 4933 1085 4982 natus
1118 4930 1204 4979 est
1231 4922 1422 4987 nobis,
1452 4929 1507 4975 et
1543 4918 1687 4975 illius
1710 4921 1871 4975 datus
1898 4928 1986 4975 est
2013 4918 2167 4975 nobis
2186 4923 2287 4985 ;'et
2328 4918 2506 4975 factus

919 5026 1008 5074 est
1034 5015 1371 5086 principatus
1396 5000 1560 5085 super
1602 5014 1888 5069 humerum
1916 5011 2033 5083 ejus
2057 5053 2073 5079 ,
2120 5022 2177 5069 et
2227 5012 2512 5069 vocabitur

920 5122 1121 5166 nomen
1152 5105 1268 5175 ejus
1290 5088 1663 5171 admirabilis,
1705 5104 2077 5172 consiliarius,
2119 5104 2297 5172 Deus,
2329 5105 2509 5171 fortis,

918 5210 1078 5275 pater
1102 5199 1273 5255 futuri
1303 5198 1518 5261 saeculi,
1559 5198 1812 5268 princeps
1834 5198 1987 5269 pacis
2015 5216 2029 5252 :
2060 5197 2513 5269 multiplicabitur

921 5292 1040 5363 ejus
1061 5291 1370 5361 imperium,
1397 5298 1453 5346 et
1470 5290 1622 5361 pacis
1651 5304 1759 5345 non
1792 5290 1898 5345 erit
1922 5288 2047 5345 ﬁnis
2075 5308 2089 5343 :
2121 5306 2283 5361 super
2314 5291 2511 5346 solium

920 5382 1114 5450 David,
1147 5390 1202 5437 et
1241 5395 1406 5453 super
1431 5396 1658 5449 regnum
1701 5382 1819 5453 ejus
1852 5382 2091 5448 sedebit,
2119 5390 2178 5436 ut
2223 5384 2510 5440 conﬁrmet

919 5476 1053 5533 illud
1075 5517 1089 5541 ,
1134 5484 1189 5531 et
1216 5475 1535 5531 corroboret
1568 5476 1619 5530 in
1644 5475 1851 5546 judicio
1872 5514 1886 5540 ,
1915 5484 1969 5530 et
1987 5474 2201 5544 justitia
2230 5477 2424 5532 amodo
2452 5487 2508 5532 et

918 5585 1095 5641 usque
1124 5570 1177 5625 in
1224 5569 1613 5639 smpiternam
1650 5570 1787 5641 (Isa.
1829 5569 1929 5637 rx).
1970 5589 1989 5621 ι
2023 5568 2155 5624 Nam
2195 5564 2319 5625 enin
2359 5586 2503 5637 cum,

916 5676 1083 5733 quem
1110 5662 1391 5734 parvulum
1416 5670 1544 5718 ante
1562 5662 1947 5734 descripserat,
1969 5664 2310 5733 postmodum
2334 5665 2503 5721 Deum

914 5751 1141 5820 fortem,
1178 5762 1232 5809 et
1265 5762 1473 5825 patrem
1500 5753 1667 5811 futuri
1701 5754 1882 5812 saeculi
1911 5755 2213 5813 vocandum
2237 5771 2358 5812 esse
2386 5772 2504 5827 per-

2611 1910 3006 1955 convenerunt.
3042 1900 3175 1969 Qua:
3205 1904 3466 1961 videlicet
3496 1906 3757 1960 animalia
3786 1921 3925 1975 puer
3951 1907 4216 1977 parvulus

2612 1991 2810 2055 minat,
2846 1994 2973 2061 quia
3005 1993 3083 2062 is,
3132 1996 3225 2066 qui
3269 1997 3431 2067 paulo
3467 1998 3649 2054 minus
3685 1999 3750 2053 ab
3786 2000 3995 2070 angelis
4040 2000 4218 2055 mino-

2612 2091 2763 2136 ratus
2787 2093 2891 2149 est,
2922 2098 2990 2137 ne
3018 2087 3184 2141 corda
3218 2097 3405 2142 nostra
3429 2090 3668 2143 terrenis
3693 2090 3855 2145 rebus
3888 2090 4215 2158 inhaereant,

2611 2186 2710 2240 per
2740 2170 3011 2227 internum
3057 2176 3387 2230 desiderium
3435 2179 3684 2247 quotidie
3737 2179 4085 2236 invisibiliter
4129 2180 4218 2237 in-

2610 2263 2871 2319 ﬂammat.
2906 2264 3007 2331 Qui
3041 2280 3137 2336 per
3167 2267 3491 2324 charitatem
3520 2284 3700 2335 suam,
3729 2284 3897 2339 quam
3934 2272 4095 2329 nobis
4117 2273 4213 2328 tri.

2610 2354 2747 2419 buit,
2783 2355 2894 2426 46
2922 2372 3018 2411 nos
3046 2358 3099 2411 in
3126 2357 3229 2413 hoc
3266 2360 3467 2413 mundo
3502 2368 3713 2415 mentes
3744 2360 3912 2433 ﬁgere
3941 2377 4049 2417 non
4088 2378 4219 2433 per-

2611 2446 2795 2498 mittit.
2827 2448 3004 2515 Atque
3039 2450 3139 2501 hoc
3172 2448 3346 2517 ipsum
3380 2450 3497 2518 ejus
3547 2450 3797 2515 minare,
3832 2460 3916 2506 est
3956 2450 4022 2505 ad
4053 2466 4215 2508 suum

2612 2551 2709 2591 nos
2740 2552 2977 2591 amorem
3011 2541 3347 2594 ittrzo'rssanter
3392 2543 3719 2605 accendere,
3757 2558 3825 2597 ne
3851 2558 3960 2597 cun
4008 2558 4108 2599 nos
4135 2544 4217 2599 vi-

2614 2626 2792 2678 cissim
2826 2626 3100 2695 diligimus
3119 2670 3133 2693 ,
3162 2642 3344 2684 mente
3373 2631 3425 2683 in
3456 2632 3560 2684 huc
3585 2632 3777 2687 exsilio
3811 2648 4212 2689 remaneamus.

2610 2715 2725 2770 Hoc
2760 2732 3011 2786 quoque,
3062 2722 3205 2790 quod
3253 2723 3320 2776 ad
3371 2722 3631 2793 templum
3679 2725 4002 2780 del'erendus
4032 2734 4216 2792 esset,

2610 2806 2905 2862 Malachias
2932 2811 3197 2877 propheta
3230 2812 3551 2878 denuntiat,
3582 2814 3769 2869 dicens
3804 2833 3816 2868 :
3859 2833 3876 2866 ι
3926 2815 4054 2871 Hac
4082 2817 4217 2871 dicit

2611 2899 2908 2953 Dominus:
2938 2900 3078 2957 Ecce
3102 2916 3203 2973 ego
3230 2904 3386 2959 mitto
3408 2904 3660 2975 angelum
3686 2921 3886 2970 meum,
3914 2914 3967 2961 et
3995 2921 4213 2976 praepa-

2610 2990 2755 3044 rabit
2787 2990 2931 3043 viam
2960 3001 3087 3046 ante
3131 2994 3328 3047 faciem
3362 3008 3570 3059 meam,
3621 3003 3674 3048 et
3718 2996 3903 3050 statim
3934 2996 4115 3051 veniet
4146 2998 4214 3053 ad

2612 3082 2871 3151 templum
2918 3097 3074 3137 suum
3109 3084 3452 3153 dominator,
3506 3101 3667 3155 quem
3708 3102 3802 3141 vos
3851 3088 4124 3157 quaeritis,
4156 3097 4214 3144 et

2614 3174 2834 3243 angelus
2861 3175 3196 3239 testamenti,
3225 3190 3389 3249 quem
3414 3190 3512 3230 vos
3536 3176 3719 3230 vultis.
3751 3176 3892 3232 Ecce
3914 3180 4061 3230 venit
4080 3177 4214 3232 dicit

2613 3264 2874 3319 Dominus
2902 3267 3241 3320 exercituum
3261 3307 3277 3333 ,
3308 3268 3510 3336 etquis
3553 3268 3754 3335 poterit
3785 3268 4029 3337 cogitare
4066 3268 4213 3324 diem

2612 3352 3055 3421 adventusejus?
3088 3376 3108 3407 ι
3146 3354 3406 3426 (Malnclt.
3445 3356 3553 3426 lii.)
3577 3356 3715 3420 Quia
3738 3355 4247 3429 veroadbucpah'

2612 3444 2770 3499 vulus
2799 3445 2854 3499 in
2884 3444 3176 3515 Egyplum
3221 3447 3571 3502 deducendus
3594 3456 3648 3503 et
3675 3448 4017 3504 reducendus
4042 3456 4213 3517 esset,

2611 3536 2750 3592 Osee
2780 3536 3122 3600 manifestat,
3161 3553 3283 3593 cum
3322 3538 3455 3593 dicit
3486 3552 3501 3592 :
3536 3558 3554 3590 ‹
3593 3539 3747 3595 Sicut
3781 3554 3941 3594 mane
3980 3541 4209 3608 transit,

2610 3629 2942 3697 pertransiet
2981 3642 3072 3682 rex
3106 3628 3271 3682 Israel
3299 3669 3314 3695 ,
3364 3630 3491 3699 quia
3536 3645 3676 3701 puer
3716 3629 3917 3696 Israel,
3961 3639 4016 3685 et
4046 3630 4214 3686 dilexi

2610 3732 2756 3784 eum,
2796 3729 2851 3775 et
2874 3734 2939 3773 ex
2972 3718 3207 3790 IEgypto
3235 3721 3425 3776 vocavi
3457 3720 3628 3775 ﬁlium
3658 3736 3838 3776 meum
3868 3720 4028 3792 (Osee
4055 3721 4158 3790 xl).
4186 3740 4207 3774 ι

2681 3810 2835 3878 Quod
2876 3821 3056 3865 autem
3080 3814 3244 3881 super
3269 3813 3481 3867 asinam
3530 3812 3724 3869 sedens
3749 3810 4052 3868 Jerusalem
4081 3828 4214 3868 ven-

2612 3912 2767 3958 turus
2797 3912 2975 3970 esset,
3014 3902 3312 3959 Zacharias
3342 3904 3609 3971 declarat,
3643 3904 3834 3960 dicens
3865 3922 3876 3963 :
3918 3923 3937 3957 ι
3980 3904 4210 3961 Exsulta

2613 3996 2746 4051 satis
2772 3995 2882 4049 [ilia
2910 3994 3064 4060 Sion,
3095 3993 3267 4063 jubila
3300 3994 3404 4050 ﬁlia
3427 3993 3757 4062 Jerusalem,
3788 4009 3915 4051 ecce
3942 3993 4059 4050 Rex
4083 4004 4213 4053 tuus

2610 4086 2791 4142 veniet
2842 4086 2936 4140 tibi
2982 4085 3197 4153 justus,
3244 4094 3301 4141 et
3352 4085 3593 4142 salvator
3634 4104 3647 4139 :
3697 4086 3813 4157 ipse
3862 4100 4098 4159 pauper,
4154 4094 4213 4143 et

2612 4180 2914 4235 ascendens
2945 4194 3109 4248 super
3143 4178 3386 4247 asinam,
3417 4189 3473 4235 et
3506 4192 3672 4249 super
3700 4179 3870 4233 ﬁlium
3921 4179 4124 4245 asinae;
4154 4187 4214 4235 et

2610 4271 2919 4341 disperdam
2947 4272 3266 4341 quadrigam
3308 4270 3592 4341 Ephraim,
3621 4280 3677 4325 et
3705 4284 3907 4339 equum
3935 4270 4004 4327 de
4050 4268 4212 4326 Jeru-

2608 4358 2784 4418 salem
2808 4402 2822 4427 ,
2855 4371 2911 4416 et
2942 4362 3298 4432 dissipabitur
3323 4376 3485 4416 arcus
3530 4360 3659 4415 belli
3688 4378 3701 4416 :
3732 4371 3789 4416 et
3831 4360 4088 4431 loquetur
4112 4376 4213 4434 pa-

2613 4469 2730 4511 cem
2754 4453 3026 4525 gentibus,
3053 4464 3108 4510 et
3132 4462 3372 4525 potestas
3396 4455 3515 4526 ejus
3532 4469 3563 4508 a
3586 4456 3729 4509 mari
3755 4469 3925 4525 usque
3945 4456 4016 4510 ad
4036 4470 4209 4525 mare,

2614 4556 2670 4603 et
2695 4563 2725 4601 a
2759 4546 2982 4605 ﬂumine
3006 4560 3179 4617 usque
3199 4547 3265 4601 ad
3290 4545 3427 4604 ﬁnes
3460 4556 3617 4601 terrae
3647 4544 3835 4619 (Zacli.
3870 4546 3971 4618 ιι).
4003 4567 4022 4601 ι
4055 4546 4212 4615 Quod

2616 4649 2798 4694 autem
2834 4645 3124 4709 arguturus
3169 4645 3315 4693 esset
3346 4633 3562 4691 Iudaeos
3608 4644 3664 4690 et
3712 4651 3902 4692 eorum
3935 4636 4210 4696 malitiam

2613 4742 2987 4804 correpturus,
3010 4731 3185 4787 lsaias
3209 4729 3471 4796 declarat,
3500 4743 3625 4785 cum
3656 4729 3771 4785 ait:
3806 4748 3827 4782 ι
3857 4728 3976 4785 Non
4012 4744 4216 4788 secum.

2613 4826 2740 4881 dum
2768 4825 3036 4881 visionem
3060 4822 3342 4879 oculorum
3378 4820 3676 4892 judicabit,
3705 4836 3885 4891 neque
3908 4822 4210 4881 secundum

2613 4917 2859 4973 auditum
2911 4916 3125 4971 aurium
3173 4923 3406 4986 arguet,
3454 4913 3553 4969 sed
3599 4912 3873 4982 judicabit
3914 4914 3967 4968 in
3994 4911 4210 4984 justitla

2606 5025 2897 5085 pauperes,
2916 5020 2975 5066 et
2999 5017 3193 5080 arguet
3213 5008 3269 5064 in
3295 5007 3551 5079 aequitate
3573 5021 3675 5078 pro
3700 5007 4001 5063 mansuetis
4025 5019 4206 5077 terra,

2612 5114 2665 5161 et
2688 5105 2957 5176 percutiet
2985 5101 3189 5159 terram
3218 5101 3371 5173 virga
3400 5101 3517 5157 oris
3557 5101 3677 5168 sui,
3721 5110 3778 5157 et
3808 5102 4007 5171 spiritu
4037 5100 4210 5158 labio-

2614 5214 2735 5254 rum
2778 5213 3002 5253 suorum
3035 5196 3331 5253 interﬁciet
3355 5195 3579 5266 impium
3602 5234 3619 5263 ,
3645 5203 3702 5251 et
3729 5194 3838 5251 erit
3858 5193 4072 5265 justitia
4094 5196 4211 5251 ciu-

2612 5291 2798 5362 gulum
2846 5292 3154 5347 lumborum
3190 5290 3341 5361 ejus.
3382 5297 3439 5346 et
3466 5288 3603 5345 ﬁdes
3646 5288 3975 5345 cinctorium
4016 5302 4211 5343 renum

2614 5385 2733 5457 ejus
2763 5384 2901 5457 (Iw.
2925 5386 3028 5455 ιι).
3066 5402 3087 5437 ι
3122 5383 3295 5439 Porro
3317 5382 3460 5453 quod
3488 5384 3542 5437 in
3577 5380 3818 5438 Jordane
3847 5380 4213 5451 baptizandus

2613 5480 2719 5533 erit
2751 5478 2918 5535 Isaias
2940 5477 3243 5533 denuntiat.
3266 5490 3391 5532 cum
3420 5476 3500 5531 ait
3527 5491 3543 5531 :
3576 5493 3595 5526 ι
3624 5472 3875 5529 Exsultet
3910 5473 4210 5537 desertum,

2614 5580 2672 5627 et
2704 5569 2977 5625 exsultent
3020 5567 3343 5630 solitudines
3382 5565 3673 5638 Jordanis,
3709 5572 3761 5623 et
3792 5564 4024 5637 populus
4053 5576 4212 5621 meus

2615 5661 2817 5719 videbit
2864 5659 3208 5718 altitudinem
3252 5657 3468 5716 Domini
3517 5668 3573 5716 et
3618 5655 3962 5728 maiestatem
3992 5653 4211 5714 Domini

2616 5755 2754 5817 (Iw.
2787 5754 2975 5820 xxxv).
3026 5772 3047 5808 ι
3088 5753 3154 5811 Ει
3192 5746 3355 5826 paulo
3395 5761 3566 5827 post:
3608 5770 3626 5806 ι
3675 5752 3744 5811 Et
3778 5749 4023 5825 aperiam
4055 5762 4215 5809 mon-
