5392 6562
130 41 4239 146 ἡ

1996 435 2063 492 63
2421 432 2477 486 S.
2508 428 2722 484 -PETRl
2762 422 3039 481 οΑΜιΑΝι
3080 420 3231 479 OPP.
3270 415 3505 475 TOMUS
3544 414 3677 471 SEU
3714 414 3892 472 PARS
3930 416 4013 471 Ill.
4053 447 4122 458 —
4159 415 4518 473 OPUSCULA
4557 415 4785 472 VARIA.
5145 416 5209 470 Gl

1997 547 2136 599 tibus
2162 541 2411 604 flumina,
2454 549 2509 593 et
2540 545 2748 591 montes
2788 535 3115 601 disrumpam
3162 540 3217 586 et
3263 538 3459 584 terram
3488 527 3559 580 si-
3587 527 3635 584 Α
3663 533 3716 579 et
3741 539 3836 579 ero
3874 539 4019 580 mors
4049 534 4160 590 tua,
4187 541 4220 580 ο
4249 541 4393 580 mors
4426 544 4438 578 :
4473 541 4567 581 ero
4597 541 4802 581 morsus
4833 533 4980 591 tuus,
5011 526 5216 582 inferne

1997 635 2214 689 tienteut
2252 632 2368 684 sine
2390 644 2528 697 aqua
2565 625 2886 681 confundam
2929 622 3063 693 (Isa.
3089 621 3255 688 xciv).
3295 639 3314 673 ι
3349 619 3500 686 Quod
3532 632 3562 671 a

1994 741 2094 781 suo
2132 721 2394 791 discipulo
2421 716 2714 773 tradendus
2748 724 2922 779 esset,
2951 722 3184 768 testatur
3224 712 3337 780 ipse
3384 709 3565 763 Domi-

1992 831 2119 880 nus,
2144 815 2234 883 qui
2256 827 2351 881 per
2371 825 2432 864 os
2454 809 2618 862 David
2641 807 3014 875 conqueritur,
3043 805 3227 859 dicens
3255 820 3267 855 :
3302 820 3321 852 ι
3354 800 3563 854 Etenim

1991 909 2157 963 Lomo
2181 904 2329 973 pacis
2356 900 2595 964 meae,in
2636 909 2745 968 Quo
2773 896 3052 967 sperabam
3074 936 3088 960 ,
3122 895 3209 963 qui
3247 890 3438 945 edebat
3464 904 3562 959 pa-

1991 1012 2093 1051 nes
2118 1008 2267 1048 meos
2290 1033 2305 1057 ,
2350 989 2717 1061 magniﬁcavit
2759 1002 2919 1057 super
2956 1000 3043 1040 me
3079 981 3562 1051 supplantationem

1994 1084 2169 1147 (Psal.
2197 1081 2313 1151 XL).
2347 1099 2365 1133 ι
2395 1079 2458 1132 Et
2485 1079 2678 1132 iterum
2704 1093 2719 1130 :
2749 1093 2769 1128 ι
2805 1074 2861 1130 Si
2887 1074 3157 1135 inimicus,
3187 1070 3383 1138 inquit,
3414 1080 3564 1121 meus

1992 1172 2369 1227 n‘aledixisset
2409 1168 2572 1231 mihi,
2609 1173 3004 1234 supportassem
3038 1162 3262 1229 utique:
3311 1167 3366 1214 et
3393 1158 3437 1211 si
3486 1158 3559 1220 is,

1991 1262 2089 1326 Qui
2117 1261 2311 1315 oderat
2348 1273 2433 1311 me
2459 1298 2474 1321 ,
2508 1272 2672 1325 super
2717 1269 2801 1308 me
2850 1267 3043 1324 magna
3091 1250 3305 1303 locutus
3345 1247 3564 1311 fuisset,

1989 1346 2382 1402 absconderem
2413 1360 2498 1399 me
2537 1344 2721 1412 utique
2752 1340 2823 1395 ab
2847 1355 2913 1396 eo
2941 1357 2954 1393 :
2983 1350 3041 1393 tu
3071 1352 3202 1392 vero
3236 1338 3399 1392 homo
3437 1348 3567 1388 una-

1988 1436 2180 1499 nimis,
2214 1436 2318 1489 dux
2360 1447 2531 1495 meus,
2562 1441 2617 1487 et
2645 1438 2806 1485 notus
2830 1443 2984 1484 meus
3011 1426 3184 1498 (Psal.
3218 1426 3348 1492 Liv).
3381 1445 3399 1475 ι
3431 1423 3565 1478 Nam

1990 1526 2142 1593 quod
2171 1532 2395 1595 argento
2432 1520 2748 1581 vendendus
2769 1527 2943 1582 esset,
2972 1519 3141 1573 Amos
3167 1517 3443 1586 perhibet,
3476 1514 3565 1584 qui

1992 1614 2116 1668 ait:
2146 1630 2167 1666 ι
2204 1611 2380 1680 Super
2405 1609 2579 1664 tribus
2612 1608 2910 1664 sceleribus
2947 1606 3143 1667 Israel,
3169 1614 3224 1662 et
3247 1619 3410 1673 super
3437 1618 3570 1678 qua-

1993 1715 2126 1762 tuor
2168 1718 2276 1758 non
2326 1711 2638 1757 convertam
2679 1714 2830 1764 eum,
2858 1709 2959 1768 pro
2985 1712 3051 1751 eo
3079 1697 3222 1765 quod
3268 1695 3571 1749 vendiderit

1991 1804 2098 1860 pro
2125 1801 2348 1862 argento
2382 1792 2585 1860 justum
2613 1789 2795 1858 (Amos
2826 1789 2911 1857 tt).
2944 1805 2968 1841 ι
2998 1786 3157 1855 Quod
3188 1800 3315 1841 vero
3350 1788 3569 1855 triginta

3664 613 3819 682 (Osee
3843 617 3986 684 ιιιι).
4012 634 4029 666 ι
4045 614 4195 681 Quod
4218 630 4342 670 vero
4360 617 4513 669 tertia
4532 616 4617 670 die
4638 625 5032 670 resurrecturus
5050 627 5215 681 esset,

3661 711 3715 756 et
3741 715 3847 755 non
3891 702 3996 757 alia
4042 703 4146 757 diei
4173 703 4302 756 born
4334 704 4432 758 nisi
4460 704 4712 768 diluculo,
4745 703 4880 758 idem
4907 704 5070 760 Oseas
5100 721 5215 759 ma-

3662 792 3854 848 nifeste
3879 794 4099 856 clamat,
4127 794 4350 849 dicens:
4384 813 4402 845 ι
4441 794 4660 860 Venite,
4699 804 4751 849 et
4793 806 5127 850 revertamur
5152 798 5215 850 ad

3663 883 3966 947 Dutninum,
4006 870 4131 952 quia
4158 885 4270 951 ipse
4299 885 4462 953 cepit,
4499 893 4555 938 et
4584 885 4793 938 sanabit
4819 899 4934 949 nos,
4958 886 5216 953 percutiet

3661 980 3717 1028 et
3743 972 3954 1027 curabit
3980 988 4098 1038 nos,
4130 972 4422 1026 vivillcabit
4452 987 4548 1027 nos
4576 981 4695 1042 post
4714 971 4845 1025 duos
4879 972 5013 1035 dies,
5048 973 5100 1026 in
5132 973 5217 1028 die

3663 1063 3822 1117 tertia
3848 1063 4129 1118 suscitabit
4156 1078 4286 1127 nos;
4320 1071 4374 1118 et
4401 1064 4642 1117 vivemus
4682 1062 4736 1117 in
4773 1071 5056 1131 conspectu
5082 1061 5217 1130 ejus,

3662 1154 3924 1217 sciemus,
3956 1169 4346 1223 sequemurque
4389 1162 4450 1207 ut
4487 1167 4871 1224 cognoscamus
4898 1151 5215 1217 Dominum.

3663 1244 3818 1312 quasi
3863 1243 4152 1297 diluculum
4202 1250 4529 1312 preparatus
4567 1250 4651 1296 est
4694 1255 4944 1311 egressus
4969 1239 5122 1307 ejus,
5165 1250 5217 1296 et

3664 1333 3844 1389 veniet
3870 1332 4021 1400 quasi
4052 1330 4225 1385 imber
4262 1331 4418 1385 nobis
4463 1339 4840 1400 temporaneus
4875 1338 4931 1383 et
4956 1329 5222 1384 serotinus

3670 1429 3825 1474 terra
3855 1419 4034 1487 (Osee.
4064 1417 4162 1487 vt).
4202 1437 4222 1470 s
4252 1418 4327 1472 De
4356 1419 4471 1486 lege
4502 1427 4681 1472 autem
4721 1419 4841 1473 novi
4873 1418 5220 1481 Testamenti,

3669 1526 3833 1580 quam
3876 1524 3972 1579 per
4000 1509 4259 1565 mundum
4287 1508 4578 1565 dilfusnrus
4605 1518 4757 1571 erat,
4806 1525 4901 1579 per
4938 1507 5222 1563 Jeremiam

3667 1602 3973 1672 pollicetur,
3999 1600 4182 1656 dicens
4209 1615 4225 1655 :
4265 1618 4286 1653 ι
4318 1600 4459 1656 Ecce
4480 1602 4695 1656 venient
4721 1599 4855 1662 dies,
4887 1600 5015 1653 dicit
5046 1598 5225 1653 Domi-

3670 1705 3804 1757 nus,
3837 1700 3890 1744 et
3932 1688 4121 1744 feriam
4163 1688 4341 1744 domui
4372 1687 4533 1744 lsrael
4574 1697 4628 1744 et
4654 1687 4837 1742 domui
4875 1685 5005 1742 Juda
5056 1686 5229 1740 fades

3671 1795 3867 1834 novum
3896 1795 3910 1832 :
3944 1796 4050 1834 non
4081 1794 4376 1835 secundum
4416 1789 4629 1849 pactum
4654 1818 4671 1845 ,
4716 1779 4859 1849 quod
4899 1779 5076 1849 pepigi
5107 1792 5229 1832 cum

1990 1881 2270 1951 argenteis
2298 1919 2313 1943 ,
2352 1878 2644 1933 Zacharias
2671 1885 2986 1943 enumerat,
3026 1875 3252 1931 dicens:
3296 1893 3316 1927 ι
3353 1874 3563 1944 Appen-
3593 1870 3639 1931 Β
3665 1867 3909 1938 patribus
3933 1869 4125 1922 vestris
4156 1868 4209 1921 in
4253 1869 4341 1923 die
4387 1869 4600 1936 quando
4639 1868 4962 1937 apprehendi
5012 1881 5231 1921 manum

1992 1965 2217 2036 derunt,
2251 1968 2458 2039 inquit,
2497 1967 2804 2023 mercedem
2834 1979 3008 2024 meam
3039 1965 3263 2040 triginta
3294 1966 3564 2038 argenteis

2003 2057 2190 2130 (lacn.
2220 2057 2320 2127 st).
2361 2077 2380 2110 s

2074 2145 2141 2201 Et
2161 2148 2287 2216 quia
2318 2145 2473 2199 iidem
2520 2145 2759 2215 argentei
2790 2146 2858 2198 ab
2879 2142 3013 2198 Iuda
3042 2154 3165 2214 post
3202 2146 3568 2213 acceptionem

2007 2237 2229 2308 proiecti
2273 2237 2415 2301 sint,
2459 2237 2563 2290 hoc
2607 2237 2772 2290 etiam
2810 2236 2950 2290 idem
3002 2234 3265 2304 prepheta
3304 2233 3573 2288 subtiliter

2005 2327 2349 2396 exsequitur,
2380 2340 2500 2380 cum
2529 2325 2834 2397 subiungit:
2877 2344 2896 2377 ι
2930 2324 2999 2381 Et
3045 2325 3181 2380 dixit
3225 2323 3481 2377 Dominus
3504 2322 3571 2376 ad

2006 2433 2097 2476 me
2128 2437 2142 2472 :
2175 2417 2382 2488 Projice
2416 2417 2543 2471 illud
2573 2418 2638 2472 ad
2668 2419 3010 2483 statuarium,
3040 2419 3293 2473 decorum
3321 2418 3571 2487 pretium,

2007 2522 2116 2577 quo
2143 2508 2483 2576 appreliatus
2518 2522 2636 2560 sum
2666 2508 2735 2561 ab
2757 2508 2859 2561 eis.
2895 2507 2962 2560 Et
3001 2506 3095 2559 tuli
3134 2507 3350 2575 triginta
3387 2520 3578 2575 argen-

2009 2606 2145 2661 teos,
2181 2605 2234 2651 et
2254 2595 2450 2665 projeci
2477 2595 2594 2649 illos
2616 2596 2668 2649 in
2692 2595 2906 2650 domum
2932 2595 3144 2651 Domini
3170 2594 3235 2649 ad
3261 2596 3577 2649 statuarium

2008 2687 2265 2741 decorum
2297 2684 2507 2755 (Ibid.).
2544 2706 2559 2732 ι
2597 2685 2695 2740 Ubi
2723 2686 2886 2740 etiam
2926 2686 3085 2755 paulo
3122 2693 3247 2754 post
3285 2687 3350 2739 de
3380 2685 3575 2740 Iudaeo

2009 2790 2133 2832 rum
2185 2776 2527 2830 damnatione
2563 2774 2940 2845 subjungitur:
2977 2793 2996 2826 ι
3029 2775 3329 2842 Aspicient,
3383 2775 3575 2841 inquit,

2007 2870 2062 2928 in
2093 2878 2203 2928 me,
2226 2879 2386 2933 quem
2422 2863 2527 2936 47
2557 2864 2913 2930 confixerunt,
2945 2873 3001 2920 et
3028 2864 3279 2936 plangent
3305 2865 3576 2934 planctum

2010 2954 2169 3021 quasi
2198 2968 2363 3022 super
2385 2954 2743 3022 unigenitum,
2775 2963 2832 3008 et
2857 2954 3130 3016 dolebunt,
3161 2962 3221 3008 ut
3250 2955 3416 3009 doleri
3442 2956 3578 3010 solet

2009 3041 2064 3095 in
2096 3051 2270 3095 morte
2294 3043 2632 3110 primogeniti
2671 3039 2853 3111 (Zach.
2887 3043 3007 3112 xu).
3044 3063 3061 3094 ι
3090 3043 3164 3097 lbi
3200 3046 3362 3097 etiam
3400 3047 3579 3099 clavo-

2011 3144 2130 3181 rum
2159 3130 2357 3200 liguras
2384 3130 2434 3181 in
2461 3131 2702 3185 manibus
2730 3132 2936 3187 Domini
2971 3132 3249 3187 manifeste
3275 3136 3576 3201 denuntiat,

3664 1975 3876 2024 eorum,
3903 1969 3962 2014 ut
3986 1960 4271 2014 educerem
4320 1974 4415 2013 eos
4442 1959 4510 2013 de
4538 1968 4681 2012 terra
4711 1955 4924 2028 Βαγριὶ
4950 1974 4964 2008 :
4994 1965 5230 2026 pactum,

3667 2046 3808 2118 quod
3829 2047 4041 2101 irritum
4065 2044 4332 2110 fecerunt,
4358 2055 4414 2100 et
4436 2059 4537 2115 ego
4558 2044 4861 2099 dominatus
4886 2058 5001 2097 sum
5023 2057 5229 2106 eorum.

3670 2135 3802 2191 dicit
3846 2134 4124 2189 Dominus.
4160 2133 4266 2189 Sed
4314 2135 4413 2190 hoc
4453 2134 4557 2189 erit
4584 2142 4800 2204 pactum
4827 2173 4841 2197 ,
4872 2132 5012 2200 quod
5044 2129 5234 2185 feriam

3672 2241 3796 2281 cum
3826 2228 3984 2281 domo
4016 2225 4176 2279 Israel
4197 2235 4315 2294 post
4342 2225 4458 2279 dies
4482 2224 4622 2289 illos,
4651 2224 4782 2278 dicit
4803 2223 5079 2287 Dominus,
5104 2222 5241 2276 dabo

3672 2315 3841 2384 legem
3873 2331 4045 2370 meam
4097 2316 4148 2369 in
4192 2315 4489 2370 visceribus
4517 2329 4702 2370 eorum
4729 2353 4744 2378 ,
4778 2323 4831 2368 et
4876 2314 4931 2367 in
4974 2313 5229 2369 cordibus

3672 2418 3860 2459 eorum
3889 2405 4124 2459 scribam
4173 2419 4317 2468 eam,
4366 2414 4419 2458 et
4445 2420 4538 2458 ero
4586 2404 4666 2458 eis
4710 2402 4766 2457 in
4812 2403 5006 2464 Deum,
5052 2412 5111 2457 et
5139 2403 5236 2472 ipsi

3674 2501 3837 2548 erunt
3871 2492 4000 2546 mihi
4031 2493 4083 2546 in
4114 2492 4367 2564 populum
4397 2491 4524 2562 (Jer.
4559 2491 4729 2561 xm).
4770 2510 4790 2542 ι

3750 2584 3901 2649 Quod
3945 2598 4267 2638 ascensurus
4308 2592 4451 2638 esset
4476 2584 4529 2636 in
4572 2584 4786 2645 omium,
4820 2590 4872 2636 et
4910 2597 5071 2655 super
5112 2597 5239 2653 apo—

3679 2674 3847 2728 stolos
3893 2674 4155 2727 missurus
4199 2683 4282 2728 est
4326 2674 4583 2742 Spiritum
4629 2682 4869 2725 sanctum
4918 2671 5086 2725 David
5135 2688 5240 2726 uno

3676 2763 3943 2817 versiculo
3962 2762 4193 2816 breviter
4206 2764 4633 2833 comprehendit,
4652 2763 4835 2818 dicens
4853 2763 4907 2815 τ’(
4929 2764 5239 2821 Ascendens

3678 2853 3731 2907 in
3751 2853 3918 2905 altum
3940 2852 4203 2920 captivam
4226 2852 4374 2904 duxit
4400 2854 4781 2920 captivitatem,
4806 2852 4949 2905 dedit
4973 2852 5109 2905 dona
5139 2853 5238 2905 ho-

3677 2943 3910 2997 minibus
3933 2941 4102 3011 (Psal.
4147 2957 4285 2995 uvu
4309 2960 4323 3008 ;
4349 2941 4484 3009 Eph.
4512 2944 4608 3012 tv).
4647 2962 4665 2994 ι
4700 2943 5007 2996 Ascendens
5044 2944 5241 3013 quippe

3677 3036 3922 3090 Christus
3960 3038 4012 3090 in
4046 3037 4210 3090 altum
4238 3040 4501 3106 captivam
4530 3039 4683 3091 duxit
4713 3039 5091 3105 captivitatem,
5118 3040 5240 3107 quia

3680 3130 4078 3196 corruptionem
4122 3137 4360 3182 nostram
4415 3130 4610 3182 virtute
4676 3144 4782 3181 sua:
4831 3127 5242 3196 incorruptionis

2009 3238 2132 3276 cum
2166 3224 2240 3274 ait
2270 3240 2282 3274 :
2319 3241 2336 3273 ‹
2373 3223 2438 3275 Ει
2482 3223 2722 3276 dicetur:
2768 3224 2835 3276 Et
2883 3224 3009 3292 quid
3040 3234 3161 3280 sunt
3189 3226 3353 3294 plaga!
3386 3227 3501 3280 ista:
3527 3228 3577 3281 in
3606 3209 3650 3272 (ἶ
3682 3217 3983 3281 ευδοτιιυῑις
4030 3218 4138 3271 ded!

3112 3234 3161 3278 nt
3189 3226 3353 3294 plagae
3386 3227 3577 3281 15min
3606 3209 3650 3272 C
3682 3217 3983 3281 absorbuit;
4030 3218 4175 3271 dedit
4222 3233 4350 3271 vero
4395 3218 4528 3278 dona
4577 3219 4914 3277 hominibus,
4971 3216 5089 3288 48
5119 3218 5241 3287 quia

2012 3311 2193 3364 medio
2224 3326 2480 3365 manuum
2510 3322 2719 3365 tuarum
2740 3314 2760 3364 ?
2782 3313 2847 3366 Et
2868 3314 3012 3368 dicet
3038 3334 3049 3370 :
3078 3315 3171 3370 His
3200 3318 3439 3386 plagatus
3461 3335 3579 3373 sum

2013 3401 2065 3454 in
2091 3402 2249 3454 domo
2272 3416 2475 3465 eorum,
2507 3403 2596 3471 qui
2626 3403 2916 3471 diligebant
2944 3404 3226 3473 tne(Zach.
3248 3410 3398 3476 xm);
3425 3429 3442 3459 ι
3492 3410 3581 3461 ubi

2011 3489 2187 3542 adhuc
2221 3489 2436 3541 additur
2466 3507 2478 3542 :
2514 3507 2531 3539 ι
2563 3490 2789 3545 Framea
2822 3494 3086 3547 suscitare
3122 3509 3284 3563 super
3309 3506 3583 3564 pastorem

2015 3593 2217 3643 meum,
2245 3588 2300 3631 et
2326 3594 2486 3647 super
2521 3580 2694 3633 virum
2734 3583 3096 3636 cohaerentem
3125 3585 3290 3647 mihi,
3324 3587 3452 3639 dicit
3478 3588 3582 3641 Do-

2019 3667 2198 3720 minus
2251 3669 2609 3722 exercituum.
2654 3668 2880 3724 Percute
2916 3654 3232 3739 pastorem,
3275 3681 3330 3726 et
3382 3674 3586 3743 disper-

2015 3766 2212 3824 gentur
2245 3771 2375 3812 oves
2409 3756 2619 3824 (Ibid.).
2654 3778 2673 3809 ι
2711 3758 2860 3824 Quod
2890 3770 3068 3814 autem
3093 3764 3144 3815 in
3169 3762 3312 3832 ligno
3358 3779 3583 3832 suspen-

2017 3846 2223 3900 dendus
2265 3855 2440 3911 esset,
2473 3847 2738 3901 Jeremias
2782 3850 3130 3914 manifestat,
3161 3854 3346 3907 dicens
3379 3870 3392 3907 :
3437 3874 3452 3904 ι
3486 3856 3586 3908 Do-

2016 3940 2185 4005 tnine,
2216 3941 2601 3995 demonstrasti
2629 3941 2761 3994 mihi
2801 3949 2855 3995 et
2897 3944 3157 4011 cognovi,
3206 3953 3261 3995 tu
3305 3946 3584 4001 ostendisti

3682 3309 3852 3362 effuso
3885 3311 4115 3379 desuper
4145 3311 4345 3378 Spiritu
4368 3351 4381 3374 ,
4413 3311 4622 3364 diversa
4650 3311 4920 3379 discipulis
4947 3312 5056 3364 suis
5082 3311 5244 3365 cmic-

3685 3400 3845 3451 stium
3893 3400 4278 3452 charismatum
4320 3400 4458 3454 dona
4493 3401 4775 3453 concessit.
4808 3399 4874 3451 Et
4917 3398 5031 3452 loci
5070 3400 5242 3453 dicit:

3689 3505 3708 3536 ι
3742 3488 3806 3540 Et
3832 3490 3936 3540 erit
3967 3500 4085 3556 post
4112 3490 4257 3552 haec,
4295 3487 4560 3542 effundam
4599 3489 4852 3558 Spiritum
4880 3503 5055 3541 meum
5087 3502 5247 3558 super

3683 3588 3894 3626 omnem
3927 3590 4166 3640 carnem,
4203 3585 4257 3628 et
4290 3576 4683 3644 prophelahunt
4732 3576 4823 3628 filii
4857 3576 5017 3628 vestri
5043 3584 5096 3631 et
5125 3576 5247 3632 (illa:

3684 3672 3897 3723 vestrm,
3917 3664 4159 3718 seniores
4186 3667 4346 3718 vestri
4362 3667 4565 3718 somnia
4583 3665 4940 3729 somniabunt,
4959 3667 5245 3734 etjnveues

3688 3756 3850 3807 vestri
3881 3755 4115 3809 visiones
4147 3757 4420 3811 videbunt.
4451 3757 4556 3812 Sed
4598 3770 4651 3811 et
4681 3772 4841 3825 super
4870 3772 5058 3812 servos
5102 3772 5249 3815 meos

3686 3855 3740 3898 et
3780 3846 3999 3898 ancillas
4043 3861 4192 3899 meas
4235 3848 4287 3899 in
4331 3847 4518 3901 diebus
4561 3847 4663 3901 illis
4693 3847 4957 3901 ell'undam
5001 3849 5245 3916 spiritum

3687 3952 3861 3990 meum
3907 3936 4066 4006 (Joel.
4103 3936 4185 4008 tt).
4217 3955 4234 3987 ι
4273 3935 4347 3991 De
4385 3936 4486 3991 hac
4512 3938 4697 3991 eadem
4735 3935 4992 3992 effusione
5021 3937 5250 4007 Spiritus

2021 4029 2152 4082 mihi
2177 4029 2353 4082 studia
2390 4042 2574 4083 eorum
2596 4070 2611 4093 ,
2639 4038 2695 4084 et
2727 4045 2826 4100 ego
2858 4032 3013 4099 quasi
3044 4047 3214 4103 agnus
3238 4044 3583 4099 mansuetus,
3685 4029 3851 4086 lsaias
3891 4032 4157 4102 perhibet,
4190 4031 4412 4085 dicens:
4464 4048 4482 4082 ι
4531 4029 4646 4084 Noli
4677 4032 4885 4094 timere,
4916 4044 5072 4084 serve
5101 4045 5249 4084 meus

2021 4117 2114 4185 qui
2158 4126 2403 4186 portatur
2441 4118 2508 4171 ad
2555 4119 2849 4171 victimam.
2900 4118 2965 4171 Et
3015 4135 3119 4173 non
3166 4122 3421 4190 cognovi,
3460 4124 3585 4190 quia
3686 4120 3853 4176 Jacob
3873 4122 4210 4184 electissime,
4231 4134 4389 4189 quem
4409 4120 4543 4189 elegi
4570 4139 4581 4172 :
4608 4119 4872 4174 effundam
4894 4120 5036 4172 enim
5060 4133 5249 4189 aquam

2020 4208 2391 4277 cogitaverunt
2416 4222 2578 4277 super
2607 4223 2692 4261 me
2718 4209 2963 4275 consilia,
2994 4210 3231 4264 dicentes
3258 4228 3270 4262 :
3311 4213 3588 4268 mittamus
3690 4226 3850 4279 super
3877 4212 4176 4276 sitientem,
4208 4218 4262 4264 et
4285 4207 4479 4264 ﬂuenta
4510 4225 4669 4279 super
4711 4210 4933 4263 aridam.
4972 4207 5251 4264 Eﬂundam

2021 4293 2224 4363 lignum
2256 4296 2308 4348 in
2342 4310 2538 4363 panem
2568 4294 2703 4363 ejus,
2746 4306 2799 4350 et
2840 4298 3128 4353 eradamus
3175 4312 3297 4352 eum
3334 4301 3400 4356 de
3446 4312 3589 4357 terra
3694 4304 3938 4374 spiritum
3965 4315 4139 4355 meum
4163 4315 4325 4371 super
4350 4316 4533 4357 semen
4562 4312 4731 4365 tuum,
4754 4311 4807 4356 et
4831 4302 5251 4356 benedictionem

2022 4383 2347 4448 viventium,
2377 4393 2431 4438 et
2463 4400 2658 4439 nomen
2696 4384 2810 4453 ejus
2842 4401 2945 4442 non
2995 4397 3327 4441 memoretur
3362 4391 3592 4459 amplius
3695 4406 3869 4445 meam
3897 4405 4057 4461 super
4077 4389 4300 4457 stirpem
4327 4398 4470 4442 tuam
4496 4387 4629 4457 (Isa.
4654 4391 4817 4458 xuv).
4852 4407 4869 4438 ι
4900 4389 5254 4459 Debaptismo

2023 4474 2157 4544 (Jer.
2192 4475 2290 4548 xi).
2335 4500 2353 4527 ι
2382 4476 2529 4542 Quod
2558 4479 2874 4533 vestimenta
2906 4479 3047 4533 illius
3081 4490 3225 4536 sorte
3251 4481 3415 4535 divisa
3442 4493 3589 4550 sunt,
3622 4544 3658 4550 _
3697 4490 3874 4534 autem
3895 4520 3909 4544 ,
3939 4495 4098 4548 quem
4143 4493 4240 4546 per
4280 4477 4536 4533 mundum
4570 4479 4681 4534 fieri
4710 4488 5074 4548 praecepturus
5111 4489 5254 4545 erat,

2028 4544 2259 4623 testatur
2279 4570 2395 4639 ipse
2419 4584 2516 4636 per
2545 4583 2608 4624 os
2652 4568 2817 4623 David
2844 4611 2859 4635 ,
2891 4572 3142 4640 inquiens
3175 4591 3188 4627 :
3229 4591 3247 4623 ι
3285 4544 3594 4629 Diviscrunt
3622 4544 3672 4603 θ
3696 4584 3793 4641 per
3821 4544 4068 4623 Ezechiel
4099 4544 4380 4636 pollicetur
4401 4568 4585 4622 dicens
4615 4587 4628 4622 :
4666 4588 4683 4620 ι
4711 4544 5032 4635 Effundam,
5064 4571 5255 4643 inquit.

2027 4656 2128 4711 sibi
2159 4647 2476 4712 veStimenta
2508 4674 2658 4723 mea,
2689 4670 2744 4714 et
2783 4675 2945 4728 super
2982 4672 3186 4715 vestem
3232 4678 3401 4718 meam
3442 4668 3593 4722 misc-
3697 4674 3860 4728 super
3887 4672 3979 4712 vos
4014 4674 4150 4726 aqua

3126 4679 3186 4714 :m
3232 4678 3401 4718 meam
3442 4668 3593 4722 mise-
3697 4674 3860 4728 super
3887 4672 3979 4712 vos
4014 4673 4207 4726 aquam
4233 4658 4506 4723 mundam,
4531 4670 4578 4712 ε·
4635 4661 5018 4715 mundabintlni
5045 4663 5119 4717 ab
5143 4676 5255 4717 om-

2027 4752 2155 4801 runt
2177 4757 2375 4801 sortem
2410 4747 2578 4817 (Psal.
2604 4751 2740 4818 xu).
2783 4769 2800 4801 ι
2829 4750 2959 4802 Nam
2993 4752 3130 4818 quod
3156 4750 3279 4805 felle
3313 4752 3592 4821 cibandus,
3699 4752 3856 4806 nibus
3897 4751 4322 4819 inquinamentis
4357 4751 4586 4816 vestris,
4621 4760 4675 4805 et
4714 4751 4780 4805 ab
4811 4753 5075 4808 universis
5107 4754 5259 4809 idolis

2025 4846 2181 4891 aceto
2209 4837 2473 4905 potandus
2501 4845 2678 4903 esset,
2714 4854 2807 4907 per
2834 4841 3080 4895 eumdem
3124 4842 3286 4896 David
3316 4846 3591 4915 perhibet,
3698 4841 3890 4893 \‘eslris
3913 4839 4179 4891 ιιιυιιάειῠο
4209 4853 4302 4892 V08
4328 4837 4542 4910 (Euth-
4566 4841 4749 4909 XXXVI)
4787 4861 4804 4891 ³
4835 4841 4965 4903 Ουίθ
4991 4856 5120 4897 Vero
5149 4844 5259 4913 ipse

2026 4942 2150 4980 cum
2177 4928 2250 4981 ait
2278 4946 2289 4979 :
2333 4948 2351 4977 ι
2389 4928 2661 4983 Dederunt
2696 4931 2748 4983 in
2781 4946 2959 4985 escam
3003 4948 3175 4987 meam
3214 4935 3302 4989 fel.
3336 4947 3390 4990 et
3423 4940 3474 4991 in
3508 4941 3594 4993 siti
3695 4928 4029 4998 Ξυάίείηυτυδ
4055 4928 4155 4981 Si“

3129 4951 3175 4987 m
3214 4935 3302 4989 fel,
3336 4947 3390 4990 et
3423 4940 3474 4991 in
3508 4941 3594 4993 sm
3695 4928 4029 4998 judicaturus
4055 4928 4124 4981 sit
4145 4931 4418 4994 mundum,
4444 4940 4669 4986 testatur
4690 4930 4990 4998 Psalutista,
5013 4935 5258 5005 quipost-

2031 5029 2149 5068 mea
2179 5025 2494 5084 putaverunt
2521 5033 2606 5071 me
2635 5028 2783 5073 aceto
2818 5017 2987 5090 (Psal.
3017 5025 3223 5093 vant).
3256 5043 3271 5075 ι
3306 5025 3437 5092 Quia
3470 5044 3599 5084 vero
3703 5033 3863 5087 (ιυίηη
3892 5018 4150 5088 νηιτιηίδίι

3128 5025 3223 5093 ιιι),
3256 5043 3271 5075 ι
3306 5025 3437 5092 Quia
3470 5044 3599 5084 vero
3703 5033 3863 5087 quam
3892 5018 4177 5088 praemisit,
4221 5036 4240 5069 α
4278 5020 4536 5075 Dominus
4572 5024 4811 5091 regnavit
4852 5039 4881 5074 a
4913 5023 5090 5093 ligno;
5138 5045 5156 5078 ι
5197 5027 5257 5079 de

2032 5107 2408 5175 conspuendus
2459 5116 2638 5170 esset,
2689 5118 2743 5162 et
2786 5109 2991 5164 lanceis
3033 5111 3419 5180 perforandus,
3448 5116 3600 5174 Jere-
3705 5112 3890 5165 €0dem
3924 5110 4161 5174 Ποωίηοτ

3134 5111 3387 5169 forandus
3407 5158 3419 5180 ,
3448 5116 3600 5174 lere-
3705 5112 3890 5165 eodem
3924 5110 4168 5174 Domino,
4197 5113 4287 5180 qni
4317 5129 4344 5165 a
4376 5112 4518 5182 ligno
4544 5115 4806 5184 regnavit,
4834 5115 4884 5169 in
4913 5116 5018 5169 line
5044 5117 5259 5184 subjun—

1999 5196 2168 5249 \mias
2198 5196 2261 5264 (?)
2315 5197 2581 5258 insinuat,
2615 5198 2798 5252 dicens
2839 5217 2851 5251 :
2892 5219 2910 5250 ‹
2960 5201 3374 5259 lnsurretcrunt
3420 5209 3471 5262 in
3512 5225 3601 5265 me
3708 5202 3784 5270 Βίι
3812 5201 3996 5254 dicens
4025 5219 4035 5250 ε
4069 5221 4084 5249 ι
4117 5201 4128 5253 έ

3131 5212 3374 5259 merum
3420 5209 3471 5262 in
3512 5225 3601 5265 me
3708 5202 3784 5270 git
3812 5201 3996 5254 dicens
4025 5219 4035 5250 :
4069 5221 4084 5249 ι
4117 5199 4384 5255 ludicabit
4407 5206 4594 5258 orbem
4627 5214 4783 5259 terra:
4817 5206 4866 5259 in
4891 5208 5145 5274 aequitate
5168 5248 5182 5273 ,
5212 5219 5260 5261 et

2035 5286 2136 5337 viri
2167 5286 2334 5353 iniqui
2365 5286 2568 5354 absque
2601 5287 2964 5342 misericordia
2990 5331 3002 5354 ,
3032 5295 3363 5359 qumsierunl
3392 5313 3477 5351 me
3514 5301 3599 5353 in-
3710 5292 3932 5361 populos
3964 5292 4014 5344 in
4047 5294 4267 5348 veritate
4298 5311 4391 5349 sua
4422 5294 4591 5363 (Paul.
4617 5297 4756 5366 xcv).

2037 5373 2298 5439 terlieere,
2315 5383 2370 5429 et
2396 5390 2501 5429 non
2528 5388 2879 5445 pepercerunt
2904 5381 2954 5435 in
2979 5380 3166 5436 faciem
3198 5400 3368 5438 meam
3390 5402 3600 5457 spuere,
3781 5382 3931 5436 Nunc
3959 5383 4141 5452 ἰδίων,

3130 5399 3166 5435 n
3198 5400 3368 5438 tneam
3390 5402 3600 5457 spuere,
3781 5382 3931 5436 Nunc
3959 5383 4141 5452 igitur,
4169 5383 4348 5440 Judaee
4369 5426 4384 5449 ,
4417 5385 4557 5439 sicut
4598 5402 4765 5441 sacrae
4794 5385 5082 5459 Scriptum
5113 5392 5257 5444 testi-

2040 5472 2092 5515 et
2118 5462 2315 5521 lanceis
2343 5465 2453 5518 suis
2480 5465 2895 5521 vulneraverunt
2930 5483 3032 5522 me.
3074 5489 3092 5522 ι
3713 5475 3890 5528 monia
3920 5475 3985 5527 ad
4015 5474 4169 5527 fidem
4200 5487 4248 5529 te
4274 5476 4472 5530 Christi
4506 5492 4611 5532 non
4633 5478 4928 5541 attrahunt,
4960 5480 5004 5532 si
5027 5482 5255 5533 omnium

2110 5550 2186 5604 De
2209 5552 2554 5608 descensione
2582 5552 2696 5622 eius
2724 5556 2790 5610 ad
2837 5558 3069 5622 inferos,
3102 5569 3155 5612 et
3184 5562 3459 5631 ereptione
3483 5579 3607 5620 san-
3658 5561 3664 5566 ’
3715 5577 3764 5622 te
3796 5570 4177 5637 prophetarum
4208 5579 4314 5623 tam
4360 5572 4639 5641 perspicua
4663 5613 4678 5637 ,
4711 5582 4764 5627 et
4795 5573 4934 5627 clara
4975 5574 5117 5627 dicta
5161 5591 5255 5629 non

2047 5649 2251 5736 ctorutn
2282 5658 2381 5712 per
2418 5642 2555 5700 Osee
2597 5644 2832 5715 loquitur
2865 5646 2980 5701 hoc
2994 5651 3153 5703 modo
3183 5665 3197 5702 :
3244 5670 3262 5701 ‹
3303 5652 3376 5707 De
3410 5671 3568 5710 manu
3591 5697 3606 5720 ,
3712 5656 3966 5724 ﬂectunt,
3995 5659 4125 5714 libet
4149 5660 4322 5716 adhuc
4343 5703 4356 5727 ,
4398 5665 4708 5734 postpositis
4738 5663 4945 5719 scilicet
4981 5667 5258 5736 propheta.

2050 5730 2240 5802 inquit,
2264 5736 2448 5792 mortis
2474 5736 2711 5794 liberabo
2731 5754 2846 5804 eos,
2882 5743 2949 5796 de
2990 5753 3163 5799 morte
3190 5746 3448 5803 redimam
3470 5764 3567 5807 eos
3590 5766 3604 5803 :
3715 5766 3831 5806 rum
3853 5751 4132 5822 exemplis,
4158 5754 4267 5809 sola
4299 5730 4470 5811 tecum
4498 5730 4905 5813 ratiocinatione
4925 5730 5253 5824 contendere,

2002 6420 2165 6431 3—7——
2204 6423 2299 6435 ,εκ-,μ
2350 6424 2447 6433 __.,7
2499 6421 2595 6431 ___,_
2640 6424 2662 6429 __
2702 6418 2763 6425 _—7
