5392 6514
925 376 993 436 55
1479 369 1703 429 OPUSC
1768 369 1855 425 lii.
1896 397 1967 410 —
2009 364 2381 424 DlALOGUS.
2422 363 2639 421 INTER
2679 361 2988 422 JUDEUM
3024 361 3115 421 ΕΤ
3152 360 3635 422 CHRISTIANUM
4153 358 4227 417 σο

919 500 976 548 et
1010 504 1171 545 unam
1218 487 1399 543 tecum
1437 486 1493 541 in
1544 484 1694 540 calce
1736 482 1897 552 hujus
1927 479 2176 551 opusculi
2220 476 2513 548 quaestiun-
2539 479 2587 538 Α
2616 489 2835 545 quoque
2855 474 3048 531 exsilio
3089 473 3274 544 positi,
3302 472 4223 545 nunquamfueruntprophetarum

919 582 1099 640 cuiam
1127 580 1367 636 breviter
1400 578 1638 651 agitare;
1670 583 1941 646 quatenus
1964 573 2107 643 quod
2153 582 2256 627 tua:
2281 584 2513 627 conver-

921 677 1061 735 sioni
1110 675 1181 730 sit
1216 686 1550 745 congruum,
1597 668 1733 722 nihil
1770 666 2021 722 videatur
2066 665 2270 721 nostris
2318 662 2515 718 studiis

921 773 1267 827 intentatum.
1291 768 1404 836 Age
1430 764 1615 833 igitur,
1646 761 1916 831 responde
1946 760 2097 822 mihi,
2125 757 2268 829 quod
2294 757 2513 829 gravius

919 872 1200 932 peccatum
1225 866 1411 927 patres
1436 852 1603 907 vestri
1631 859 1979 920 perpetrasse
2014 859 2312 904 noscuntur
2329 890 2344 914 ,
2370 847 2512 903 unde

914 952 1014 1009 Dei
1040 952 1177 1007 iram
1210 948 1380 1018 magis
1406 944 1789 1006 accenderent,
1820 950 1875 996 et
1903 937 2019 1006 ejus
2046 940 2098 994 in
2127 956 2186 995 se
2214 940 2511 993 vindictam

921 1045 1098 1099 acrius
1119 1036 1509 1113 provocarent?
1528 1031 2038 1094 Murmurationem,
2063 1029 2298 1099 inquies,
2334 1027 2511 1083 idolo-

918 1135 1155 1198 latriam,
1180 1129 1615 1186 fornicationem.
1635 1125 1768 1179 Nam
1791 1132 1846 1179 et
1864 1139 1964 1192 ego
1986 1124 2089 1178 hoc
2112 1132 2288 1177 tecum
2312 1122 2509 1187 sentio,

918 1239 974 1283 et
998 1228 1114 1282 haec
1141 1224 1243 1279 tria
1273 1221 1490 1276 illorum
1520 1217 1713 1273 delicta
1742 1214 2139 1271 damnabiliora
2188 1214 2359 1268 fuisse
2383 1228 2511 1283 per-

917 1320 1092 1390 pendo
1120 1337 1131 1371 :
1159 1322 1531 1371 verumtamen
1571 1311 1688 1365 htec
1715 1308 1896 1363 omnia
1931 1307 2071 1377 apud
2102 1305 2511 1361 misericordem

920 1412 1010 1467 Dei
1028 1409 1293 1481 justitiam
1323 1422 1429 1462 non
1456 1401 1868 1458 irrevocabilem
1893 1394 2168 1469 pertulere
2192 1397 2509 1452 vindictam.

919 1499 1199 1570 Siquidem
1224 1506 1283 1552 ut
1308 1496 1375 1551 ad
1397 1506 1591 1549 vestrae
1616 1491 1956 1560 antiquitatis
1980 1505 2324 1544 recurramus
2346 1488 2513 1543 histo-

922 1596 1077 1657 riam,
1116 1592 1183 1647 de
1227 1589 1660 1646 murmuratione
1710 1587 1765 1640 in
1810 1585 1951 1640 libro
1999 1584 2221 1639 Numeri
2268 1584 2508 1655 legitur:

923 1703 943 1737 ι
982 1683 1119 1750 Quia
1154 1681 1461 1737 vociferans
1507 1678 1684 1733 omnis
1717 1677 1874 1739 turba
1922 1675 2069 1731 flevit
2102 1686 2262 1732 nocte
2300 1676 2389 1730 illa
2412 1716 2426 1741 ,
2458 1683 2515 1731 et

918 1773 1242 1830 murmurati
1274 1778 1402 1826 sunt
1431 1776 1619 1824 contra
1665 1768 1883 1838 Moysen
1910 1775 1967 1821 et
1997 1767 2178 1821 Aaron
2208 1765 2510 1839 cunctifilii

2618 568 2895 623 consortio
2920 567 3140 639 penitus
3170 567 3436 631 destituti,
3485 567 3739 622 videlicet
3767 576 3823 620 ut
3855 582 3954 637 pro
3981 566 4226 638 peccatis

2618 676 2808 716 eorum
2831 660 3038 732 jugiter
3087 660 3515 724 intercederent,
3549 670 3603 715 et
3631 661 3804 731 legem
3840 660 4056 716 Domini
4080 676 4227 716 sem-

2616 766 2718 820 per
2744 752 2826 806 eis
2868 752 2935 806 ad
2969 752 3291 806 memoriam
3326 762 3665 816 revocarent,
3723 767 4092 823 magnumque
4143 751 4227 807 eis

2616 843 2965 912 prtesentium
3020 842 3397 896 calamitatum
3448 840 3689 898 solamen
3738 842 4033 907 ali‘errent;
4092 842 4222 895 dum

2616 934 2717 989 sibi
2745 939 2958 989 certum
2988 934 3186 989 futura:
3216 936 3551 990 reversionis
3582 936 3647 990 ad
3670 936 3907 1004 patriam
3932 934 4226 990 articulum

2615 1026 2953 1081 nuntiarent.
2998 1024 3155 1080 Sicut
3178 1040 3276 1095 per
3300 1025 3623 1081 Zachariam
3650 1026 3881 1080 dicitur:
3924 1045 3942 1076 ι
3978 1025 4227 1096 Angelus

2616 1115 2830 1175 Domini
2911 1116 3098 1171 dixit:
3191 1118 3421 1172 Domine
3496 1117 3882 1183 exercituum,
3940 1131 4229 1187 usquequo

2616 1220 2723 1259 non
2747 1207 3097 1263 misereberis
3140 1205 3471 1273 Jerusalem,
3500 1214 3556 1261 et
3577 1207 3795 1260 urbium
3837 1205 4001 1273 Juda,
4026 1206 4231 1276 quibus

2618 1295 2796 1350 iratus
2826 1297 2926 1351 es?
2950 1296 3057 1351 iste
3095 1298 3531 1368 septuagesimus
3556 1313 3734 1355 annus
3757 1309 3863 1353 est.
3900 1298 3965 1352 Et
3995 1313 4227 1369 respon-

2618 1388 2697 1442 dit
2727 1389 2987 1444 Dominus
3013 1390 3206 1460 angelo
3233 1393 3323 1460 qui
3345 1391 3672 1460 loquebatur
3698 1394 3751 1447 in
3767 1408 3854 1447 me
3870 1394 4036 1449 verba
4062 1394 4227 1453 bona.

2614 1480 2780 1533 verba
2827 1480 3189 1536 consolatoria
3255 1480 3445 1554 (Zach.
3494 1482 3557 1553 γ).
3597 1502 3615 1535 ι
3649 1484 3717 1537 Et
3763 1500 3859 1554 per
3888 1483 4226 1540 Jeremiam:

2621 1592 2640 1623 ε
2670 1572 2947 1642 Servient,
2980 1576 3176 1645 inquit.
3215 1591 3408 1631 omnes
3436 1584 3625 1647 gentes
3651 1578 3768 1632 istae
3792 1577 3902 1648 regi
3934 1577 4232 1649 Babylonis

2616 1667 2960 1737 septuaginta
3016 1668 3216 1722 annis:
3278 1683 3515 1737 cumque
3574 1669 3777 1739 impleti
3836 1668 4229 1733 fuerint,anni

2617 1760 2975 1830 septuaginta,
3024 1759 3259 1815 visitabo
3292 1775 3457 1830 super
3486 1776 3671 1831 regem
3709 1760 4004 1831 Babylonis
4040 1759 4223 1831 (Hier.

918 1862 1105 1927 lsrael,
1129 1863 1397 1916 dicentes:
1424 1856 1646 1912 Utinam
1672 1836 1870 1910 mortui
1913 1855 2226 1910 essemusin
2250 1836 2507 1925 Egypto,
2544 1836 2589 1894 Β
2619 1853 2767 1918 xxv),
2803 1873 2820 1904 ι
2851 1862 2906 1907 et
2933 1853 3165 1923 reliqua.

913 1965 972 2013 et
998 1971 1106 2010 non
1137 1955 1188 2009 in
1222 1954 1323 2007 hac
1354 1961 1501 2005 vasta
1531 1949 1819 2004 solitudine
1850 1966 1862 2001 :
1888 1949 2097 2003 utinam
2126 1962 2437 2018 pereamus,
2458 1956 2514 2002 et

912 2065 1025 2106 non
1056 2047 1277 2103 inducat
1310 2059 1409 2099 nos
1434 2043 1696 2096 Dominus
1723 2042 1777 2095 in
1810 2050 2012 2096 terram
2045 2042 2229 2104 istam,
2262 2056 2329 2093 ne
2353 2040 2517 2095 cada-

916 2157 1040 2199 mus
1062 2140 1260 2213 gladio,
1284 2146 1340 2192 et
1366 2151 1588 2199 uxores,
1617 2148 1681 2187 ac
1719 2132 1877 2187 liberi
1918 2132 2091 2187 nostri
2126 2132 2397 2190 ducantur
2422 2146 2515 2185 cae

911 2235 1069 2306 ptivi.
1120 2232 1188 2286 Et
1235 2230 1491 2286 dixerunt
1538 2226 1675 2281 alter
1699 2226 1766 2280 ad
1805 2225 2080 2280 alterum:
2116 2225 2516 2281 constituamus

914 2324 1075 2381 nobis
1091 2324 1304 2386 ducem,
1320 2328 1375 2377 et
1391 2326 1726 2374 revertamur
1741 2317 1796 2370 in
1810 2314 2105 2387 [Egyptum
2124 2314 2201 2386 (Ν
2206 2332 2314 2369 um.
2334 2312 2467 2382 xtv).
2489 2333 2509 2366 ι

916 2420 1147 2490 Propter
1170 2418 1271 2472 hoe
1297 2424 1499 2478 tamen,
1528 2409 1983 2467 murmurationis
2003 2408 2257 2463 videlicet
2279 2409 2516 2461 immane

918 2519 1222 2584 peccatum,
1258 2522 1366 2562 non
1395 2504 1626 2575 amplius
1648 2516 1809 2573 quam
1832 2516 1932 2572 per
1952 2498 2311 2570 quadraginta
2342 2506 2517 2553 ann‘es

917 2604 1115 2661 divinae
1143 2598 1451 2656 severitatis
1487 2597 1541 2650 in
1568 2610 1665 2652 eos
1687 2594 1927 2650 vindicta
1966 2593 2208 2657 desaavit,
2244 2592 2386 2647 sicut
2407 2589 2514 2645 illis

913 2694 1180 2753 Dominus
1226 2691 1429 2747 dixisse
1478 2687 1676 2759 legitur
1716 2702 1731 2741 :
1780 2704 1799 2738 ‹
1857 2683 2014 2751 Filii,
2066 2684 2282 2755 inquit,
2342 2682 2513 2739 vestri

913 2788 1035 2859 vagi
1074 2792 1236 2840 erunt
1278 2780 1637 2853 quadraginta
1667 2778 1852 2841 annis,
1881 2785 1938 2831 et
1975 2775 2270 2845 portabunt
2311 2774 2513 2843 iniqui-

916 2886 1058 2937 tates
1108 2882 1347 2946 patrum,
1394 2872 1567 2926 donec
1612 2876 2005 2924 consumantur
2042 2866 2308 2923 cadavera
2335 2872 2515 2920 vestra

916 2967 973 3022 in
1034 2966 1252 3021 deserto
1300 2962 1453 3033 juxta
1513 2972 1798 3013 numerum
1857 2955 2220 3027 quadraginta
2266 2956 2515 3019 dierum,

913 3058 1113 3131 quibus
1157 3051 1545 3111 considerastis
1602 3058 1832 3105 terram.
1891 3047 2085 3103 Annus
2126 3062 2224 3116 pro
2275 3047 2363 3102 die
2410 3046 2515 3099 im-

912 3148 1231 3222 putabitur,
1282 3153 1339 3201 et
1375 3142 1736 3215 quadraginta
1780 3138 1941 3195 annis
1998 3137 2272 3208 recipietis
2320 3138 2519 3208 iniqui.

2690 1942 2848 1997 Patet
2898 1943 3082 2013 igitur,
3112 1944 3239 2014 quia
3272 1952 3458 2013 patres
3499 1946 3692 2011 vestri,
3726 1944 3854 2000 licet
3902 1944 4229 2015 plerumque

2618 2034 2822 2088 fuerint
2846 2034 3033 2089 divina
3060 2035 3267 2090 ultione
3312 2037 3580 2106 percussi,
3613 2036 4005 2092 refovebantur
4039 2045 4229 2091 tamen

2617 2126 2911 2196 aliquando
2962 2126 3225 2196 impensis
3291 2127 3766 2183 consolationibus
3816 2128 4053 2183 recreati
4090 2143 4106 2178 :
4137 2141 4235 2182 vos

2620 2227 2803 2273 autem
2835 2233 2863 2271 a
2889 2218 3140 2287 passione
3164 2218 3372 2274 Christi
3397 2234 3571 2288 usque
3603 2220 3763 2275 hodie
3790 2221 3840 2273 in
3882 2228 3993 2273 tam
4030 2217 4234 2287 longis-

2619 2310 2778 2366 simis
2809 2310 3219 2365 calamitatibus
3247 2310 3435 2380 positi.
3468 2312 3791 2381 prephetatn
3836 2314 3979 2367 inter
4012 2324 4115 2368 vos
4138 2313 4237 2368 ali-

2618 2402 2745 2458 cubi
2780 2411 3049 2456 terrarum
3080 2418 3186 2457 non
3216 2404 3478 2468 cernitis;
3518 2403 3612 2458 sed
3644 2412 3699 2458 et
3729 2403 3927 2459 futura:
3957 2406 4237 2476 prosperi-

2624 2498 2755 2547 tatis
2785 2493 3034 2545 nuntium
3090 2492 3356 2547 divinitus
3398 2492 3558 2548 vobis
3607 2493 3835 2548 missum
3869 2495 4090 2564 penitus
4123 2510 4235 2551 non

2620 2586 2843 2641 auditis.
2901 2586 3033 2654 Qua:
3062 2594 3150 2641 est
3193 2602 3325 2659 ergo
3359 2586 3474 2641 lucc
3519 2594 3703 2641 vestra
3754 2596 3865 2641 tam
3912 2588 4237 2644 insanabilis

2620 2676 2824 2748 culpa?
2853 2677 3007 2733 Unde
3031 2678 3185 2733 vobis
3216 2686 3323 2731 tam
3356 2676 3781 2733 irremediabilis
3808 2678 4010 2747 ptena?
4054 2677 4236 2744 Unde,

2619 2766 2863 2835 inquam,
2912 2766 3016 2822 nisi
3067 2767 3195 2837 quia
3235 2767 3517 2823 Christum
3548 2767 3643 2822 Dei
3672 2766 3875 2823 Filium
3923 2768 4232 2835 occidistis,

2619 2855 2729 2927 50
2752 2865 2807 2913 et
2829 2866 2952 2928 post
2985 2866 3271 2928 peractum
3306 2859 3522 2914 facinus
3550 2861 3619 2915 ad
3648 2859 3857 2916 fontem
3885 2863 4011 2917 vita:
4037 2879 4233 2919 recur-

2618 2962 2741 3003 rere
2792 2948 3087 3003 noiuistis?
3154 2948 3269 3004 iioc
3318 2950 3463 3005 enim
3497 2951 3990 3031 profundissimam
4036 2962 4239 3011 vestrm

2618 3037 2931 3108 iniquitatis
2994 3038 3282 3094 baratrum
3340 3043 3586 3095 omnium
3660 3039 3992 3113 ﬂagitiorum
4051 3054 4239 3102 trans-

2621 3129 2805 3183 cendit
2874 3129 3142 3195 modum,
3213 3130 3461 3185 omnium
3532 3141 3758 3201 superat
3833 3134 4237 3193 immanitatem

913 3202 1075 3297 δέξεῄ
1111 3202 1325 3294 vestras
1382 3202 1617 3307 Ibid):
1659 3251 1679 3285 ι
1729 3232 1838 3288 Pro
1896 3230 2065 3286 vitulo
2111 3202 2304 3298 etiam,
2353 3202 2513 3300 qu—em
2543 3202 2589 3264 (ἶ
2621 3220 2936 3275 criminum.
2966 3218 3137 3276 Plane
3162 3220 3268 3276 hoc
3293 3230 3578 3290 peccatum
3601 3230 3845 3278 vestrum
3864 3224 4079 3297 Moyses
4099 3243 4239 3298 pra:-

914 3332 1286 3388 adoraverunt
1302 3324 1458 3396 juxta
1486 3331 1725 3380 montem
1757 3320 1931 3387 Sinai,
1961 3336 2068 3376 non
2092 3321 2325 3391 amplius
2348 3334 2514 3390 quam

916 3420 1111 3495 viginti
1162 3420 1271 3474 tria
1327 3416 1494 3472 millia
1545 3414 1824 3470 hominum
1882 3411 2134 3468 novimus
2183 3410 2353 3466 fuisse
2404 3411 2518 3481 gla-

912 3508 1027 3567 diis
1090 3510 1447 3577 interempta,
1508 3504 1653 3561 sicut
1718 3506 1771 3557 in
1837 3501 1977 3557 libro
2032 3501 2206 3556 Exodi
2268 3500 2511 3571 legitur;

919 3595 1034 3673 ιο
1055 3597 1132 3651 ait
1163 3596 1267 3650 illis
1305 3594 1553 3666 Moyses:
1608 3611 1627 3644 ι
1660 3592 1833 3647 Ponat
1860 3591 1944 3644 vir
1973 3589 2212 3661 gladium
2244 3606 2410 3661 super
2438 3590 2519 3645 fe-

924 3705 1049 3746 mur
1072 3701 1252 3751 suum,
1288 3694 1346 3741 et
1374 3685 1470 3750 ite,
1506 3691 1562 3740 et
1592 3682 1766 3738 redite
1796 3682 1862 3737 de
1890 3690 2046 3751 porta
2076 3681 2142 3735 ad
2170 3689 2387 3751 portam
2419 3696 2519 3751 per

921 3779 1160 3837 medium
1188 3786 1517 3841 castrorum,
1540 3784 1596 3831 et
1624 3774 1837 3831 occidat
1864 3773 2237 3844 unusquisque
2264 3772 2344 3828 fra
2356 3785 2514 3838 trem,

920 3880 978 3929 et
998 3871 1256 3936 amicum,
1310 3876 1369 3923 et
1396 3866 1704 3937 proximum
1735 3880 1913 3921 suum.
1944 3863 2218 3921 Fecerunt
2247 3865 2341 3919 lilii
2386 3865 2516 3919 Levi

920 3962 1071 4040 juxta
1095 3972 1405 4017 sermonem
1422 3948 1612 4028 Meysi,
1643 3962 1697 4010 et
1718 3954 2031 4011 ceciderunt
2057 3954 2110 4009 in
2134 3954 2221 4011 die
2248 3953 2336 4009 illa
2358 3956 2517 4027 quasi

921 4056 1118 4129 viginti
1151 4053 1254 4109 tria
1291 4050 1460 4106 millia
1492 4048 1802 4105 hominum.
1832 4047 1903 4102 Et
1932 4048 2010 4113 ait
2041 4047 2280 4120 Moyses:
2312 4047 2518 4105 Conse-

920 4146 1327 4204 crastismanus
1338 4150 1551 4197 vestras
1564 4138 1812 4203 Domino,
1832 4137 2209 4210 unusquisque
2238 4138 2293 4195 in
2310 4140 2441 4207 tilio,
2460 4148 2515 4197 et

934 4235 1105 4292 fratre
1126 4248 1249 4299 suo,
1280 4242 1344 4288 ut
1365 4233 1525 4287 detur
1550 4230 1706 4297 vobis
1718 4228 2027 4285 benedictio
2048 4228 2248 4299 (Exod.
2268 4232 2463 4303 xxxii).
2490 4251 2511 4286 ›

994 4328 1102 4385 Pro
1127 4326 1485 4383 fornicatione
1503 4338 1739 4395 quoque,
1768 4336 1932 4393 quam
1955 4337 2077 4378 cum
2099 4322 2515 4381 Madianitarum

924 4418 1143 4476 filiabus
1190 4423 1578 4481 exercuerunt,
1623 4413 1878 4471 similiter
1930 4429 2038 4470 non
2089 4414 2211 4485 plus
2239 4430 2402 4485 quam
2436 4417 2516 4472 vi-

923 4513 1059 4587 ginti
1114 4512 1215 4566 tria
1248 4510 1414 4564 millia
1459 4508 1740 4564 hominum
1786 4507 1965 4581 gladio
1997 4508 2335 4575 ceciderunt,
2374 4510 2517 4565 sicut

925 4623 980 4661 vn
1010 4605 1149 4660 libro
1175 4602 1398 4658 Numeri
1428 4616 1620 4671 rursus
1650 4601 1913 4672 scriptum
1944 4609 2055 4656 est:
2115 4620 2135 4653 ι
2162 4600 2517 4672 Cessavitque

926 4698 1082 4770 plaga
1111 4713 1142 4751 a
1172 4696 1297 4751 filiis
1329 4694 1519 4760 lsrael,
1559 4705 1614 4751 et
1642 4695 1807 4751 occisi
1832 4701 1961 4751 sunt
1988 4695 2179 4766 viginti
2224 4695 2325 4751 tria
2355 4696 2519 4753 millia

927 4790 1210 4848 hominum
1236 4786 1406 4858 (Num
1432 4786 1584 4856 xxv).
1612 4806 1631 4837 ›
1652 4787 1790 4854 Quid
1806 4800 1937 4858 ergo
1961 4796 2066 4855 est,
2093 4788 2236 4859 quod
2266 4797 2374 4843 tam
2396 4790 2526 4845 bre-

926 4898 1051 4938 vem
1080 4882 1377 4937 vindictam
1407 4880 1475 4936 de
1519 4881 1759 4952 peccatis
1789 4890 2004 4954 patrum
2043 4890 2350 4938 vestrorum
2378 4882 2522 4939 Deus

926 4973 1201 5043 recepisse
1231 4971 1467 5042 legitur;
1498 4980 1679 5034 vestra
1706 4980 1887 5026 autem
1919 4971 2034 5027 haec
2061 4974 2321 5037 servitus,
2347 4981 2399 5027 et
2419 4990 2519 5045 per

929 5065 1103 5115 totum
1138 5055 1398 5113 mundum
1435 5055 1701 5127 dispersio
1722 5054 1833 5125 jam
1865 5070 1961 5127 per
2004 5067 2085 5114 tot
2112 5059 2311 5114 sarcula
2341 5069 2523 5129 prote-

924 5150 1090 5207 latur.
1118 5145 1261 5219 Lege
1284 5148 1448 5204 etiam
1462 5146 1755 5219 Josepbum
1786 5156 1936 5203 tuum
1955 5149 2056 5221 (De
2081 5149 2217 5204 Bell.
2238 5150 2418 5224 Jud.),
2450 5152 2521 5209 ibi

926 5238 1169 5311 reperies
1196 5252 1298 5307 pro
1322 5236 1561 5292 vindicta
1583 5238 1774 5292 mortis
1814 5236 2037 5303 Christi,
2070 5255 2234 5311 quam
2260 5256 2383 5297 cum
2415 5242 2520 5298 Ve-

927 5330 1184 5402 spasiano
1212 5326 1367 5383 Titus
1384 5328 1650 5393 exercuit,
1673 5328 1741 5384 de
1771 5328 1967 5400 populo
1999 5328 2310 5387 Judazorum
2342 5332 2524 5390 decies

929 5429 1163 5479 centena
1190 5417 1361 5474 millia
1389 5417 1584 5491 gladiis
1612 5421 1904 5485 corruisse,
1930 5430 1987 5477 et
2006 5423 2264 5479 undecies
2292 5434 2525 5487 centena

930 5511 1103 5568 millia
1148 5510 1310 5566 ducta
1339 5507 1507 5566 fuisse
1536 5510 1780 5582 captiva:
1813 5519 1869 5567 et
1908 5521 2032 5583 post
2060 5514 2178 5570 haec
2211 5516 2524 5587 quicunque

932 5603 1068 5662 estis
1087 5602 1269 5674 gladio
1297 5602 1597 5659 devorante
1626 5604 1849 5671 residui,
1888 5606 2131 5663 omnium
2155 5608 2399 5679 gentium
2429 5626 2522 5681 pe-

932 5694 1094 5777 dibus
1139 5693 1399 5749 videmini
1440 5694 1705 5755 servitute
1747 5696 2045 5764 substrati;
2097 5713 2293 5765 nempe
2340 5709 2526 5771 patres

930 5786 1124 5856 vestri,
1172 5785 1491 5861 quicunque
1523 5788 1581 5845 in
1616 5790 1932 5862 captivitate
1959 5790 2110 5849 ducti
2139 5801 2287 5862 sunt,
2317 5795 2372 5850 in
2405 5796 2523 5868 ipso

2618 3313 2866 3380 videbat,
2897 3329 3021 3370 cum
3054 3314 3346 3369 adversum
3370 3330 3469 3370 vos
3508 3315 3681 3371 iratus
3714 3316 3967 3374 dicebat:
4028 3339 4046 3371 ι
4084 3320 4238 3377 Con-

2618 3411 2841 3474 gregate
2866 3404 3038 3458 ad-mc
3064 3417 3256 3459 omnes
3279 3402 3514 3472 majores
3536 3415 3664 3459 natu
3684 3421 3782 3476 per
3812 3406 3990 3463 tribus
4020 3422 4237 3467 vestras

2620 3502 2787 3563 atque
2819 3494 3096 3559 doctores,
3132 3502 3189 3548 et
3230 3493 3425 3564 loquar
3455 3495 3808 3554 audientibus
3835 3499 3916 3555 eis
3948 3516 4241 3561 sermones

2619 3582 2775 3649 istos,
2807 3594 2864 3639 et
2885 3584 3153 3639 invocabo
3174 3594 3367 3640 contra
3394 3598 3491 3641 eos
3512 3587 3736 3655 caelum,
3766 3598 3822 3644 et
3851 3600 4082 3650 terram.
4118 3593 4232 3650 Nu-

2619 3673 2672 3728 vi
2703 3676 2850 3728 enim
2893 3676 3039 3744 quod
3089 3684 3216 3744 post
3243 3684 3482 3730 mortem
3522 3693 3701 3733 meam
3733 3680 3923 3751 inique
3952 3685 4149 3754 agetis,
4178 3696 4240 3744 et

2618 3766 2966 3822 declinabitis
2987 3767 3099 3822 cito
3116 3768 3184 3822 de
3197 3768 3485 3837 via,quam
3510 3774 3743 3843 precepi
3760 3774 3937 3842 vobis,
3962 3786 4237 3836 etoceur-

2618 3864 2743 3909 rent
2773 3857 2929 3911 vobis
2962 3856 3107 3911 mala
3134 3856 3188 3911 in
3226 3867 3480 3913 extremo
3513 3870 3779 3932 tempore,
3830 3870 4052 3936 quando
4084 3868 4235 3928 fece-

2619 3947 2741 4001 ritis
2772 3947 2976 4002 malunt
3019 3948 3074 4003 in
3125 3960 3421 4020 conspectu
3454 3951 3692 4021 Domini,
3743 3964 3804 4010 ut
3833 3957 4069 4017 irritetis
4103 3976 4234 4019 eum

2616 4051 2716 4107 per
2739 4053 2903 4109 opera
2932 4054 3190 4094 manuum
3215 4052 3525 4098 vestrarum
3553 4044 3735 4113 (Deut.
3765 4050 3940 4122 χχχι).
3984 4072 4003 4106 ι

2687 4131 2846 4189 Nunc
2889 4132 3074 4204 igitur,
3131 4133 3341 4203 Judaee,
3390 4138 3515 4193 audi
3564 4154 3746 4195 meum
3802 4144 4119 4213 consilium,
4176 4160 4240 4208 nt

2617 4223 2811 4289 Deum,
2864 4240 3026 4294 quem
3060 4226 3262 4281 iratum
3316 4227 3503 4295 habes,
3556 4232 3737 4301 possis
3787 4232 3995 4291 habere
4046 4241 4234 4312 propi-

2619 4314 2792 4370 tium:
2818 4315 3025 4387 depone
3054 4318 3257 4373 veteris
3285 4319 3525 4376 hominis
3551 4321 3952 4394 indumentum,
3987 4338 4044 4383 et
4078 4345 4233 4389 nova

2619 4406 2808 4487 gratiae
2832 4408 3049 4477 suscipe
3093 4421 3535 4479 sacramentum;
3572 4413 3826 4482 placeant
3877 4420 3973 4475 tibi
4006 4420 4237 4478 benedi-

2618 4497 2831 4551 ctiones
2853 4495 3116 4565 Garizim,
3133 4509 3191 4554 ut
3223 4500 3635 4560 maledictiones
3655 4503 3823 4562 ﬂebal
3842 4507 4236 4585 (Deucxxvn).

2624 4589 2805 4659 possis
2833 4591 3098 4645 evadere:
3133 4592 3326 4647 desere
3367 4591 3610 4651 Judaicae
3652 4599 3916 4656 caecitatis
3963 4618 4233 4672 errorem,

2625 4690 2680 4735 et
2708 4690 2760 4735 te
2806 4682 2872 4735 ad
2905 4680 3250 4754 Evangelicae
3279 4686 3472 4755 gratia:
3516 4686 3691 4758 dirige
3740 4690 4063 4747 veritatem:
4115 4706 4237 4751 estu

2624 4772 2809 4839 procul
2849 4774 3013 4829 dubio
3040 4790 3273 4830 securus
3304 4777 3370 4832 de
3413 4777 3594 4845 venia,
3647 4780 3692 4834 si
3725 4780 3791 4835 ad
3835 4782 4039 4839 Christi
4074 4786 4236 4845 fidem

2624 4880 2948 4932 conversus,
2982 4867 3123 4921 sacri
3168 4867 3511 4938 baptismatis
3553 4869 3729 4927 lueris
3762 4873 3908 4929 unda
3950 4877 4233 4946 perfusus.

2634 4955 2742 5013 Sed
2769 4960 3029 5028 quoniam
3058 4962 3200 5032 apud
3227 4960 3469 5017 animum
3500 4958 3651 5018 tuum
3677 4965 3795 5036 plus
3820 4954 4050 5025 forsitan
4078 4973 4238 5031 valeo

2628 5048 2798 5106 Deum
2828 5050 3189 5121 deprecando,
3223 5069 3387 5124 quam
3423 5056 3568 5126 apud
3598 5065 3649 5111 te
3678 5058 4056 5127 przedicando.
4087 5062 4236 5123 Deus

2626 5152 2844 5213 patrum
2892 5153 3106 5199 tuorum
3159 5160 3189 5200 a
3238 5149 3402 5202 corde
3454 5157 3545 5204 tuo
3594 5159 3872 5207 vetustum
3908 5153 4236 5225 ignorantia

2626 5234 2873 5291 velamen
2906 5236 3147 5305 abjiciat,
3174 5247 3228 5294 et
3256 5240 3495 5311 depulsis
3520 5257 3769 5298 errorum
3801 5248 4065 5313 tenebris,
4091 5266 4234 5309 nova

2626 5333 2680 5382 te
2708 5328 3035 5398 cognitionis
3057 5345 3169 5385 ante
3195 5330 3314 5386 luce
3338 5332 3648 5402 petfundat,
3673 5337 3765 5405 qui
3790 5352 3889 5407 per
3910 5342 4232 5409 prophetam

2628 5436 2789 5475 suum
2832 5420 3141 5490 pollicetur,
3172 5422 3401 5479 dicens:
3464 5444 3481 5476 ε
3513 5424 3570 5480 Si
3604 5425 3774 5482 fuerit
3799 5444 4064 5488 numerus
4090 5432 4233 5489 filio—

2628 5529 2751 5570 rum
2780 5513 2947 5569 lsrael
2975 5514 3125 5570 velut
3155 5531 3322 5571 arena
3357 5520 3546 5584 maris,
3598 5521 3843 5581 l'BllQ'UiiB
3872 5522 4039 5580 lsrael
4068 5527 4236 5587 salvae

2628 5606 2762 5663 ﬁent
2784 5604 2943 5678 (Isai.
2971 5621 3038 5673 x;
3070 5605 3224 5663 Osete
3251 5625 3310 5676 i;
3367 5608 3522 5665 Ront.
3554 5613 3655 5685 ix).
3738 5614 3741 5619 ’

2700 5696 2976 5771 Epilogus.
2991 5699 3130 5758 Ecce
3141 5704 3435 5773 perpendis
3451 5705 3585 5776 ipse.
3601 5705 3925 5764 charissime
3940 5708 4110 5767 frater
4124 5710 4206 5770 lio
4217 5743 4235 5756 -

2629 5800 2808 5861 ueste,
2822 5791 2951 5864 quia
2965 5793 3090 5849 dum
3105 5793 3463 5852 imbecillitati
3484 5806 3589 5855 tute
3600 5799 3887 5856 consulere
3899 5801 4104 5871 studui,
4123 5820 4233 5862 non
