5392 6560
1958 367 1961 369 i
2029 396 2098 453 67
2448 398 2507 455 S.
2546 397 2750 455 PETRI
2786 394 3065 452 DAMIANI
3101 392 3250 449 OPP.
3289 386 3524 446 TOMUS
3562 385 3690 444 SEU
3732 386 3910 442 PARS
3945 385 4032 443 III.
4072 418 4142 432 -—
4178 388 4542 446 OPUSCULA
4580 388 4808 447 VARIA.
5183 391 5241 442 68

2027 507 2293 565 coloratos
2318 510 2600 565 rhetoricae
2623 509 2881 578 facundia:
2895 506 3161 570 ﬂosculos,
3179 521 3281 559 non
3296 514 3451 560 acuta
3469 504 3580 558 dia-
3611 515 3655 571 Α
3684 502 3957 558 ed‘unilere
3984 505 4200 569 debeas,
4235 519 4340 573 quo
4375 504 4617 573 clypeum
4644 496 5099 562 circumvolvere,
5126 500 5242 569 quia

2029 601 2341 657 lecticarum
2374 616 2570 670 ponere
2584 610 2893 669 argumenta
2923 599 3124 655 curavi.
3163 597 3319 651 Salvo
3338 597 3479 649 enim
3497 611 3582 658 eo,

2030 695 2170 762 quod
2184 694 2313 748 mihi
2329 693 2598 748 saecularis
2609 692 2881 761 sapientia:
2896 689 3143 759 phaleras
3156 689 3303 756 sequi
3321 703 3423 741 non
3441 686 3587 753 libet,

2029 785 2155 852 quia
2186 792 2239 837 te
2263 784 2421 837 etiam
2454 783 2681 852 negotiis
2709 780 3056 836 sarcularibus
3105 779 3433 847 implicatum
3465 777 3586 831 novi

2031 874 2198 928 multa
2227 889 2333 928 non
2378 886 2531 943 posse
2563 876 2859 942 perlegere,
2909 871 3055 926 nolui
3100 880 3149 925 te
3179 868 3398 938 prolixis
3428 883 3586 936 argu-

2031 971 2328 1018 mentorum
2358 962 2794 1017 distinctionibus
2818 975 3064 1016 onerare.
3094 958 3433 1026 Quapropter
3456 958 3582 1010 dum

2028 1051 2167 1105 nuda
2189 1065 2322 1119 pene
2362 1051 2453 1104 tibi
2484 1050 2884 1118 Scripturarum
2914 1048 3152 1116 exempla
3192 1045 3462 1115 proposui.
3493 1059 3586 1099 ve-

2027 1137 2105 1193 lut
2152 1141 2466 1210 sagittarum
2518 1140 2830 1195 fasciculum
2884 1140 2935 1192 in
2970 1138 3278 1207 pharetram
3321 1136 3461 1190 misi.
3519 1136 3585 1189 Et

2034 1226 2151 1295 quia
2194 1244 2261 1281 ex
2307 1229 2486 1283 verbis
2514 1229 2800 1283 contrariis
2842 1227 3146 1296 suggeritur
3174 1227 3326 1295 copia
3360 1240 3583 1293 respon-

2033 1313 2201 1379 dendi,
2233 1329 2385 1371 arma
2431 1316 2647 1388 quidem
2673 1313 2903 1385 pmbui;
2949 1328 3058 1385 quo
3083 1328 3212 1369 vero
3240 1313 3575 1368 teinvictum

2032 1509 2452 1531 -

3688 594 3823 650 bella
3854 595 4077 648 necdum
4107 593 4403 656 imminent,
4437 592 4504 645 ad
4535 591 4746 660 plenum
4772 591 4968 644 docere
4994 601 5110 641 non
5154 602 5242 655 po-

3691 687 3786 739 tui.
3840 684 4014 740 Habes
4045 685 4205 754 igitur
4225 697 4407 737 coram
4449 682 4643 751 posita,
4682 694 4798 751 qua:
4822 679 4890 734 ad
4935 677 5240 746 bujusmou'i

3687 774 3993 830 conflictum
4021 783 4146 827 sunt
4182 771 4504 828 necessaria.
4534 770 4697 827 Utere
4732 769 4955 831 paratis.
4986 776 5055 824 ut
5083 781 5244 823 exne-

3686 868 3799 922 dire
3830 865 4151 919 decreveris.

3753 955 4104 1022 Omnipotens
4127 953 4285 1015 Deus,
4319 949 4664 1005 dilectissime
4687 946 4871 1012 frater,
4905 946 4976 1001 ab
5004 943 5243 1000 invisibl-

3690 1046 3816 1100 lium
3861 1055 3910 1097 te
3943 1044 4151 1097 insidiis
4193 1042 4424 1096 hostium
4455 1039 4872 1094 misericorditer
4911 1044 5172 1106 protegat
5201 1040 5247 1086 et

3688 1137 3981 1190 immunem
4015 1142 4065 1186 te
4106 1134 4172 1186 de
4199 1130 4504 1200 hujusmodi
4548 1128 4839 1184 certamine
4883 1127 4956 1182 ad
5003 1123 5245 1181 celestis

3688 1240 3848 1294 regna
3875 1222 4152 1293 perducat.
4178 1221 4368 1274 Amen.

4023 1308 4103 1365 Sit
4127 1326 4310 1364 nomen
4338 1306 4545 1363 Domini
4568 1307 4909 1362 benedictum.

2646 1661 2883 1733 ⁵¹“⁵²
2965 1670 3798 1785 OPUSCULUM
3885 1667 4599 1805 QUARTUM.

2290 1892 2810 1957 DISCEPTATIO
2851 1891 3291 1952 SYNODAIJS
3336 1891 3569 1949 INTER
3614 1890 3843 1948 REGIS
3890 1890 4385 1952 ADVOCATUM
4428 1890 4528 1952 ET
4572 1890 4930 1952 ROMANAS

3111 1989 3505 2048 ECCLESIAZ
3551 1989 4099 2048 DEFENSOREM.

3406 2153 3834 2169 ——-—.

2024 2284 2406 2339 Ακαυιίεκτωι.
2427 2282 2564 2336 -ln
2612 2284 2713 2336 hoc
2737 2279 2915 2354 libello
2944 2280 3199 2354 Romanae
3228 2281 3484 2336 Ecclesiae
3507 2282 3760 2354 defensor
3795 2294 3846 2337 et
3877 2287 4016 2353 regis
4039 2273 4259 2340 ilenrici
4292 2287 4578 2341 advocatus
4603 2284 4939 2354 [altercantes
4977 2286 5243 2343 inducun-

2096 2364 2199 2406 tur.
2224 2355 2392 2405 tlausa
2420 2362 2598 2427 autem
2626 2366 2806 2427 eorum
2832 2352 3193 2404 altercationis
3215 2354 3500 2427 bxcﬁerat:
3538 2352 4021 2427 lnoli-veratprava
4046 2356 4393 2414 consuetudo.
4428 2367 4503 2427 ut
4529 2352 4806 2427 Romanus
4844 2357 5091 2424 pontifex
5120 2359 5236 2427 eligi

2089 2438 2194 2493 non
2226 2432 2424 2493 posset,
2452 2422 2552 2493 nisi
2594 2423 2660 2475 ab
2687 2422 3640 2493 imperatorepriusconfirmantur.
3689 2424 3819 2493 Cum
3851 2425 4008 2493 igitur
4031 2436 4153 2476 tunc
4176 2428 4432 2493 temporis
4464 2425 4718 2479 Henricus
4749 2425 4811 2477 III
4840 2422 4972 2493 puer
4994 2439 5164 2490 esset,
5194 2422 5243 2478 Et

2087 2492 2258 2563 adhuc
2288 2492 2385 2545 sub
2426 2490 2586 2544 tutela
2613 2492 2957 2563 constitutus,
2990 2492 3112 2563 sine
3157 2491 3298 2544 illius
3342 2505 3563 2543 assensu
3610 2492 3840 2563 pontifex
3889 2492 4090 2546 electus
4132 2502 4251 2546 est:
4291 2490 4443 2561 quod
4473 2510 4590 2563 cum
4617 2497 4682 2546 ab
4710 2490 4920 2547 Henrici
4967 2495 5165 2563 legatis
5192 2497 5240 2548 in

2091 2561 2293 2615 crimen
2327 2571 2626 2643 vocaretur.
2659 2559 2711 2611 in
2735 2559 2832 2637 hac
2860 2558 3219 2638 disputatione
3245 2570 3435 2638 cuncta
3465 2574 3650 2637 eorum
3682 2560 3887 2626 objecta
3934 2563 4269 2643 refelluntur,
4299 2558 4355 2614 ut
4388 2562 4639 2643 paulatim
4664 2563 4903 2643 “cogatur
4942 2558 5243 2643 reg'iusad-

2084 2640 2302 2682 vocatus
2343 2629 2639 2701 rationibus
2658 2630 2934 2681 convictus
2956 2669 2967 2685 .
3002 2629 3052 2701 in
3090 2629 3421 2701 contrariam
3456 2631 4055 2701 transiiesententiam.
4097 2632 4335 2698 Fiugitur
4369 2629 4542 2684 autem
4585 2634 4694 2685 b:ec
4720 2629 4896 2701 discep

4901 2635 5036 2686 talio
5060 2636 5239 2688 habita

2083 2713 2264 2753 coram
2303 2698 2502 2772 synodo
2526 2698 2904 2772 EpiscOporum
2933 2697 3040 2772 qui,
3068 2708 3123 2748 ut
3157 2700 3253 2751 lac
3278 2699 3343 2750 de
3372 2712 3427 2751 re
3466 2699 3898 2766 pronuntiarent,
3932 2700 3985 2754 in
4015 2716 4177 2756 unum
4207 2697 4585 2755 convenerant.
4612 2697 4895 2756 Cudalouiii
4926 2704 5235 2772 antipapain

2087 2764 2435 2836 sequentibus
2462 2766 2638 2821 verbis
2665 2765 2946 2820 compellat
2969 2764 3025 2818 S.
3056 2774 3259 2819 auctor.

2084 2942 2192 2998 Sed
2222 2942 2288 2997 ad
2313 2942 2424 2996 bare
2462 2941 2710 3009 gloriaris
2744 2951 2800 2997 et
2823 2940 3027 3011 iactas:
3053 2942 3165 2998 Rex
3193 2958 3296 3007 me,
3327 2952 3384 2998 et
3412 2944 3577 3011 impe-
3608 2950 3651 3008 Β
3680 2946 3791 2999 sive
3820 2945 4181 3013 metropoleon
4210 2948 4486 3015 primatus,
4524 2949 5025 3020 autepiseopatuum
5052 2955 5238 3009 cathe-

2012 3036 2181 3089 ratrix
2217 3043 2390 3089 mater
2412 3033 2585 3101 eligit,
2620 3034 2687 3089 ad
2710 3034 2852 3088 hunc
2892 3035 3095 3104 apicem
3126 3050 3212 3089 me
3240 3036 3381 3105 regia
3419 3037 3575 3089 celsi-

2011 3125 2140 3179 tudo
2165 3125 2440 3193 provexit:
2471 3125 2563 3177 sed
2591 3138 2712 3176 cum
2741 3123 2865 3177 hinc
2894 3123 3013 3177 aula
3043 3124 3189 3194 regia
3225 3139 3382 3178 suum
3422 3136 3569 3178 tuea-

2005 3223 2097 3269 tur
2127 3213 2375 3278 electum,
2420 3212 2565 3266 illinc
2598 3211 2839 3267 Romana
2871 3213 3108 3269 Ecclesia
3152 3215 3427 3284 proprium
3478 3217 3568 3268 de-

2006 3302 2194 3360 fendat
2218 3302 2534 3369 antistitem,
2556 3301 2671 3370 jam
2693 3302 2747 3356 in
2774 3302 2909 3357 solio
2935 3305 3319 3369 constitutum;
3352 3305 3570 3375 dignum

2005 3400 2115 3457 est,
2165 3400 2225 3446 ut
2272 3403 2583 3446 sanctorum
2635 3398 2799 3461 atque
2843 3391 3186 3461 prudentium
3232 3395 3570 3448 sacerdotum

2005 3480 2296 3536 multitudo
2326 3479 2644 3535 conveniat:
2678 3488 2737 3535 et
2762 3479 2902 3534 hanc
2926 3479 3279 3549 questionem
3304 3481 3572 3537 ventilana

2005 3570 2106 3625 sub
2131 3568 2378 3625 canonici
2401 3566 2540 3639 juris
2566 3568 2885 3623 auctoritate
2912 3568 3205 3624 discernat.
3224 3569 3294 3624 Et
3314 3571 3568 3640 quoniam

2010 3659 2066 3713 in
2097 3658 2364 3727 proximo,
2403 3664 2464 3710 ut
2488 3670 2787 3727 speramus,
2825 3656 2918 3710 liet
2943 3657 3070 3710 hinc
3087 3655 3412 3712 Osboriense
3440 3673 3568 3713 con-

2003 3747 2209 3813 cilium,
2240 3746 2326 3801 hic
2346 3744 2460 3814 jam
2490 3743 2731 3813 ejusdem
2754 3744 2968 3800 concilii
2995 3744 3389 3801 constituamus
3427 3746 3574 3799 velut

2005 3840 2063 3894 in
2101 3837 2330 3909 quadam
2381 3836 2592 3891 tabellae
2619 3835 2827 3905 pictura
2851 3834 3190 3906 praeludium.
3218 3833 3382 3891 Juxta
3409 3837 3571 3892 visio-

2004 3943 2130 3984 nem
2161 3943 2290 4000 ergo
2314 3926 2548 3982 Danielis
2567 3927 2730 3997 (Dan.
2756 3927 2880 3997 vn),
2904 3934 3117 3996 patrum
3141 3928 3319 3984 throni
3343 3927 3451 3983 sint
3474 3942 3570 3997 po-

2004 4021 2119 4085 siti,
2149 4019 2404 4089 judicium
2428 4017 2631 4083 sedeat,
2678 4017 2800 4073 libri
2828 4019 3163 4087 aperiantur,
3192 4026 3248 4073 et
3286 4017 3569 4074 solutionis

2005 4111 2188 4181 indiga
2231 4109 2455 4180 quaestio
2502 4109 2556 4162 in
2586 4108 2816 4164 medium
2851 4109 3167 4165 deducatur.
3221 4109 3361 4164 Hinc
3388 4110 3568 4180 itaque

2004 4201 2258 4256 Romanae
2286 4198 2534 4255 defensor
2560 4197 2818 4259 Ecclesia:
2858 4213 2990 4255 suas
3030 4198 3385 4270 allegationes
3429 4198 3569 4254 infe-

3679 3039 3827 3097 dras,
3852 3038 3931 3089 νει
3965 3037 4329 3092 Eeclesiarutn
4366 3038 4728 3110 cujuscunque
4753 3042 4954 3098 ordinis
4999 3047 5233 3116 dignita-

3677 3136 3774 3191 tes,
3801 3127 3911 3179 sive
3936 3142 4030 3181 rex
4050 3168 4062 3191 ,
4106 3130 4221 3182 sive
4247 3132 4562 3197 imperator,
4598 3133 4713 3188 sive
4737 3133 5019 3201 cujuslibet
5045 3142 5235 3192 condi-

3675 3216 3836 3269 tionis
3867 3218 4025 3270 hoino
4055 3233 4221 3285 purus
4256 3219 4505 3284 instituit,
4538 3231 4591 3274 et
4621 3219 4801 3290 (prout
4830 3223 5096 3291 voluntas,
5144 3240 5233 3281 aut

3672 3302 3898 3357 facultas
3931 3303 4071 3372 tulit)
4106 3305 4417 3374 specialium
4465 3309 4568 3362 sibi
4619 3312 5085 3381 prterogativarum
5111 3316 5229 3383 jura

3671 3391 3932 3458 pradixit;
3955 3390 4254 3448 Romanam
4279 3403 4459 3450 autem
4485 3396 4781 3454 Ecclesiam
4801 3400 4944 3456 solus
4974 3401 5068 3456 ille
5107 3403 5228 3460 fun-

3671 3477 3841 3542 davit,
3875 3486 3928 3533 et
3968 3495 4130 3549 super
4159 3491 4367 3551 petram
4397 3483 4519 3539 ﬁdei
4550 3494 4672 3542 mox
4701 3490 4969 3546 nascentis
5016 3496 5228 3549 auxit:

3665 3562 3769 3630 Qui
3824 3566 3983 3622 beato
4019 3568 4141 3622 vita
4170 3577 4384 3626 aeterna
4421 3573 4721 3644 clavigero,
4776 3579 5010 3644 terreni,
5060 3583 5222 3640 simul

3667 3661 3723 3709 et
3748 3652 3979 3714 ctelestis
4001 3656 4211 3728 imperii
4234 3655 4358 3730 jura
4402 3664 4670 3719 commisit
4696 3664 4907 3737 (laus.
4948 3671 5078 3741 xvi).
5113 3671 5225 3728 Non

3672 3758 3802 3815 ergo
3827 3746 4079 3816 quaelibet
4127 3760 4338 3806 terrena
4370 3755 4659 3822 sententia,
4690 3758 4784 3813 sed
4814 3758 4940 3815 illud
4970 3759 5225 3828 Verbum,

3667 3849 3768 3905 per
3799 3838 3943 3906 quod
3976 3839 4256 3897 conditum
4284 3849 4366 3897 est
4387 3844 4580 3899 celum
4603 3857 4659 3902 et
4678 3856 4839 3914 terra,
4868 3865 4964 3919 per
4978 3854 5121 3921 quod
5144 3855 5230 3910 de-

3666 3926 3830 3996 nique
3858 3929 4036 3985 omnia
4062 3932 4275 3987 condita
4307 3943 4431 3989 sunt
4454 3936 4740 4005 elementa,
4771 3940 5065 4000 Romanam
5092 3945 5216 4003 fun-

3667 4018 3816 4108 davit
3846 4019 4180 4088 Ecclesiam;
4225 4023 4367 4080 illius
4393 4037 4542 4082 certe
4570 4029 4844 4108 privilegio
4872 4032 5132 4106 fungitur,
5167 4041 5223 4092 il-

3667 4107 3773 4163 lius
3823 4110 4142 4167 auctoritate
4173 4111 4412 4171 fulcitur.
4468 4115 4620 4174 Unde
4647 4133 4753 4176 non
4801 4124 5042 4189 dubium,
5096 4132 5222 4197 quia

3666 4196 3916 4269 quisquis
3943 4198 4168 4257 cuilibet
4194 4199 4449 4260 Εοειθδίω
4471 4204 4565 4273 jus
4610 4221 4765 4265 suum
4794 4212 5052 4282 detraxit,
5087 4196 5222 4287 inju.

2003 4302 2089 4346 rat
2107 4310 2121 4344 :
2143 4289 2288 4344 illinc
2307 4289 2598 4378 advocatus
2622 4289 2800 4358 regius
2818 4288 3048 4357 propria:
3058 4289 3235 4378 partis
3248 4299 3563 4378 argumenta
3591 4300 3638 4367 ο
3666 4288 3866 4343 stitiam
3895 4289 4048 4346 facit:
4063 4292 4153 4360 qui
4169 4303 4348 4350 autem
4363 4294 4615 4354 Romana:
4625 4299 4875 4358 Ecclesia
4887 4306 5220 4378 privilegium

2003 4380 2304 4448 depromat.
2337 4375 2538 4431 Taceat
2565 4375 2758 4429 Parma
2781 4390 2903 4431 cum
2933 4391 3030 4431 suo
3058 4375 3434 4439 hatresiarcba,
3469 4376 3565 4431 ad-

2004 4468 2215 4524 vocatio
2246 4473 2447 4520 tantum
2479 4464 2648 4534 regia,
2681 4471 2736 4519 et
2765 4463 3007 4519 Romana
3046 4465 3277 4520 invicem
3301 4462 3559 4536 obloqua-

2003 4566 2091 4612 tur
2118 4554 2387 4619 Ecclesia;
2419 4561 2727 4609 sanctorum
2751 4567 2881 4608 vero
2896 4551 3234 4608 sawrdotum
3263 4554 3429 4610 erecti
3456 4554 3564 4609 sint

2004 4644 2196 4709 animi,
2228 4652 2287 4698 ut
2319 4652 2372 4699 et
2401 4658 2521 4712 qua:
2551 4643 2806 4712 utrinque
2830 4643 3053 4704 dicenda
3084 4654 3233 4710 sunt.
3259 4645 3560 4711 conferant,

2002 4743 2059 4790 et
2091 4743 2356 4804 perorata:
2381 4748 2554 4787 causa
2574 4732 2844 4802 judicialis
2870 4734 3148 4788 sententiae
3172 4734 3431 4789 calculum
3463 4748 3560 4804 po-

2003 4833 2156 4878 nant.
2188 4824 2301 4893 Age
2330 4823 2514 4894 igitur,
2550 4821 2802 4877 defensor
2826 4822 3130 4893 apostolica-
3154 4825 3296 4878 sedis
3320 4826 3558 4894 incipiat,

2002 4913 2198 4968 deinle
2225 4914 2405 4983 regius
2452 4914 2763 4978 advocatus,
2815 4927 2934 4981 quae
2974 4913 3075 4968 sibi
3103 4914 3429 4969 videbuntur
3467 4915 3562 4971 ob-

2000 5001 2205 5056 tendat.

2372 5090 2627 5160 Defensor
2650 5089 2895 5144 Bomame
2923 5090 3191 5146 Ecclesim.

2077 5180 2210 5237 Cum
2233 5180 2522 5236 Beatitudo
2547 5190 2743 5247 vestra,
2776 5184 3108 5238 venerabiles
3153 5191 3351 5252 patres,
3401 5198 3561 5255 super

2008 5270 2318 5340 apostolicae
2345 5270 2489 5324 sedis
2515 5270 2728 5339 negotio
2754 5270 3010 5338 disputat,
3032 5271 3099 5324 ad
3119 5280 3345 5325 cunctas
3373 5268 3555 5326 Eccle-

2001 5360 2113 5416 aias
2132 5361 2417 5429 pertinere,
2450 5356 2594 5429 quod
2613 5368 2858 5415 versatur
2890 5361 2942 5414 in
2975 5360 3240 5423 manibus,
3274 5375 3377 5416 non
3407 5360 3555 5430 igno-

2000 5456 2108 5503 rat.
2136 5447 2244 5503 IIac
2267 5448 2410 5504 enim
2441 5457 2640 5513 stante,
2677 5448 2894 5518 reliquae
2921 5458 3096 5516 stant;
3128 5450 3209 5505 sin
3229 5461 3405 5504 autem
3424 5451 3556 5517 haec,

2000 5551 2120 5608 qua:
2145 5538 2379 5591 omnium
2424 5536 2831 5602 fundamentum
2876 5548 2977 5607 est,
3019 5551 3074 5594 et
3101 5540 3245 5595 basis
3274 5540 3555 5594 obruitur:

1999 5637 2314 5712 ceterarum
2369 5641 2581 5696 quoque
2635 5636 2806 5682 status
2837 5644 3056 5685 necesse
3107 5640 3190 5685 est
3238 5629 3554 5683 collahatur.
3587 5664 3633 5723 υ

1999 5717 2194 5776 Omnes
2228 5710 2407 5777 autem
2459 5720 2573 5777 sive
2599 5721 2949 5791 patriarchivi
2994 5722 3279 5794 cujuslibet
3327 5722 3560 5793 apicem,

3672 4378 3740 4432 ab
3757 4378 3872 4448 ipso
3897 4394 4108 4436 summo
4125 4382 4364 4438 omnium
4384 4385 4740 4444 Ecclesiarum
4767 4394 4940 4462 capite
4968 4399 5218 4454 traditum

3664 4465 3877 4522 auferre
3897 4478 4144 4536 conatur,
4170 4471 4257 4526 hic
4271 4474 4457 4542 procul
4474 4475 4635 4533 dubio
4650 4478 4704 4533 in
4728 4477 4967 4544 haeresim
4989 4485 5216 4542 labitur.

3663 4565 3717 4610 et
3761 4571 3883 4611 cum
3908 4557 3997 4613 ille
4025 4566 4242 4616 notetur
4292 4562 4541 4633 injustas,
4595 4566 4788 4626 hicest
4831 4574 5016 4641 procul
5060 4577 5218 4633 dubio

3663 4645 3923 4701 dicendus
3949 4646 4250 4706 haereticus.
4300 4649 4489 4707 Fidem
4516 4654 4712 4725 quippe
4742 4659 4921 4726 violat,
4977 4665 5074 4732 qui
5121 4668 5215 4722 ad-

3661 4752 3851 4792 versus
3881 4737 4025 4792 illam
4052 4741 4180 4810 agit,
4213 4755 4332 4811 qua:
4374 4752 4548 4799 mater
4572 4755 4655 4801 est
4680 4746 4822 4813 fidei,
4853 4760 4902 4805 et
4926 4751 5001 4806 illi
5024 4768 5212 4811 contu-

3664 4841 3788 4880 max
3833 4827 4124 4893 invenitur,
4152 4830 4244 4899 qui
4272 4845 4390 4886 eam
4419 4834 4626 4889 cunctis
4648 4834 4899 4894 Ecclesiis
4917 4845 5217 4910 pratulisse

3665 4914 4025 4983 cognoscitur.
4054 4916 4185 4971 Cum
4211 4918 4324 4974 hac
4350 4920 4513 4990 igitur
4533 4932 4709 4978 vestra
4759 4923 5028 4985 Sanctitas
5057 4933 5214 4986 indu-

3660 5004 3897 5059 bitanter
3922 5016 4200 5075 agnoscat,
4251 5024 4363 5073 vos,
4398 5014 4487 5081 qui
4515 5029 4618 5069 non
4662 5017 4901 5086 quilibet,
4937 5022 5031 5076 sed
5062 5026 5214 5080 nobi-

3661 5093 3846 5159 liores,
3873 5105 3925 5149 et
3950 5097 4148 5166 egregii
4187 5098 4319 5154 estis
4347 5099 4438 5155 filii
4468 5100 4720 5160 Romana
4749 5106 5019 5176 Ecclesia,
5044 5112 5212 5181 pieta-

3661 5185 3731 5239 tis
3747 5186 3948 5240 viscera
3971 5188 4114 5241 circa
4132 5198 4357 5246 matrem
4381 5202 4619 5249 vestram
4633 5199 5015 5267 compatientes
5032 5216 5208 5259 osten-

3661 5275 3800 5328 dite:
3831 5285 3883 5329 et
3910 5288 4088 5331 utrum
4120 5279 4319 5334 destrui
4349 5282 4556 5349 debeat,
4588 5286 4799 5342 sibimet
4827 5289 5065 5357 eligendo
5085 5309 5208 5361 pon-

3657 5365 3877 5430 tificem,
3915 5364 4018 5436 53
4046 5365 4299 5434 judicate.
4361 5369 4551 5427 Hiram
4594 5376 4789 5445 quippe
4831 5388 4930 5442 est,
4966 5380 5013 5434 si
5066 5385 5206 5450 quod

3659 5456 3958 5511 minoribus
3986 5454 4238 5515 Ecclesiis
4276 5464 4566 5520 canonicos
4615 5468 4767 5537 vigor
4819 5471 5078 5538 attribuit,
5133 5474 5205 5528 illi

3660 5545 3785 5610 soli,
3813 5558 3935 5614 quae
3959 5556 4120 5617 caput
4143 5559 4225 5605 est
4245 5553 4506 5619 omnium,
4535 5570 4642 5610 non
4671 5559 4932 5626 permisit.

4178 5637 4365 5709 Regius
4388 5641 4687 5700 aduocatus.

3744 5722 3955 5778 Prolixa
3984 5724 4299 5785 declamatio
4325 5728 4467 5787 dedit
4487 5736 4835 5793 attentionem
4857 5779 4872 5805 ,
4895 5739 5204 5798 benevolen-
