5392 6504
923 397 991 456 89
1806 388 2052 450 OPUSC.
2095 387 2185 444 IV.
2225 416 2292 426 —
2333 379 2787 442 DiSCEPTATlO
2827 379 3234 441 SYNODALIS.
4119 371 4191 430 70

924 516 1074 579 tiam,
1100 521 1262 582 atque
1287 509 1644 567 docilitatem:
1672 518 1727 564 et
1753 509 1858 563 hoc
1883 505 2232 577 potiusjuxta
2261 514 2490 558 consne~
2517 503 2570 563 Α
2594 515 2749 566 cere;
2783 500 2907 570 quis
2937 501 3324 570 imperatorum
3371 495 3534 565 elegit
3564 493 3904 566 Simplicium
3943 492 4188 550 Tiburti-

924 604 1161 660 tudinem
1205 601 1311 657 fori
1343 600 1642 670 iudicialis,
1693 612 1858 667 quam
1905 595 2202 652 secundum
2254 592 2493 662 regulam

923 691 1132 748 concilii
1157 690 1462 762 synodalis:
1487 687 1576 743 ubi
1602 685 1807 742 scilicet
1829 701 1935 742 non
1957 697 2284 755 magnopere
2304 692 2497 736 curare

922 782 1178 837 debemus
1221 781 1546 836 elucubratas
1603 776 1890 832 locutionis
1947 775 2347 834 urbanitatem,
2400 770 2496 825 sed

909 871 1054 925 vivas
1080 870 1264 940 potius
1287 867 1569 924 sententia:
1595 866 1903 936 puritatem.
1946 863 2028 917 Ad
2057 860 2333 931 querelam
2359 873 2493 929 ergo

919 973 1103 1015 coram
1157 958 1358 1014 sanctis
1410 953 1785 1011 sacerdotibus
1827 952 2221 1021 deponendam,
2268 947 2498 1004 sufﬁciat

920 1048 1076 1104 nobis
1115 1049 1332 1104 dicere:
1382 1045 1639 1114 quoniam
1677 1041 2090 1098 inthronisastis
2135 1053 2331 1109 papam
2374 1037 2498 1094 sine

919 1152 1183 1194 consensu
1227 1136 1430 1192 domini
1477 1135 1647 1190 nostri
1678 1133 1840 1204 regis,
1891 1133 1959 1186 ad
1994 1131 2249 1202 injuriam
2289 1127 2497 1183 scilicet

917 1237 1078 1299 atque
1103 1234 1466 1295 contemptum
1493 1224 1652 1295 regiae
1678 1221 1996 1291 majestatis.

1290 1313 1545 1383 Defensor
1569 1311 1818 1365 Romana:
1841 1308 2112 1364 Ecclesiae.

987 1404 1393 1461 Ordinationem
1420 1417 1570 1475 papa:
1590 1401 1791 1457 {actam
1815 1400 2028 1456 diﬂiteri
2057 1413 2158 1454 nec
2178 1413 2488 1470 possumus,

915 1513 1018 1554 nec
1046 1498 1305 1552 debemus
1329 1514 1344 1562 ;
1375 1495 1518 1566 regis
1547 1503 1726 1550 autem
1754 1493 2006 1563 iniuriam
2036 1492 2212 1545 modis
2239 1491 2492 1546 omnibus

916 1590 1308 1660 propulsamus.
1340 1586 1445 1642 Sed
1474 1585 1751 1640 videamus
1777 1585 1971 1654 primo,
2010 1584 2054 1639 si
2081 1583 2276 1652 placet,
2305 1591 2486 1637 utrum

915 1694 1050 1750 papa
1079 1681 1194 1736 sine
1234 1694 1359 1748 rege
1386 1679 1621 1748 potuerit
1665 1676 1804 1742 tleri,
1834 1685 1888 1730 et
1931 1677 2010 1731 sic
2046 1675 2388 1747 postmodum
2418 1673 2484 1730 de

914 1770 1056 1840 regis
1083 1770 1416 1839 disputemus
1445 1767 1662 1837 injuria.

1437 1855 1625 1927 Regius
1656 1857 1956 1912 advocatus.

981 1949 1140 2004 Certe
1164 1949 1366 2018 liquido
1390 1950 1655 2013 novimus,
1680 1949 1803 2018 quia
1833 1947 1907 2002 illi
1932 1948 2124 2003 debent
2148 1946 2478 2016 pontiﬁcem,

910 2058 1032 2099 cum
1063 2043 1360 2107 ordinatur,
1387 2042 1608 2113 eligere,
1640 2058 1775 2112 quos
1807 2040 1930 2104 sibi,
1955 2049 2238 2110 postquam
2261 2040 2480 2094 ordina-

914 2143 999 2190 tus
1044 2133 1243 2198 fuerit,
1292 2135 1554 2189 canonica
1601 2133 1844 2188 decernit
1893 2132 2191 2187 auctoritas
2218 2130 2481 2194 obedire;

909 2239 1060 2295 papa:
1083 2240 1230 2290 vero,
1274 2225 1395 2294 quia
1429 2224 1746 2279 universalis
1774 2233 1858 2279 est
1883 2222 2157 2294 pontifex,
2189 2237 2297 2276 non
2322 2222 2482 2277 modo

2597 589 2766 644 num?
2794 588 3026 644 Felicem
3076 589 3298 643 natione
3346 585 3693 641 Romanum?
3737 584 3860 653 quis
3906 582 4188 640 Gelasium

2596 679 2790 734 Afrum
2822 678 3020 738 Valerii
3070 677 3278 732 tilium?
3308 678 3433 748 quis
3479 675 3868 747 Symmachum
3919 673 4190 729 Sardiniae

2597 770 2890 838 provinciae
2937 769 3105 822 tilium
3138 765 3458 822 Fortunati?
3485 767 3608 836 quis
3639 763 3982 820 Hormisdam
4013 762 4186 817 lilium

2597 861 2735 916 Justi
2766 855 2984 916 natione
3008 859 3343 929 Campanum
3363 897 3380 922 ,
3402 856 3663 912 Joannem
3695 856 3888 911 ordine
3909 853 4182 916 Tuscum;

2597 949 2829 1006 Felicem
2877 942 3095 1004 natione
3147 948 3470 1014 Samnitem,
3519 945 3855 1003 Bonifacium
3915 941 4186 1014 Sigibaldi

2597 1039 2771 1094 tilium
2794 1079 2810 1105 ,
2849 1039 3176 1094 Mercurium
3204 1039 3468 1109 Projecti,
3497 1038 3782 1107 Agapitum
3809 1034 4063 1091 Cordiani
4088 1048 4186 1088 na-

2597 1136 2721 1188 tura
2746 1127 3056 1182 Romanos?
3076 1125 3210 1192 Quis
3230 1128 3375 1182 enim
3398 1141 3585 1196 regum
3607 1123 3860 1179 electioni
3898 1122 4186 1190 cujuslibet

2597 1219 2828 1274 istorum
2859 1232 3014 1272 suum
3061 1217 3259 1287 legitur
3300 1215 3609 1271 adhibuisse
3646 1212 4011 1269 consensum?
4059 1226 4184 1266 cum

2595 1322 2782 1363 eorum
2829 1305 3161 1375 Emporibus
3214 1305 3468 1359 Romana:
3527 1301 3841 1372 reipublicae
3884 1299 4183 1356 Chrisﬁani

2594 1396 2867 1468 principes
2897 1393 3178 1464 pmfuisse
3206 1393 3472 1464 legantur,
3521 1392 3574 1446 id
3622 1402 3704 1446 est
3728 1433 3742 1456 ,
3772 1389 4185 1445 Valentinianus

2594 1485 2794 1540 Senior
2819 1499 2834 1549 ;
2869 1481 3068 1538 Valens
3092 1482 3264 1538 frater
3291 1482 3437 1553 ejus,
3463 1483 3554 1550 qui
3579 1482 3792 1536 occisus
3813 1489 3897 1534 est
3921 1480 3973 1532 in
4003 1493 4181 1548 pugna

2594 1572 2826 1629 Gothica
2851 1587 3020 1643 prope
3054 1571 3496 1640 Adrianopoiim;
3537 1571 3862 1634 Gratianus,
3891 1571 3981 1638 qui
4015 1584 4041 1621 a
4071 1568 4183 1622 Ma-

2589 1661 2739 1716 ximo
2770 1671 3001 1732 tyranno
3027 1643 3341 1731 peremptus
3374 1669 3490 1726 est;
3518 1659 3931 1713 Valentinianus
3962 1656 4180 1721 Junior,

2591 1753 2684 1825 qui
2719 1762 2942 1809 necatus
2970 1763 3053 1808 est
3079 1770 3107 1808 a
3141 1755 3341 1807 comite
3371 1768 3470 1808 suo
3495 1751 3749 1816 Viennae;
3785 1752 3979 1806 deinde
4004 1752 4176 1805 Arca-

2512 1839 2560 1898 B
2589 1845 2731 1910 dius,
2762 1844 3054 1908 Honorius,
3089 1844 3463 1902 Theodosius;
3500 1842 3739 1898 Joannes
3766 1841 3886 1922 ille,
3919 1842 4010 1914 qui
4035 1841 4180 1913 apud

2583 1934 2899 1991 Ravennam
2939 1935 3155 1990 occisus
3204 1944 3317 1999 est;
3354 1933 3768 1989 Valentinianus
3820 1936 4048 2000 tertius,
4085 1934 4179 2002 qui

2584 2030 2860 2099 incarnpo
2907 2026 3100 2081 Martio
3131 2035 3216 2082 est
3247 2036 3596 2098 peremptus,
3649 2028 3982 2090 Martianus,
4035 2027 4176 2088 Leo,

2583 2118 2952 2189 Majorianus,’
2984 2116 3221 2172 Severus
3241 2159 3254 2183 ,
3279 2118 3604 2172 Anthemius
3624 2157 3637 2182 ,
3667 2117 3921 2186 Olybrius
3942 2159 3955 2182 ,
3987 2116 4180 2188 Glyce-

2583 2207 2728 2274 rius,
2760 2207 2938 2270 Zeno;
2968 2207 3144 2277 Nepos
3173 2207 3264 2262 ille
3288 2249 3302 2272 ,
3335 2209 3426 2276 qui
3460 2208 3513 2261 in
3563 2207 3688 2261 villa
3718 2224 3814 2262 sua
3847 2210 4064 2263 occisus
4091 2218 4175 2262 est

910 2314 1184 2370 Romanus
1213 2314 1471 2385 populus,
1505 2315 1599 2369 sed
1630 2324 1683 2368 ρι
1709 2314 1984 2369 Romanus
2023 2315 2318 2384 imperator
2343 2355 2356 2378 ν
2390 2314 2480 2382 qui
2576 2308 2730 2383 juxta
2750 2298 3031 2364 Salonas;
3082 2299 3452 2385 A_ugustulus,
3482 2297 3836 2362 Anastasius,
3890 2299 4137 2354 Justinus
4161 2341 4177 2363 ,

908 2414 1068 2474 caput
1116 2372 1454 2475 cst-populi,
1501 2405 1860 2460 obedientiam
1907 2372 2113 2459 debet:
2141 2372 2492 2460 Consentium”
2576 2372 2853 2442 ἓνεωιθτῖ
2900 2387 3037 2444 R0m

2049 2372 2113 2458 μ’
2141 2372 2492 2460 οεηδειξάἀιη-
2576 2372 2853 2442 ct'cmteri
2900 2372 3131 2444 Romani
3185 2389 3578 2457 imperatores,
3629 2403 3766 2457 quos
3797 2389 4003 2444 vitandi
4041 2390 4176 2444 laci-

906 2508 1034 2564 ergo
1063 2503 1163 2557 est,
1209 2501 1267 2548 ut
1301 2507 1490 2564 papam
1531 2493 1649 2547 sine
1691 2493 1865 2559 capite
1900 2507 1999 2547 suo
2039 2492 2265 2561 populus
2296 2491 2478 2562 eligat.

906 2581 1054 2646 etei,
1088 2596 1247 2652 quem
1274 2595 1381 2637 non
1410 2579 1572 2653 elegit
1615 2581 1943 2652 imperator,
1988 2581 2224 2635 obediat.
2257 2579 2481 2635 Constat

905 2688 1034 2744 ergo
1057 2713 1071 2737 ,
1104 2673 1228 2742 quia
1263 2673 1365 2727 nisi
1411 2672 1638 2726 Romani
1668 2673 1810 2742 regis
1862 2685 2114 2726 assensus
2159 2671 2476 2736 accesserit,

905 2760 1133 2818 Romani
1166 2761 1435 2832 pontificis
1463 2761 1657 2816 electio
1681 2760 1919 2830 perfecta
1956 2776 2061 2814 non
2089 2760 2213 2814 erit.

1277 2851 1532 2921 Defensor
1553 2850 1803 2906 Romana:
1834 2850 2105 2907 Ecclesia.

977 2941 1374 2997 Perbibendum
1409 2951 1496 3016 est
1540 2942 1722 3009 itaque
1757 2941 1908 3010 juxta
1946 2950 2136 2996 veStrze
2164 2942 2481 3011 disputatio-

902 3037 986 3091 nis
1012 3036 1318 3101 articulum,
1338 3033 1466 3103 quia
1501 3048 1677 3104 neque
1707 3032 2038 3103 Stephanus,
2066 3048 2240 3102 neque
2267 3030 2476 3098 Sixtus,

904 3139 1079 3197 neque
1108 3125 1410 3191 Cornelius,
1439 3140 1545 3181 non
1573 3125 1806 3194 denique
1845 3121 2128 3188 Clemens,
2156 3138 2261 3178 non
2289 3124 2476 3194 Sylve—

900 3227 1052 3282 ster,
1098 3232 1203 3272 non
1253 3218 1366 3288 ipse
1410 3216 1470 3270 Β.
1510 3215 1708 3270 Petrus
1751 3213 2026 3283 apostolus
2057 3213 2231 3283 papali
2261 3215 2479 3272 nomine

899 3305 1050 3378 digni
1077 3313 1218 3370 sunt,
1248 3305 1338 3376 qui
1365 3305 1433 3362 ab
1458 3302 1877 3374 imperatoribus
1895 3303 2206 3359 earumdem
2238 3310 2483 3374 tempore

895 3397 1059 3457 electi
1086 3412 1192 3453 non
1220 3406 1366 3454 sunt.

1429 3486 1618 3559 Regius
1641 3484 1943 3542 advocatus.

971 3577 1214 3636 Gentiles
1244 3591 1400 3650 reges
1425 3593 1533 3634 non
1577 3585 1705 3632 sunt
1749 3574 2040 3630 adhibendi
2087 3572 2153 3628 ad
2195 3571 2376 3642 hujus,
2411 3573 2478 3629 de

893 3681 1007 3738 quo
1035 3667 1306 3737 loquimur
1332 3705 1348 3732 ,
1393 3663 1674 3721 electionis
1702 3663 2044 3732 exemplum;
2093 3663 2183 3733 qui
2217 3663 2472 3732 quoniam

897 3757 1259 3815 Christianam
1307 3756 1628 3828 ignorabant
1667 3755 1848 3821 tidem,
1892 3753 2324 3824 Christianorum
2369 3769 2475 3810 non
2511 3821 2528 3839 ἰ

896 3859 1151 3923 poterant
1194 3850 1448 3935 ordipare
1491 3849 1824 3918 pontiﬁcem.
1875 3844 2141 3901 Ceterum
2179 3844 2474 3901 Christiani

895 3941 1169 4015 principes
1190 3955 1402 4012 semper
1425 3941 1701 3994 Romanos
1725 3937 1938 4009 elegere
1959 3935 2262 4007 pontiﬁces.

1250 4029 1506 4100 Defensor
1552 4027 1804 4083 Romanis
1846 4026 2113 4083 Ecclesia.

967 4123 1071 4192 Qui
1125 4123 1384 4178 mentitur
1429 4121 1484 4175 in
1547 4121 1824 4178 communi
1873 4118 2180 4189 colloquio,
2244 4119 2474 4175 mendax

900 4217 1120 4278 dicitur,
1160 4214 1251 4283 qui
1304 4221 1482 4268 autem
1523 4211 1575 4266 in
1627 4211 1914 4282 praesentia
1967 4209 2352 4266 venerabilium
2390 4225 2475 4266 sa-

897 4302 1178 4361 cerdotum
1226 4301 1363 4358 falsa
1402 4301 1718 4372 protulerit,
1757 4300 2030 4372 sacrilegii
2074 4299 2263 4370 procul
2311 4300 2472 4356 dubio

895 4396 1102 4454 crimen
1159 4395 1404 4452 incurrit.
1467 4390 1702 4456 Dixisti,
1761 4388 1870 4462 55
1927 4389 2266 4446 Christianos
2325 4391 2476 4462 prin-

894 4491 1080 4561 cipes,
1119 4489 1394 4545 Romanos
1440 4497 1654 4553 semper
1710 4481 1938 4552 elegisse
1983 4480 2297 4552 pontifices;
2349 4495 2473 4551 per-

895 4598 1057 4638 curre
1095 4595 1307 4636 mecum
1360 4574 1741 4632 ecclesiastica:
1798 4571 2136 4643 antiquitatis
2179 4572 2467 4640 historias,

895 4673 1262 4728 Romanorum
1336 4665 1624 4739 praesuium
1683 4663 1985 4734 catalogum
2049 4661 2290 4717 studiose
2363 4663 2471 4718 dis-

894 4765 1082 4835 quire;
1115 4771 1171 4820 et
1213 4776 1335 4818 cum
1364 4756 1646 4830 perpaucis
1673 4755 1948 4811 inveneris
1974 4755 2027 4808 in
2078 4753 2342 4809 eleCtione
2371 4768 2468 4808 sua

894 4854 1106 4924 regium
1153 4848 1451 4906 accessisse
1503 4859 1856 4910 consensum,
1929 4841 2186 4898 conﬁtere"
2237 4850 2289 4896 te
2341 4857 2468 4910 per-

894 4942 1141 5010 spicuum
1169 4937 1464 5010 protulisse
1488 4934 1846 4989 mendacium.
1877 4931 2010 4999 Quis
2031 4933 2178 4988 enim
2203 4947 2296 4986 rex
2319 4972 2334 4999 ,
2363 4934 2470 4988 An—

895 5029 1030 5086 tonii
1061 5027 1230 5082 lilium
1259 5025 1547 5080 Damasum
1576 5021 2007 5093 Hispanensem?
2037 5020 2160 5091 quis
2201 5019 2463 5076 innocen-

895 5119 1027 5174 tium
1070 5114 1366 5172 Innorentii
1415 5111 1582 5168 ﬁlium
1626 5109 2031 5166 Albanensem?
2066 5109 2187 5179 quis
2236 5109 2468 5178 denique

892 5208 1166 5264 Zosimum
1196 5207 1444 5261 Graecum
1471 5201 1712 5257 Ebramii
1750 5199 1920 5260 illium
1954 5199 2153 5269 elegit?
2180 5199 2301 5268 quis
2330 5215 2465 5270 pm.

2583 2475 2722 2531 niosi
2749 2477 2874 2546 styli
2897 2492 3058 2531 causa
3083 2483 3370 2546 praetereo.
3399 2476 3474 2530 Da
3499 2477 3632 2530 mihi
3657 2490 3787 2547 ergo
3812 2492 4024 2542 eorum,
4043 2493 4179 2547 quos

2581 2568 3045 2631 enumeravimus,
3071 2567 3332 2635 aliquem,
3357 2566 3445 2622 vei
3465 2566 3753 2636 prasulem
3781 2569 4172 2638 requirentem,

2580 2657 2663 2714 vel
2687 2657 2988 2728 principem
3020 2671 3306 2713 assensum
3334 2657 3390 2712 in
3420 2656 3690 2714 electione
3720 2661 4050 2728 praebentem
4083 2679 4095 2714 :
4121 2669 4178 2717 et

2579 2761 2681 2816 ego
2724 2749 2793 2802 do
2819 2763 3035 2804 manum
3058 2789 3071 2811 ,
3107 2763 3170 2803 ac
3201 2759 3254 2802 te
3305 2749 3570 2818 perhibeo
3610 2736 3966 2805 laureandum
3997 2771 4008 2804 :
4042 2752 4176 2807 aiio-

2579 2840 2710 2912 quin
2745 2840 2789 2894 si
2819 2841 2946 2895 dare
2971 2856 3080 2896 non
3108 2840 3345 2910 poteris,
3395 2841 3448 2894 in
3495 2841 3599 2896 hoc
3648 2850 3700 2896 te
3731 2843 4045 2897 convictum
4077 2859 4176 2914 per

2579 2931 2760 2990 omnia
2789 2948 3009 2989 necesse
3039 2941 3122 2988 est
3149 2932 3396 2988 fatearis.
3424 2932 3579 3000 Quod
3603 2942 3786 2989 autem
3815 2933 3876 2987 Β.
3908 2934 4173 3006 Gregorio

2578 3024 2781 3095 legitur
2803 3025 3119 3080 adhibuisse
3147 3024 3434 3078 Mauritius
3462 3024 3760 3093 imperator
3789 3039 4091 3091 assensum,
4119 3034 4176 3080 et

2581 3119 2837 3187 perpauci
2894 3118 2984 3172 alii
3014 3117 3288 3188 principes
3319 3118 3442 3173 aliis
3477 3120 3862 3189 promovendis
3897 3140 3910 3174 :
3952 3121 4055 3176 hoc
4092 3122 4175 3176 di-

2583 3210 2751 3264 ctavit
2774 3209 3116 3279 perturbatio
3146 3215 3476 3279 temporum,
3493 3217 3550 3264 et
3575 3217 3870 3280 tempestas
3898 3211 4170 3268 horrenda

2583 3298 2866 3354 bellorum.

3101 3389 3298 3462 Regius
3336 3392 3643 3448 advocatus.

2651 3482 2711 3541 Si
2739 3481 2958 3540 mentiri
2986 3489 3071 3539 est
3096 3489 3292 3538 contra
3322 3490 3562 3538 mentem
3597 3481 3786 3554 loqui,
3820 3486 4170 3543 temerarium

2578 3584 2662 3631 est
2693 3590 2779 3630 me
2805 3572 3072 3631 mendacii
3103 3580 3216 3631 tam
3243 3573 3557 3646 procaciter
3573 3574 3771 3647 argui,
3804 3575 3898 3647 qui
3918 3591 4026 3635 non
4059 3579 4168 3635 uti-

2577 3679 2684 3736 que
2711 3664 2940 3729 falsum,
2977 3664 3073 3720 sed
3121 3678 3309 3718 verum
3337 3659 3440 3720 me'
3467 3664 3675 3720 dixisse
3723 3666 3907 3736 putavi
3940 3685 3953 3720 :
3985 3677 4166 3724 tamen

2577 3757 2848 3830 assentior
2883 3756 3015 3812 etin
3030 3756 3136 3812 hoc
3157 3764 3471 3826 superatum
3494 3771 3582 3813 me
3605 3757 3849 3814 dixissen
3872 3774 3942 3814 on
3964 3760 4167 3818 abnuo.

3085 3847 3347 3918 Defensor
3375 3847 3648 3904 Ecclesia'.

2649 3938 2720 3995 Ut
2749 3946 2929 3994 autem
2955 3937 3193 4010 idipsum
3221 3939 3402 3995 adhuc
3429 3939 3775 3997 manifestius
3801 3951 4004 4014 pateat,
4034 3957 4090 4002 et
4113 3956 4167 4005 te

2573 4044 2742 4101 super
2769 4031 2871 4084 hac
2905 4029 3199 4086 dimicandi
3225 4030 3452 4086 materia
3485 4025 3820 4102 perdidisse,
3847 4035 4164 4109 tibimetipsi

2573 4118 2779 4174 clarius
2827 4119 3131 4175 innotescat
3186 4138 3200 4174 :
3255 4119 3376 4192 lege
3423 4120 3770 4178 Constantini
3819 4125 4164 4198 imperatoris

2574 4209 2814 4265 edictum
2835 4249 2852 4273 ,
2885 4209 2978 4264 ubi
3024 4208 3168 4268 sedis
3195 4209 3507 4280 apostolica:
3537 4212 3822 4268 constituit
3845 4229 4010 4285 super
4044 4231 4163 4273 om-

2573 4316 2675 4356 nes
2703 4301 2758 4355 in
2806 4300 2940 4356 orbe
2985 4299 3091 4372 55
3137 4308 3411 4358 terrarum
3453 4302 3727 4359 Ecclesias
3768 4306 4158 4380 principatum.

2573 4392 2709 4448 Nam
2730 4401 3014 4464 postquam
3040 4409 3203 4463 supra
3231 4408 3429 4465 corpus
3447 4393 3510 4449 D.
3537 4393 3685 4450 Petri
3715 4396 3997 4454 basiiiCam
4030 4400 4159 4457 fun-

2577 4484 2735 4540 dator
2756 4484 2930 4539 erexit
2947 4524 2962 4549 ,
2984 4493 3270 4555 postquam
3297 4485 3690 4556 patriarcliium
3713 4485 4080 4549 Lateranense
4101 4492 4158 4551 in

2581 4533 2724 4540 η---
2761 4533 2806 4538 --
2826 4533 2930 4539 --μ
2948 4533 2962 4549 ,
2984 4533 3270 4555 των-υ,
3297 4533 3496 4556 τ----η
3513 4533 3690 4541 -_--...
3714 4533 4080 4549 ..-η-...ωηεν

2499 4533 2551 4594 D
2574 4574 2719 4630 beati
2751 4572 3049 4629 Salvatoris
3076 4575 3340 4632 honorem
3371 4575 3714 4644 construxit,
3745 4593 3873 4633 mox
3913 4595 4012 4650 per
4053 4583 4157 4639 im-

2575 4666 2792 4738 perialis
2824 4666 3069 4734 rescripti
3095 4666 3294 4722 seriem
3316 4666 3574 4722 Romana:
3610 4667 3859 4725 ecclesia:
3878 4675 4161 4732 constituit

2575 4755 2919 4824 dignitatem.
2973 4751 3074 4808 Ubi
3127 4755 3385 4808 nimirum
3453 4755 3514 4808 Β.
3568 4753 3883 4826 Syivestro,
3935 4762 4158 4834 suisque

2573 4845 2980 4908 successoribus
3005 4845 3231 4912 obtulit,
3262 4854 3323 4901 ut
3359 4846 3529 4918 regali
3557 4862 3711 4905 more
3761 4860 3817 4906 et
3864 4867 4030 4909 aures
4061 4869 4154 4910 co-

2576 4951 2710 4992 rnua
2740 4935 3106 5006 plecterentur
3136 4931 3192 4990 in
3220 4938 3425 5006 capite,
3466 4946 3521 4993 et
3549 4948 3777 4994 ceteras
3815 4942 3946 5013 regii
3977 4943 4159 5000 cultus

2576 5027 2778 5081 infulas
2813 5035 3136 5096 usurparent
3172 5027 3307 5096 (vide
3337 5038 3490 5081 notas
3534 5028 3604 5086 ad
3633 5027 3826 5084 calcem
3871 5031 4154 5100 opusculi).

2571 5113 2774 5171 Verum
2817 5114 2885 5168 B.
2939 5114 3212 5187 Sylvester
3261 5125 3613 5180 omamenta,
3663 5128 3784 5186 quae
3831 5119 4152 5175 sacerdotali

2572 5221 2871 5276 congruere
2896 5205 3177 5274 judicabat
3200 5203 3399 5268 oﬂicio,
3431 5206 3484 5258 in
3515 5207 3766 5275 proiirios
3793 5222 3922 5262 usus
3943 5223 4154 5264 assum-

894 5308 1041 5354 terea
1071 5298 1303 5352 Leonem
1339 5293 1582 5360 Quiriani
1612 5291 1780 5345 ﬁlium
1817 5291 1885 5346 de
1914 5289 2146 5346 Tuscia?
2175 5291 2299 5359 quis
2323 5289 2462 5345 Hiiao
2567 5298 2678 5368 psit
2706 5314 2718 5349 :
2751 5310 3010 5351 coronam
3043 5303 3206 5360 vero,
3243 5295 3326 5350 vel
3352 5305 3549 5350 caetera
3571 5338 3585 5362 ,
3618 5311 3737 5365 quae
3779 5297 3952 5366 magis
3979 5298 4153 5354 ambi-

892 5389 1036 5443 rium
1064 5386 1298 5456 Crispini
1333 5384 1500 5438 lilium
1533 5383 1600 5437 de
1630 5382 1918 5438 Sardinia?
1947 5383 2067 5453 quis
2117 5381 2468 5438 leestinutn

894 5477 1065 5534 Prisci
1108 5476 1338 5531 Romani
1370 5475 1504 5530 civis
1535 5474 1740 5528 lilium?
1783 5474 1907 5544 quis
1947 5473 2317 5538 Bonifacium,
2351 5475 2472 5543 quis

893 5566 1243 5624 Anastasium
1263 5578 1416 5636 usque
1439 5562 1751 5618 Romanos?
1768 5562 2012 5632 Denique
2034 5562 2232 5616 multos
2262 5571 2471 5622 attere-

896 5671 1047 5721 rem,
1094 5655 1196 5709 nisi
1239 5652 1512 5708 fastidium
1542 5667 1879 5721 generarem.
1913 5652 2019 5708 Sed
2068 5668 2136 5708 ue
2171 5666 2257 5707 me
2310 5662 2467 5724 putes

893 5762 1002 5806 non
1029 5745 1321 5804 habentem
1344 5744 1557 5816 copiam
1585 5745 1654 5804 ab
1679 5758 1868 5804 eorum
1899 5743 2306 5802 enumeratione
2329 5743 2463 5802 deii-

2571 5385 2709 5440 tiosa
2750 5400 2912 5454 quam
2959 5385 3185 5455 mystica
3238 5385 3580 5453 videbantur,
3612 5385 3815 5442 omisit.
3845 5385 3941 5442 Cui
3985 5387 4150 5443 etiam

2570 5477 2960 5533 Constantinus
3001 5475 3370 5532 Lateranense
3409 5477 3703 5547 palatium,
3748 5477 3891 5546 quod
3925 5485 4150 5533 eatenus

2572 5567 2693 5623 auia
2742 5569 2943 5637 regalis
2988 5569 3306 5632 exstiterat,
3359 5579 3622 5639 perpetuo
3678 5567 3800 5635 jure
3846 5570 4146 5634 concessit;

2569 5674 2792 5728 regnum
2837 5657 3008 5712 Italiae
3030 5658 3384 5728 iudicandum
3418 5659 3662 5713 tradidit.
3709 5657 3843 5712 Nam
3893 5669 3950 5712 et
3980 5659 4150 5728 ipsius

2567 5748 2712 5819 regis
2755 5746 2873 5806 haec
2920 5748 3087 5803 verba
3136 5755 3308 5804 sunt:
3354 5746 3512 5808 Unde
3553 5762 3886 5818 congruum,
3935 5747 4144 5816 inquit,
