5392 6516
902 390 969 447 73
1828 377 2073 437 OPUSC.
2113 375 2203 433 ιν.
2243 406 2310 417 -—
2348 371 2803 430 DiSCEPTATlO
2841 368 3250 428 SYNODALIS.
4128 361 4200 417 Ἠ

902 504 1059 565 Iuda.
1092 509 1145 557 et
1173 500 1280 555 dux
1308 499 1374 554 de
1394 462 1609 554 femore
1636 497 1788 567 ejus,
1817 494 1992 549 donec
2018 493 2199 547 veniat
2249 490 2337 560 qui
2368 488 2492 544 mit-v
2528 512 2567 564 Α
2597 502 2716 541 smn
2745 503 2838 541 vos
2867 485 3003 557 (Jer.
3032 484 3186 555 χνιι).
3220 503 3238 535 ι
3272 481 3409 537 Hinc
3436 488 3541 545 est,
3568 476 3711 548 quod
3740 478 3806 532 ad
3838 476 3955 532 “eli
3984 493 4204 548 quoque

907 595 1096 650 tendus
1138 600 1224 647 est
1265 587 1418 663 (Gen.
1457 588 1626 659 xux).
1660 607 1681 640 ι
1720 586 1787 640 Ει
1819 595 1995 640 tamen
2026 599 2126 639 nec
2158 582 2494 650 temporibus

898 686 1148 742 Judicum
1187 683 1415 755 legimus
1441 682 1587 734 viros
1617 679 1683 733 de
1725 679 1867 734 tribu
1909 676 2046 731 Juda
2088 691 2305 745 semper
2332 687 2496 744 super

902 777 1066 834 Israel
1109 776 1349 831 tenuisse
1384 775 1637 829 ducatum
1660 812 1676 837 ,
1706 786 1807 827 nec
1837 785 1994 839 reges
2033 783 2097 823 ex
2128 769 2317 823 eadem
2351 767 2494 820 trihu

899 870 1263 941 principatum
1297 867 1533 923 tenuisse
1574 881 1746 935 usque
1790 865 1859 919 ad
1896 862 2100 919 Christi
2147 860 2496 931 reperiuntur

899 961 1212 1017 adventum.
1243 958 1471 1015 Constat
1502 973 1652 1028 ergo.
1696 957 1826 1027 quia
1876 968 2019 1024 satpe
2062 954 2207 1008 Deus
2237 952 2491 1021 omnipo-

900 1062 1042 1117 tens,
1064 1052 1208 1122 quod
1234 1050 1437 1105 homini
1468 1049 1740 1120 promisit.
1775 1047 2079 1111 imminuit;
2106 1046 2364 1116 quoniam
2395 1043 2494 1099 bo-

900 1158 1010 1209 mo,
1035 1143 1178 1214 quod
1204 1140 1313 1197 Deo
1339 1140 1623 1207 debuerat,
1651 1155 1757 1194 non
1789 1138 2053 1209 implevit.

1432 1229 1626 1300 Regius
1665 1229 1971 1282 aduocatus.

971 1323 1114 1379 Doce
1140 1322 1309 1378 etiam
1335 1321 1424 1375 ubi
1457 1321 1595 1375 Deus
1615 1339 1617 1342 ‘
1637 1320 1888 1390 promisit
1919 1321 2121 1375 bonum
2165 1314 2407 1390 aliquod,
2442 1328 2500 1376 et

896 1414 1192 1471 efﬁcaciter
1221 1428 1326 1469 non
1361 1411 1619 1482 implevit.

1273 1502 1533 1572 Defensor
1568 1500 1827 1556 Romana:
1863 1501 2115 1558 Ecclesia!

972 1592 1280 1649 Recordare
1334 1592 1460 1662 quia
1508 1591 1640 1647 dicit
1679 1590 1946 1648 Dominus
1980 1592 2047 1647 ad
2068 1591 2280 1649 Josiam
2312 1607 2496 1663 regem

890 1683 1035 1743 Juda
1068 1703 1082 1741 :
1111 1705 1130 1739 ι
1158 1684 1263 1740 Pro
1281 1700 1368 1749 eo,
1398 1684 1592 1754 inquit,
1616 1684 1761 1754 quod
1789 1685 1971 1741 vidisti
1996 1687 2160 1742 verba
2183 1688 2494 1752 voluminis,

898 1785 955 1831 et
985 1776 1331 1844 perterritum
1358 1782 1444 1827 est
1467 1785 1564 1830 cor
1590 1781 1765 1839 tuum,
1791 1782 1848 1829 et
1871 1774 2191 1832 humiliatus
2217 1790 2279 1831 es
2308 1790 2496 1832 coram

2598 594 2695 647 per
2718 579 2889 632 virum
2922 578 3013 631 Dei
3048 576 3311 631 Dominus
3335 574 3409 628 ait
3442 591 3454 627 :
3486 591 3504 624 ι
3537 573 3789 641 Loquens
3817 571 4029 627 loeutus
4056 588 4201 635 sum.

2596 681 2657 724 ut
2703 670 2896 725 domus
2942 679 3072 733 tua,
3114 677 3170 723 et
3214 668 3407 722 domus
3439 664 3611 735 patris
3648 665 3722 718 tui
3770 664 4112 723 ministraret
4149 665 4204 719 in

2595 770 2891 831 conspectu
2923 775 3043 814 tneo
3072 774 3243 831 usque
3285 759 3338 812 in
3369 757 3780 827 sempiternum.
3813 752 3969 809 Nunc
3995 764 4199 818 autem,

2595 855 2731 910 dicit
2760 854 3045 919 Dominus,
3072 852 3216 907 absit
3240 853 3343 908 hoc
3372 868 3412 906 ar
3438 866 3545 915 me,
3580 855 3676 906 sed
3703 851 4017 921 quicunque
4041 850 4208 921 glori-

2600 946 2843 1002 liraverit
2878 940 2996 1009 me,
3024 944 3343 1017 glorificabo
3363 959 3493 999 eum
3521 959 3540 998 :
3588 946 3680 1014 qui
3718 953 3901 997 autem
3944 952 4203 998 contem-

2596 1044 2733 1089 nunt
2766 1049 2871 1099 me,
2903 1044 3066 1089 erunt
3093 1034 3359 1105 ignobiles
3386 1032 3438 1101 (Ι
3470 1032 3597 1104 Reg.
3630 1033 3712 1103 ιι).
3742 1052 3765 1084 ι

3125 1125 3327 1198 Regius
3364 1126 3675 1181 advocatus.

2663 1214 2839 1275 Recte
2869 1219 3028 1289 plane
3057 1230 3283 1277 cuncta.
3318 1235 3439 1289 qua:
3469 1231 3835 1289 proposueras
3857 1257 3871 1282 ,
3898 1215 4211 1287 perSpi'cuis

2598 1311 2869 1366 roborasti
2925 1311 3252 1367 testimoniis
3310 1311 3757 1382 Scripturarum;
3820 1326 3966 1366 nunc
4022 1320 4207 1365 autem

2599 1402 2877 1473 paulisper
2904 1404 2973 1457 ad
3001 1402 3282 1473 superiora
3311 1408 3609 1465 revertere,
3639 1411 3692 1457 et
3726 1400 3882 1469 juxta
3913 1409 4021 1457 tua:
4045 1414 4214 1472 spon-

2599 1495 2770 1551 sionis
2815 1494 3077 1565 elogium,
3121 1496 3187 1551 de
3234 1494 3447 1550 Domini
3495 1495 3640 1566 regis
3688 1493 3887 1565 injuria
3930 1505 4208 1550 rationem

2600 1584 2784 1640 redde.

2976 1675 3234 1747 Defensor
3268 1674 3523 1731 Romamn
3561 1676 3835 1731 Eri-(eme.

2666 1767 2921 1824 Glorioso
2948 1768 3085 1839 regi,
3116 1770 3277 1824 nobis
3305 1768 3558 1840 eligendo
3581 1768 3916 1839 pontiﬁcem,
3945 1766 4111 1831 absit,
4152 1775 4214 1822 ut

902 1865 1164 1931 Domino,
1195 1864 1395 1920 auditis
1424 1865 1769 1920 sermonibus
1795 1873 1986 1921 contra
2013 1864 2192 1921 locum
2223 1866 2414 1932 istum,
2442 1876 2499 1921 et
2526 1856 2574 1917 Β
2604 1879 2703 1920 nos
2745 1862 3122 1919 intuiissemus
3152 1863 3433 1932 injuriam,
3468 1878 3590 1919 cum
3638 1865 3706 1917 ad
3752 1863 3855 1919 hoc
3905 1876 4025 1924 nos,
4067 1862 4213 1916 sicut

901 1958 1241 2014 habitatores
1270 1954 1411 2026 ejus,
1442 1964 1499 2012 et
1526 1955 1735 2013 scidisti
1764 1958 2091 2013 vestimenta
2141 1966 2256 2023 tua,
2299 1969 2355 2015 et
2398 1958 2496 2014 lle-

901 2049 1026 2103 visti
1053 2064 1237 2104 coram
1270 2063 1358 2104 me
1391 2065 1405 2102 :
1445 2048 1649 2104 idcirco
1675 2048 1927 2121 colligam
1957 2059 2012 2105 te
2041 2046 2109 2105 ad
2139 2062 2325 2121 patres
2352 2063 2494 2119 tuos,

900 2148 952 2194 et
992 2139 1264 2211 colligeris
1299 2140 1369 2195 ad
1406 2139 1715 2209 sepulcrum
1761 2147 1913 2195 tuum
1956 2141 2011 2196 in
2054 2157 2186 2212 pace
2226 2141 2333 2214 (IV
2363 2142 2495 2216 Reg.

898 2233 1058 2303 χχιι).
1088 2250 1106 2283 ι
1127 2232 1195 2287 Et
1210 2240 1385 2287 tamen
1401 2232 1563 2302 paulo
1581 2242 1705 2303 post
1719 2233 1997 2304 Scriptura
2012 2235 2175 2290 dicit:
2196 2255 2216 2288 ι
2237 2235 2293 2291 ln
2311 2237 2500 2293 diebus

898 2324 1019 2396 ejus
1062 2324 1324 2380 asCendet
1364 2324 1577 2379 Pharao
1625 2323 2101 2399 Necho[Nechao]
2149 2342 2246 2383 rex
2276 2328 2497 2401 Egypti

898 2426 1094 2471 contra
1128 2428 1312 2486 regem
1340 2414 1689 2487 Assyriorum
1717 2416 1785 2471 ad
1820 2414 2019 2471 ﬂumen
2047 2416 2404 2488 Euphratem,
2446 2429 2500 2473 et

892 2507 1038 2563 abiit
1066 2506 1246 2564 Josias
1276 2508 1330 2563 in
1360 2523 1648 2563 occursum
1678 2506 1820 2577 ejus,
1858 2517 1915 2565 et
1954 2509 2172 2565 occisus
2197 2520 2278 2566 est
2306 2511 2361 2565 in
2389 2510 2501 2565 Ma-

900 2601 1040 2671 gedo
1062 2599 1394 2673 [Mageddo],
1416 2616 1539 2655 cum
1566 2600 1791 2657 vidisset
1818 2616 1941 2657 eum
1972 2600 2081 2674 [IV
2110 2596 2239 2674 Reg.
2269 2605 2427 2673 χχιιι)
2477 2625 2494 2657 ι

899 2691 984 2746 Ad
1031 2690 1353 2745 Sedechiam
1384 2705 1614 2760 quoque
1661 2705 1843 2760 regem
1882 2689 2018 2746 Juda
2068 2708 2165 2761 per
2207 2692 2499 2749 Jeremiam

897 2781 1135 2837 dicitur:
1168 2799 1191 2833 ι
1220 2781 1354 2837 Audi
1388 2784 1612 2839 verbum
1641 2782 1876 2851 Domini,
1914 2780 2174 2840 Sedeccia
2196 2800 2293 2841 rex
2315 2785 2453 2841 Juda
2481 2804 2498 2841 :

899 2873 1031 2929 llaec
1070 2874 1203 2930 dicit
1244 2875 1505 2930 Dominus
1531 2876 1599 2930 ad
1631 2884 1683 2930 te
1712 2892 1726 2930 :
1766 2874 1886 2931 Non
1921 2878 2172 2932 morieris
2214 2879 2267 2932 in
2299 2878 2499 2949 gladio,

898 2964 999 3019 sed
1042 2964 1094 3019 in
1142 2980 1275 3035 pace
1321 2966 1604 3031 morieris,
1651 2975 1703 3023 et
1755 2968 2053 3023 secundum
2096 2970 2505 3027 combustiones

899 3062 1117 3123 patrum
1160 3062 1408 3120 tuorum,
1441 3072 1628 3126 regum
1674 3057 1940 3127 priorum,
1986 3059 2077 3128 qui
2111 3058 2334 3116 fuerunt
2379 3072 2503 3116 aute

898 3152 979 3209 te,
1007 3144 1087 3200 sic
1114 3147 1437 3201 combureut
1463 3158 1514 3203 te
1546 3161 1566 3202 ι
1597 3157 1653 3201 et
1692 3163 1793 3215 νινε,
1835 3150 2081 3218 Domine,
2115 3150 2371 3222 plangent
2403 3162 2453 3207 te
2484 3167 2500 3205 :

2599 1958 2853 2026 superius
2883 1957 3091 2012 dictum
3119 1964 3231 2021 est,
3267 1956 3571 2011 necessitas
3617 1955 3911 2026 impulerit.
3960 1971 4068 2011 non
4118 1971 4214 2009 ra-

2600 2052 2725 2120 pina
2752 2068 2766 2104 :
2793 2048 2859 2104 ad
2889 2050 3016 2113 hoc,
3045 2049 3286 2119 inquam.
3313 2063 3412 2103 nos
3441 2049 3639 2104 invitos
3663 2049 3889 2103 attraxit
3920 2049 4213 2104 imminens

2600 2142 2902 2214 periculum
2933 2142 3112 2198 civilis
3162 2141 3325 2209 belli,
3366 2157 3472 2197 non
3523 2141 3747 2197 lzedondi
3770 2182 3784 2206 ,
3814 2140 3898 2197 vel
3931 2140 4213 2196 minuendi

2601 2233 2741 2289 livor
2770 2233 3006 2304 imperii.

3143 2322 3337 2395 Regius
3376 2325 3681 2378 advertunt.

2672 2417 2845 2473 Civile
2877 2416 3075 2472 bellum
3106 2416 3323 2487 objicis,
3356 2416 3648 2470 imminens
3687 2415 3987 2483 periculum
4024 2416 4077 2469 in
4108 2426 4217 2471 tum

2602 2506 2943 2579 allegationis
2972 2505 3291 2563 defensione
3322 2505 3658 2576 praetendis;
3692 2505 3912 2560 dicatur
3932 2507 4102 2561 etiam
4122 2547 4136 2572 ,
4167 2508 4213 2562 si

2604 2600 2803 2669 placet,
2833 2599 2961 2669 quia
2994 2597 3192 2653 caelum
3222 2606 3432 2662 rueret,
3476 2605 3621 2651 terra
3642 2598 3854 2654 eadem
3880 2598 4088 2653 civium
4119 2614 4217 2669 pa-

2605 2700 2827 2749 teretur.
2857 2704 3019 2761 perge
3050 2688 3228 2745 adlmc
3254 2688 3483 2754 addens,
3512 2689 3637 2758 quia
3672 2697 3871 2757 pontus
3915 2699 4214 2751 are-sceret.

2604 2794 2748 2839 terra
2797 2783 3058 2847 diluvium
3102 2780 3435 2845 inundaret,
3479 2781 3609 2851 quid
3656 2781 3786 2836 mibi
3841 2781 4023 2835 omnia
4072 2781 4214 2844 hmo,

2604 2875 2732 2929 dum
2763 2882 2997 2938 constet,
3021 2873 3148 2942 quia
3176 2872 3438 2942 quidquid
3466 2873 3697 2937 accidet,
3727 2872 3876 2927 nullo
3896 2882 4059 2942 pacto
4089 2887 4218 2927 san-

2605 2967 2677 3022 cti
2717 2980 2873 3037 papae
2919 2964 3249 3020 sententiam
3281 2963 3516 3019 debuisti
3563 2963 3896 3035 infringere.
3933 2964 4077 3018 nuila
4128 2980 4218 3019 ra-

2608 3058 2754 3112 tione
2784 3055 3065 3127 synodalis
3088 3056 3292 3109 decreti
3322 3054 3641 3124 mysterium
3668 3053 3818 3108 licuit
3842 3052 3952 3124 59
3970 3053 4216 3109 violare?

2609 3146 2762 3202 Sicut
2784 3146 2929 3201 enim
2954 3144 3242 3216 Scriptura
3268 3145 3521 3214 perhibet
3553 3162 3566 3198 :
3603 3164 3622 3197 ι
3652 3144 3846 3200 Melius
3868 3156 3953 3201 est
3984 3155 4044 3200 ut
4070 3148 4219 3201 oria-

898 3247 1029 3302 qua
1057 3235 1284 3291 verbum
1331 3238 1433 3291 hoc
1479 3252 1579 3307 ego
1621 3237 1837 3293 locutus
1881 3254 2024 3306 sum,
2064 3240 2196 3295 dicit
2242 3220 2505 3296 ὺοηιὶηιιε
2531 3220 2577 3279 C
2611 3249 2701 3291 tur
2730 3234 3073 3295 scandalum.
3104 3249 3267 3303 quam
3299 3242 3357 3288 ut
3385 3234 3589 3291 veritos
3620 3235 3980 3304 relinquatur.
4014 3256 4031 3288 ι
4079 3235 4217 3291 Nam

897 3322 1044 3392 (θεν.
1093 3323 1318 3395 xxxiv).
1364 3344 1382 3376 ι
1436 3325 1593 3401 Quod
1634 3327 1900 3383 nimirum
1950 3330 2221 3399 quomodo
2269 3331 2507 3400 potuerit

900 3410 1046 3476 ﬂeri,
1078 3407 1170 3483 qui
1199 3414 1398 3468 seriem
1428 3425 1707 3471 scrutatur
1740 3416 2004 3480 historiae,
2037 3434 2315 3488 nunquam
2359 3431 2507 3488 pote«

896 3504 979 3560 rit
1009 3505 1273 3561 invenire.
1311 3505 1446 3562 Nam
1478 3516 1763 3577 postquam
1802 3525 1832 3563 a
1866 3524 1992 3579 rege
2020 3510 2308 3581 Babylonis
2338 3510 2505 3567 semel

893 3606 989 3652 est
1014 3606 1227 3667 captus,
1261 3597 1727 3669 Babyloniamque
1754 3602 2079 3666 translatus,
2110 3602 2341 3657 ulterius
2372 3620 2510 3658 nun-

896 3700 1069 3755 quam
1099 3686 1299 3756 legitur
1338 3685 1449 3757 58
1492 3687 1561 3741 ab
1607 3686 1724 3757 ejus
1753 3689 1985 3744 vinculis
2026 3690 2327 3746 absolutus.
2352 3691 2509 3747 Justo

892 3792 1035 3847 ergo
1055 3776 1262 3846 judicio
1287 3778 1557 3833 subtrahit
1585 3778 1729 3836 Deus
1756 3779 1962 3835 homini
1994 3797 2380 3853 nonnunquam
2411 3784 2505 3838 bo-

904 3884 974 3923 na
1026 3884 1146 3939 qum
1188 3869 1459 3939 promisit,
1492 3885 1616 3924 cum
1650 3870 1867 3926 rebellis
1913 3873 2076 3928 homo
2104 3873 2249 3928 illius
2286 3888 2509 3928 servare

900 3960 1164 4014 mandata
1192 3960 1513 4015 contemnit.

1440 4050 1631 4123 Regius
1667 4053 1974 4107 advocatus.

980 4138 1318 4211 Prosequere
1343 4140 1510 4196 etiam
1556 4132 1837 4212 quomodo
1873 4144 2039 4211 Deus,
2082 4146 2227 4216 quod
2270 4144 2510 4201 minatus

908 4239 1010 4294 est,
1051 4245 1157 4286 non
1190 4231 1405 4303 inﬂigit.

1283 4320 1546 4394 Defensor
1588 4322 1838 4379 Romana:
1875 4322 2144 4382 Ecclesia.

984 4410 1172 4478 Nemo,
1212 4413 1305 4484 qui
1357 4414 1522 4471 limen
1572 4417 1827 4472 Ecclesia:
1875 4420 2035 4484 terit,
2088 4420 2337 4491 ignorat,
2378 4424 2506 4493 quia

907 4504 1078 4560 Jonas
1110 4504 1179 4559 ad
1218 4494 1445 4562 Niniven
1475 4524 1502 4562 a
1533 4509 1764 4565 Domino
1800 4512 2014 4577 missus,
2045 4514 2394 4583 exclamavit,
2424 4517 2509 4571 di-

909 4609 1044 4649 cens
1072 4613 1086 4649 :
1126 4613 1145 4647 ι
1169 4596 1357 4651 Adhuc
1390 4600 1748 4671 quadraginta
1787 4602 1932 4667 dies,
1970 4614 2025 4657 et
2059 4604 2248 4659 Ninive
2278 4608 2506 4662 subver-

913 4692 1064 4739 tctur
1098 4683 1273 4755 (Iona:
1317 4686 1424 4756 tu).
1455 4706 1473 4738 ι
1523 4688 1628 4743 Sed
1673 4691 1799 4758 quia
1847 4692 2039 4746 civitas
2088 4694 2174 4747 illa
2226 4695 2292 4749 ad
2336 4696 2504 4752 Deum

908 4781 1032 4829 toto
1060 4784 1140 4829 est
1169 4776 1333 4831 corde
1357 4792 1638 4841 conversa,
1671 4797 2009 4851 nequaquam
2044 4784 2198 4854 juxta
2238 4786 2506 4840 minacem

914 4862 1129 4918 Domini
1160 4874 1483 4920 sententiam
1514 4870 1707 4924 excidii
1735 4883 1819 4925 est
1843 4875 2127 4945 eversione
2150 4876 2341 4931 delati.
2368 4877 2505 4932 Cum

904 4967 1047 5023 ergo
1079 4953 1221 5010 Deus
1246 4958 1592 5027 omnipotens
1629 4975 1734 5014 non
1771 4964 1930 5016 modo
1957 4978 2139 5029 verax,
2173 4968 2266 5022 sed
2294 4978 2347 5022 et
2391 4969 2505 5038 ipsa

910 5046 991 5100 sit
1020 5047 1241 5109 veritas,
1278 5049 1536 5107 inviolato
1566 5054 1775 5107 consilii
1807 5057 1888 5109 sui
1923 5072 2176 5125 manente
2206 5062 2505 5129 praposito,

915 5136 1205 5190 exterioris
1246 5139 1435 5207 judicii
1483 5141 1568 5196 sui
1616 5158 1759 5213 saepe
1805 5145 1985 5200 variat
2025 5149 2302 5213 ordinem,
2350 5149 2506 5217 juxta

915 5227 1143 5283 humani
1170 5229 1286 5284 sive
1308 5232 1485 5301 probi,
1514 5234 1634 5290 sive
1658 5236 1892 5306 improbi
1933 5240 2113 5293 meriti
2147 5240 2463 5308 qualitatem
2490 5259 2505 5308 ;

916 5326 1186 5388 quatenus
1230 5327 1285 5375 et
1326 5335 1356 5373 a
1389 5324 1657 5391 pravitate
1683 5336 1982 5391 correctus.
2019 5330 2162 5399 quod
2193 5332 2333 5387 Deus
2362 5334 2511 5403 juste

913 5407 1182 5474 minatur,
1209 5410 1400 5465 evadat
1442 5430 1457 5465 :
1506 5421 1563 5468 et
1600 5416 1885 5486 prolapsus
1918 5419 1971 5472 in
2014 5420 2252 5489 culpam,
2286 5422 2514 5477 nullate-

916 5516 1046 5565 nus,
1084 5515 1203 5571 qute
1240 5502 1547 5572 pollicetur,
1577 5507 1715 5562 bona
1748 5510 2033 5579 percipiat.
2062 5510 2200 5566 Hinc
2226 5523 2339 5579 est,
2369 5517 2513 5584 quod

912 5606 1021 5662 per
1051 5589 1345 5648 Jeremiam
1376 5595 1511 5650 dicit
1539 5611 1553 5649 :
1592 5615 1610 5647 ι
1638 5597 1817 5655 Bonas
1847 5600 2010 5656 facile
2046 5603 2160 5657 vias
2198 5614 2427 5669 vestras,
2462 5615 2517 5660 et

914 5685 1099 5740 stmlia
1128 5696 1331 5750 vestra,
1364 5696 1420 5742 et
1464 5688 1648 5744 audite
1680 5708 1865 5748 vocem
1912 5694 2125 5749 Domini
2166 5696 2260 5751 Dei
2303 5700 2509 5753 vestri:

912 5789 971 5834 et
996 5780 1284 5850 ptenitebit
1312 5780 1596 5837 Dominum
1627 5785 1771 5846 mali.
1798 5789 1941 5857 qqu
1968 5786 2183 5847 locutus
2206 5799 2293 5847 est
2320 5790 2515 5846 adver-

1198 5870 1475 5935 Panot.
1526 5881 1766 5944 CXLV.

2610 3330 2654 3383 si
2686 3330 2790 3384 hoc
2817 3327 3017 3382 bellum
3039 3327 3353 3382 tinmissent
3376 3328 3518 3381 beati
3552 3336 3845 3398 martyres,
3872 3328 4065 3384 ﬁerent
4089 3346 4218 3402 pro-

2610 3419 2697 3474 cul
2731 3418 2894 3475 dubio
2920 3427 3130 3473 sancta:
3162 3418 3370 3471 militiae
3402 3416 3733 3473 desertores.

2980 3508 3241 3577 Defensor
3273 3506 3527 3562 Romana:
3568 3507 3839 3564 Ecclesia'.

2681 3600 2799 3656 Non
2843 3600 3083 3671 ignoras.
3111 3600 3254 3668 quod
3292 3599 3435 3654 inter
3476 3615 3669 3655 omnes
3697 3610 3919 3656 sanctus
3948 3611 4220 3675 martyres

2609 3692 2806 3747 Petrus
2833 3700 2890 3745 et
2936 3690 3133 3745 Paulus
3167 3691 3219 3745 in
3254 3689 3538 3761 apostolici
3573 3701 3796 3747 senatus
3823 3692 4062 3747 culmine
4093 3709 4222 3764 pos~

2611 3783 2791 3839 sident
2819 3782 3208 3853 principatum.

3143 3872 3340 3946 Regius
3377 3874 3687 3928 advocatus.

2678 3966 2797 4021 Hoc
2823 3967 2971 4021 sicut
3000 3980 3202 4035 negare
3231 3966 3558 4035 sacrilegum
3596 3974 3678 4020 cst
3699 4007 3712 4030 ,
3748 3965 3819 4019 ita
3860 3974 3915 4020 et
3948 3964 4221 4023 amrmaro

2608 4056 2965 4129 superﬂuum.

2981 4147 3241 4217 Defensor
3278 4147 3536 4203 Romana:
3575 4148 3843 4205 Ecclesia'.

2683 4238 2886 4293 Eorum
2919 4247 3044 4294 sunt
3077 4238 3235 4295 nobis
3272 4241 3503 4294 tenenda
3535 4241 3787 4310 vestigia,
3821 4257 4010 4298 eorum
4047 4244 4219 4299 forma

2609 4328 2817 4384 nostris
2846 4337 2931 4383 est
2958 4328 3175 4383 actibus
3200 4328 3584 4399 impritnenda,
3608 4329 3711 4385 sub
3737 4346 3925 4386 eorum
3960 4335 4224 4405 magistra

2612 4420 2873 4476 debemus
2902 4420 3087 4476 vivere
3116 4420 3423 4491 disciplina.

3144 4511 3341 4583 Regius
3381 4515 3690 4568 advocatus.

2686 4605 2800 4661 lloc
2843 4606 3032 4675 utique
3075 4606 3281 4661 clarum
3309 4616 3395 4661 est
3434 4622 3499 4661 ac
3547 4608 3919 4677 perspicuum.
3952 4609 4061 4665 Sed
4091 4604 4226 4681 quid

2615 4713 2644 4750 a
2682 4706 2733 4751 te
2766 4698 3035 4767 portenti,
3063 4698 3193 4767 quid
3228 4698 3488 4768 prastigii
3526 4698 3629 4753 sub
3668 4701 3769 4755 hoc
3800 4698 4041 4755 funiculo
4067 4702 4225 4758 indu-

2614 4789 2811 4843 ctiouis
2841 4788 3039 4849 alatur.
3071 4789 3282 4858 ignoro.

2987 4880 3244 4949 Defensor
3280 4880 3537 4935 Romanu:
3576 4882 3851 4937 Ecclesia'.

2689 4972 2840 5027 Tolle
2886 4973 3246 5042 prtestigium,
3282 4972 3528 5043 .iutellige
3562 4974 3849 5028 veritatem
3887 4990 3903 5027 :
3937 4977 4097 5032 times
4134 4993 4224 5032 me

2616 5074 2875 5133 tanquam
2909 5064 3004 5117 tihi
3036 5064 3339 5119 teudiculas
3367 5065 3774 5119 substruentem
3795 5107 3812 5131 ,
3838 5066 3964 5121 audi
3993 5065 4221 5123 Paulum

2617 5156 2683 5209 de
2733 5154 3044 5223 coapostolo
3090 5171 3190 5209 suo
3241 5154 3403 5210 Petro
3452 5157 3725 5211 veraciter
3770 5157 4151 5227 pet-bibentem
4207 5179 4219 5213 :

2623 5263 2640 5293 ι
2674 5244 2994 5313 Priusquam
3027 5245 3277 5299 venirent
3317 5244 3537 5315 quidam
3568 5262 3595 5299 a
3622 5245 3849 5312 Iacobo,
3882 5263 4006 5302 cum
4042 5252 4222 5320 genti~

2620 5335 2719 5389 bus
2748 5336 2947 5388 edebat
2976 5350 2989 5387 :
3019 5350 3144 5389 cum
3190 5328 3709 5401 autetn‘venissent,
3739 5339 4097 5394 subtrahebat
4140 5356 4221 5403 se,

2618 5436 2673 5481 et
2726 5428 3080 5497 segregabat.
3149 5429 3349 5483 timens
3400 5444 3497 5485 eos
3542 5431 3633 5499 qui
3684 5446 3748 5485 ex
3802 5432 4223 5486 circumcisione

2619 5528 2794 5571 erant.
2819 5536 2836 5568 ι
2865 5518 3151 5572 Cernimus
3181 5536 3309 5589 ergo
3335 5518 3555 5574 Petrum
3577 5537 3680 5574 non
3716 5521 3969 5589 rigidum,
3998 5524 4092 5577 sed
4115 5524 4201 5577 dis

2618 5619 2850 5663 cretum.
2911 5610 3161 5665 Timebat
3203 5614 3347 5666 enim
3380 5612 3617 5677 Judmos,
3651 5630 3718 5667 ne
3759 5629 3853 5682 per
3878 5616 4221 5670 occasionem

2619 5702 2862 5773 gentiqu
2896 5719 2925 5755 a
2960 5702 3062 5758 lide
3092 5705 3409 5759 recederent
3438 5706 3897 5772 Christianorum,
3924 5715 3977 5761 et
4004 5723 4073 5762 ne
4098 5722 4224 5777 per-

2614 5795 2775 5849 deret
2804 5809 3023 5868 gregem
3056 5796 3343 5862 creditum,
3393 5797 3521 5852 boni
3568 5799 3803 5868 pastoris
3847 5808 3929 5855 est
3976 5799 4225 5855 imitatus

3683 5893 3721 5951 3
