5392 6520
879 356 942 425 τι
1798 361 2043 420 OPUSC.
2080 360 2168 416 tv.
2208 385 2281 401 .-
2317 353 2773 412 υιερειιτλτιο
2815 349 3008 407 svum

2080 360 2168 416 IV.
2208 385 2281 401 -ι-
2317 353 2773 412 DISCEPT.\TIO
2815 347 3223 407 SYNUDALIS.
4104 338 4172 392 Π

881 481 1047 552 plum,
1089 472 1399 530 scandalum
1442 470 1765 543 praccaverit
1808 471 2155 527 Iudaeorum?
2202 489 2220 521 ι
2253 468 2470 531 Simon,
2501 473 2545 529 Λ
2576 466 2721 533 quod
2772 477 2880 520 tam
2936 462 3185 519 districte
3231 456 3530 530 prohibuit,
3583 456 3700 552 ipse
3750 467 3849 524 pro
3902 450 4177 507 charitate

884 570 1078 639 inquit.
1110 582 1262 635 reges
1294 575 1560 618 terrarum
1591 578 1620 615 a
1653 563 1849 631 quibus
1876 564 2153 633 accipiunt
2180 563 2467 622 tributum,

884 680 914 718 ιι
946 662 1067 716 filiis
1111 659 1240 721 suis,
1280 673 1347 710 an
1389 656 1457 711 ab
1505 654 1734 708 alienis?
1777 671 1886 723 quo
1938 656 2346 725 respondente:
2402 651 2471 705 ab

887 754 1108 818 alienis;
1146 774 1163 804 ι
1185 760 1396 821 prmslo
1424 748 1703 819 subjungit
1732 766 1744 801 :
1785 767 1801 800 ι
1834 749 1976 818 Ergo
2009 748 2162 802 liberi
2194 756 2322 800 sunt
2352 745 2473 798 lilii.

890 846 958 901 Et
1000 856 1179 898 autem
1225 857 1330 896 non
1366 840 1804 893 scandalizemus
1835 855 1951 905 eos,
1998 839 2135 892 vade
2181 838 2247 889 ad
2302 852 2475 899 mare,

889 936 1042 991 mitte
1074 937 1315 991 hamum,
1344 939 1401 984 et
1424 945 1550 983 eum
1582 929 1808 997 piscem,
1837 930 1928 999 qui
1962 929 2113 999 prius
2147 926 2475 989 ascenz’erit,

887 1026 1035 1089 tolle,
1066 1032 1119 1079 et
1164 1031 1351 1091 aperto
1389 1036 1486 1073 ore
1531 1018 1650 1087 ejus
1697 1020 1942 1073 invenies
1981 1029 2284 1074 stateram:
2327 1018 2477 1071 illum

886 1130 1125 1177 sumens,
1165 1115 1230 1167 da
1277 1113 1357 1167 eis
1399 1128 1498 1181 pro
1544 1127 1631 1166 me
1664 1122 1719 1165 et
1767 1120 1821 1164 te
1861 1110 2078 1181 (Matth.
2142 1108 2301 1180 xvn).
2335 1128 2353 1160 ›
2399 1109 2479 1163 Ad

888 1205 1217 1263 moliendum
1255 1219 1387 1274 ergo
1435 1204 1671 1273 rigorem
1716 1202 2060 1257 rectitudinis
2091 1203 2156 1256 ad
2190 1201 2480 1255 tenendam

888 1298 1137 1353 virtutem
1171 1298 1538 1359 discretionis,
1571 1296 1613 1349 si
1647 1296 1740 1349 tibi
1782 1296 1974 1349 Petrus
2018 1312 2123 1349 non
2166 1293 2481 1349 suﬂicit‘ad

887 1387 1215 1458 exemplum,
1245 1387 1411 1457 junge
1454 1386 1616 1440 simul
1646 1395 1699 1439 et
1732 1385 1981 1440 Paulum.
2007 1384 2160 1450 Quod
2185 1386 2229 1439 si
2259 1384 2477 1453 procaci

886 1482 1243 1537 contumacia:
1288 1489 1568 1548 nequeunt
1610 1489 1840 1549 uterque
1875 1477 2145 1542 sufﬁcere,
2188 1480 2388 1548 pudeat
2433 1488 2484 1533 te

886 1570 1235 1626 ultra'Jesum
1264 1585 1363 1639 per
1388 1568 1697 1624 dicacitatis
1730 1569 1990 1638 ineptiam
2021 1569 2308 1639 prosilire:
2341 1588 2358 1619 ι
2392 1568 2478 1622 Ἐξ-

887 1662 973 1716 uis
1014 1661 1157 1715 enim
1192 1660 1325 1731 legis
1352 1658 1605 1716 Christus
1631 1658 1699 1713 ad
1738 1659 2009 1730 justitiam
2040 1660 2189 1713 onmi
2236 1659 2479 1715 credenti

887 1754 1062 1827 (Rom.
1094 1754 1173 1826 ι).
1211 1774 1231 1808 ι

1442 1841 1598 1912 Regis
1638 1841 1942 1895 advocatus.

960 1934 1316 1991 Discretionis
1344 1935 1606 1987 virtutem
1656 1942 1733 1987 tot
1780 1931 2187 2002 Scripturarum
2237 1934 2479 1987 testimo—

890 2027 999 2083 niis
1022 2027 1375 2095 approbatam
1409 2024 1720 2094 improbare
1748 2040 1853 2078 non
1883 2028 1899 2044 ‘
1932 2040 2151 2089 sumus;
2184 2027 2275 2078 sed
2314 2026 2479 2089 absit,

888 2129 946 2173 ut
977 2117 1082 2171 ulla
1113 2118 1281 2171 virtus
1311 2117 1381 2170 sit
1413 2125 1521 2169 tam
1559 2114 1806 2169 sublimis
1825 2115 1933 2184 62
1962 2124 2139 2170 tamve
2184 2117 2478 2186 praecipua,

884 2215 1041 2286 cujus
1095 2215 1336 2270 tenendae
1388 2214 1570 2269 studio
1624 2215 1676 2267 in
1740 2213 2101 2267 anathematis
2158 2215 2480 2267 barathrum

885 2319 1146 2361 corruere
1171 2306 1485 2360 debeamus.
1517 2304 1650 2358 Nam
1683 2320 1805 2358 cum
1836 2320 2020 2369 omne,
2055 2306 2199 2375 quod
2233 2306 2390 2359 nobis
2417 2319 2485 2358 ex

886 2402 1070 2456 divina
1104 2401 1219 2470 lege
1248 2400 1587 2469 praecipitur,
1618 2400 1683 2453 ad
1718 2401 1819 2453 hoc
1858 2398 2044 2467 procul
2075 2399 2237 2453 dubio
2270 2400 2477 2459 tendat.

880 2503 947 2547 ut
980 2508 1077 2547 nos
1108 2493 1352 2547 Creatori
1388 2501 1574 2546 nostro
1618 2492 1854 2545 societas
1896 2500 2097 2544 aeterna
2137 2493 2432 2561 conjungat
2464 2508 2478 2543 :

887 2583 935 2637 si
963 2599 1061 2637 nos
1091 2584 1157 2636 ab
1187 2598 1273 2645 eo,
1310 2581 1451 2651 quod
1484 2581 1647 2643 absit,
1679 2596 1776 2648 per
1819 2580 2219 2635 maledictionis
2267 2590 2487 2633 senten-

889 2672 1021 2727 tiam
1050 2673 1331 2741 contingat
1353 2670 1671 2733 abscedere,
1694 2686 1813 2738 quae
1839 2671 2033 2733 virtus,
2055 2686 2178 2739 quae
2205 2671 2484 2731 discretio,

888 2777 1030 2830 quas,
1056 2763 1195 2815 sicut
1220 2762 1435 2825 dicitur,
1463 2760 1551 2829 pia
1577 2762 1886 2830 compassio
1920 2770 2027 2813 tam
2059 2760 2485 2829 incomparabile

888 2856 1146 2908 damnum
1178 2854 1329 2907 nobis
1361 2854 1566 2922 potcgit
1592 2855 1985 2922 compensare?
2017 2852 2160 2906 Sane
2190 2853 2235 2906 si
2264 2864 2487 2922 propter

889 2946 994 3000 hoc
1024 2945 1197 2998 solum
1229 2946 1401 2997 virtus
1431 2945 1723 3014 appetitur,
1763 2953 1821 2997 ut
1851 2946 2239 3014 omnipotentis
2274 2946 2366 2999 Dei
2401 2962 2484 3000 so-

890 3037 1061 3091 cietas
1093 3038 1432 3104 acquiratur,
1475 3037 1653 3105 qualis
1685 3035 1798 3103 jam
1848 3037 1937 3091 illa
1990 3038 2163 3091 virtus
2205 3038 2334 3103 crit,
2367 3054 2487 3107 qua:

888 3143 990 3183 nos
1014 3143 1043 3181 a
1072 3129 1237 3183 divini
1271 3128 1613 3182 contubernii
1639 3128 1901 3181 societate
1932 3128 2175 3196 repellat.

1246 3218 1506 3284 Defensor
1548 3216 1804 3270 Romam?
1863 3216 2133 3271 Ecclesium

965 3308 1090 3363 Haec
1127 3323 1225 3361 cur
1270 3306 1645 3377 prosequaris,
1694 3308 1821 3375 quia
1875 3308 2031 3363 nobis
2077 3307 2289 3364 occulta
2339 3317 2481 3371 sunt,

889 3398 1174 3454 evidenter
1197 3412 1426 3468 expone.

1424 3490 1614 3561 Regius
1655 3492 1966 3545 advocatus.

966 3583 1252 3655 Synodalis
1281 3585 1425 3637 enim
1450 3584 1653 3637 decreti
1682 3583 1897 3653 pagina,
1926 3599 2088 3652 quam
2117 3597 2239 3639 cum
2272 3584 2486 3639 concilii

889 3676 1061 3729 totius
1086 3690 1309 3729 assensu
1360 3676 1551 3728 beatus
1584 3672 1839 3727 Nicolans
1870 3689 2005 3743 papa
2052 3675 2357 3739 constituit,
2399 3678 2483 3731 cui

890 3764 1127 3834 propriae
1155 3780 1345 3816 mantis
1375 3763 1665 3817 articulum
1714 3762 1929 3828 indidit,
1957 3779 2122 3833 quam
2170 3773 2247 3817 tot
2275 3765 2483 3834 episco‘

890 3870 1085 3925 porum
1114 3852 1481 3916 venerandus,
1520 3852 1860 3921 celebrisque
1901 3864 2203 3907 conventus
2251 3855 2489 3909 subseri.

890 3945 1079 4016 ptione
1124 3946 1379 4007 firmavit,
1410 3946 1777 3999 anathematis
1823 3944 2038 3999 vinculo
2081 3944 2237 4013 juxta
2282 3962 2487 4001 morem

890 4054 1087 4094 carere
1131 4054 1236 4093 non
1264 4039 1461 4110 potuit.
1510 4038 1662 4095 Unde
1688 4054 1785 4093 vos
1832 4054 1928 4112 pro
1973 4040 2371 4107 compassionc,
2406 4040 2487 4093 vel

892 4132 1376 4195 condescensione,
1432 4132 1637 4194 nescio,
1690 4147 1853 4199 quam
1896 4131 2077 4185 dicitis
2125 4130 2355 4187 furentis
2398 4148 2492 4202 po-

891 4223 1030 4293 puli,
1064 4238 1408 4292 nequaquam
1453 4222 1817 4290 vosmetipsos
1848 4221 2119 4275 deberetis
2158 4232 2263 4275 tam
2299 4223 2487 4276 ineno-

890 4313 1111 4369 dalibus
1130 4314 1412 4368 sententia:
1436 4312 1665 4367 nexibus
1691 4313 1926 4366 irretire.
1957 4312 2262 4365 Ridiculum
2290 4314 2489 4382 quippe

891 4416 1003 4470 est,
1029 4407 1106 4460 sic
1131 4408 1383 4461 obrutum
1419 4406 1485 4460 de
1515 4406 1773 4474 voragine
1821 4404 2014 4457 marini
2044 4402 2243 4457 ﬂuctus
2273 4420 2487 4467 eruere,

895 4509 958 4553 ut
980 4500 1093 4569 ipse
1119 4499 1475 4568 compellatur
1502 4508 1724 4569 ereptor
1749 4497 1849 4554 sub
1874 4498 2097 4552 undosis
2125 4499 2324 4567 proccll
2346 4516 2485 4552 τεύιιι

891 4590 1265 4660 spumantium
1296 4591 1529 4645 cumulis
1566 4606 1871 4644 remanere.

1264 4681 1518 4748 Defensor
1556 4680 1811 4733 Romumr
1852 4678 2122 4734 Ecclesia’.

970 4772 1109 4827 Cum
1138 4774 1252 4827 hmc
1282 4772 1642 4826 inconsultius
1671 4772 1931 4840 loqueris,
1962 4773 2359 4825 amlabatarum
2394 4772 2487 4824 ad-

892 4881 1115 4920 versum
1145 4880 1229 4918 me
1263 4878 1411 4917 more
1425 4862 1669 4931 conﬂigis
1696 4862 1831 4932 (vide
1848 4862 2205 4930 scholia),qui
2235 4862 2488 4915 nimirum

899 4958 1029 5012 dum
1064 4957 1264 5011 clausis
1309 4970 1524 5025 semper
1572 4954 1746 5008 oculis
1792 4962 2053 5025 pugnant,
2098 4953 2234 5007 alios
2272 4953 2488 5021 quidem

896 5049 1211 5114 vulnerant,
1264 5049 1357 5103 sed
1403 5048 1674 5117 quomodo
1728 5048 2049 5116 semetipsos
2099 5060 2128 5098 a
2179 5044 2489 5099 vuluetﬁbus

895 5150 1173 5203 tueantur,
1208 5142 1477 5210 ignorant.
1506 5128 1651 5192 Dicis
1675 5138 1802 5207 quia
1856 5152 2197 5207 nequaquam
2231 5138 2487 5193 debemus

895 5232 953 5286 in
988 5231 1278 5284 anathema
1311 5244 1585 5292 corruere,
1622 5229 1787 5282 etiam
1836 5227 1880 5280 si
1928 5242 2024 5302 per
2066 5229 2167 5283 hoc
2212 5227 2486 5282 valeamus

896 5323 1132 5379 inlirmis
1165 5322 1425 5376 fratribus
1454 5321 1764 5375 subvenire.
1802 5321 1939 5375 Ecce
1975 5319 2196 5374 vibrasti
2224 5318 2485 5392 gladium,

897 5416 1117 5471 tentasti
1164 5415 1356 5467 vulnus
1408 5412 1673 5483 infligere,
1722 5414 1815 5467 sed
1854 5412 2061 5467 tibimet
2101 5412 2191 5465 ubi
2243 5412 2486 5482 clypequ

894 5526 1221 5580 opponeres,
1258 5526 1361 5563 non
1399 5510 1599 5563 vidisti.
1636 5507 1890 5578 Nunquid
1923 5507 2017 5562 tibi
2054 5505 2166 5575 jam
2194 5508 2260 5560 de
2290 5521 2491 5559 memo-

900 5607 977 5659 ria
1009 5604 1232 5667 excidit,
1259 5604 1399 5672 quod
1432 5603 1685 5673 superius
1715 5600 1937 5671 protuli,
1967 5600 2224 5670 quoniam
2254 5598 2313 5653 Β.
2353 5597 2492 5651 Pau-

896 5694 982 5749 lus
1004 5695 1055 5747 in
1092 5693 1332 5763 Epistula
1362 5710 1457 5748 sua
1489 5693 1619 5748 dicit
1648 5710 1661 5745 :
1701 5710 1720 5744 ι
1752 5692 1888 5759 Quia
1918 5691 1962 5747 si
1997 5689 2489 5753 circumcidamini,

892 5790 1147 5851 Christus
1189 5790 1339 5845 vobis
1385 5792 1455 5845 nil
1502 5790 1784 5861 proderit?
1818 5811 1834 5842 ι
1892 5788 2037 5862 (σαι.
2071 5793 2148 5863 v.)
2179 5789 2245 5844 Et
2286 5799 2487 5854 tamen,

2577 556 2805 611 fratrum
2860 553 3289 614 infirmantium,
3343 565 3411 604 ne
3465 546 3785 603 scandalum
3829 552 4172 614 paterentur,

2580 648 2839 712 implevit.
2889 644 3044 712 Quod
3094 642 3241 698 enim
3290 640 3488 708 majus,
3530 640 3646 694 sive
3690 637 3933 693 deterius
3973 635 4176 707 poterit

2578 740 2700 808 quis
2722 740 3012 793 anathema
3042 737 3246 800 subire,
3278 750 3440 803 quam
3466 732 3553 787 cui
3584 739 3839 801 negatum
3870 736 3977 793 est,
4007 725 4175 783 Chri-

2580 842 2722 883 stum
2752 845 2849 897 pro
2892 827 2975 881 sui
3007 836 3191 881 reatus
3219 822 3571 879 damnatione
3596 819 3894 891 prodesse?
3921 817 4058 873 Nam
4086 816 4178 873 cui

2579 921 2970 977 Christus’uon
3006 919 3249 990 prodest,
3294 916 3481 986 procul
3527 915 3695 970 dubio
3738 913 4033 969 anathema
4063 918 4174 979 est,

2582 1012 2823 1082 nihilque
2853 1023 2937 1067 est
2980 1010 3127 1064 aliud
3168 1008 3458 1062 anathema
3490 1006 3794 1075 quemlibet
3826 1003 3967 1068 fieri,
3997 1002 4103 1058 nisi
4142 1015 4176 1057 a

2580 1102 2806 1166 Christi,
2838 1102 2891 1156 in
2924 1117 3031 1171 quo
3076 1099 3477 1154 benedicuntur
3504 1111 3697 1151 omnes
3740 1102 3957 1165 gentes,
4002 1092 4166 1151 socie

2584 1203 2693 1248 tate
2738 1192 2947 1263 repelli.
2979 1193 3037 1247 Si
3068 1206 3201 1263 ergo
3242 1189 3440 1244 Paulus
3469 1189 3574 1244 hoc
3602 1190 3895 1244 anathema
3924 1204 4023 1259 pro
4047 1188 4181 1244 cha-

2584 1289 2745 1343 ritate
2769 1288 3000 1341 fratrum
3026 1287 3209 1341 subire
3233 1301 3340 1340 non
3372 1285 3575 1351 timuit,
3603 1285 3711 1338 imo
3732 1282 4180 1353 prorsusevasit,

2583 1398 2705 1436 cum
2729 1397 2835 1435 non
2875 1382 3313 1449 qualemcunque
3344 1377 3645 1441 hominem,
3676 1376 3771 1431 sed
3800 1374 4181 1432 Christianum

2583 1474 2769 1543 utique
2794 1472 3119 1543 discipulum
3167 1471 3545 1535 circumcidit;
3590 1480 3668 1532 tu,
3702 1482 3907 1537 quaeso,
3940 1466 4033 1522 ubi
4059 1482 4182 1524 cor-

2584 1568 2667 1621 dis
2710 1566 2897 1621 oculos
2927 1566 3179 1631 amisisti,
3213 1566 3304 1635 qui
3328 1605 3342 1629 ,
3370 1565 3516 1635 quod
3556 1562 3849 1635 Apostolus
3890 1561 4039 1627 fecit,
4071 1578 4184 1617 non

2585 1660 2895 1716 faciendum
2922 1676 3044 1716 esse
3075 1661 3331 1716 testaris?
3356 1660 3472 1731 Ipse
3496 1659 3642 1713 enim
3667 1657 3835 1714 dicit:
3867 1678 3884 1710 ι
3911 1655 4188 1726 Quaecun-

2585 1769 2690 1822 que
2736 1756 2940 1825 scripta
2991 1765 3147 1821 sunt,
3202 1754 3271 1809 ad
3324 1762 3565 1809 nostram
3618 1752 3927 1809 doctrinam
3979 1752 4183 1825 scripta

2516 1826 2557 1884 Β
2587 1856 2714 1901 sunt
2747 1846 2927 1916 (Rom.
2961 1846 3077 1916 xv).
3113 1867 3132 1901 ι

3034 1939 3143 2011 63
3182 1938 3373 2010 Regius
3416 1939 3726 1993 advocatus.

2660 2028 2964 2084 Verisunile
3032 2039 3114 2083 est
3185 2029 3339 2099 quia,
3388 2030 3529 2084 sicut
3573 2028 3776 2084 Paulus
3834 2028 4187 2099 coapostolus

2586 2137 2742 2175 suum
2794 2121 3014 2176 Petrum
3067 2122 3134 2176 de
3171 2120 3484 2190 judaizandi
3534 2121 3775 2175 rediviva
3826 2120 4188 2189 usurpatione

2585 2212 2879 2281 corripuit;
2926 2213 2996 2265 ita
3039 2211 3395 2265 nihilominus
3440 2211 3580 2267 etin
3620 2210 3999 2280 semcptisum,
4029 2219 4185 2283 post-

2585 2319 2748 2373 quam
2792 2302 3119 2374 discipulum
3168 2301 3615 2365 circumciderat,
3660 2301 4050 2374 reprehendit:
4085 2316 4189 2357 nec

2587 2395 2719 2449 mihi
2755 2396 2857 2449 hoc
2886 2393 3047 2448 aliter
3076 2408 3316 2463 unquam
3346 2392 3547 2464 poterit
3572 2392 3917 2464 persuaderi,
3943 2392 4047 2446 nisi
4077 2390 4189 2446 [οι-ς

2589 2482 2748 2539 lassis
2776 2486 2831 2537 in
2862 2484 2980 2553 ejus
3006 2483 3185 2541 verbis
3210 2483 3557 2553 aliquatenus
3587 2483 3769 2538 valeat
3800 2483 4052 2540 inveniri.

2948 2576 3209 2645 Defensor
3254 2575 3510 2629 Romana:
3553 2574 3824 2631 Ecclesitr.

2662 2669 2732 2724 Ut
2762 2670 2940 2723 nullus
2968 2669 3342 2737 ambiguitatis
3371 2684 3555 2723 nmvus
3586 2670 3637 2722 in
3672 2679 3762 2722 tua
3795 2678 3979 2724 mente
4010 2684 4191 2724 retua~

2590 2771 2737 2823 neat,
2770 2773 2828 2812 ut
2858 2759 3006 2813 nulla
3036 2774 3132 2814 cor
3174 2771 3324 2813 tuum
3358 2775 3521 2828 super
3555 2762 3657 2814 hoc
3691 2760 3907 2831 negotio
3932 2761 4189 2827 deinceps

2590 2848 2766 2917 caligo
2789 2847 3112 2913 confundat,
3144 2849 3268 2902 audi
3297 2849 3426 2917 quid
3475 2848 3615 2903 idem
3655 2848 3859 2905 Paulus
3888 2849 3955 2904 ad
3984 2848 4192 2905 Romo

2591 2956 2690 2994 nos
2722 2940 2905 2994 dicat:
2946 2958 2963 2990 ι
2998 2941 3295 2995 Veritatem
3328 2941 3449 2995 dico
3493 2940 3546 2996 in
3590 2940 3834 3006 Christo,
3879 2954 3988 2994 non
4034 2953 4191 2999 men-

2592 3037 2717 3099 tior,
2750 3037 3125 3090 testimonium
3168 3037 3295 3089 mihi
3347 3036 3669 3105 perbihente
3701 3037 4038 3091 conscientia
4071 3052 4193 3094 mea

2594 3126 2648 3180 in
2678 3127 2885 3195 Spiritu
2912 3137 3122 3189 sancto,
3147 3127 3405 3196 quoniam
3439 3128 3657 3182 tristitia
3679 3136 3763 3182 cst
3806 3128 3938 3183 mihi
3971 3143 4192 3201 magna,

2514 3196 2561 3259 δ
2593 3229 2647 3273 et
2684 3220 2980 3273 continuus
3008 3218 3162 3271 dolor
3206 3218 3357 3272 cordi
3394 3233 3545 3284 meo;
3593 3220 3849 3287 optabam
3887 3220 4032 3273 enim
4066 3196 4197 3290 ipso

2590 3311 2885 3363 anathema
2936 3324 3057 3363 esse
3104 3324 3131 3361 a
3182 3309 3402 3364 Christo
3444 3324 3544 3379 pro
3589 3309 3855 3363 fratribus
3900 3310 4059 3375 meis,
4101 3312 4196 3380 qui

2591 3411 2720 3455 sunt
2747 3401 2963 3470 cognati
2996 3400 3098 3453 mei
3131 3400 3430 3453 secundum
3459 3414 3700 3459 carnem,
3738 3401 3831 3468 qui
3861 3410 3986 3453 sunt
4020 3400 4194 3455 Israe-

2590 3493 2697 3548 lita:
2727 3492 2907 3563 (Rom.
2934 3492 3034 3560 ιχ).
3072 3512 3089 3544 ι
3124 3492 3263 3546 Ecce
3288 3490 3511 3554 Paulus,
3545 3506 3667 3545 cum
3688 3506 3793 3543 non
3825 3491 3896 3545 sit
3925 3491 4067 3545 sicut
4092 3507 4196 3546 nos

2590 3584 2918 3641 necessitate
2945 3592 3189 3647 coactus,
3222 3592 3415 3653 sponte
3455 3598 3518 3637 ac
3561 3584 3869 3637 voluntarie
3917 3584 4196 3640 desiderat

2592 3677 2884 3731 anathema
2924 3692 3045 3731 esse
3090 3692 3188 3747 pro
3221 3676 3521 3743 fratribus;
3565 3685 3621 3732 et
3661 3686 3715 3732 tu
3763 3679 3891 3733 mihi
3934 3680 4197 3751 pr0ponis

2592 3770 2885 3823 anathema
2935 3769 3256 3833 timendum,
3308 3769 3396 3822 ubi
3441 3784 3524 3822 me
3557 3771 3843 3839 perspicis,
3876 3781 3931 3824 ct
3963 3772 4196 3827 inevita-

2594 3860 2682 3915 bili
2716 3876 2946 3930 prorsus
2979 3861 3314 3915 necessitate
3342 3858 3508 3914 fuisse
3532 3861 3910 3925 constrictum,
3936 3874 3992 3917 et
4017 3864 4201 3921 chari-

2594 3952 2721 4005 tatis
2760 3950 2961 4014 studio,
2996 3965 3064 4003 ne
3110 3958 3255 4003 tanta
3301 3948 3530 4003 fratrum
3570 3950 3864 4006 multitudo
3892 3965 4196 4021 corrueret,

2596 4039 2940 4093 ineliuatuu.
2994 4039 3137 4093 Audi
3186 4039 3351 4093 etiam
3410 4039 3538 4108 quid
3588 4038 3801 4113 Moyses
3856 4058 3955 4113 pro
4000 4045 4199 4114 populo

2593 4131 2895 4186 lsraelitico
2920 4130 3199 4200 postulans
3228 4130 3371 4186 dicat
3399 4148 3412 4184 :
3447 4151 3465 4183 ι
3501 4132 3764 4198 ΟὺειοιὉ,
3802 4135 4046 4205 Domine,
4073 4154 4201 4208 pec-

2595 4224 2741 4279 cavit
2780 4222 3009 4297 populus
3039 4224 3139 4277 iste
3186 4233 3464 4294 peccatum
3500 4240 3776 4295 magnum,
3807 4226 4055 4283 fecerunt
4094 4232 4199 4288 sibi

2596 4316 2726 4369 deos
2754 4330 2949 4368 aureos
2978 4332 2989 4366 :
3020 4325 3111 4367 aut
3134 4314 3345 4368 dimitte
3373 4316 3451 4369 eis
3480 4316 3619 4371 hanc
3651 4333 3870 4382 nosam,
3894 4331 3987 4374 aut
4013 4321 4056 4375 si
4089 4339 4196 4378 non

2596 4406 2789 4468 facias,
2820 4405 2938 4460 dele
2968 4422 3055 4460 me
3098 4406 3163 4459 de
3207 4406 3345 4460 libro
3383 4415 3474 4460 tuo
3505 4423 3663 4476 quem
3695 4412 3961 4480 scripsisti
3996 4412 4196 4485 (Exod.

2596 4508 2776 4563 xxiii).
2808 4515 2825 4547 ι
2876 4495 3031 4562 Quod
3065 4498 3319 4550 nimirum
3356 4508 3487 4551 tunc
3518 4498 3754 4572 pleniter
3800 4502 3914 4566 fiet,
3944 4520 4066 4559 cum
4107 4523 4199 4562 re-

2596 4586 2780 4655 probis
2830 4586 2881 4638 iu
2918 4583 3125 4651 judicio
3168 4587 3335 4640 dicit:
3390 4605 3406 4637 ι
3442 4588 3539 4650 lte,
3579 4590 3867 4653 maledicti,
3914 4594 3965 4647 iu
4018 4595 4197 4664 ignem

2598 4690 2863 4730 aeternum
2909 4674 3125 4746 (Matth.
3179 4679 3326 4745 xxv).
3372 4696 3389 4727 ι
3445 4678 3584 4732 Ecce
3630 4679 3759 4733 hinc
3800 4680 3999 4738 Paulus
4046 4696 4201 4755 optat

2596 4769 2886 4821 anathema
2922 4782 3019 4835 pro
3049 4766 3307 4822 fratribus
3337 4767 3484 4833 fieri;
3518 4783 3645 4824 ecce
3684 4770 3831 4825 illinc
3864 4771 4074 4844 Moyses
4102 4792 4199 4845 po-

2598 4859 2765 4914 stulat
2800 4875 2865 4911 ex
2899 4858 2993 4912 Dei
3036 4858 3171 4914 lib:o
3214 4875 3310 4928 pro
3352 4858 3555 4929 populi,
3590 4875 3751 4929 quem
3783 4863 4038 4931 ducebat,
4068 4869 4199 4923 cha-

2602 4955 2761 5006 ritate
2791 4953 2991 5019 deleri,
3028 4962 3080 5007 et
3120 4954 3232 5007 sola
3279 4952 3521 5007 Romana
3567 4953 3828 5017 Ecclesia,
3862 4972 3982 5026 qum
4026 4960 4201 5029 picta-

2600 5056 2731 5109 teni,
2763 5056 2817 5099 et
2847 5047 3171 5103 charitatem
3204 5056 3314 5099 toto
3338 5055 3608 5100 terrarum
3629 5047 3763 5102 orbe
3782 5049 4111 5121 specialiter,
4145 5062 4200 5109 et

2599 5137 2983 5209 principaliter
3013 5138 3187 5199 ἀοι-γι,
3218 5152 3283 5193 ex
3319 5136 3727 5192 imminentibus
3754 5150 3806 5192 et
3826 5140 3937 5209 jam
3967 5143 4199 5199 vibratis

2600 5232 2839 5300 undique
2868 5232 3062 5301 gladiis
3101 5233 3241 5286 filios
3284 5247 3433 5293 suos,
3468 5248 3601 5299 quos
3643 5234 3886 5301 quotidie
3916 5250 4012 5305 per
4056 5241 4197 5292 sacri

2600 5324 2947 5393 baptismatis
2978 5323 3297 5401 mysterium
3324 5336 3572 5393 generat,
3599 5323 3832 5377 liberare
3860 5341 3968 5379 non
3998 5331 4199 5382 :=u.tet‘.‘

2607 5433 2623 5465 ι
2665 5414 2986 5469 Maledictus
3037 5416 3139 5477 vir,
3184 5416 3260 5467 ait
3308 5415 3457 5478 Saul,
3513 5414 3603 5483 qui
3651 5416 3952 5471 comederit
4002 5433 4196 5487 pauent

2603 5521 2774 5576 usque
2822 5508 2888 5559 ad
2925 5521 3228 5575 vesperam,
3263 5506 3696 5560 donec-ulciscar
3728 5523 3814 5559 me
3858 5507 3926 5561 de
3964 5508 4201 5564 inimicis

2598 5600 2737 5655 meis
2765 5598 2815 5670 (1
2851 5596 2981 5667 Reg.
3016 5596 3151 5668 XIV).
3180 5617 3197 5649 ι
3234 5596 3289 5650 lo
3325 5598 3447 5661 hoc,
3492 5597 3631 5650 sicut
3662 5596 3875 5666 legitur,
3908 5600 4198 5653 anathema

2598 5688 2735 5746 lana
2748 5691 2868 5745 thas
2891 5690 3124 5755 cecidit;
3152 5689 3246 5744 sed
3271 5704 3395 5743 eum
3422 5689 3489 5741 ah
3522 5688 3826 5743 imminenti
3858 5689 4050 5745 mortis
4073 5705 4201 5746 seu.

2600 5785 2789 5853 tentia,
2815 5785 3082 5853 cliuritas,
3109 5800 3210 5855 qua
3236 5798 3333 5854 pro
3356 5782 3552 5855 populo
3575 5791 3797 5839 strenue
3820 5782 4197 5857 dimicarent,
