5392 6588
30 22 4283 161 ῃ

2016 460 2082 514 τε
2436 459 2495 514 S.
2533 457 2734 515 PETRI
2774 457 3051 513 DAMIANI
3088 455 3241 514 OPP.
3282 455 3517 513 TOMUS
3561 456 3691 513 SEU
3730 454 3905 512 PARS
3944 457 4032 513 111.
4070 485 4142 499 -
4178 456 4539 514 OPUSCULA
4571 458 4797 514 VARIA.
5171 465 5229 517 80

2015 576 2280 631 liberavit.
2315 577 2408 631 V‘is
2435 577 2620 630 audire
2648 575 2773 643 quid
2803 575 2963 627 etiam
2996 573 3061 627 de
3090 574 3208 641 ipso
3236 571 3382 637 Jesu,
3417 575 3579 625 totins
3608 579 3651 632 Α
3678 572 3816 638 juris
3847 573 4090 638 amittat;
4125 582 4178 627 et
4225 588 4383 643 quem
4413 584 4636 626 auctore
4683 572 4790 626 Deo
4821 572 4959 628 votis
4995 575 5228 630 omnibus

2016 665 2403 721 benedictionis
2425 675 2665 729 auctore,
2694 664 2832 717 idem
2858 664 3148 733 Apostolus
3172 663 3351 717 dicat?
3377 679 3396 714 ι
3424 663 3573 716 Chri-

2015 766 2148 821 stus,
2202 756 2397 826 inquit,
2450 763 2508 808 ut
2555 768 2653 808 nos
2697 753 2953 808 liberaret
2997 767 3027 806 a
3076 752 3383 807 maledictio
3425 751 3574 819 legis,

2016 845 2191 898 factus
2218 853 2299 898 est
2327 841 2668 896 maledictum
2719 840 2861 910 (Gal.
2891 843 2996 911 in).
3035 862 3054 893 s
3092 840 3147 894 Si
3178 856 3305 909 ergo
3336 840 3448 908 ipse
3476 855 3573 892 au-

2013 944 2131 986 ctor
2173 931 2561 986 benedictionis
2587 941 2825 996 aeterna,
2864 940 2923 985 ut
2969 947 3066 986 nos
3094 947 3123 984 a
3157 929 3369 984 vinculo
3408 930 3573 982 male-

2014 1022 2259 1077 dictionis
2315 1022 2651 1085 absolveret,
2703 1021 3070 1076 maledictioni
3121 1035 3227 1073 non
3285 1029 3369 1073 est
3427 1018 3574 1072 dedi-

1932 1151 1941 1164 .
2012 1119 2204 1178 gnatus
2254 1112 2569 1181 subjacere:
2615 1111 2657 1165 si
2703 1111 2876 1165 sancti
2926 1110 3124 1177 quique
3164 1108 3247 1163 vel
3311 1108 3444 1162 Novi
3490 1107 3572 1161 vel

2004 1198 2223 1253 Veteris
2248 1199 2596 1263 Testamenti,
2623 1199 2747 1253 dum
2773 1198 2853 1253 sui
2875 1198 3063 1266 capitis
3089 1198 3367 1250 imitantur
3387 1212 3572 1250 exem-

2010 1289 2175 1358 plum,
2219 1298 2273 1342 et
2319 1288 2545 1344 inﬁrmis
2582 1288 2867 1342 subvenire
2918 1286 3176 1341 fratribus
3222 1287 3274 1340 in
3324 1285 3574 1355 periculis

2011 1378 2415 1447 concupiscunt,
2445 1386 2499 1431 et
2524 1375 2878 1430 anathematis
2904 1376 3085 1430 subire
3109 1376 3427 1430 sententiam
3457 1374 3574 1427 nul-

2014 1470 2223 1524 latenus
2262 1470 2716 1538 perhorrescunt:
2752 1483 2848 1522 cur
2880 1484 3043 1521 unum
3081 1468 3212 1521 mihi
3244 1467 3432 1521 niteris
3477 1467 3573 1520 im-

1948 1614 1953 1621 ,
2007 1572 2200 1629 putare
2239 1569 2535 1629 peccatum,
2571 1569 2635 1614 et
2684 1560 3004 1613 charitatem
3048 1560 3115 1614 ad
3148 1561 3250 1613 hoc
3298 1558 3573 1612 induxisse

2005 1668 2112 1705 non
2136 1651 2415 1721 perspicis,
2440 1665 2559 1720 quae
2580 1650 2753 1719 operit
2775 1649 3167 1703 multitudinem
3193 1647 3574 1716 peccatorum?

2005 1743 2054 1811 (l
2089 1743 2203 1796 Pet.
2237 1742 2337 1809 tv.)
2377 1740 2655 1807 Quomodo
2696 1748 2874 1793 autem
2904 1753 2988 1793 me
3012 1737 3296 1806 cujuslibet
3337 1736 3571 1789 hominis

1996 1835 2270 1888 sententia
2302 1834 2452 1902 ligat,
2497 1846 2654 1900 quem
2702 1830 2938 1883 charitas
2978 1830 3114 1898 ipsa,
3151 1842 3271 1897 qua
3312 1826 3456 1880 Deus
3487 1835 3571 1879 est

3679 662 4051 730 przestolamur
4085 663 4149 716 ad
4198 663 4471 732 imperiale
4516 662 4807 731 fastigium,
4840 679 4941 716 non
4981 666 5227 734 permitti.

3678 769 3798 807 mus
3824 754 3893 806 ob
3925 753 4157 807 alienam
4202 755 4408 823 culpam
4452 755 4613 823 regia:
4643 755 4917 823 dignitatis
4965 756 5227 812 incurrere

3677 842 4076 895 detrimentum.

3747 927 3850 981 Sed
3883 937 3940 981 ut
3971 938 4138 983 totam
4172 930 4424 985 inaudita:
4453 930 4777 986 calamitatis
4800 943 4996 988 nostra:
5020 948 5226 1003 percur-

3674 1032 3857 1071 ramus
3905 1018 4209 1084 historiam,
4263 1019 4568 1089 Stephanus
4618 1022 4909 1078 cardinalis
4960 1026 5226 1095 presbyter

3674 1105 3981 1173 apostolicae
4023 1107 4183 1170 sedis,
4227 1108 4310 1161 vir
4347 1108 4597 1163 videlicet
4649 1119 4814 1165 tanta
4858 1113 5133 1181 gravitatis
5180 1126 5229 1169 et

3675 1195 3974 1249 honestatis
4003 1196 4178 1250 nitore
4220 1198 4574 1265 conspicuus;
4614 1195 4776 1253 tan'tis
4819 1201 5068 1270 denique,
5100 1203 5226 1257 sicut

3673 1301 3777 1338 non
3831 1286 4122 1341 obscurum
4172 1297 4284 1346 est.
4343 1288 4601 1341 virtutum
4655 1289 4876 1345 ﬂoribus
4924 1292 5224 1361 insignitus.

3672 1390 3793 1429 cum
3861 1376 4198 1444 aspostolicis
4264 1376 4460 1431 litteris
4508 1379 4573 1432 ad
4625 1378 4801 1433 aulam
4863 1382 5064 1451 regiam
5110 1384 5229 1436 niis-

3673 1478 3796 1528 sus,
3847 1463 3915 1517 ab
3961 1463 4148 1518 aulicis
4191 1464 4721 1522 administratoribus
4766 1484 4871 1523 non
4916 1480 4998 1526 est
5036 1474 5227 1526 aduris-

3671 1570 3796 1618 sus;
3846 1554 3940 1610 sed
3998 1573 4093 1626 per
4143 1558 4382 1627 quinque
4429 1559 4539 1614 fere
4586 1562 4721 1625 dies,
4777 1563 4843 1617 ad
4890 1562 4951 1616 Β.
4989 1564 5129 1619 Petri
5179 1578 5231 1619 et

3673 1646 3975 1714 apostolica:
3997 1647 4139 1702 sedis
4163 1647 4433 1715 iniuriam,
4462 1666 4572 1720 pra:
4602 1650 4806 1707 foribus
4831 1656 5022 1708 mansit
5050 1656 5226 1709 exclu-

3672 1755 3782 1794 sus.
3823 1740 3974 1807 Quod
4010 1742 4119 1806 ille,
4149 1752 4333 1811 utpote
4364 1746 4446 1798 vir
4487 1748 4688 1815 gravis,
4719 1759 4773 1802 et
4801 1750 5028 1818 patiens,
5058 1767 5230 1822 aqua-

3674 1830 3890 1884 uimlter
3922 1831 4070 1892 tulit;
4111 1833 4272 1903 legati
4317 1842 4495 1889 tamen
4540 1835 4797 1902 cilicium,
4834 1854 4939 1907 quo
4972 1831 5230 1910 'i'ungeba.

2002 1923 2056 1990 (I
2081 1923 2239 1975 Joau.
2279 1922 2376 1991 tv),
2420 1919 2647 1974 liberat?
2688 1918 2982 1973 Erubescat
3022 1932 3151 1988 ergo
3181 1917 3400 1971 humani
3432 1930 3564 1969 ana-
3600 1906 3641 1962 Β
3673 1926 3777 1980 tur,
3823 1917 4045 1986 implere
4099 1935 4201 1974 non
4252 1923 4447 1990 potuit.
4497 1920 4748 1978 Clausum
4804 1906 5002 1995 itaque,
5060 1906 5232 2000 signa-

2003 2013 2256 2065 thematis
2284 2013 2597 2080 imputator,
2629 2025 2749 2064 cum
2775 2009 2886 2080 64
2909 2024 3005 2077 per
3033 2008 3317 2062 charitatis
3340 2006 3569 2077 gratiam

2002 2118 2213 2156 mecum
2240 2103 2311 2156 sit
2335 2111 2550 2156 arternte
2575 2101 2967 2156 benedictionis
2995 2099 3251 2154 indultor.

2520 2191 2715 2261 Regius
2753 2191 3055 2243 advocatus.

2072 2282 2381 2352 Cuicunque
2448 2282 2500 2335 in
2547 2279 2909 2349 disputatione
2946 2278 3172 2333 certanti
3213 2278 3414 2332 veritas
3457 2280 3568 2347 ipsa

2000 2369 2280 2434 defecerit,
2320 2370 2559 2439 ineptum
2604 2376 2687 2423 est
2733 2368 2910 2425 adhuc
2948 2382 3044 2436 per
3089 2366 3343 2436 ambages
3408 2378 3568 2436 atque

1999 2458 2269 2510 versutias
2324 2455 2670 2525 pertinaciter
2719 2456 2851 2521 niti;
2903 2455 3187 2510 ridiculum
3237 2466 3320 2509 est
3365 2456 3569 2510 diutius

2000 2549 2183 2602 verbis
2209 2549 2589 2617 prolixioribus
2618 2547 2896 2601 immorari
2928 2565 2940 2599 :
2970 2549 3034 2601 de
3061 2546 3272 2601 vinculo
3300 2548 3567 2615 siquidem

2004 2640 2382 2703 anathematis,
2432 2653 2537 2706 quo
2579 2647 2630 2692 te
2676 2638 2938 2692 hactenus
2979 2636 3284 2690 arbitrabar
3321 2638 3565 2706 astringi,

2004 2732 2077 2784 ita
2112 2740 2165 2785 te
2207 2731 2414 2783 naviter
2442 2728 2729 2797 expedisti,
2773 2737 2832 2782 ut
2862 2727 2994 2781 nihil
3025 2728 3089 2782 de
3115 2736 3313 2782 caetero
3341 2728 3438 2782 tibi
3470 2744 3565 2781 va-

2001 2820 2107 2874 leat
2133 2820 2315 2889 objici,
2348 2819 2420 2872 nil
2444 2833 2606 2888 super
2635 2819 2738 2873 hoc
2766 2818 2998 2887 capitulo
3031 2817 3423 2873 rationabiliter
3444 2834 3569 2885 pos-

1999 2913 2069 2966 sit
2097 2911 2313 2982 opponi.
2344 2910 2719 2964 Verumtamen
2743 2910 2917 2963 adhuc
2940 2910 3068 2963 mihi
3098 2910 3251 2964 video
3281 2909 3562 2962 materiam

2001 3015 2304 3069 superesse,
2351 3015 2509 3069 quam
2545 2999 2638 3051 tibi
2682 2998 2886 3052 valeam
2931 3014 3036 3052 non
3083 2998 3198 3053 sine
3227 3014 3386 3053 causa
3424 2998 3567 3052 relu-

2000 3100 2178 3145 ctator
2203 3088 2460 3157 obiicere.
2504 3089 2711 3153 Dicitis,
2743 3091 2869 3158 quia
2910 3090 3230 3143 necessitate
3261 3092 3561 3155 constricti,

1994 3190 2054 3233 et
2104 3180 2244 3234 velut
2292 3180 2504 3248 angusti
2551 3180 2807 3248 temporis
2855 3179 3004 3233 brevi
3055 3181 3230 3249 spatio
3279 3183 3563 3246 coarctati,

2000 3284 2339 3337 nequaquam
2373 3246 2623 3336 potuistis
2663 3246 2722 3320 in
2762 3266 3024 3321 electione
3064 3246 3334 3336 pontiﬁcis
3375 3284 3567 3337 exspe-
3593 3246 3635 3304 (λ

1998 3371 2147 3417 ctare
2193 3374 2515 3414 consensum
2561 3358 2719 3428 regiae
2763 3359 3081 3426 majestatis,
3131 3361 3273 3428 quod
3323 3360 3564 3430 profecto

1997 3450 2244 3503 frivolum
2270 3462 2388 3502 esse
2409 3448 2748 3516 perspicuum
2772 3457 2873 3501 est.
2898 3446 3125 3502 Constat
3146 3450 3291 3503 enim
3319 3458 3426 3503 tres
3450 3450 3566 3519 plus

2002 3542 2179 3595 minus
2243 3554 2459 3594 menses
2503 3539 2719 3592 interim
2756 3540 3059 3594 decurrisse
3110 3555 3175 3594 ex
3221 3555 3329 3608 quo
3371 3553 3566 3594 sancta.-

2000 3633 2270 3686 memoriaa
2290 3647 2426 3701 papa
2453 3630 2704 3684 Nicolaus
2723 3630 2992 3694 occubuit,
3013 3646 3182 3699 usque
3210 3631 3276 3685 ad
3301 3631 3565 3686 Kalendas

1996 3719 2247 3776 Octobris
2276 3733 2396 3779 cum
2443 3718 2542 3770 iste
2580 3717 2857 3771 successit.
2906 3717 3196 3772 Videamus
3228 3733 3357 3789 ergo
3397 3721 3440 3772 si
3472 3736 3566 3788 per

2002 3820 2110 3862 tam
2163 3820 2431 3860 morosam
2492 3805 2914 3874 longitudinem,
2969 3807 3259 3860 trimestris
3323 3808 3567 3861 videlicet

1999 3899 2191 3968 spatii,
2224 3912 2326 3949 non
2354 3897 2589 3965 potuerit
2619 3895 2686 3948 ab
2727 3895 2844 3948 aula
2883 3898 3030 3967 regia
3061 3898 3406 3966 pragmaticte
3437 3913 3562 3951 san-

1998 3990 2192 4044 ctionis
2215 3988 2368 4042 vobis
2395 3986 2596 4053 apoeha
2630 3985 2915 4053 reportari.

2352 4074 2609 4142 Defensor
2645 4072 2896 4128 Romam:
2945 4070 3212 4129 Ecclesia.

2070 4168 2209 4221 Ecce
2241 4164 2516 4234 chellis
2565 4178 2650 4217 me
2693 4161 2908 4232 vulgato
2960 4178 3208 4219 sermone
3251 4166 3565 4235 depromere

1993 4257 2140 4325 quod
2170 4257 2238 4310 ob
2270 4253 2563 4322 imperialis
2603 4252 2789 4322 palatii
2837 4255 3194 4309 reverentiam
3223 4257 3563 4312 decreveram

1999 4347 2213 4402 silentio
2238 4345 2545 4415 praeterire;
2581 4345 2672 4397 sed
2694 4342 2847 4410 juxta
2880 4355 3071 4399 vestrm
3099 4346 3306 4401 scilicet
3334 4348 3566 4401 exactio-

2002 4437 2088 4490 nis
2134 4434 2479 4496 instantiam,
2522 4431 2634 4499 jam
2683 4433 2990 4503 proferatur
3043 4435 3099 4489 in
3142 4437 3377 4490 medium
3430 4453 3564 4506 opus

2003 4526 2279 4596 egregium
2337 4531 2611 4586 vestrum,
2671 4523 2881 4578 saculis
2930 4526 3177 4578 omnibus
3240 4527 3560 4581 inauditum.

2004 4616 2260 4670 Rectores
2289 4615 2430 4668 enim
2474 4613 2609 4666 aula:
2638 4614 2798 4679 regim
2824 4629 2945 4667 eum
2989 4616 3257 4670 nonnullis
3288 4617 3561 4671 Teutonici

2005 4706 2152 4774 regni
2198 4704 2421 4767 sanctis,
2453 4711 2512 4756 ut
2546 4704 2615 4755 ita
2653 4702 2865 4771 loquar,
2897 4706 3165 4773 episcopis
3193 4710 3566 4774 conspirantes

2004 4806 2190 4849 contra
2236 4795 2531 4847 Romanam
2562 4793 2881 4854 Ecclesiam,
2924 4796 3207 4848 concilium
3251 4795 3562 4863 eollegistis,

2003 4904 2109 4957 quo
2151 4900 2339 4955 papam
2386 4884 2541 4952 quasi
2594 4899 2689 4952 per
2734 4884 3044 4954 synodalem
3085 4887 3408 4938 sententiam
3441 4902 3567 4939 con-

2001 4976 2315 5039 demnastis,
2365 4984 2420 5027 et
2465 4975 2665 5035 omnia,
2709 4990 2827 5042 quae
2865 4976 2931 5030 ab
2974 4991 3037 5029 eo
3077 4974 3291 5030 fuerant
3342 4984 3563 5040 statuta,

2003 5081 2221 5121 cassarc
2258 5064 2552 5118 incredibili
2588 5080 2809 5133 prorsus
2851 5066 3072 5118 audacia
3106 5066 3562 5134 prresumpsistis:

2008 5159 2058 5210 iu
2089 5170 2195 5224 quo
2227 5154 2479 5206 nimirum
2512 5169 2615 5207 non
2653 5155 2826 5207 dicam
2851 5154 3074 5222 judicio,
3109 5158 3200 5209 sed
3234 5156 3565 5225 prmjudicio,

2007 5246 2234 5314 idipsum
2283 5257 2497 5310 quoque
2546 5244 2906 5312 privilegium,
2946 5246 3087 5313 quod
3135 5247 3245 5316 regi
3280 5249 3569 5317 praedictus

2006 5348 2136 5401 papa
2187 5331 2513 5395 contulerat,
2554 5332 2596 5384 si
2650 5332 2829 5386 dicere
2877 5333 3053 5397 liceat,
3095 5338 3385 5391 vacuastis.
3434 5337 3566 5390 Nam

2006 5423 2151 5484 dum,
2181 5421 2440 5489 quidquid
2492 5420 2578 5473 ille
2617 5422 2912 5480 constituit,
2953 5433 3127 5477 vestra
3162 5426 3426 5479 senti-stin
3473 5427 3567 5480 de-

2005 5522 2276 5572 cernente,
2320 5508 2642 5569 destruitur;
2689 5521 3073 5579 consequenter
3116 5516 3276 5567 etiam
3322 5516 3392 5579 id,
3423 5519 3561 5585 quod

2006 5601 2070 5652 ab
2099 5614 2164 5652 eo
2204 5598 2312 5667 regi
2356 5600 2649 5667 praestitum
2682 5598 2879 5665 fuerat,
2918 5601 3178 5656 aboletur.
3215 5604 3319 5659 Sed
3359 5608 3496 5659 abs}:
3535 5626 3562 5660 a

2008 5687 2192 5749 nobis,
2241 5695 2300 5738 ut
2348 5695 2563 5753 propter
2612 5687 2895 5755 cujuslibet
2948 5690 3181 5745 hominis
3226 5694 3562 5748 insolentiam

2011 5792 2121 5839 rex,
2170 5777 2259 5844 q’ui
2296 5777 2549 5830 innocens
2588 5788 2720 5842 erat,
2756 5789 3012 5847 quantum
3058 5783 3121 5834 ad
3167 5798 3284 5849 nos,
3333 5801 3444 5838 rent
3484 5788 3564 5839 sui

3669 2013 3885 2074 tumque
3919 2005 4027 2076 65
4058 2010 4370 2076 mysterium
4395 2010 4629 2073 concilii,
4668 2011 4819 2081 cujus
4846 2024 4961 2071 erat
4992 2019 5229 2085 gerulus,

3669 2095 3870 2159 retulit,
3915 2096 4040 2164 quia
4109 2096 4249 2167 regis
4309 2113 4431 2152 eum
4483 2103 4796 2167 prmseutari
4857 2107 5231 2173 conspectibus

3668 2187 3948 2240 curialium
3978 2188 4253 2256 plectenda
4283 2190 4559 2245 temeritas
4584 2207 4688 2245 non
4714 2194 4978 2260 permisit.
5016 2194 5073 2249 in
5125 2213 5229 2265 qua

3668 2275 3922 2328 nimirum
3976 2277 4261 2344 inopinata
4310 2281 4743 2348 praesumptionis
4792 2285 5015 2338 audacia
5081 2295 5226 2341 tanta

3666 2365 3969 2434 disputandi
4006 2368 4278 2422 videretur
4326 2370 4502 2424 inesse
4550 2372 4795 2434 materia,
4830 2383 4888 2426 ut
4936 2384 4990 2428 et
5043 2374 5233 2430 Demo-

3667 2453 3873 2506 sthenis
3935 2453 4293 2522 eloquentiam
4352 2457 4557 2521 vincat,
4611 2468 4666 2512 et
4715 2461 4924 2529 copiam
4977 2462 5233 2519 Tulliana:

3668 2540 3939 2597 facultatis
3965 2544 4208 2597 excedat.
4240 2543 4392 2599 Unde
4437 2546 4480 2600 si
4547 2548 4802 2604 vellemus
4843 2550 5088 2618 injuriam
5140 2571 5231 2607 no-

3668 2640 3835 2684 stram
3860 2631 4157 2686 districtius
4183 2635 4449 2702 persequi,
4471 2636 4593 2704 jure
4615 2652 4891 2705 possemus
4917 2642 5232 2708 obtendere,

3668 2723 3793 2791 quia
3828 2738 3923 2777 vos
3956 2722 4209 2777 Romana:
4254 2724 4537 2789 Ecclesizc,
4571 2730 4921 2797 vosmetipsos
4953 2732 5064 2799 ipso
5093 2733 5233 2787 douo

3669 2814 3937 2882 prii-astis.
3968 2814 4056 2883 qui
4096 2814 4299 2868 scilicet
4324 2815 4372 2869 ei
4399 2815 4690 2884 przejudicii
4728 2821 4886 2872 vestri
4915 2823 5080 2889 gratis
5106 2839 5232 2877 con—

3669 2905 3939 2959 tumeliam
3968 2906 4239 2959 intulistis.
4269 2906 4360 2960 llle
4389 2907 4587 2977 quippe
4630 2908 4805 2963 foedus
4838 2913 5088 2966 amicitiae
5119 2917 5233 2968 vio-

3669 2997 3762 3060 lat,
3792 2999 3880 3065 qui
3932 3000 4101 3067 gratis
4151 3000 4379 3054 amicum
4430 3016 4526 3069 per
4571 3000 4882 3057 oil‘ensionis
4934 3005 5230 3060 molestiam

3667 3084 3861 3154 pulsat.
3894 3088 4026 3140 Nam
4059 3096 4112 3141 et
4142 3086 4398 3141 Dominus
4426 3086 4625 3142 Judzris
4656 3106 4750 3158 per
4786 3090 5068 3147 Jeremiam
5099 3098 5175 3147 ait
5217 3115 5231 3148 :

3674 3196 3689 3225 ‹
3727 3177 3858 3229 Ecce
3885 3176 4072 3231 feriam
4102 3178 4280 3231 domui
4309 3177 4492 3242 Israel,
4542 3189 4595 3232 et
4636 3181 4816 3235 domui
4870 3182 4999 3237 Jnda
5056 3184 5236 3241 {malus

3668 3283 3885 3331 novum,
3939 3283 4041 3321 non
4093 3268 4387 3322 secundum
4434 3278 4647 3336 pactum
4702 3273 4842 3339 quod
4892 3275 5061 3343 pepigi
5113 3292 5237 3331 cum

3669 3358 3908 3426 patribus
3937 3372 4145 3420 eorum,
4168 3369 4384 3426 pactum
4412 3360 4553 3428 quod
4581 3360 4789 3414 irritum
4822 3361 5064 3417 fecerunt
5096 3365 5237 3432 (Jer.

3670 3447 3839 3513 xxxi).
3875 3465 3890 3496 ι
3926 3447 4014 3499 llle
4036 3462 4169 3515 ergo
4198 3448 4406 3500 irritum
4433 3447 4866 3504 redditbeneiicii
4894 3463 5124 3518 pactum,
5146 3456 5236 3522 qui

3669 3548 3817 3614 prior
3870 3546 4032 3599 violat
4084 3544 4336 3598 amicitia:
4384 3555 4798 3598 sacramentum.
4861 3547 5239 3601 Verumtamen

3668 3636 3906 3688 Romana
3947 3633 4185 3686 Ecclesia
4229 3648 4335 3686 non
4381 3632 4492 3685 vult
4545 3648 4835 3700 exagerare
4884 3635 5023 3702 quod
5056 3646 5242 3703 pert-.i-

3671 3725 3759 3787 lit;
3805 3725 3895 3777 sed
3929 3738 4275 3791 perseverare
4320 3723 4468 3790 cupit
4523 3724 4574 3776 in
4627 3737 4845 3776 munere
4897 3725 5038 3792 quod
5089 3727 5244 3795 regio

3668 3815 3885 3867 culmini
3914 3812 4213 3867 liberaliter
4242 3815 4582 3882 przerogavit.

4190 3922 4377 3992 Regius
4413 3925 4713 3977 advocatus.

3737 4014 3889 4080 Quod
3919 4014 4140 4068 domino
4178 4024 4366 4067 nostro
4400 4015 4509 4082 regi
4549 4026 4857 4071 reverenter
4881 4020 5107 4075 ascribis
5162 4025 5242 4075 in-

3669 4108 3994 4171 nocentiam,
4025 4107 4182 4175 digne
4219 4106 4354 4160 facis
4384 4123 4396 4158 :
4426 4109 4568 4176 quod
4618 4118 4794 4163 autem
4842 4112 5244 4168 administrato-

3667 4198 3817 4251 ribus
3873 4197 4008 4249 aulae
4062 4198 4287 4264 publica:
4318 4198 4553 4252 devolvis
4579 4214 4610 4252 e
4637 4199 4849 4253 diverso
4885 4201 5238 4265 calumniam,

3667 4288 3877 4341 videtur
3903 4287 4176 4355 injustum.
4206 4286 4471 4356 Quidquid
4504 4288 4646 4341 enim
4675 4288 4817 4344 circa
4847 4305 4939 4343 vos
4969 4291 5022 4343 in
5052 4292 5229 4359 hujus-

3669 4380 3809 4434 modi
3841 4382 4054 4434 casibus
4094 4389 4271 4433 actum
4309 4390 4412 4442 est,
4451 4382 4516 4435 ad
4548 4381 4650 4436 hoc
4693 4397 4793 4436 nos
4844 4386 5000 4452 regia
5047 4388 5244 4440 matris

3666 4469 3874 4537 impulit
3896 4469 4171 4537 imperiale
4201 4479 4550 4536 praeceptum,
4579 4484 4681 4523 non
4705 4472 4932 4540 propriae
4960 4472 5241 4529 libertatis

3598 4586 3643 4643 Β
3670 4560 3972 4611 arbitrium.

4023 4647 4273 4716 Defensor
4327 4646 4573 4701 Romam:
4617 4640 4878 4703 Ecclesia.

3742 4738 3802 4791 Et
3844 4753 3942 4806 ego
3985 4738 4075 4790 tibi
4108 4738 4398 4791 secundum
4425 4739 4601 4790 cordis
4632 4740 4704 4791 tui
4736 4741 4983 4793 duritiam
5012 4758 5244 4811 respou-

3670 4830 3804 4881 delo
3838 4844 3851 4880 :
3887 4829 4005 4880 dico
4034 4827 4172 4879 enim
4202 4827 4324 4895 quia
4384 4827 4474 4879 Dei
4526 4829 4908 4895 omnipotentis
4961 4833 5243 4901 obtempe-

3672 4934 3790 4971 rare
3826 4918 4164 4971 sermonibus
4186 4917 4471 4984 aliquando
4501 4928 4775 4985 peccatum
4798 4930 4897 4972 est.

4192 5027 4380 5096 Regius
4426 5028 4723 5081 advocatus.

3742 5120 3819 5171 Ad
3850 5119 3972 5179 hoc,
3997 5117 4135 5185 quod
4162 5118 4381 5179 asseris,
4417 5132 4568 5169 mens
4613 5118 4842 5170 humana
4899 5123 5235 5181 concutitur,

3668 5219 3722 5263 et
3761 5210 4078 5264 Christianae
4117 5208 4331 5277 pietatis
4375 5208 4516 5261 ferre
4548 5224 4653 5260 non
4691 5209 5086 5265 valttaudiius.

4024 5318 4273 5386 Defensor
4318 5318 4567 5371 Romamn
4616 5318 4875 5372 Ecclesite.

3743 5427 3874 5493 Quia
3900 5427 4001 5482 hoc
4047 5434 4325 5495 tantopere
4375 5426 4607 5490 miraris,
4657 5427 4782 5480 illud
4837 5428 4993 5479 etiam
5039 5443 5241 5482 conse—

3673 5530 3895 5586 quenter
3918 5517 4128 5585 adjicio.
4158 5520 4280 5586 quia
4313 5530 4530 5586 propter
4554 5521 4670 5575 hoc.
4702 5520 4839 5586 quod
4864 5517 4973 5570 Deo
5008 5519 5232 5584 quidam

3676 5619 3948 5678 promptus
3971 5608 4222 5670 obedivit,
4254 5609 4490 5662 funditus
4511 5610 4664 5678 periit
4699 5628 4710 5660 :
4744 5607 4876 5663 alius
4906 5609 4974 5662 ob
5006 5609 5085 5674 id,
5109 5610 5235 5674 qui)

3676 5698 4047 5767 obtemperare
4073 5699 4413 5767 contempsit,
4440 5701 4503 5754 ad
4534 5700 4796 5753 cumulum
4826 5700 5007 5768 gratim
5030 5699 5241 5768 pleuio~

3682 5789 3755 5839 ris
3782 5788 4038 5843 ascendit.
