5392 6512
873 392 931 451 8i
1796 394 2043 453 OPUSC.
2084 392 2174 451 IV.
2214 423 2287 435 —
2324 392 2779 453 DlSCEPTATIO
2817 396 3228 455 SYNODALIS.
4096 396 4179 455 82

1372 513 1563 585 Regius
1591 514 1895 567 advocatus.

943 603 1266 663 incredibile
1290 615 1375 662 est
1401 604 1759 674 valde,quod
1785 606 1921 660 dicis
1958 624 1972 661 :
2013 612 2386 660 verumtamen
2418 604 2464 659 si

880 696 1020 751 mles
1040 698 1307 767 exemplis
1348 698 1651 767 approbare
1707 699 1852 768 quod
1895 698 2155 769 loqueris,
2205 698 2294 753 dic
2344 696 2467 768 quis

872 800 1108 856 unquam
1139 788 1251 843 Deo
1286 788 1544 851 obedivit,
1579 802 1644 842 ac
1670 798 1957 859 propterea
1985 788 2183 858 periit?

1227 876 1485 944 Defensor
1532 876 1783 933 Romana:
1834 877 2107 934 Ecclesiae.

940 966 1060 1024 Non
1087 976 1137 1022 te
1162 967 1312 1032 latet,
1336 969 1462 1037 quia
1493 967 1647 1024 Juda:
1668 969 1914 1024 lscarioti
1939 1010 1954 1033 ,
1981 970 2073 1039 qui
2095 970 2210 1039 jam
2240 979 2466 1039 accepto

875 1060 1095 1116 consilio
1148 1072 1275 1113 eum
1332 1059 1635 1115 traditurus
1679 1071 1817 1126 erat,
1864 1061 1977 1132 66
2020 1059 2279 1114 Dominus
2324 1059 2399 1113 ait
2446 1072 2462 1113 :

880 1172 898 1207 ι
933 1152 1085 1223 Quod
1134 1152 1292 1218 facis,
1339 1154 1425 1211 fac
1450 1156 1612 1211 citius
1648 1156 1837 1229 (Joan.
1874 1156 2018 1227 xm).
2056 1176 2075 1208 ι
2110 1155 2464 1211 Postmodum

872 1258 1103 1315 quoque,
1135 1259 1260 1301 cum
1290 1246 1357 1301 ad
1380 1246 1497 1317 ejus
1522 1246 1768 1302 osculum
1798 1246 2062 1303 accedere
2090 1245 2465 1316 prtesumpsis-

870 1345 971 1402 set,
996 1335 1233 1405 adjecit:
1270 1357 1290 1391 ‹
1319 1338 1530 1403 Amice,
1545 1339 1613 1394 ad
1634 1339 1764 1410 quid
1791 1339 2020 1394 venisti?
2057 1359 2077 1392 ι
2117 1339 2459 1405 subauditur,

866 1426 1086 1497 perﬁce.
1118 1428 1224 1484 Sed
1255 1429 1380 1499 quia
1426 1429 1593 1484 miser
1642 1430 1729 1486 his
1776 1429 2123 1486 sermonibus
2169 1429 2464 1485 eliicaciter

865 1517 1130 1584 obedivit,
1164 1519 1597 1574 irrevocabiliter
1622 1520 1803 1591 periit.

1400 1611 1597 1683 Regius
1626 1614 1933 1668 advocatus.

935 1699 1106 1768 llujus
1142 1703 1531 1773 propositionis
1559 1706 1770 1761 ratione
1806 1706 2015 1762 reddita
2040 1752 2054 1773 ,
2115 1706 2281 1764 redde
2330 1724 2463 1763 con.

862 1800 1157 1861 sequenter
1183 1792 1440 1859 alterius,
1493 1795 1618 1866 quis
1660 1796 1870 1851 scilicet
1924 1796 2019 1853 Dei
2068 1798 2459 1867 omnipotentis

2492 514 2541 572 Α
2569 526 2671 568 suo
2702 528 2808 568 non
2839 513 3103 584 pepercit,
3131 511 3228 569 sed
3282 526 3382 583 pro
3434 512 3590 569 nobis
3642 511 3896 569 omnibus
3948 511 4175 568 tradidit

2569 602 2717 658 illum
2772 603 2953 675 (Rom.
2984 602 3127 677 vui).
3170 623 3189 657 ι
3243 603 3342 659 Cui
3373 613 3429 660 et
3461 602 3721 661 Salomon
3758 603 3837 659 ait
3890 622 3905 659 :
3966 624 3984 655 ι
4030 604 4169 659 Cum

2566 697 2643 750 sis
2664 693 2868 764 justus,
2900 704 2956 752 et
3002 697 3187 752 omnia
3225 695 3375 766 juste
3406 697 3687 769 disponas,
3718 697 3895 768 ipsum
3930 711 4169 768 quoque,

2567 790 2660 861 qui
2700 805 2809 845 non
2861 789 3023 845 debet
3054 788 3256 860 puniri,
3289 789 3624 846 condemnas
3653 788 3806 863 (Sap.
3839 789 3925 862 ιι).
3958 808 3977 841 ι
4012 789 4171 857 Quod

2566 889 2748 938 autem
2776 880 3032 938 seFilius
3073 881 3357 937 tradiderit
3411 880 3554 937 idem
3614 882 3749 938 dicit
3796 880 4093 953 Apostolus
4152 899 4167 935 :

2573 990 2592 1023 ι
2631 971 2733 1039 Qui
2764 987 2853 1028 me
2884 972 3093 1038 dilexit,
3140 982 3196 1027 et
3252 972 3477 1027 tradidit
3529 971 3767 1043 seipsUm
3811 988 3913 1044 pro
3965 987 4073 1028 me.
4144 991 4164 1025 ι

2566 1062 2720 1129 Quod
2750 1072 2934 1118 autem
2964 1071 3021 1119 et
3064 1061 3303 1134 Spiritus
3349 1074 3574 1121 sanctus
3631 1063 3918 1120 tradiderit
3968 1064 4170 1121 Filium

2565 1151 2848 1224 Sapientia
2879 1153 3153 1223 perhibet,
3192 1153 3425 1210 dicens:
3482 1172 3502 1205 ι
3560 1153 3835 1225 Benignus
3889 1161 3976 1209 est
4018 1153 4170 1209 enim

2566 1247 2806 1318 Spiritus
2844 1248 3146 1318 sapientiae,
3169 1257 3227 1304 et
3280 1262 3388 1303 non
3436 1246 3692 1305 liberabit
3730 1246 4082 1303 maledictum
4137 1262 4168 1301 a

2564 1339 2723 1395 labiis
2751 1339 2867 1395 suis
2908 1337 3062 1411 (Sep.
3087 1339 3151 1411 ι).
3186 1358 3206 1392 ι
3246 1339 3519 1409 Maledicti
3570 1340 3713 1413 apud
3764 1349 3977 1395 veteres
4020 1337 4173 1394 dice-

2563 1431 2763 1487 bantur
2819 1447 3013 1488 omnes
3070 1434 3163 1502 qui
3218 1434 3530 1503 pendebant
3584 1434 3638 1489 in
3689 1432 3857 1505 ligno.
3916 1431 4172 1488 Christus

2564 1532 2773 1585 autem.
2800 1532 2859 1578 ut
2889 1523 3183 1593 Apostolus
3216 1523 3372 1591 dicit,
3399 1531 3462 1579 ut
3487 1540 3587 1580 nos
3614 1524 3875 1580 liberaret
3920 1538 3951 1577 a
3998 1521 4171 1577 male—

2562 1612 2730 1677 dicto,
2759 1611 2936 1667 factus
2957 1620 3043 1669 est
3070 1611 3421 1668 maledictum
3451 1610 3596 1682 (Gal.
3631 1610 3738 1683 ιιι).
3769 1610 4009 1681 Spiritus
4035 1624 4171 1665 vero

2561 1710 2786 1758 sanctus
2814 1717 2922 1757 non
2954 1702 3212 1758 liberavit
3233 1702 3582 1758 maledictum
3612 1718 3643 1757 a
3677 1701 3837 1758 labiis
3867 1701 4005 1765 suis,
4034 1701 4165 1771 quia

2563 1810 2685 1866 quae
2712 1810 2812 1865 per
2836 1810 2931 1850 ora
2962 1786 3351 1866 prophetarum
3378 1794 3445 1851 de
3473 1793 3680 1851 Christi
3710 1792 3967 1864 passione
4015 1792 4168 1846 locu-

859 1884 1224 1939 obedientiam
1246 1888 1539 1957 sprevit,et
1563 1897 1788 1959 propter
1814 1891 1918 1945 hoc
1935 1890 2312 1961 copiosiorem
2338 1907 2460 1962 επιει-
2492 1867 2533 1927 Β
2564 1893 2652 1940 tus
2677 1896 2786 1947 est.
2820 1899 2928 1941 non
2962 1885 3271 1955 prohibuit;
3305 1885 3400 1941 sed
3426 1900 3592 1955 super
3626 1900 3751 1941 eum
3780 1884 3902 1940 sine
3930 1882 4167 1938 diminu-

865 1973 997 2028 tiam
1027 1976 1259 2031 meruit?

1221 2067 1479 2135 Defensor
1525 2068 1783 2124 Romana:
1826 2070 2101 2126 Ecclesiaz.

932 2155 991 2212 Si
1032 2158 1210 2229 placet
1240 2160 1341 2213 hoc
1366 2159 1415 2211 in
1447 2160 1767 2214 memoriam
1786 2174 1983 2217 revoca
2029 2162 2173 2232 quod
2193 2161 2459 2221 Dominus

856 2248 928 2301 ad
954 2244 1244 2301 Jeremiam
1277 2248 1411 2301 dixit
1453 2266 1465 2301 :
1505 2266 1523 2300 ‹
1560 2247 1709 2304 Vade
1753 2251 1820 2305 ad
1862 2251 2083 2307 domum
2130 2252 2450 2309 Rechahita-

862 2350 1010 2400 rum,
1035 2346 1089 2390 et
1121 2335 1343 2405 loquere
1370 2338 1471 2399 eis,
1495 2347 1552 2393 et
1581 2338 1898 2395 introduces
1926 2342 1977 2396 in
2002 2343 2219 2397 domum
2245 2344 2456 2399 Domini

860 2424 916 2479 in
946 2440 1108 2478 unam
1134 2425 1391 2480 exedram
1427 2427 1832 2495 thesaurorum,
1862 2438 1918 2484 et
1956 2430 2113 2485 dabis
2155 2431 2237 2487 eis
2268 2430 2458 2487 bibere

860 2517 1046 2571 vinum
1086 2518 1222 2588 (Jer.
1256 2522 1445 2589 xxxv).
1485 2541 1503 2575 ι
1538 2522 1608 2576 Ει
1635 2524 1797 2594 paulo
1849 2533 1972 2593 post
2018 2526 2281 2595 propheta
2331 2526 2458 2582 sub-

858 2606 1033 2677 jungit
1077 2627 1090 2662 :
1135 2628 1153 2660 ι
1190 2610 1258 2664 Et
1279 2613 1432 2680 posui
1466 2629 1650 2668 coram
1683 2614 1809 2670 ﬁliis
1849 2615 2275 2672 Recliabitarnm
2329 2634 2457 2688 scy-

858 2696 995 2764 phos
1032 2696 1219 2765 plenos
1249 2701 1397 2763 vino,
1428 2710 1484 2756 et
1514 2703 1736 2766 calices.
1765 2715 1821 2759 et
1850 2706 1957 2760 dixi
1996 2706 2063 2760 ad
2093 2721 2189 2761 eos
2222 2722 2238 2761 :
2280 2707 2455 2764 Bibite

856 2788 1077 2852 vinum;
1110 2793 1201 2860 qui
1229 2795 1664 2863 responderunt:
1692 2797 1806 2852 Non
1831 2798 2079 2854 bibemus
2100 2801 2311 2865 vinum,
2327 2802 2455 2870 quia

854 2877 1102 2934 Jonadab
1129 2892 1282 2950 pater
1306 2894 1491 2939 noster
1520 2890 1774 2957 praecepit
1802 2890 1977 2953 nobis,
2026 2891 2214 2947 dicens
2266 2910 2281 2948 :
2330 2891 2451 2947 Non

856 2969 1056 3027 bibetis
1094 2973 1278 3028 vinum
1309 2985 1495 3031 vos.et
1525 2977 1621 3031 ﬁlii
1660 2980 1825 3033 vestri
1862 2995 2034 3049 usque
2064 2982 2117 3035 iu
2167 2982 2455 3053 sempiter-

857 3078 1009 3118 num.
1048 3084 1065 3117 ι
1105 3064 1259 3121 Unde
1287 3069 1627 3135 postmodum
1660 3068 1926 3127 Ieremias
1954 3072 2031 3125 ait
2071 3074 2150 3127 eis
2194 3091 2207 3126 :
2261 3090 2281 3124 ι
2327 3072 2454 3127 Haac

856 3155 992 3209 dicit
1018 3156 1278 3211 Dominus
1303 3158 1443 3213 Deus
1469 3161 1809 3217 exercituum
1838 3175 1853 3215 :
1880 3160 1994 3217 Non
2026 3164 2243 3219 deﬁciet
2273 3165 2359 3220 vir
2386 3165 2453 3221 de

850 3245 1027 3314 stirpe
1055 3244 1302 3300 Jonadab
1326 3246 1421 3300 ﬁlii
1460 3248 1703 3313 Rechab,
1738 3260 1890 3304 stans
1918 3252 1970 3305 in
1999 3260 2295 3323 conspectu
2330 3270 2453 3310 meo

851 3336 1069 3389 cunctis
1098 3336 1305 3391 diebus.
1344 3357 1362 3389 ι
1395 3339 1533 3393 Ecce
1560 3340 1648 3395 ille
1675 3342 1816 3397 male
1837 3341 2453 3415 obediens,pert'unctus

849 3427 1177 3483 obedientia:
1209 3446 1435 3486 munere
1465 3434 1709 3489 cucurrit
1729 3436 1793 3489 ad
1826 3434 2076 3505 laqueum
2105 3451 2120 3490 :
2154 3436 2242 3491 isti
2278 3436 2452 3493 felici-

852 3527 943 3572 ter
974 3519 1369 3585 inobedientes,
1397 3524 1717 3593 p’erpetuum
1747 3525 2064 3581 Conditoris
2089 3527 2171 3581 sui
2200 3542 2452 3583 meruere

848 3621 1227 3679 censpectnm.
1262 3612 1376 3669 lloc
1398 3616 1562 3669 etiam
1592 3617 1658 3671 ad
1696 3617 1800 3672 hoc
1837 3618 2003 3683 valet,
2029 3620 2173 3689 quod
2201 3620 2451 3689 superius

852 3699 1059 3755 dictum
1087 3713 1187 3765 est,
1214 3704 1339 3772 quia
1367 3722 1488 3761 cum
1520 3723 1711 3778 papam
1744 3709 1861 3764 sine
1889 3725 2155 3766 consensu
2188 3714 2331 3783 regis
2356 3713 2452 3767 eli.

851 3792 1055 3862 simus,
1078 3811 1181 3849 non
1212 3805 1434 3864 praesto,
1459 3800 1601 3867 quod
1624 3801 1969 3856 extrinsecus
1992 3812 2170 3857 actum
2201 3812 2283 3857 est
2312 3802 2450 3871 diju-

852 3882 1067 3949 dicare,
1096 3887 1189 3940 sed
1236 3889 1414 3957 potius
1440 3904 1548 3958 quo
1578 3890 1761 3943 animo
1782 3932 1797 3952 ,
1828 3900 1882 3945 et
1912 3906 2017 3960 qua
2048 3892 2347 3948 intentione
2378 3895 2450 3949 sit

851 3972 1086 4043 factum,
1120 3978 1389 4035 deberetis
1414 3981 1702 4051 diligenter
1740 3984 2043 4039 attendere.

1389 4069 1579 4140 Regius
1602 4073 1909 4129 advocatus.

930 4154 1054 4212 llaec
1084 4172 1399 4230 argumenta
1450 4164 1606 4219 nobis
1657 4167 1955 4221 domestica
2010 4178 2155 4230 sunt.
2199 4179 2253 4224 et
2302 4186 2443 4225 nun-

849 4263 1021 4318 quam
1053 4250 1334 4318 deﬁcinnt,
1363 4254 1487 4323 quia
1516 4255 1582 4309 de
1632 4258 2024 4327 promptuariis
2052 4259 2404 4329 proferuntur
2430 4279 2442 4326 ;

851 4352 1080 4409 semper
1104 4343 1247 4396 enim
1282 4360 1566 4413 possumus
1597 4348 1649 4402 in
1701 4348 1852 4417 pravi
1903 4351 2085 4420 operis
2110 4352 2445 4407 exhibitione

850 4430 1191 4502 delinquere,
1211 4446 1264 4489 et
1296 4439 1420 4504 quia
1445 4440 1654 4494 occulta
1676 4450 1761 4497 est
1786 4442 1852 4496 ad
1878 4459 2028 4513 purae
2056 4444 2253 4500 mentis
2280 4446 2442 4501 debe-

853 4537 981 4576 mus
1008 4527 1369 4590 patrocinium
1396 4530 1702 4587 convolare.

1213 4617 1471 4685 Defensor
1523 4620 1777 4679 Romana:
1824 4623 2093 4681 Ecclesiae.

928 4700 1202 4760 Censesne
1231 4723 1446 4777 semper
1473 4710 1672 4769 debere
1695 4712 1850 4781 juxta
1885 4732 2089 4783 rerum,
2120 4728 2284 4791 atque
2324 4738 2447 4777 ver-

848 4794 1051 4849 borum
1082 4798 1422 4865 superﬁciem
1444 4802 1717 4870 jndieari?
1746 4807 1873 4876 quid
1896 4810 2043 4862 enim
2065 4810 2222 4881 juxta
2252 4814 2449 4867 verbo-

850 4901 980 4939 rum
1006 4889 1290 4955 strepitum
1326 4892 1496 4962 magis
1523 4905 1606 4947 est
1638 4896 1924 4961 absonum,
1954 4915 2114 4968 quam
2152 4917 2274 4957 cum
2309 4903 2450 4958 Deus

848 4974 1042 5037 Pater.
1092 4988 1146 5032 et
1189 4980 1380 5047 Filius,
1432 4993 1487 5037 et
1538 4985 1775 5054 Spiritus
1820 5002 2043 5047 sanctus
2093 4995 2446 5050 tnetliatorem

851 5065 955 5120 Dei
1004 5076 1059 5120 et
1086 5069 1365 5126 hominum
1400 5074 1600 5131 dicitur
1631 5079 1938 5134 tradidisse.
1992 5082 2129 5137 Ecce
2170 5084 2447 5141 Christum

849 5158 1086 5213 tradidit
1112 5158 1299 5226 ludas,
1332 5166 1551 5221 tradidit
1583 5179 1637 5221 et
1670 5170 1810 5224 Deus
1833 5169 2029 5236 Pater;
2070 5175 2309 5243 nunquid
2342 5193 2446 5231 non

844 5248 1014 5315 quasi
1046 5248 1224 5305 simile
1277 5252 1473 5309 factum
1529 5257 1779 5313 videtur?
1824 5260 2036 5330 Ergone
2086 5264 2311 5320 traditur
2366 5277 2452 5321 est

842 5336 1045 5402 Jndas,
1072 5347 1125 5393 ct
1158 5341 1388 5397 traditor
1417 5345 1561 5401 Dens
1590 5346 1789 5403 Pater?

1389 5433 1580 5507 Regius
1611 5440 1914 5497 advocatus.

935 5515 1090 5573 Unde
1122 5523 1339 5588 probas,
1373 5527 1497 5594 quia
1525 5528 1713 5593 Pater,
1756 5541 1811 5585 et
1856 5532 2047 5601 Filius,
2108 5544 2161 5590 et
2212 5535 2449 5606 Spiritus

844 5618 1085 5663 sanctus
1117 5611 1438 5668 tradiderint
1470 5615 1852 5676 Salvatorem?

1141 5702 1249 5772 67
1306 5704 1560 5773 Defensor
1597 5709 1851 5769 Romana:
1892 5715 2165 5773 Ecclesiae.

932 5788 1075 5848 Audi
1112 5791 1427 5863 Apostolum
1471 5799 1741 5858 dicentem
1776 5820 1791 5859 :
1829 5822 1849 5857 ι
1882 5804 1986 5874 Qui
2034 5810 2259 5882 proprio
2313 5810 2450 5867 Filio

2563 1977 2709 2033 tione
2733 1976 2995 2048 compleri
3034 1985 3235 2033 cuncta
3271 1976 3542 2045 permisit.
3579 1976 3726 2048 Ergo
3754 1976 4054 2036 secundum
4090 1984 4164 2039 te,

2560 2068 2653 2138 qui
2698 2083 2804 2123 non
2835 2069 2902 2124 de
2927 2068 3113 2124 cordis
3143 2067 3478 2133 intentione,
3514 2068 3609 2123 sed
3641 2082 3861 2139 semper
3886 2082 3953 2122 ex
3985 2064 4170 2136 aperis

2560 2160 2643 2215 vis
2675 2158 2964 2230 superﬁcie
2993 2158 3283 2227 judicare:
3313 2159 3359 2214 si
3389 2158 3555 2214 Pater
3602 2157 3825 2213 tradidit
3851 2155 4075 2219 Filium,
4111 2164 4168 2211 et

2561 2249 2678 2320 ipse
2708 2266 2768 2305 se
2798 2248 3023 2305 tradidit
3066 2248 3261 2314 Filius,
3293 2247 3518 2317 insuper
3544 2256 3600 2303 et
3631 2246 3869 2315 Spiritus
3918 2254 4167 2311 sanctus,

2558 2336 2726 2394 Judas
2754 2338 2885 2410 quid
2912 2337 3041 2393 mali
3077 2338 3242 2395 fecit?
3283 2334 3449 2392 Facta
3499 2344 3583 2392 est
3631 2335 3852 2392 traditio
3899 2350 3930 2390 a
3977 2334 4166 2398 Patre,

2558 2428 2705 2483 facta
2729 2438 2813 2483 est
2841 2444 2871 2483 a
2902 2429 3064 2494 Filio,
3097 2443 3200 2484 nec
3230 2443 3339 2483 non
3368 2442 3399 2482 a
3423 2425 3631 2498 Spiritu
3664 2434 3882 2488 sancto,
3912 2423 4052 2480 facta
4080 2433 4168 2479 est

2558 2529 2610 2574 et
2636 2534 2666 2573 a
2693 2517 2854 2574 Juda.
2886 2517 3007 2576 Una
3032 2533 3122 2574 res
3151 2533 3182 2573 a
3213 2516 3462 2588 pluribus
3489 2516 3636 2572 facta
3664 2526 3781 2581 est,
3826 2514 3923 2571 sed
3968 2514 4164 2569 eadem

2559 2627 2649 2667 res
2702 2614 2755 2667 in
2806 2610 3188 2682 operatoribus
3246 2608 3605 2667 discernenda
3663 2618 3771 2664 est.
3814 2605 3969 2675 Quod
4015 2606 4165 2661 enim

2558 2702 2702 2757 Deus
2730 2704 3074 2772 omnipotens
3097 2717 3162 2757 ex
3195 2702 3496 2766 cbaritate,
3555 2702 3660 2757 hoc
3708 2699 3876 2756 Judas
3918 2698 4048 2755 fecit
4094 2713 4164 2753 ex

2556 2796 2806 2865 pecuniae
2849 2794 3198 2864 acquirendae
3251 2794 3528 2866 cupidine.
3561 2792 3717 2861 Quod
3764 2793 3908 2847 Deus
3936 2789 4067 2845 fecit
4096 2790 4165 2845 ad

2557 2868 2747 2939 salutis
2775 2893 2975 2939 nostrae
3002 2884 3302 2939 remedium
3325 2924 3340 2948 ,
3374 2884 3479 2938 hoc
3502 2883 3590 2937 ille
3606 2882 3819 2938 fecitad
3832 2880 4165 2951 explendum

2557 2976 2883 3034 insatiabilis
2928 2977 3172 3033 avaritiae
3228 2985 3437 3032 votum.
3495 2975 3661 3033 Vides
3710 2992 3841 3047 ergo
3885 2978 4016 3046 quia
4053 2989 4164 3030 non

2557 3067 2686 3137 quid
2709 3068 2871 3123 homo
2899 3067 3085 3133 faciat,
3114 3067 3378 3122 debemus
3417 3066 3700 3122 attendere
3729 3084 3744 3133 ;
3774 3065 3870 3122 sed
3904 3081 4014 3135 quo
4045 3065 4166 3119 ani-

2557 3174 2646 3213 mo
2664 3168 2721 3213 et
2749 3158 3027 3223 voluntate
3058 3157 3247 3225 faciat,
3301 3157 3592 3229 diligenter
3641 3158 3978 3213 examinare.
4020 3155 4161 3211 Nam

2481 3229 2526 3291 Ο
2559 3253 2604 3308 si
2632 3252 2747 3308 sola
2770 3253 3036 3307 duntaxat
3066 3246 3339 3307 exteriora
3398 3249 3808 3320 perpendimus,
3854 3249 4163 3305 invenimus

2563 3342 2739 3411 ipsum
2794 3342 3085 3397 Domimtm
3116 3340 3455 3396 Salvatorem
3487 3352 3541 3395 et
3564 3341 3769 3395 dixisse
3798 3340 3943 3410 quod
3972 3339 4163 3410 prohi-

2558 3434 2671 3499 bet,
2695 3442 2750 3488 et
2778 3434 2939 3489 aliter
2968 3434 3164 3489 fecisse
3204 3447 3370 3503 quam
3422 3433 3595 3503 jubet.
3659 3452 3678 3485 ι
3733 3432 4015 3502 Quisquis,
4058 3430 4159 3496 ait,

2556 3528 2758 3585 dixerit
2802 3526 2961 3582 fratri
3012 3543 3133 3594 suo,
3165 3527 3359 3594 Fatue,
3391 3542 3517 3583 reus
3549 3527 3656 3582 erit
3705 3527 3967 3597 gehennae
4018 3525 4164 3596 ignis

2556 3618 2773 3689 (Matth.
2806 3616 2860 3687 ν)
2902 3635 2915 3670 :
2968 3636 2987 3668 ι
3022 3627 3078 3671 et
3114 3626 3295 3671 tamen
3334 3617 3449 3687 ipse
3482 3616 3903 3672 resurrectionis
3929 3631 4041 3671 sua:
4070 3616 4159 3672 die

2556 3708 2766 3764 duobus
2795 3708 2860 3762 de
2882 3722 2942 3763 se
2971 3706 3276 3762 dubitative
3307 3708 3657 3776 loquentibus
3689 3709 3768 3763 ait
3802 3727 3815 3761 :
3849 3727 3867 3759 ι
3899 3708 3945 3763 Ο
3979 3708 4154 3775 stulti,

2554 3810 2609 3854 et
2640 3798 2780 3853 tardi
2805 3798 2971 3854 corde
2999 3798 3066 3853 ad
3096 3798 3428 3853 credendum
3457 3799 3469 3852 !
3502 3797 3719 3868 (Matth.
3753 3804 3910 3869 xxv.)
3936 3819 3953 3851 ι
3993 3798 4157 3856 Dixe-

2555 3899 2640 3944 rat
2669 3890 2835 3944 etiam
2866 3890 2917 3943 in
2957 3901 3142 3945 monte
3166 3890 3447 3960 discipulis
3496 3910 3509 3945 ε
3562 3910 3579 3944 ι
3620 3892 3675 3947 Si
3737 3894 3862 3963 quis
3918 3904 3968 3948 te
4027 3910 4154 3965 per-

2551 3983 2784 4037 cusserit
2814 3982 2865 4035 in
2890 3982 3169 4036 dexteram
3203 3983 3501 4047 maxillam,
3525 3984 3705 4054 praebe
3734 3984 3806 4039 illi
3842 3994 3897 4040 et
3926 3985 4154 4040 alteram

2552 4072 2769 4141 (Matth.
2792 4073 2868 4144 ν).
2894 4092 2913 4126 ι
2940 4072 2997 4127 In
3014 4075 3266 4143 passione
3290 4088 3421 4129 vero
3443 4076 3652 4145 positus
3674 4078 3998 4146 percutienti
4015 4093 4074 4132 se
4099 4078 4152 4132 in

2552 4162 2831 4218 maxillam
2885 4179 3057 4235 puero
3104 4165 3407 4221 sacerdotis
3435 4181 3541 4220 non
3574 4168 3734 4221 modo
3763 4181 3871 4222 non
3920 4168 4155 4224 alteram

2550 4253 2804 4323 praebuit,
2835 4254 2932 4309 sed
2958 4254 3181 4325 insuper
3208 4254 3383 4310 dixit:
3432 4274 3449 4307 ι
3493 4254 3552 4309 Si
3580 4256 3721 4311 male
3761 4256 3977 4313 locutus
4006 4274 4148 4323 sum,

2549 4344 2818 4416 exprobra
2849 4344 2916 4399 de
2938 4346 3109 4411 malo;
3140 4347 3222 4401 sin
3251 4355 3433 4401 autem
3465 4348 3623 4412 bene,
3652 4361 3751 4402 cur
3774 4363 3860 4403 me
3889 4348 4090 4403 caedis?
4124 4369 4142 4403 ›

2549 4437 2734 4494 lJoan.
2758 4439 2936 4511 xvm.)
2995 4440 3060 4494 Et
3108 4442 3379 4510 quomodo
3403 4441 3518 4512 jam
3557 4456 3747 4496 verum
3773 4442 3877 4496 erit
3900 4444 4045 4513 quod
4082 4446 4150 4500 de

2554 4528 2644 4583 illo
2674 4528 2849 4584 Lucas
2876 4529 2991 4583 ait:
3021 4548 3041 4580 ‹
3076 4530 3213 4596 Quia
3249 4532 3417 4601 coepit
3454 4531 3654 4599 facere,
3686 4542 3742 4588 et
3775 4534 3969 4590 docere
4004 4535 4144 4606 (Act.

2553 4619 2616 4685 ι),
2655 4641 2673 4672 ι
2705 4621 2749 4675 si
2796 4622 2939 4689 quod
2969 4619 3154 4677 docuit
3184 4638 3291 4678 non
3324 4624 3605 4695 implevit?
3632 4624 3739 4681 Sed
3766 4625 3955 4695 procul
3980 4626 4146 4682 dubio

2551 4712 2960 4785 intelligendum
2988 4723 3073 4769 est
3121 4716 3221 4771 hoc
3249 4730 3371 4769 eum
3400 4719 3724 4787 prtecepisse
3751 4718 3818 4772 ad
3866 4734 4145 4787 praepara-

2550 4807 2752 4859 tionem
2814 4806 3015 4872 cordis,
3058 4823 3166 4861 non
3221 4808 3288 4861 ad
3319 4808 3740 4863 ostentationem
3764 4813 3967 4880 operis.
4002 4810 4148 4878 Quoa

2550 4898 2711 4953 modo
2734 4898 2879 4953 enim
2908 4908 3130 4969 paratus
3154 4900 3318 4955 corde
3347 4915 3453 4954 non
3481 4898 3582 4954 fuit
3614 4901 3665 4954 in
3700 4901 3979 4956 maxillam
4009 4901 4149 4957 alte-

2552 5003 2667 5042 ram
2691 4989 2849 5053 caedi,
2874 4990 2966 5059 qui
3000 5004 3099 5059 pro
3129 4990 3407 5044 hominum
3446 4990 3621 5047 salute
3660 4995 3977 5047 decreverat
4033 5001 4147 5048 toto

2552 5094 2780 5149 corpore
2821 5079 3106 5150 cruciﬁgi?
3168 5080 3369 5135 Paulus
3418 5081 3584 5136 etiam
3635 5083 3817 5152 palma
3857 5098 4148 5153 percussus

2547 5170 2793 5241 jussione
2823 5171 3115 5241 pontiﬁcis,
3147 5174 3223 5226 ait
3253 5189 3267 5227 :
3323 5190 3347 5223 ι
3373 5172 3649 5230 Percutiet
3681 5184 3731 5230 te
3774 5176 3937 5241 Deus,
3966 5178 4149 5246 paries

2553 5259 2801 5315 dealbate
2847 5263 2988 5332 (Act.
3031 5265 3213 5336 χχιιι).
3248 5282 3265 5315 ι
3301 5262 3455 5331 Quod
3496 5267 3676 5323 minus
3723 5268 4159 5340 intelligentibus,

2556 5354 2765 5409 videtur
2796 5356 2850 5408 in
2886 5355 3055 5410 verbo
3083 5356 3412 5423 convicium,
3442 5358 3538 5415 sed
3577 5359 3631 5414 in
3655 5374 3816 5415 sensu
3844 5361 4145 5432 prophetici

2556 5453 2703 5499 tenet
2738 5445 2946 5500 oraculi
2977 5456 3401 5503 sacramentum.
3432 5447 3621 5507 Paries
3666 5452 3810 5506 enim
3866 5452 4149 5507 dealbatus

2552 5536 2859 5607 hypocrisis
2880 5546 2983 5605 est,
3007 5539 3401 5598 sacerdotalem
3437 5544 3539 5599 sub
3566 5543 3667 5599 hoc
3694 5545 3913 5601 nomine
3958 5544 4153 5615 praefe-

2554 5643 2681 5683 rens
2725 5630 3070 5700 dignitatem,
3102 5633 3200 5706 sed
3242 5634 3527 5690 occultans
3573 5636 3905 5695 intrinsecus
3945 5640 4148 5695 luteam

2555 5721 2777 5776 malitiae
2805 5724 3196 5795 turpitudinem
3229 5743 3244 5781 :
3276 5742 3401 5783 nam
3447 5731 3593 5801 quod
3654 5731 3978 5788 humilitatis
4027 5736 4144 5799 t‘nit,

2557 5813 2887 5872 mirabiliter
2934 5818 3243 5876 custodivit.
3300 5819 3437 5879 Cum
3494 5824 3639 5880 enim
3693 5825 3768 5880 illi
3818 5827 4144 5883 diceretur:
