5392 6512
895 369 964 427 85
1822 359 2066 420 OPUSC.
2114 358 2202 413 IV.
2237 388 2309 399 --
2350 354 2803 412 DISCEPTATIO
2840 351 3251 409 SYNODALIS.
4119 348 4192 407 80

896 503 1055 558 super
1099 485 1438 540 altitudinem
1500 482 1759 545 nubium,
1822 478 2014 533 similis
2055 491 2149 530 cro
2205 474 2485 527 Altissimo
2516 476 2561 535 Α
2592 468 2667 521 vit
2697 467 2992 536 exemplis;

2065 491 2149 530 ero
2205 474 2485 527 Altissimo
2516 476 2561 535 Α
2592 468 2667 521 vit
2697 467 2992 536 exemplis;
3030 476 3089 518 ut
3119 481 3216 517 nos
3245 470 3473 518 eatenus
3508 462 3688 532 ignota
3721 462 3970 527 doceret,
4005 473 4058 517 et
4098 480 4194 519 vos

896 579 1047 651 (Iani.
1082 580 1216 646 ιιγ).
1284 597 1299 627 ι
1356 574 1550 629 Paulus
1591 583 1771 625 autem
1831 570 1961 624 dicit
2004 587 2017 623 :
2077 589 2093 619 ι
2138 567 2238 634 Qui
2282 566 2334 619 in
2379 567 2482 618 line

896 670 1079 727 mundi
1106 671 1346 733 veniens,
1375 668 1709 732 adversatur,
1737 675 1789 719 et
1811 665 2087 719 extollitur
2114 677 2274 730 supra
2299 674 2480 726 omne,

896 765 1037 835 quod
1067 765 1264 819 dicitur
1295 763 1457 824 Deus,
1481 760 1737 827 autquod
1772 758 1970 813 colitur
1993 755 2075 827 (Il
2128 754 2309 808 Thess.
2346 753 2426 821 ιι).
2459 771 2477 803 ι

896 856 1031 926 Quia
1061 872 1190 926 ergo
1224 866 1352 909 tunc
1382 850 1653 906 affectavit
1704 851 1813 904 Deo
1857 866 1917 905 se
1962 846 2199 902 similem
2252 858 2394 906 esse,
2430 843 2483 895 in

895 949 1005 1005 line
1028 948 1211 1002 mundi
1237 945 1349 1015 jam
1388 943 1628 998 deterior
1660 942 1863 1005 factus,
1898 940 2010 992 vult
2045 937 2201 1007 quasi
2238 935 2486 1003 superior

894 1039 1156 1096 eminere.
1207 1036 1310 1090 Per
1353 1034 1496 1105 quod
1546 1033 1832 1087 manifeste
1872 1028 2167 1098 colligitur,
2210 1024 2485 1080 diabolum

894 1133 1074 1187 adhuc
1112 1132 1164 1185 in
1195 1128 1463 1183 deteriora
1516 1140 1673 1196 posse
1721 1137 2007 1186 corruere;
2057 1122 2187 1191 quia
2238 1116 2486 1171 diabolus

897 1224 1287 1294 interpretatur
1330 1221 1573 1273 deorsum
1636 1220 1825 1287 fluens.
1857 1215 2125 1272 Cadalous
2166 1229 2196 1267 a
2240 1212 2487 1268 cadendo

898 1314 1110 1379 dictus,
1160 1312 1368 1363 ruinam
1409 1308 1587 1379 populi
1633 1318 1825 1371 sonat,
1864 1306 1995 1374 ipsis
2042 1316 2257 1373 quoque
2313 1301 2487 1355 nomi-

894 1405 1055 1461 nibus
1101 1403 1381 1474 aptissime
1432 1401 1664 1455 invicem
1729 1408 1958 1469 uterque
2014 1398 2331 1453 concordat.
2391 1394 2485 1449 Dic

893 1510 1023 1567 ergo
1042 1494 1312 1564 quomodo
1336 1494 1438 1547 iste
1466 1487 1704 1561 pontifex
1733 1491 1859 1555 erit,
1888 1504 2049 1559 quem
2082 1504 2187 1541 non
2210 1486 2487 1540 Romanus

892 1585 1142 1657 populus,
1166 1586 1259 1639 sed
1284 1600 1422 1637 unus
1455 1584 1615 1639 homo
1637 1598 1759 1637 cum
1782 1582 1895 1637 suis
1916 1578 2287 1650 complicibus,
2320 1577 2487 1631 idem-

894 1694 998 1749 que
1020 1694 1126 1732 non
1145 1678 1440 1740 Romanus,
1468 1678 1561 1731 sed
1586 1676 1926 1730 suburbanus
1944 1676 2066 1744 (2‘),
2092 1684 2147 1729 et
2172 1689 2277 1727 non
2297 1671 2486 1726 Eccle-

890 1773 989 1827 sia:
1010 1771 1168 1833 filios,
1198 1773 1289 1827 sed
1327 1771 1668 1835 maledictus,
1694 1779 1747 1824 et
1770 1769 2265 1824 anatliematizatus
2288 1765 2487 1834 elegit?

2586 562 2653 616 ab
2710 559 2851 614 illius
2920 558 3204 613 sententia:
3273 556 3492 609 vinculo
3552 564 3805 625 potenter
3858 555 4189 610 absolveret.

2586 652 2788 707 Deinde
2828 668 2858 705 ει
2892 650 3094 704 domini
3137 648 3240 703 mei
3276 648 3443 717 regis,
3478 664 3640 717 quam
3676 648 4013 711 dicebamus,
4050 648 4193 716 inju-

2588 745 2691 808 ria,
2723 759 2842 812 quia
2879 741 3091 796 scilicet
3122 757 3221 795 nos
3250 741 3538 793 adversum
3572 755 3667 794 vos
3705 738 3890 793 acrius
3928 741 4193 793 accende-

2586 836 2697 897 bat,
2733 843 2842 889 tam
2886 842 3108 888 strenue
3154 842 3243 886 tua
3288 847 3347 887 se
3386 833 3641 902 purgavit
3670 833 3945 897 oratorio,
3993 841 4051 885 ut
4080 833 4192 886 evi-

2587 927 2735 980 denti
2772 927 3037 981 clarescat
3069 924 3293 990 indicio,
3327 927 3452 994 quia
3488 927 3541 980 in
3582 940 3668 991 eo,
3703 926 3849 995 quod
3884 926 3987 981 sibi
4014 928 4196 996 ponti-

2587 1017 2745 1071 ficem
2800 1016 3032 1086 populus
3084 1016 3365 1069 Romanus
3418 1016 3608 1085 elegit,
3684 1014 3963 1084 maiestati
4031 1017 4196 1088 regia:

2586 1108 2933 1177 potissimum
2963 1108 3312 1171 ministravit,
3340 1122 3439 1163 nec
3468 1108 3539 1172 ei,
3567 1108 3707 1163 sicut
3738 1108 4042 1174 dicebatur,
4078 1110 4194 1182 pri-

2589 1198 2842 1269 vilegium
2874 1199 3025 1262 tulit,
3078 1200 3170 1254 sed
3220 1201 3402 1269 potius
3455 1200 3758 1265 roboravit,
3799 1201 3927 1255 dum
3970 1218 4076 1256 non
4127 1202 4196 1259 de

2588 1288 2830 1342 Romana
2880 1289 3157 1353 Ecclesia,
3202 1290 3296 1344 sed
3350 1306 3415 1345 ex
3482 1290 3605 1344 aula
3660 1290 3807 1361 regia
3850 1293 4195 1347 sacerdotem

2588 1380 2654 1433 ad
2685 1380 2998 1448 apostolica:
3026 1382 3172 1436 sedis
3197 1382 3409 1437 culmen
3442 1384 3641 1438 evexit.
3664 1383 3949 1439 Postremo
3976 1387 4043 1439 de
4085 1383 4197 1441 ele-

2588 1465 2767 1526 ctione
2798 1472 3110 1527 Parmensis
3133 1474 3373 1545 episcopi
3407 1475 3537 1543 quid
3566 1474 3849 1529 dicemus?
3879 1476 4093 1545 loquar,
4125 1491 4195 1530 an

2589 1564 2811 1619 sileam?
2842 1563 2967 1627 Sed,
2990 1564 3144 1632 juxta
3178 1567 3545 1638 Scripturam,
3582 1585 3600 1618 ι
3629 1576 3951 1639 conceptum
3980 1583 4193 1623 sermo-

2588 1671 2711 1709 nem
2737 1664 2923 1711 teuere
2953 1658 3075 1725 quis
3108 1660 3321 1726 possit?
3346 1658 3468 1728 (Job
3492 1660 3591 1730 iv.)
3617 1679 3635 1711 ι
3666 1659 3731 1713 Et
3752 1670 3901 1716 certe
3930 1662 4019 1716 tibi
4048 1662 4195 1716 nuda

2588 1747 2789 1801 veritas
2820 1750 3083 1812 cernitur,
3125 1752 3297 1819 turpis
3327 1752 3639 1822 ignominiaa
3668 1763 3777 1820 est,
3806 1755 3848 1809 si
3883 1766 4197 1811 commento

892 1864 1057 1919 lllene
1086 1864 1191 1917 erit
1220 1872 1311 1916 ιιιο
1345 1863 1554 1932 judicio
1592 1860 1859 1930 pontifex,
1888 1862 1978 1930 qui
2026 1875 2179 1914 suam
2220 1858 2482 1920 vendidit,
2518 1845 2561 1904 Β
2591 1837 2818 1932 fallacia:
2854 1840 3181 1895 deservilur-
3224 1842 3325 1912 Ipsi
3354 1845 3513 1915 plane
3547 1848 3753 1918 liquido
3783 1848 4033 1903 novimus
4063 1863 4199 1932 aua-

891 1963 955 2008 ut
998 1952 1300 2013 Romanam
1364 1952 1659 2007 Ecclesiam
1702 1951 2005 2007 obtineret?
2060 1951 2150 2019 qui
2214 1949 2487 2005 Romanos

892 2044 1096 2100 occidit
1128 2045 1180 2098 in
1228 2059 1323 2098 ore
1354 2043 1553 2113 gladii,
1595 2052 1654 2097 ut
1697 2043 1973 2098 Romanus
2020 2041 2270 2096 Pontifex
2302 2040 2489 2095 fieret?

892 2138 1045 2193 Dicis
1098 2154 1202 2192 non
1250 2140 1501 2193 debuisse
1561 2154 1647 2193 me
1688 2138 1999 2209 pontificem
2048 2138 2167 2211 sine
2217 2149 2485 2189 consensu

891 2229 1056 2299 Regis
1078 2230 1299 2303 eligere,
1330 2241 1382 2285 et
1418 2232 1941 2302 magnipendcndum
1971 2230 2100 2283 milii
2134 2244 2241 2283 non
2286 2228 2485 2290 fuisse,

893 2330 956 2372 ut
999 2320 1226 2389 populus
1274 2335 1380 2373 non
1430 2320 1652 2388 periret.
1693 2320 1832 2376 Ecce
1887 2320 2011 2373 liinc
2062 2318 2120 2372 Β.
2156 2317 2489 2387 Augustinus

896 2406 1230 2479 llipponeusi
1260 2408 1515 2464 Ecclesiae
1542 2450 1554 2473 ,
1587 2409 1805 2465 Valerio
1851 2410 2097 2471 vivente.
2146 2408 2442 2477 praeficitur
2471 2425 2483 2459 :

891 2513 1022 2555 ecce
1051 2498 1198 2554 illinc
1227 2500 1550 2554 Ambrosius
1576 2510 1768 2556 octavo
1794 2501 1882 2555 die
1908 2511 2195 2570 postquam
2246 2499 2487 2569 baptiza-

894 2599 985 2643 tus
1027 2599 1145 2654 est,
1191 2582 1463 2659 perceptis
1509 2593 1723 2647 cunctis
1774 2592 2158 2647 ecclesiasticis
2208 2592 2484 2662 gradibus,

890 2680 1180 2750 episcopus
1220 2681 1526 2737 ordinatur.
1558 2682 1613 2737 In
1657 2683 1855 2752 quibus
1900 2685 2089 2753 utique
2129 2685 2200 2738 ob
2236 2685 2308 2738 nil
2340 2684 2485 2738 aliud

891 2770 1171 2825 canonica:
1198 2772 1545 2826 auctoritatis
1582 2774 1717 2827 ordo
1754 2774 2041 2837 deseritur,
2088 2775 2192 2828 nisi
2224 2774 2488 2828 duntaxat

893 2870 959 2916 tit
995 2862 1153 2916 saluti
1208 2862 1387 2931 populi
1429 2864 1762 2919 consulatur.
1811 2865 1878 2919 Et
1923 2875 1978 2919 tu
2028 2865 2159 2918 milii
2203 2864 2339 2919 dicis
2367 2906 2380 2929 ,
2433 2864 2484 2917 in

892 2953 1163 3007 servando
1208 2953 1405 3022 popqu
1438 2955 1535 3023 ipsi
1584 2957 1691 3025 regi
1744 2971 1828 3010 me
1859 2973 1962 3010 non
1999 2955 2249 3011 debuisse
2291 2972 2487 3010 consu-

892 3040 1039 3107 lere,
1084 3052 1141 3096 ut
1187 3044 1405 3098 sibimet
1435 3044 1486 3098 iu
1533 3046 1711 3100 dando
1747 3061 2011 3103 consensu
2060 3047 2219 3101 unius
2248 3047 2487 3115 epistolae

892 3134 1065 3207 gloria
1096 3137 1425 3205 proveniret.
1460 3136 1592 3191 Nam
1644 3141 1787 3195 unde
1817 3141 2159 3210 postmodum
2202 3140 2485 3195 Romanus

2594 1930 3001 1985 Ilieuiatizatum
3050 1948 3171 1989 esse
3214 1935 3541 2003 Gerardum,
3587 1954 3687 1993 nec
3732 1940 4049 2009 ignoramus
4077 1925 4197 2007 eius

2590 2023 2849 2079 instinctu
2880 2026 3222 2094 potissimum
3267 2029 3412 2083 hunc
3450 2031 3767 2100 episcopum
3813 2031 3865 2085 in
3900 2032 4002 2085 hoc
4026 2045 4194 2101 nego-

2592 2114 2724 2169 tium
2765 2115 2931 2171 fuisse
2959 2117 3269 2185 pellectum.
3329 2119 3398 2175 Ut
3429 2120 3595 2191 igitur
3636 2122 3709 2176 ita
3756 2122 3971 2193 loquar,
4004 2122 4193 2184 arbor,

2590 2221 2709 2277 qum
2725 2208 2790 2261 de
2812 2220 3072 2263 venenata
3099 2211 3282 2267 radice
3302 2214 3669 2269 analliematis
3689 2215 3881 2279 oritur,
3901 2223 4196 2283 antequam

2590 2299 2956 2368 perniciosum
2989 2284 3313 2372 prorumpat
3340 2303 3393 2357 in
3426 2304 3662 2359 fructum
3704 2305 3879 2361 modis
3906 2306 4194 2369 omnibus,

2590 2406 2815 2445 necesse
2837 2402 2920 2446 est
2948 2392 3230 2458 evellatur,
3271 2402 3507 2451 testante
3544 2397 3819 2462 Veritate,
3847 2413 3969 2468 quae
4015 2397 4196 2452 dicit:

2596 2497 2615 2531 ι
2657 2479 2848 2535 Omnis
2878 2482 3042 2536 arbor
3098 2500 3221 2554 qua:
3257 2500 3365 2539 non
3405 2483 3536 2541 facit
3573 2485 3813 2542 fructum
3843 2486 4073 2555 bonum,
4100 2501 4199 2543 ex-

2590 2573 2823 2642 cidelur,
2855 2575 2989 2628 etin
3020 2576 3198 2647 ignem
3234 2578 3484 2633 mittetur
3518 2580 3731 2650 (Matth.
3767 2582 3875 2653 ιιι).
3909 2599 3928 2633 ι

2968 2666 3227 2737 Defensor
3256 2667 3508 2725 ﬂuuiana:
3536 2670 3812 2727 Ecclesiae.

2666 2753 2807 2810 Ecce
2833 2756 3042 2811 audivit
3067 2758 3348 2814 beatitudo
3376 2769 3553 2816 vestra
3574 2803 3592 2828 ,
3620 2764 3959 2820 venerabiles
3981 2764 4197 2831 Patres,

2588 2846 2845 2913 quoniam
2874 2848 2965 2917 qui
2992 2846 3272 2917 inspector
3301 2860 3384 2906 est
3417 2853 3704 2920 mentium,
3734 2854 4074 2911 conftederat
4097 2872 4198 2912 nos

2590 2936 2642 2989 in
2665 2937 3075 2992 concertatione
3104 2939 3415 2995 verborum.
3451 2941 3600 2998 Vidit
3640 2945 3785 2999 enim
3814 2960 3915 3001 nos
3942 2961 4049 3001 non
4080 2960 4199 3001 ma-

2590 3027 2718 3081 litiae
2747 3044 2907 3084 causa
2938 3029 3246 3101 confligere,
3274 3034 3376 3089 sed
3422 3034 3765 3093 inveniendus
3803 3039 4051 3094 veritatis
4082 3046 4199 3095 stu-

2590 3117 2679 3172 dio
2701 3118 2979 3173 deservire
3010 3120 3227 3191 (Ephes.
3276 3124 3371 3195 ιι),
3406 3124 3636 3199 ideoque
3674 3128 3929 3199 dignatus
3952 3139 4036 3186 est
4073 3134 4191 3187 mo-

894 3203 1191 3298 ξιηρθηςιοι.
1222 3228 1407 3294 “emt,
1438 3230 1481 3284 si
1513 3240 1640 3286 tunc
1678 3246 1736 3287 se
1785 3203 2063 3287 ιξοιηηηυδ
2093 3233 2323 3302 populus
2370 3248 2486 3285 mu-
2514 3203 2559 3264 C
2594 3221 2701 3267 tam
2732 3212 2873 3270 inter
2898 3230 2997 3271 nos
3018 3217 3199 3287 sopire
3225 3218 3539 3287 querelam,
3563 3231 3618 3277 et
3646 3238 3803 3278 suam
3837 3223 3997 3279 nobis
4021 3224 4193 3296 inspi-

894 3321 1004 3375 tuis
1054 3320 1369 3376 vulneribus
1414 3324 1770 3392 peremisset?
1811 3324 1980 3379 Porro
2018 3334 2239 3389 autem,
2270 3325 2393 3393 quia
2433 3325 2487 3379 in

793 3392 795 3394 ’
891 3410 1271 3465 constituendo
1311 3412 1567 3479 pontifice
1612 3413 1855 3468 Romana
1890 3414 2132 3469 Ecclesia
2162 3432 2189 3467 a
2218 3414 2489 3471 charitate

892 3500 1041 3569 regia
1073 3516 1178 3554 non
1214 3502 1459 3566 recessit,
1506 3504 1608 3558 hoc
1633 3504 1797 3558 etiam
1830 3505 2030 3559 indicio
2060 3513 2177 3567 est,
2207 3505 2334 3573 quia
2362 3520 2487 3559 cum

890 3590 948 3643 in
981 3588 1130 3644 clero
1160 3606 1260 3645 suo
1290 3591 1561 3661 religiosis
1608 3593 1740 3647 viris
1785 3604 1835 3648 et
1885 3595 2222 3664 sapientibus
2248 3596 2489 3648 abunda-

891 3689 1000 3747 ret,
1030 3697 1135 3736 non
1173 3682 1239 3738 de
1284 3684 1545 3752 propriis.
1594 3686 1686 3739 sed
1718 3702 1876 3748 eum,
1917 3686 2008 3755 qui
2059 3686 2171 3757 regi
2230 3696 2487 3757 tanquam

887 3771 1230 3829 domesticus
1276 3783 1328 3828 et
1363 3773 1648 3831 familiaris
1680 3786 1829 3841 erat,
1862 3776 2043 3847 elegit.

1428 3888 1618 3958 Regius
1649 3891 1955 3945 advocatus.

966 3974 1224 4047 Quisquis
1258 3979 1509 4043 veritati,
1553 3991 1841 4051 postquam
1890 3982 2162 4052 patefacta
2197 3982 2483 4046 claruerit,

892 4067 1169 4123 obstinate
1215 4071 1502 4136 renititur,
1557 4073 1650 4127 Dei
1700 4075 2089 4143 omnipotentis
2143 4074 2489 4130 adversarius

890 4169 1002 4210 non
1056 4156 1331 4233 immerito
1371 4158 1683 4230 iudicatur,
1718 4164 1870 4234 cujus
1917 4164 2206 4221 adversum
2246 4179 2305 4219 se
2350 4164 2485 4218 iram

889 4246 1377 4318 inextinguibiliter
1401 4262 1662 4322 provocat
1704 4252 1757 4324 (l
1794 4254 1954 4310 Joan.
1996 4255 2072 4325 v),
2101 4256 2146 4310 si
2181 4256 2485 4319 veritatem,

886 4352 1014 4407 quae
1042 4339 1157 4409 ipse
1200 4349 1323 4405 est,
1352 4343 1703 4411 pertinaciter
1738 4354 1792 4399 et
1823 4354 2143 4417 arroganter
2177 4346 2483 4417 impugnat.

887 4425 1027 4482 Nam
1058 4440 1118 4485 ut
1141 4431 1253 4502 ipse
1276 4432 1631 4502 disputationi
1663 4444 1765 4490 tua:
1794 4436 1939 4490 velut
1963 4435 2233 4506 epilogum
2264 4435 2484 4498 faciam,

884 4534 1015 4575 cum
1049 4521 1189 4576 inter
1230 4538 1328 4577 nos
1357 4525 1584 4593 quaestio
1615 4536 1947 4589 moveretur,
1976 4536 2157 4580 utrum
2198 4526 2315 4580 sine
2340 4524 2483 4596 regis

2592 3320 2719 3361 rare
2765 3308 3136 3362 concordiam.
3191 3309 3305 3365 Pax
3376 3313 3525 3367 enim
3586 3319 3773 3369 nostra
3808 3356 3823 3379 ,
3888 3330 4009 3387 quae
4067 3316 4199 3373 fecit

2592 3408 2823 3468 utraque
2848 3415 3041 3465 unum,
3072 3401 3334 3457 conflavit
3364 3404 3416 3458 in
3448 3406 3639 3460 eodem
3670 3422 3831 3463 sensu
3865 3406 4032 3463 corda
4059 3408 4199 3464 duo-

2592 3504 2732 3543 rum.
2766 3490 3008 3560 Agamus
3064 3492 3138 3547 illi
3192 3494 3422 3564 gratias,
3468 3497 3564 3567 qui
3604 3498 3754 3567 prius
3805 3514 4065 3570 sageuam
4111 3493 4195 3573 β)

2589 3580 2753 3635 Petro
2783 3582 3080 3651 periclitari
3123 3587 3411 3655 permisit,
3446 3596 3501 3643 et
3536 3590 3753 3646 turbine
3793 3600 4113 3658 ventorum,
4139 3601 4198 3649 et

2590 3675 2843 3744 procellis
2885 3676 3152 3732 undarum
3182 3697 3195 3733 ;
3230 3681 3326 3735 sed
3376 3696 3504 3737 ecce
3546 3691 3604 3737 ut
3633 3685 3949 3757 regrediens
3971 3703 4195 3743 manum

2592 3769 2863 3835 tetendit,
2910 3768 3131 3827 Petrum
3169 3775 3391 3841 erexit,
3431 3780 3609 3834 ventis
3659 3780 3948 3851 imperavit
3978 3782 4193 3853 (Marc.

2589 3856 2693 3927 vi),
2744 3870 2800 3914 ct
2856 3861 3174 3918 discrimina
3222 3866 3434 3920 marina
3484 3872 3857 3939 compescuit,
3902 3870 4195 3931 confestim

2589 3962 2760 4014 mare,
2790 3952 2934 4018 quod
2986 3952 3040 4005 in
3070 3954 3319 4011 cumulos
3359 3958 3694 4029 erigebatur,
3740 3964 4020 4030 obruitur,
4057 3975 4195 4021 tem-

2589 4039 2815 4109 pestatis
2832 4043 3066 4111 procella
3090 4046 3332 4109 sedatur.
3351 4058 3637 4107 ventorum
3670 4054 3829 4111 turbo
3853 4058 4192 4127 reprimitur,

2588 4138 2643 4183 et
2671 4146 2835 4185 aurea
2862 4132 2985 4188 caeli
3015 4133 3180 4190 facies
3202 4149 3509 4195 serenalur.

3131 4230 3389 4289 Clumula
3420 4237 3687 4295 dictionis.

2659 4314 2870 4373 Amodo
2898 4320 3082 4389 igitur,
3112 4310 3475 4393 dilectissimi,
3508 4328 3656 4387 illinc
3686 4335 3884 4405 regalis
3906 4336 4045 4393 aula:
4067 4353 4197 4394 con-

2588 4406 2806 4473 siliarii,
2838 4411 2966 4465 liinc
3000 4414 3146 4469 sedis
3181 4418 3499 4485 apostolicae
3528 4426 3891 4482 comministri
3912 4470 3927 4493 ,
3958 4438 4193 4501 utraque

2589 4514 2714 4567 pars
2752 4501 2803 4555 in
2838 4503 2941 4557 lioc
2970 4520 3077 4559 uno
3108 4510 3289 4563 studio
3315 4513 3691 4582 conspiremus
3724 4518 4095 4587 elaborantes,
4130 4533 4194 4580 ut

885 4624 1115 4667 “sensu
1145 4573 1671 4683 Rmnanijpommcis
1694 4616 1809 4670 ﬁeri
1846 4573 2016 4685 pos'sil
2047 4615 2261 4675 electio,
2299 4573 2483 4669 mes“-
2515 4573 2561 4632 ί)
2592 4604 2864 4685 summum
2908 4594 3272 4651 sacerdotium
3296 4609 3351 4654 et
3383 4600 3688 4661 Romanum
3729 4610 3889 4663 simul
3916 4612 4191 4670 conftnde-

883 4699 1009 4757 sitis
1067 4702 1417 4758 historiarum
1490 4706 1778 4777 catalogis,
1840 4716 2046 4762 tantam
2110 4707 2478 4761 Romanorum

883 4789 1276 4860 imperatorum
1325 4802 1487 4863 atque
1538 4796 1854 4863 pontificum
1882 4797 2093 4868 copiam
2121 4797 2476 4862 coacervasti,

882 4887 943 4934 ot
973 4880 1118 4935 velut
1146 4883 1345 4937 nubem
1379 4885 1509 4939 mihi
1540 4886 1756 4940 testium
1786 4887 2118 4956 opposuisti,
2150 4898 2209 4941 ut
2236 4886 2320 4940 liis
2343 4901 2475 4941 con-

885 4972 1091 5042 spectis
1114 4988 1181 5028 ne
1219 4983 1412 5030 nutum
1443 4978 1660 5045 quidem
1710 4993 1796 5032 me
1841 4978 2129 5034 adversum
2163 4987 2214 5031 te
2246 4977 2347 5032 sub
2374 4978 2478 5032 hoc

886 5061 1121 5122 ulterius
1148 5064 1328 5122 facere
1356 5068 1623 5126 libuisset.
1666 5072 1742 5125 De
1770 5070 2115 5125 anathemate
2140 5083 2301 5137 vero,
2332 5069 2477 5140 quod

883 5150 1144 5209 Nicolaus
1172 5171 1308 5226 papa
1353 5160 1661 5227 constituit,
1691 5161 1805 5226 ubi,
1837 5169 1893 5214 ut
1926 5159 2036 5229 jam
2066 5173 2253 5213 verum
2282 5156 2476 5222 fatear,

886 5255 1055 5301 totam
1104 5250 1345 5305 victoriae
1392 5253 1499 5308 vim
1542 5254 1773 5309 intentio
1822 5264 2005 5308 nostra
2048 5260 2323 5322 posuerat,
2368 5259 2477 5305 tam

884 5337 1105 5394 invictis
1152 5341 1560 5414 Scripturarum
1612 5346 1939 5401 testimoniis
1962 5386 1977 5410 ,
2014 5344 2117 5416 71
2152 5353 2261 5397 tam
2283 5342 2477 5397 lucidis

882 5438 1037 5485 certe
1072 5434 1230 5487 modo
1263 5432 1544 5490 beatorum
1578 5436 1968 5508 apostolorum,
1992 5437 2151 5490 modo
2181 5435 2349 5505 ipsius
2375 5434 2479 5489 Do-

884 5522 1020 5577 mini
1061 5522 1359 5583 Salvatoris
1392 5538 1497 5584 tute
1528 5528 1911 5600 disputationis
1932 5528 2162 5585 assertio
2188 5542 2248 5583 se
2272 5541 2475 5597 purga-

955 5652 1064 5729 (3‘)
1097 5653 1373 5715 Gerardus
1427 5660 1472 5715 is
1492 5671 1577 5715 est
1624 5662 1854 5718 Galeria:
1877 5663 2167 5729 dominus;
2198 5666 2285 5716 est
2320 5659 2467 5713 enim

885 5720 1117 5803 Galeria:
1165 5730 1478 5803 oppidulum
1530 5747 1698 5803 prope
1759 5734 1957 5793 Urbem
2012 5720 2202 5801 situm,
2241 5730 2472 5803 ideoque

886 5796 1251 5855 suburbanum
1284 5796 1629 5875 appellatum.

2595 4687 2742 4733 retur
2788 4682 3112 4753 imperium;
3164 4700 3431 4757 quatenus
3478 4695 3772 4753 humanum
3802 4716 4007 4771 genus,
4038 4706 4187 4773 quod

2590 4784 2694 4866 per.
2717 4772 2815 4826 hos
2844 4774 2979 4830 duos
3008 4779 3221 4845 aspices
3251 4781 3305 4835 in
3346 4792 3578 4855 utraque
3624 4790 3929 4848 substantia
3959 4772 4187 4866 regitur,

2588 4860 2768 4923 nullis,
2798 4864 2940 4933 quod
2969 4866 3130 4927 absit.
3163 4871 3425 4940 partibus,
3458 4878 3602 4945 quod
3633 4895 3729 4946 per
3756 4860 4050 4939 Cadaloum
4083 4860 4187 4943 nu;

2583 4965 2683 5020 per
2708 4950 2910 5009 factum
2944 4965 3059 5021 est,
3095 4962 3471 5020 rescindatur:
3509 4969 3696 5040 sicque
3741 4976 3925 5029 mundi
3954 4978 4190 5034 vertices

2585 5043 2639 5099 in
2666 5056 2943 5116 perpetuae
2967 5051 3255 5109 cbaritatis
3283 5057 3537 5115 unionem
3566 5076 3926 5133 concurrant,
3966 5078 4025 5124 ut
4053 5070 4191 5127 infe-

2584 5136 2728 5191 riora
2758 5140 3001 5197 membra
3039 5158 3138 5212 per
3167 5160 3356 5202 eorum
3390 5150 3718 5208 discordiam
3763 5172 3869 5211 non
3904 5160 4183 5228 resiliant;

2583 5238 2854 5297 quatenus
2891 5232 3034 5289 sicut
3076 5236 3130 5290 in
3173 5251 3283 5291 uno
3332 5241 3636 5300 mediatore
3683 5247 3798 5312 Dei,
3829 5259 3883 5304 et
3904 5250 4184 5310 hominum

2584 5320 2699 5375 luec
2751 5322 2879 5387 duo,
2932 5342 3155 5395 regnum
3212 5330 3424 5388 scilicet
3469 5344 3525 5389 et
3574 5339 3963 5406 sacerdotium,
3994 5343 4182 5401 divino

2582 5420 2709 5465 sunt
2730 5412 2959 5470 conﬂata
2993 5420 3282 5488 mysterio;
3320 5422 3391 5477 ita
3417 5425 3678 5483 sublimes
3706 5430 3824 5486 istas
3851 5431 3969 5488 dure
3997 5450 4188 5505 perso-

2584 5521 2667 5559 na:
2691 5507 2798 5579 72
2832 5518 2979 5565 tanta
3011 5514 3233 5571 sibimet
3279 5517 3511 5575 invicem
3543 5522 3903 5582 unanimitate
3940 5526 4186 5600 jungat)-

2654 5647 2731 5718 (5)
2778 5647 2989 5721 Sagana
3038 5663 3132 5703 aro
3174 5650 3417 5708 uaricula
3471 5656 3670 5728 saepius
3720 5670 3977 5733 usurpata
4029 5679 4062 5719 a
4117 5663 4179 5721 ὃ.

2578 5716 2735 5775 Dect.
