  <div class='ocr_page' id='page_1' title='image "/cluster/home/n/w/nwhite01/storage/ocr_20150623/144-145/uc1.31175001639262/584.png"; bbox 0 0 5392 6508; ppageno 0'>
   <div class='ocr_carea' id='block_1_1' title="bbox 3781 285 3809 295">
    <p class='ocr_par' dir='ltr' id='par_1_1' title="bbox 3781 285 3809 295">
     <span class='ocr_line' id='line_1_1' title="bbox 3781 285 3809 295; baseline 0 0"><span class='ocrx_word' id='word_1_1' title='bbox 3781 285 3809 295; x_wconf 51' lang='grc' dir='ltr'><strong><em>η</em></strong></span> 
     </span>
    </p>
   </div>
   <div class='ocr_carea' id='block_1_2' title="bbox 925 364 4234 449">
    <p class='ocr_par' dir='ltr' id='par_1_2' title="bbox 925 364 4234 449">
     <span class='ocr_line' id='line_1_2' title="bbox 925 364 4234 449; baseline -0.002 -17"><span class='ocrx_word' id='word_1_2' title='bbox 925 383 999 449; x_wconf 66' lang='grc' dir='ltr'><strong>υ</strong></span> <span class='ocrx_word' id='word_1_3' title='bbox 1909 364 2157 430; x_wconf 72' lang='lat' dir='ltr'><strong>orusc.</strong></span> <span class='ocrx_word' id='word_1_4' title='bbox 2189 368 2257 425; x_wconf 90' lang='lat' dir='ltr'><strong>v.</strong></span> <span class='ocrx_word' id='word_1_5' title='bbox 2297 397 2370 412; x_wconf 82' lang='grc'><strong><em>-</em></strong></span> <span class='ocrx_word' id='word_1_6' title='bbox 2398 368 2625 426; x_wconf 63' lang='lat' dir='ltr'><strong>acres</strong></span> <span class='ocrx_word' id='word_1_7' title='bbox 2665 368 3237 428; x_wconf 74' lang='lat' dir='ltr'><strong>MEDIOLANENSIS.</strong></span> <span class='ocrx_word' id='word_1_8' title='bbox 4162 366 4234 427; x_wconf 77' lang='lat' dir='ltr'><strong>so</strong></span> 
     </span>
    </p>
   </div>
   <div class='ocr_carea' id='block_1_3' title="bbox 928 481 4235 564">
    <p class='ocr_par' dir='ltr' id='par_1_3' title="bbox 928 481 4235 564">
     <span class='ocr_line' id='line_1_3' title="bbox 928 481 4235 564; baseline -0.005 -9"><span class='ocrx_word' id='word_1_9' title='bbox 928 513 1063 556; x_wconf 87' lang='lat' dir='ltr'><strong>rona</strong></span> <span class='ocrx_word' id='word_1_10' title='bbox 1096 509 1260 564; x_wconf 82' lang='lat' dir='ltr'><strong>aurea</strong></span> <span class='ocrx_word' id='word_1_11' title='bbox 1308 507 1473 564; x_wconf 83' lang='lat' dir='ltr'><strong>super</strong></span> <span class='ocrx_word' id='word_1_12' title='bbox 1514 488 1731 564; x_wconf 65' lang='lat' dir='ltr'><strong>mitram</strong></span> <span class='ocrx_word' id='word_1_13' title='bbox 1753 484 1892 556; x_wconf 83' lang='lat' dir='ltr'><strong>ejus,</strong></span> <span class='ocrx_word' id='word_1_14' title='bbox 1924 500 2180 564; x_wconf 76' lang='lat' dir='ltr'><strong>expressa</strong></span> <span class='ocrx_word' id='word_1_15' title='bbox 2210 485 2517 564; x_wconf 58' lang='lat' dir='ltr'><strong>signmsan-</strong></span> <span class='ocrx_word' id='word_1_16' title='bbox 2553 496 2599 553; x_wconf 73' lang='grc' dir='ltr'><strong>Α</strong></span> <span class='ocrx_word' id='word_1_17' title='bbox 2626 484 3109 564; x_wconf 49' lang='lat' dir='ltr'><strong>vulgouappellant,</strong></span> <span class='ocrx_word' id='word_1_18' title='bbox 3145 484 3318 564; x_wconf 80' lang='lat' dir='ltr'><strong>tribus</strong></span> <span class='ocrx_word' id='word_1_19' title='bbox 3352 481 3663 564; x_wconf 73' lang='lat' dir='ltr'><strong>distinctam</strong></span> <span class='ocrx_word' id='word_1_20' title='bbox 3690 490 4046 555; x_wconf 76' lang='lat' dir='ltr'><strong>ornatamque</strong></span> <span class='ocrx_word' id='word_1_21' title='bbox 4075 496 4235 564; x_wconf 82' lang='lat' dir='ltr'><strong>coro-</strong></span> 
     </span>
    </p>
   </div>
   <div class='ocr_carea' id='block_1_4' title="bbox 929 554 2522 631">
    <p class='ocr_par' dir='ltr' id='par_1_4' title="bbox 929 554 2522 631">
     <span class='ocr_line' id='line_1_4' title="bbox 929 554 2522 631; baseline -0.004 -16"><span class='ocrx_word' id='word_1_22' title='bbox 929 554 1577 631; x_wconf 58' lang='lat' dir='ltr'><strong>;.iitaiis(1-:cm.3.,v)..</strong></span> <span class='ocrx_word' id='word_1_23' title='bbox 1632 554 1931 612; x_wconf 72' lang='grc' dir='ltr'>Νειηιόιιιιι</span> <span class='ocrx_word' id='word_1_24' title='bbox 1984 554 2357 631; x_wconf 72' lang='lat' dir='ltr'><strong>Sacerdotibus</strong></span> <span class='ocrx_word' id='word_1_25' title='bbox 2402 554 2522 609; x_wconf 87' lang='lat' dir='ltr'><strong>aliis</strong></span> 
     </span>
    </p>
   </div>
   <div class='ocr_carea' id='block_1_5' title="bbox 929 626 2519 708">
    <p class='ocr_par' dir='ltr' id='par_1_5' title="bbox 929 626 2519 708">
     <span class='ocr_line' id='line_1_5' title="bbox 929 626 2519 708; baseline -0.009 -15"><span class='ocrx_word' id='word_1_26' title='bbox 929 638 1007 693; x_wconf 73' lang='lat' dir='ltr'><strong>uti</strong></span> <span class='ocrx_word' id='word_1_27' title='bbox 1037 626 1241 708; x_wconf 81' lang='lat' dir='ltr'><strong>cydari,</strong></span> <span class='ocrx_word' id='word_1_28' title='bbox 1270 650 1362 708; x_wconf 83' lang='lat' dir='ltr'><strong>seu</strong></span> <span class='ocrx_word' id='word_1_29' title='bbox 1389 626 1543 708; x_wconf 80' lang='lat' dir='ltr'><strong>mitra</strong></span> <span class='ocrx_word' id='word_1_30' title='bbox 1572 641 1891 707; x_wconf 79' lang='lat' dir='ltr'><strong>concessum</strong></span> <span class='ocrx_word' id='word_1_31' title='bbox 1913 635 2056 708; x_wconf 82' lang='lat' dir='ltr'><strong>esset</strong></span> <span class='ocrx_word' id='word_1_32' title='bbox 2080 643 2092 679; x_wconf 92' lang='lat'><strong>:</strong></span> <span class='ocrx_word' id='word_1_33' title='bbox 2120 626 2324 708; x_wconf 76' lang='lat' dir='ltr'><strong>lamina</strong></span> <span class='ocrx_word' id='word_1_34' title='bbox 2341 632 2519 708; x_wconf 84' lang='lat' dir='ltr'><strong>tamen</strong></span> 
     </span>
    </p>
   </div>
   <div class='ocr_carea' id='block_1_6' title="bbox 928 698 2521 768">
    <p class='ocr_par' dir='ltr' id='par_1_6' title="bbox 928 698 2521 768">
     <span class='ocr_line' id='line_1_6' title="bbox 928 698 2521 768; baseline -0.008 -7"><span class='ocrx_word' id='word_1_35' title='bbox 928 698 1093 762; x_wconf 71' lang='lat' dir='ltr'><strong>aurea</strong></span> <span class='ocrx_word' id='word_1_36' title='bbox 1124 746 1139 768; x_wconf 89' lang='lat'><strong>,</strong></span> <span class='ocrx_word' id='word_1_37' title='bbox 1190 715 1248 758; x_wconf 91' lang='lat' dir='ltr'><strong>ut</strong></span> <span class='ocrx_word' id='word_1_38' title='bbox 1298 701 1561 760; x_wconf 80' lang='lat' dir='ltr'><strong>dicebam.</strong></span> <span class='ocrx_word' id='word_1_39' title='bbox 1605 698 1785 752; x_wconf 88' lang='lat' dir='ltr'><strong>ornari</strong></span> <span class='ocrx_word' id='word_1_40' title='bbox 1835 706 2015 764; x_wconf 86' lang='lat' dir='ltr'><strong>caput.</strong></span> <span class='ocrx_word' id='word_1_41' title='bbox 2058 698 2251 750; x_wconf 87' lang='lat' dir='ltr'><strong>summi</strong></span> <span class='ocrx_word' id='word_1_42' title='bbox 2312 703 2521 748; x_wconf 88' lang='lat' dir='ltr'><strong>tantum</strong></span> 
     </span>
    </p>
   </div>
   <div class='ocr_carea' id='block_1_7' title="bbox 929 768 2518 850">
    <p class='ocr_par' dir='ltr' id='par_1_7' title="bbox 929 768 2518 850">
     <span class='ocr_line' id='line_1_7' title="bbox 929 768 2518 850; baseline -0.009 -19"><span class='ocrx_word' id='word_1_43' title='bbox 929 775 1199 850; x_wconf 78' lang='lat' dir='ltr'><strong>pontificis</strong></span> <span class='ocrx_word' id='word_1_44' title='bbox 1226 784 1343 828; x_wconf 87' lang='lat' dir='ltr'><strong>erat</strong></span> <span class='ocrx_word' id='word_1_45' title='bbox 1369 769 1639 850; x_wconf 75' lang='lat' dir='ltr'><strong>peculiare</strong></span> <span class='ocrx_word' id='word_1_46' title='bbox 1662 785 1685 850; x_wconf 33' lang='grc' dir='ltr'><strong>σε</strong></span> <span class='ocrx_word' id='word_1_47' title='bbox 1718 769 1861 850; x_wconf 78' lang='lat' dir='ltr'><strong>quod</strong></span> <span class='ocrx_word' id='word_1_48' title='bbox 1918 768 2093 850; x_wconf 65' lang='lat' dir='ltr'><strong>mitrae</strong></span> <span class='ocrx_word' id='word_1_49' title='bbox 2134 775 2518 850; x_wconf 73' lang='lat' dir='ltr'><strong>ornamentum</strong></span> 
     </span>
    </p>
   </div>
   <div class='ocr_carea' id='block_1_8' title="bbox 930 838 2518 900">
    <p class='ocr_par' dir='ltr' id='par_1_8' title="bbox 930 838 2518 900">
     <span class='ocr_line' id='line_1_8' title="bbox 930 838 2518 900; baseline -0.008 -1"><span class='ocrx_word' id='word_1_50' title='bbox 930 838 1053 900; x_wconf 62' lang='lat' dir='ltr'><strong>cum</strong></span> <span class='ocrx_word' id='word_1_51' title='bbox 1077 845 1247 899; x_wconf 89' lang='lat' dir='ltr'><strong>tribus</strong></span> <span class='ocrx_word' id='word_1_52' title='bbox 1284 838 1463 894; x_wconf 87' lang='lat' dir='ltr'><strong>aureis</strong></span> <span class='ocrx_word' id='word_1_53' title='bbox 1490 838 1706 894; x_wconf 90' lang='lat' dir='ltr'><strong>coronis</strong></span> <span class='ocrx_word' id='word_1_54' title='bbox 1734 838 2087 898; x_wconf 83' lang='lat' dir='ltr'><strong>intexeretur,</strong></span> <span class='ocrx_word' id='word_1_55' title='bbox 2119 850 2317 888; x_wconf 93' lang='lat' dir='ltr'><strong>corona</strong></span> <span class='ocrx_word' id='word_1_56' title='bbox 2354 838 2518 889; x_wconf 87' lang='lat' dir='ltr'><strong>etiam</strong></span> 
     </span>
    </p>
   </div>
   <div class='ocr_carea' id='block_1_9' title="bbox 930 902 2521 987">
    <p class='ocr_par' dir='ltr' id='par_1_9' title="bbox 930 902 2521 987">
     <span class='ocr_line' id='line_1_9' title="bbox 930 902 2521 987; baseline -0.007 -19"><span class='ocrx_word' id='word_1_57' title='bbox 930 916 984 968; x_wconf 88' lang='lat' dir='ltr'><strong>in</strong></span> <span class='ocrx_word' id='word_1_58' title='bbox 1023 914 1195 970; x_wconf 89' lang='lat' dir='ltr'><strong>sacris</strong></span> <span class='ocrx_word' id='word_1_59' title='bbox 1229 904 2309 987; x_wconf 37' lang='lat' dir='ltr'><strong>Litte_ris_jtire_;merito-appellaturhfi).</strong></span> <span class='ocrx_word' id='word_1_60' title='bbox 2347 902 2521 960; x_wconf 70' lang='lat' dir='ltr'><strong>Czete-</strong></span> 
     </span>
    </p>
   </div>
   <div class='ocr_carea' id='block_1_10' title="bbox 930 974 2521 1046">
    <p class='ocr_par' dir='ltr' id='par_1_10' title="bbox 930 974 2521 1046">
     <span class='ocr_line' id='line_1_10' title="bbox 930 974 2521 1046; baseline -0.006 -9"><span class='ocrx_word' id='word_1_61' title='bbox 930 1000 1048 1039; x_wconf 89' lang='lat' dir='ltr'><strong>rum</strong></span> <span class='ocrx_word' id='word_1_62' title='bbox 1080 998 1200 1039; x_wconf 90' lang='lat' dir='ltr'><strong>cum</strong></span> <span class='ocrx_word' id='word_1_63' title='bbox 1234 980 1413 1033; x_wconf 86' lang='lat' dir='ltr'><strong>omnia</strong></span> <span class='ocrx_word' id='word_1_64' title='bbox 1444 978 1556 1033; x_wconf 83' lang='lat' dir='ltr'><strong>fere</strong></span> <span class='ocrx_word' id='word_1_65' title='bbox 1588 977 1800 1033; x_wconf 85' lang='lat' dir='ltr'><strong>Veteris</strong></span> <span class='ocrx_word' id='word_1_66' title='bbox 1830 974 1987 1046; x_wconf 75' lang='lat' dir='ltr'><strong>Legis</strong></span> <span class='ocrx_word' id='word_1_67' title='bbox 2013 974 2521 1046; x_wconf 73' lang='lat' dir='ltr'><strong>Pontificumorna—</strong></span> 
     </span>
    </p>
   </div>
   <div class='ocr_carea' id='block_1_11' title="bbox 930 1044 2516 1109">
    <p class='ocr_par' dir='ltr' id='par_1_11' title="bbox 930 1044 2516 1109">
     <span class='ocr_line' id='line_1_11' title="bbox 930 1044 2516 1109; baseline -0.006 -2"><span class='ocrx_word' id='word_1_68' title='bbox 930 1063 1110 1109; x_wconf 83' lang='lat' dir='ltr'><strong>menta</strong></span> <span class='ocrx_word' id='word_1_69' title='bbox 1159 1065 1263 1105; x_wconf 88' lang='lat' dir='ltr'><strong>una</strong></span> <span class='ocrx_word' id='word_1_70' title='bbox 1312 1065 1435 1106; x_wconf 90' lang='lat' dir='ltr'><strong>cum</strong></span> <span class='ocrx_word' id='word_1_71' title='bbox 1480 1063 1692 1105; x_wconf 87' lang='lat' dir='ltr'><strong>summo</strong></span> <span class='ocrx_word' id='word_1_72' title='bbox 1745 1044 2069 1102; x_wconf 81' lang='lat' dir='ltr'><strong>sacerdotio.</strong></span> <span class='ocrx_word' id='word_1_73' title='bbox 2121 1045 2173 1099; x_wconf 87' lang='lat' dir='ltr'><strong>in</strong></span> <span class='ocrx_word' id='word_1_74' title='bbox 2220 1044 2516 1100; x_wconf 81' lang='lat' dir='ltr'><strong>Ecclesiam</strong></span> 
     </span>
    </p>
   </div>
   <div class='ocr_carea' id='block_1_12' title="bbox 928 1114 2515 1201">
    <p class='ocr_par' dir='ltr' id='par_1_12' title="bbox 928 1114 2515 1201">
     <span class='ocr_line' id='line_1_12' title="bbox 928 1114 2515 1201; baseline -0.007 -23"><span class='ocrx_word' id='word_1_75' title='bbox 928 1122 1228 1201; x_wconf 59' lang='lat' dir='ltr'><strong>Romanam</strong></span> <span class='ocrx_word' id='word_1_76' title='bbox 1249 1119 1373 1188; x_wconf 86' lang='lat' dir='ltr'><strong>jure</strong></span> <span class='ocrx_word' id='word_1_77' title='bbox 1396 1120 1600 1201; x_wconf 75' lang='lat' dir='ltr'><strong>optimo</strong></span> <span class='ocrx_word' id='word_1_78' title='bbox 1628 1116 1887 1201; x_wconf 75' lang='lat' dir='ltr'><strong>translata</strong></span> <span class='ocrx_word' id='word_1_79' title='bbox 1908 1115 2157 1201; x_wconf 48' lang='lat' dir='ltr'><strong>iueript,</strong></span> <span class='ocrx_word' id='word_1_80' title='bbox 2191 1114 2321 1201; x_wconf 73' lang='lat' dir='ltr'><strong>illud</strong></span> <span class='ocrx_word' id='word_1_81' title='bbox 2352 1116 2515 1201; x_wconf 74' lang='lat' dir='ltr'><strong>etiam</strong></span> 
     </span>
    </p>
   </div>
   <div class='ocr_carea' id='block_1_13' title="bbox 925 1184 2514 1265">
    <p class='ocr_par' dir='ltr' id='par_1_13' title="bbox 925 1184 2514 1265">
     <span class='ocr_line' id='line_1_13' title="bbox 925 1184 2514 1265; baseline -0.007 -19"><span class='ocrx_word' id='word_1_82' title='bbox 925 1193 1065 1265; x_wconf 60' lang='lat' dir='ltr'><strong>scitu</strong></span> <span class='ocrx_word' id='word_1_83' title='bbox 1115 1184 1333 1265; x_wconf 81' lang='lat' dir='ltr'><strong>dignum</strong></span> <span class='ocrx_word' id='word_1_84' title='bbox 1399 1184 1610 1243; x_wconf 87' lang='lat' dir='ltr'><strong>videtur</strong></span> <span class='ocrx_word' id='word_1_85' title='bbox 1641 1227 1663 1265; x_wconf 22' lang='grc' dir='ltr'><strong>,Α</strong></span> <span class='ocrx_word' id='word_1_86' title='bbox 1708 1188 1850 1256; x_wconf 92' lang='lat' dir='ltr'><strong>quod</strong></span> <span class='ocrx_word' id='word_1_87' title='bbox 1906 1184 2215 1265; x_wconf 77' lang='lat' dir='ltr'><strong>Bonifacius</strong></span> <span class='ocrx_word' id='word_1_88' title='bbox 2270 1184 2514 1265; x_wconf 66' lang='lat' dir='ltr'><strong>ejusdem</strong></span> 
     </span>
    </p>
   </div>
   <div class='ocr_carea' id='block_1_14' title="bbox 928 1252 2514 1329">
    <p class='ocr_par' dir='ltr' id='par_1_14' title="bbox 928 1252 2514 1329">
     <span class='ocr_line' id='line_1_14' title="bbox 928 1252 2514 1329; baseline -0.006 -13"><span class='ocrx_word' id='word_1_89' title='bbox 928 1252 1199 1318; x_wconf 56' lang='lat' dir='ltr'><strong>Erclesize&#39;</strong></span> <span class='ocrx_word' id='word_1_90' title='bbox 1240 1268 1389 1329; x_wconf 91' lang='lat' dir='ltr'><strong>pont.</strong></span> <span class='ocrx_word' id='word_1_91' title='bbox 1442 1274 1588 1326; x_wconf 80' lang='lat' dir='ltr'><strong>max.</strong></span> <span class='ocrx_word' id='word_1_92' title='bbox 1644 1252 1864 1328; x_wconf 68' lang='lat' dir='ltr'><strong>(praeter</strong></span> <span class='ocrx_word' id='word_1_93' title='bbox 1911 1257 2203 1329; x_wconf 81' lang='lat' dir='ltr'><strong>salutarem</strong></span> <span class='ocrx_word' id='word_1_94' title='bbox 2262 1252 2514 1317; x_wconf 80' lang='lat' dir='ltr'><strong>Jubihei,</strong></span> 
     </span>
    </p>
   </div>
   <div class='ocr_carea' id='block_1_15' title="bbox 924 1327 2518 1400">
    <p class='ocr_par' dir='ltr' id='par_1_15' title="bbox 924 1327 2518 1400">
     <span class='ocr_line' id='line_1_15' title="bbox 924 1327 2518 1400; baseline -0.006 -15"><span class='ocrx_word' id='word_1_95' title='bbox 924 1327 1251 1400; x_wconf 79' lang='lat' dir='ltr'><strong>sacramque</strong></span> <span class='ocrx_word' id='word_1_96' title='bbox 1305 1327 1691 1400; x_wconf 82' lang='lat' dir='ltr'><strong>institutionem</strong></span> <span class='ocrx_word' id='word_1_97' title='bbox 1738 1327 2051 1400; x_wconf 81' lang='lat' dir='ltr'><strong>centesimo</strong></span> <span class='ocrx_word' id='word_1_98' title='bbox 2100 1339 2318 1395; x_wconf 86' lang='lat' dir='ltr'><strong>quoque</strong></span> <span class='ocrx_word' id='word_1_99' title='bbox 2374 1340 2518 1377; x_wconf 91' lang='lat' dir='ltr'><strong>anno</strong></span> 
     </span>
    </p>
   </div>
   <div class='ocr_carea' id='block_1_16' title="bbox 922 1397 2514 1469">
    <p class='ocr_par' dir='ltr' id='par_1_16' title="bbox 922 1397 2514 1469">
     <span class='ocr_line' id='line_1_16' title="bbox 922 1397 2514 1469; baseline -0.006 -14"><span class='ocrx_word' id='word_1_100' title='bbox 922 1397 1323 1469; x_wconf 55' lang='lat' dir='ltr'><strong>celebrandam)</strong></span> <span class='ocrx_word' id='word_1_101' title='bbox 1349 1397 1653 1467; x_wconf 73' lang='lat' dir='ltr'><strong>hujusmbdi</strong></span> <span class='ocrx_word' id='word_1_102' title='bbox 1676 1398 1839 1451; x_wconf 86' lang='lat' dir='ltr'><strong>etiam</strong></span> <span class='ocrx_word' id='word_1_103' title='bbox 1864 1398 2078 1461; x_wconf 89' lang='lat' dir='ltr'><strong>tiaram,</strong></span> <span class='ocrx_word' id='word_1_104' title='bbox 2104 1410 2266 1465; x_wconf 86' lang='lat' dir='ltr'><strong>quam</strong></span> <span class='ocrx_word' id='word_1_105' title='bbox 2290 1408 2514 1465; x_wconf 77' lang='lat' dir='ltr'><strong>regnum</strong></span> 
     </span>
    </p>
   </div>
   <div class='ocr_carea' id='block_1_17' title="bbox 994 1505 2517 1579">
    <p class='ocr_par' dir='ltr' id='par_1_17' title="bbox 994 1505 2517 1579">
     <span class='ocr_line' id='line_1_17' title="bbox 994 1505 2517 1579; baseline -0.003 -17"><span class='ocrx_word' id='word_1_106' title='bbox 994 1508 1070 1579; x_wconf 81' lang='grc' dir='ltr'><strong>(ι)</strong></span> <span class='ocrx_word' id='word_1_107' title='bbox 1111 1508 1168 1563; x_wconf 78' lang='lat' dir='ltr'><strong>S.</strong></span> <span class='ocrx_word' id='word_1_108' title='bbox 1201 1507 1424 1564; x_wconf 82' lang='lat' dir='ltr'><strong>Petrum</strong></span> <span class='ocrx_word' id='word_1_109' title='bbox 1457 1517 1568 1562; x_wconf 89' lang='lat' dir='ltr'><strong>tres</strong></span> <span class='ocrx_word' id='word_1_110' title='bbox 1603 1506 1771 1579; x_wconf 83' lang='lat' dir='ltr'><strong>etiam</strong></span> <span class='ocrx_word' id='word_1_111' title='bbox 1812 1505 1996 1579; x_wconf 73' lang='lat' dir='ltr'><strong>claves</strong></span> <span class='ocrx_word' id='word_1_112' title='bbox 2037 1518 2202 1559; x_wconf 86' lang='lat' dir='ltr'><strong>manu</strong></span> <span class='ocrx_word' id='word_1_113' title='bbox 2244 1511 2517 1558; x_wconf 88' lang='lat' dir='ltr'><strong>tenentem</strong></span> 
     </span>
    </p>
   </div>
   <div class='ocr_carea' id='block_1_18' title="bbox 921 1575 2522 1649">
    <p class='ocr_par' dir='ltr' id='par_1_18' title="bbox 921 1575 2522 1649">
     <span class='ocr_line' id='line_1_18' title="bbox 921 1575 2522 1649; baseline -0.002 -17"><span class='ocrx_word' id='word_1_114' title='bbox 921 1575 1089 1649; x_wconf 78' lang='lat' dir='ltr'><strong>fuisse</strong></span> <span class='ocrx_word' id='word_1_115' title='bbox 1113 1579 1452 1649; x_wconf 78' lang='lat' dir='ltr'><strong>designatum</strong></span> <span class='ocrx_word' id='word_1_116' title='bbox 1474 1577 1840 1633; x_wconf 83' lang='lat' dir='ltr'><strong>vetustissima</strong></span> <span class='ocrx_word' id='word_1_117' title='bbox 1871 1575 2030 1633; x_wconf 82' lang='lat' dir='ltr'><strong>Urbis</strong></span> <span class='ocrx_word' id='word_1_118' title='bbox 2055 1584 2406 1630; x_wconf 87' lang='lat' dir='ltr'><strong>monumenta</strong></span> <span class='ocrx_word' id='word_1_119' title='bbox 2433 1588 2522 1628; x_wconf 88' lang='lat' dir='ltr'><strong>me</strong></span> 
     </span>
    </p>
   </div>
   <div class='ocr_carea' id='block_1_19' title="bbox 922 1648 1243 1704">
    <p class='ocr_par' dir='ltr' id='par_1_19' title="bbox 922 1648 1243 1704">
     <span class='ocr_line' id='line_1_19' title="bbox 922 1648 1243 1704; baseline 0.006 -3"><span class='ocrx_word' id='word_1_120' title='bbox 922 1648 1243 1704; x_wconf 78' lang='lat' dir='ltr'><strong>docuerunt.</strong></span> 
     </span>
    </p>
   </div>
   <div class='ocr_carea' id='block_1_20' title="bbox 2628 553 4234 624">
    <p class='ocr_par' dir='ltr' id='par_1_20' title="bbox 2628 553 4234 624">
     <span class='ocr_line' id='line_1_20' title="bbox 2628 553 4234 624; baseline -0.001 -16"><span class='ocrx_word' id='word_1_121' title='bbox 2628 553 2835 624; x_wconf 55' lang='lat' dir='ltr'><strong>nis&#39;(5)</strong></span> <span class='ocrx_word' id='word_1_122' title='bbox 2894 557 3037 623; x_wconf 87' lang='lat' dir='ltr'><strong>(cum</strong></span> <span class='ocrx_word' id='word_1_123' title='bbox 3081 555 3325 624; x_wconf 85' lang='lat' dir='ltr'><strong>eamdem</strong></span> <span class='ocrx_word' id='word_1_124' title='bbox 3388 561 3545 607; x_wconf 89' lang='lat' dir='ltr'><strong>antea</strong></span> <span class='ocrx_word' id='word_1_125' title='bbox 3608 554 3801 607; x_wconf 81' lang='lat' dir='ltr'><strong>tiaram</strong></span> <span class='ocrx_word' id='word_1_126' title='bbox 3864 553 3972 624; x_wconf 78' lang='lat' dir='ltr'><strong>una</strong></span> <span class='ocrx_word' id='word_1_127' title='bbox 4014 561 4234 611; x_wconf 80' lang='lat' dir='ltr'><strong>tantum</strong></span> 
     </span>
    </p>
   </div>
   <div class='ocr_carea' id='block_1_21' title="bbox 2626 622 4235 695">
    <p class='ocr_par' dir='ltr' id='par_1_21' title="bbox 2626 622 4235 695">
     <span class='ocr_line' id='line_1_21' title="bbox 2626 622 4235 695; baseline -0.001 -16"><span class='ocrx_word' id='word_1_128' title='bbox 2626 622 2826 695; x_wconf 72' lang='lat' dir='ltr'><strong>corona</strong></span> <span class='ocrx_word' id='word_1_129' title='bbox 2880 625 3191 695; x_wconf 85' lang='lat' dir='ltr'><strong>insignitam</strong></span> <span class='ocrx_word' id='word_1_130' title='bbox 3240 623 3359 691; x_wconf 85' lang='lat' dir='ltr'><strong>ejus</strong></span> <span class='ocrx_word' id='word_1_131' title='bbox 3402 634 3777 677; x_wconf 79' lang='lat' dir='ltr'><strong>antecessores</strong></span> <span class='ocrx_word' id='word_1_132' title='bbox 3817 622 4117 695; x_wconf 84' lang='lat' dir='ltr'><strong>deferrent)</strong></span> <span class='ocrx_word' id='word_1_133' title='bbox 4166 623 4235 679; x_wconf 85' lang='lat' dir='ltr'><strong>ad</strong></span> 
     </span>
    </p>
   </div>
   <div class='ocr_carea' id='block_1_22' title="bbox 2626 694 4235 763">
    <p class='ocr_par' dir='ltr' id='par_1_22' title="bbox 2626 694 4235 763">
     <span class='ocr_line' id='line_1_22' title="bbox 2626 694 4235 763; baseline 0 -15"><span class='ocrx_word' id='word_1_134' title='bbox 2626 694 2939 763; x_wconf 76' lang='lat' dir='ltr'><strong>pontificum</strong></span> <span class='ocrx_word' id='word_1_135' title='bbox 2968 694 3333 763; x_wconf 75' lang='lat' dir='ltr'><strong>Romanorum</strong></span> <span class='ocrx_word' id='word_1_136' title='bbox 3366 708 3521 747; x_wconf 88' lang='lat' dir='ltr'><strong>nsum</strong></span> <span class='ocrx_word' id='word_1_137' title='bbox 3553 695 3761 763; x_wconf 81' lang='lat' dir='ltr'><strong>primus</strong></span> <span class='ocrx_word' id='word_1_138' title='bbox 3786 694 4103 749; x_wconf 60' lang='lat' dir='ltr'><strong>revocavit.</strong></span> <span class='ocrx_word' id='word_1_139' title='bbox 4132 695 4235 749; x_wconf 80' lang='lat' dir='ltr'><strong>llic</strong></span> 
     </span>
    </p>
   </div>
   <div class='ocr_carea' id='block_1_23' title="bbox 2626 762 4233 823">
    <p class='ocr_par' dir='ltr' id='par_1_23' title="bbox 2626 762 4233 823">
     <span class='ocr_line' id='line_1_23' title="bbox 2626 762 4233 823; baseline -0.002 -4"><span class='ocrx_word' id='word_1_140' title='bbox 2626 762 2709 819; x_wconf 85' lang='lat' dir='ltr'><strong>est</strong></span> <span class='ocrx_word' id='word_1_141' title='bbox 2755 764 2842 820; x_wconf 89' lang='lat' dir='ltr'><strong>ille</strong></span> <span class='ocrx_word' id='word_1_142' title='bbox 2894 763 3130 820; x_wconf 81' lang='lat' dir='ltr'><strong>Octavus</strong></span> <span class='ocrx_word' id='word_1_143' title='bbox 3178 762 3488 819; x_wconf 80' lang='lat' dir='ltr'><strong>Bonifacius</strong></span> <span class='ocrx_word' id='word_1_144' title='bbox 3543 777 3611 817; x_wconf 80' lang='lat' dir='ltr'><strong>ex</strong></span> <span class='ocrx_word' id='word_1_145' title='bbox 3661 764 3847 823; x_wconf 87' lang='lat' dir='ltr'><strong>nobili.</strong></span> <span class='ocrx_word' id='word_1_146' title='bbox 3896 780 3962 820; x_wconf 87' lang='lat' dir='ltr'><strong>ac</strong></span> <span class='ocrx_word' id='word_1_147' title='bbox 4012 772 4233 820; x_wconf 83' lang='lat' dir='ltr'><strong>vetusta</strong></span> 
     </span>
    </p>
   </div>
   <div class='ocr_carea' id='block_1_24' title="bbox 2626 832 4235 904">
    <p class='ocr_par' dir='ltr' id='par_1_24' title="bbox 2626 832 4235 904">
     <span class='ocr_line' id='line_1_24' title="bbox 2626 832 4235 904; baseline -0.001 -17"><span class='ocrx_word' id='word_1_148' title='bbox 2626 833 3007 902; x_wconf 84' lang='lat' dir='ltr'><strong>Cajetanorum</strong></span> <span class='ocrx_word' id='word_1_149' title='bbox 3045 834 3267 897; x_wconf 81' lang='lat' dir='ltr'><strong>familia,</strong></span> <span class='ocrx_word' id='word_1_150' title='bbox 3309 844 3465 904; x_wconf 85' lang='lat' dir='ltr'><strong>patre</strong></span> <span class='ocrx_word' id='word_1_151' title='bbox 3500 832 3777 890; x_wconf 83' lang='lat' dir='ltr'><strong>Livifredo</strong></span> <span class='ocrx_word' id='word_1_152' title='bbox 3811 835 4012 904; x_wconf 85' lang='lat' dir='ltr'><strong>equite,</strong></span> <span class='ocrx_word' id='word_1_153' title='bbox 4051 844 4235 889; x_wconf 85' lang='lat' dir='ltr'><strong>matre</strong></span> 
     </span>
    </p>
   </div>
   <div class='ocr_carea' id='block_1_25' title="bbox 2626 904 4233 977">
    <p class='ocr_par' dir='ltr' id='par_1_25' title="bbox 2626 904 4233 977">
     <span class='ocr_line' id='line_1_25' title="bbox 2626 904 4233 977; baseline 0.001 -20"><span class='ocrx_word' id='word_1_154' title='bbox 2626 905 2920 977; x_wconf 67' lang='lat' dir='ltr'><strong>Alexandri</strong></span> <span class='ocrx_word' id='word_1_155' title='bbox 2953 904 3020 959; x_wconf 77' lang='grc' dir='ltr'>ιν</span> <span class='ocrx_word' id='word_1_156' title='bbox 3047 913 3228 977; x_wconf 83' lang='lat' dir='ltr'><strong>nepte,</strong></span> <span class='ocrx_word' id='word_1_157' title='bbox 3256 904 3571 977; x_wconf 56' lang='lat' dir='ltr'><strong>progenitus</strong></span> <span class='ocrx_word' id='word_1_158' title='bbox 3600 920 3613 957; x_wconf 90' lang='lat'><strong>:</strong></span> <span class='ocrx_word' id='word_1_159' title='bbox 3652 905 3744 977; x_wconf 86' lang='lat' dir='ltr'><strong>qui</strong></span> <span class='ocrx_word' id='word_1_160' title='bbox 3777 909 3861 974; x_wconf 83' lang='lat' dir='ltr'><strong>(ut</strong></span> <span class='ocrx_word' id='word_1_161' title='bbox 3896 906 4039 977; x_wconf 84' lang='lat' dir='ltr'><strong>inter</strong></span> <span class='ocrx_word' id='word_1_162' title='bbox 4088 905 4233 959; x_wconf 85' lang='lat' dir='ltr'><strong>alios</strong></span> 
     </span>
    </p>
   </div>
   <div class='ocr_carea' id='block_1_26' title="bbox 2625 974 4232 1044">
    <p class='ocr_par' dir='ltr' id='par_1_26' title="bbox 2625 974 4232 1044">
     <span class='ocr_line' id='line_1_26' title="bbox 2625 974 4232 1044; baseline 0.001 -17"><span class='ocrx_word' id='word_1_163' title='bbox 2625 975 2933 1044; x_wconf 78' lang='lat' dir='ltr'><strong>Antoninus</strong></span> <span class='ocrx_word' id='word_1_164' title='bbox 2968 974 3412 1044; x_wconf 85' lang='lat' dir='ltr'><strong>archiepiscopus</strong></span> <span class='ocrx_word' id='word_1_165' title='bbox 3446 974 3791 1032; x_wconf 83' lang='lat' dir='ltr'><strong>Florentinus</strong></span> <span class='ocrx_word' id='word_1_166' title='bbox 3842 975 4132 1030; x_wconf 82' lang='lat' dir='ltr'><strong>sanctitate</strong></span> <span class='ocrx_word' id='word_1_167' title='bbox 4166 988 4232 1028; x_wconf 88' lang='lat' dir='ltr'><strong>ac</strong></span> 
     </span>
    </p>
   </div>
   <div class='ocr_carea' id='block_1_27' title="bbox 2625 1043 4230 1115">
    <p class='ocr_par' dir='ltr' id='par_1_27' title="bbox 2625 1043 4230 1115">
     <span class='ocr_line' id='line_1_27' title="bbox 2625 1043 4230 1115; baseline 0.001 -18"><span class='ocrx_word' id='word_1_168' title='bbox 2625 1043 2869 1115; x_wconf 87' lang='lat' dir='ltr'><strong>doctrina</strong></span> <span class='ocrx_word' id='word_1_169' title='bbox 2900 1045 3227 1115; x_wconf 88' lang='lat' dir='ltr'><strong>conspicuus</strong></span> <span class='ocrx_word' id='word_1_170' title='bbox 3266 1046 3521 1111; x_wconf 82' lang='lat' dir='ltr'><strong>testatur)</strong></span> <span class='ocrx_word' id='word_1_171' title='bbox 3553 1044 3839 1099; x_wconf 78' lang='lat' dir='ltr'><strong>aemulator</strong></span> <span class='ocrx_word' id='word_1_172' title='bbox 3878 1060 4124 1114; x_wconf 86' lang='lat' dir='ltr'><strong>magnus,</strong></span> <span class='ocrx_word' id='word_1_173' title='bbox 4172 1053 4230 1099; x_wconf 80' lang='lat' dir='ltr'><strong>et</strong></span> 
     </span>
    </p>
   </div>
   <div class='ocr_carea' id='block_1_28' title="bbox 2619 1112 4229 1185">
    <p class='ocr_par' dir='ltr' id='par_1_28' title="bbox 2619 1112 4229 1185">
     <span class='ocr_line' id='line_1_28' title="bbox 2619 1112 4229 1185; baseline 0.002 -18"><span class='ocrx_word' id='word_1_174' title='bbox 2619 1112 2823 1185; x_wconf 86' lang='lat' dir='ltr'><strong>jurium</strong></span> <span class='ocrx_word' id='word_1_175' title='bbox 2868 1112 3123 1169; x_wconf 65' lang='lat' dir='ltr'><strong>Ecclesiae</strong></span> <span class='ocrx_word' id='word_1_176' title='bbox 3163 1124 3535 1179; x_wconf 84' lang='lat' dir='ltr'><strong>conservator,</strong></span> <span class='ocrx_word' id='word_1_177' title='bbox 3567 1126 3790 1185; x_wconf 89' lang='lat' dir='ltr'><strong>pr0ptcr</strong></span> <span class='ocrx_word' id='word_1_178' title='bbox 3828 1112 4229 1185; x_wconf 51' lang='lat' dir='ltr'><strong>sedis&#39;aposto-</strong></span> 
     </span>
    </p>
   </div>
   <div class='ocr_carea' id='block_1_29' title="bbox 2626 1184 4224 1253">
    <p class='ocr_par' dir='ltr' id='par_1_29' title="bbox 2626 1184 4224 1253">
     <span class='ocr_line' id='line_1_29' title="bbox 2626 1184 4224 1253; baseline 0 -17"><span class='ocrx_word' id='word_1_179' title='bbox 2626 1184 2744 1237; x_wconf 68' lang='lat' dir='ltr'><strong>lira:</strong></span> <span class='ocrx_word' id='word_1_180' title='bbox 2800 1186 3160 1253; x_wconf 85' lang='lat' dir='ltr'><strong>patrocinium</strong></span> <span class='ocrx_word' id='word_1_181' title='bbox 3189 1225 3205 1247; x_wconf 93' lang='lat'><strong>,</strong></span> <span class='ocrx_word' id='word_1_182' title='bbox 3262 1188 3525 1240; x_wconf 89' lang='lat' dir='ltr'><strong>adversus</strong></span> <span class='ocrx_word' id='word_1_183' title='bbox 3573 1185 3797 1239; x_wconf 87' lang='lat' dir='ltr'><strong>ditionis</strong></span> <span class='ocrx_word' id='word_1_184' title='bbox 3846 1202 3912 1240; x_wconf 88' lang='lat' dir='ltr'><strong>ac</strong></span> <span class='ocrx_word' id='word_1_185' title='bbox 3953 1184 4224 1240; x_wconf 86' lang='lat' dir='ltr'><strong>bonorum</strong></span> 
     </span>
    </p>
   </div>
   <div class='ocr_carea' id='block_1_30' title="bbox 2626 1253 4226 1325">
    <p class='ocr_par' dir='ltr' id='par_1_30' title="bbox 2626 1253 4226 1325">
     <span class='ocr_line' id='line_1_30' title="bbox 2626 1253 4226 1325; baseline 0 -17"><span class='ocrx_word' id='word_1_186' title='bbox 2626 1254 2769 1325; x_wconf 80' lang='lat' dir='ltr'><strong>illius</strong></span> <span class='ocrx_word' id='word_1_187' title='bbox 2802 1256 3117 1309; x_wconf 87' lang='lat' dir='ltr'><strong>detentores</strong></span> <span class='ocrx_word' id='word_1_188' title='bbox 3143 1256 3328 1310; x_wconf 89' lang='lat' dir='ltr'><strong>animo</strong></span> <span class='ocrx_word' id='word_1_189' title='bbox 3368 1255 3667 1310; x_wconf 84' lang='lat' dir='ltr'><strong>fortissimo</strong></span> <span class='ocrx_word' id='word_1_190' title='bbox 3707 1263 4120 1325; x_wconf 85' lang='lat' dir='ltr'><strong>susceptnm,et</strong></span> <span class='ocrx_word' id='word_1_191' title='bbox 4155 1253 4226 1308; x_wconf 83' lang='lat' dir='ltr'><strong>ad</strong></span> 
     </span>
    </p>
   </div>
   <div class='ocr_carea' id='block_1_31' title="bbox 2626 1324 4226 1395">
    <p class='ocr_par' dir='ltr' id='par_1_31' title="bbox 2626 1324 4226 1395">
     <span class='ocr_line' id='line_1_31' title="bbox 2626 1324 4226 1395; baseline 0 -17"><span class='ocrx_word' id='word_1_192' title='bbox 2626 1324 2787 1378; x_wconf 88' lang='lat' dir='ltr'><strong>finem</strong></span> <span class='ocrx_word' id='word_1_193' title='bbox 2818 1333 3134 1379; x_wconf 89' lang='lat' dir='ltr'><strong>constanter</strong></span> <span class='ocrx_word' id='word_1_194' title='bbox 3159 1328 3477 1393; x_wconf 90' lang='lat' dir='ltr'><strong>perductum</strong></span> <span class='ocrx_word' id='word_1_195' title='bbox 3510 1326 3812 1382; x_wconf 86' lang='lat' dir='ltr'><strong>innumeris</strong></span> <span class='ocrx_word' id='word_1_196' title='bbox 3836 1324 4226 1395; x_wconf 83' lang='lat' dir='ltr'><strong>malevolorum</strong></span> 
     </span>
    </p>
   </div>
   <div class='ocr_carea' id='block_1_32' title="bbox 2625 1394 3612 1451">
    <p class='ocr_par' dir='ltr' id='par_1_32' title="bbox 2625 1394 3612 1451">
     <span class='ocr_line' id='line_1_32' title="bbox 2625 1394 3612 1451; baseline 0.004 -4"><span class='ocrx_word' id='word_1_197' title='bbox 2625 1394 2913 1449; x_wconf 87' lang='lat' dir='ltr'><strong>calumniis</strong></span> <span class='ocrx_word' id='word_1_198' title='bbox 2941 1410 3001 1450; x_wconf 86' lang='lat' dir='ltr'><strong>se</strong></span> <span class='ocrx_word' id='word_1_199' title='bbox 3023 1395 3317 1451; x_wconf 78' lang='lat' dir='ltr'><strong>obnoxium</strong></span> <span class='ocrx_word' id='word_1_200' title='bbox 3359 1396 3612 1451; x_wconf 83' lang='lat' dir='ltr'><strong>reddidit.</strong></span> 
     </span>
    </p>
   </div>
   <div class='ocr_carea' id='block_1_33' title="bbox 2699 1504 4222 1579">
    <p class='ocr_par' dir='ltr' id='par_1_33' title="bbox 2699 1504 4222 1579">
     <span class='ocr_line' id='line_1_33' title="bbox 2699 1504 4222 1579; baseline 0 -17"><span class='ocrx_word' id='word_1_201' title='bbox 2699 1507 2776 1579; x_wconf 84' lang='lat'><strong>(5)</strong></span> <span class='ocrx_word' id='word_1_202' title='bbox 2823 1510 2897 1563; x_wconf 88' lang='lat' dir='ltr'><strong>De</strong></span> <span class='ocrx_word' id='word_1_203' title='bbox 2930 1508 3100 1563; x_wconf 87' lang='lat' dir='ltr'><strong>tribus</strong></span> <span class='ocrx_word' id='word_1_204' title='bbox 3135 1508 3506 1565; x_wconf 77' lang='lat' dir='ltr'><strong>Romanorum</strong></span> <span class='ocrx_word' id='word_1_205' title='bbox 3530 1508 3851 1579; x_wconf 76' lang='lat' dir='ltr'><strong>pontificum</strong></span> <span class='ocrx_word' id='word_1_206' title='bbox 3887 1506 4121 1566; x_wconf 73' lang='lat' dir='ltr'><strong>coronis</strong></span> <span class='ocrx_word' id='word_1_207' title='bbox 4143 1504 4222 1565; x_wconf 74' lang='grc' dir='ltr'>ιι.</span> 
     </span>
    </p>
   </div>
   <div class='ocr_carea' id='block_1_34' title="bbox 2626 1577 3899 1648">
    <p class='ocr_par' dir='ltr' id='par_1_34' title="bbox 2626 1577 3899 1648">
     <span class='ocr_line' id='line_1_34' title="bbox 2626 1577 3899 1648; baseline 0.001 -17"><span class='ocrx_word' id='word_1_208' title='bbox 2626 1577 2897 1634; x_wconf 81' lang='lat' dir='ltr'><strong>AntOnins</strong></span> <span class='ocrx_word' id='word_1_209' title='bbox 2923 1579 3261 1635; x_wconf 64' lang='lat' dir='ltr'><strong>Slazatouius</strong></span> <span class='ocrx_word' id='word_1_210' title='bbox 3288 1577 3545 1635; x_wconf 48' lang='lat' dir='ltr'><strong>libellum&#39;</strong></span> <span class='ocrx_word' id='word_1_211' title='bbox 3559 1580 3899 1648; x_wconf 88' lang='lat' dir='ltr'><strong>conscripsit.</strong></span> 
     </span>
    </p>
   </div>
   <div class='ocr_carea' id='block_1_35' title="bbox 930 1814 4204 1857">
    <p class='ocr_par' dir='ltr' id='par_1_35' title="bbox 930 1814 4204 1857">
     <span class='ocr_line' id='line_1_35' title="bbox 930 1814 4204 1857; baseline 0.002 -14"><span class='ocrx_word' id='word_1_212' title='bbox 930 1814 4204 1857; x_wconf 46' lang='lat' dir='ltr'>MM</span> 
     </span>
    </p>
   </div>
   <div class='ocr_carea' id='block_1_36' title="bbox 1565 1970 3559 2124">
    <p class='ocr_par' dir='ltr' id='par_1_36' title="bbox 1565 1970 3559 2124">
     <span class='ocr_line' id='line_1_36' title="bbox 1565 1970 3559 2124; baseline -0.003 -18"><span class='ocrx_word' id='word_1_213' title='bbox 1565 1970 1813 2045; x_wconf 66' lang='lat'><strong>75’”</strong></span> <span class='ocrx_word' id='word_1_214' title='bbox 1894 1991 2755 2109; x_wconf 85' lang='lat' dir='ltr'><strong>OPUSCULUM</strong></span> <span class='ocrx_word' id='word_1_215' title='bbox 2841 1990 3559 2124; x_wconf 84' lang='lat' dir='ltr'><strong>QUINTUM.</strong></span> 
     </span>
    </p>
   </div>
   <div class='ocr_carea' id='block_1_37' title="bbox 960 2204 4145 2286">
    <p class='ocr_par' dir='ltr' id='par_1_37' title="bbox 960 2204 4145 2286">
     <span class='ocr_line' id='line_1_37' title="bbox 960 2204 4145 2286; baseline -0.004 -7"><span class='ocrx_word' id='word_1_216' title='bbox 960 2214 1213 2280; x_wconf 82' lang='lat' dir='ltr'><strong>ACTUS</strong></span> <span class='ocrx_word' id='word_1_217' title='bbox 1262 2211 1741 2286; x_wconf 80' lang='lat' dir='ltr'><strong>MEDIOLANI,</strong></span> <span class='ocrx_word' id='word_1_218' title='bbox 1788 2213 1895 2273; x_wconf 91' lang='lat' dir='ltr'><strong>DE</strong></span> <span class='ocrx_word' id='word_1_219' title='bbox 1934 2207 2408 2271; x_wconf 80' lang='lat' dir='ltr'><strong>PRIVILEGIO</strong></span> <span class='ocrx_word' id='word_1_220' title='bbox 2451 2206 2821 2267; x_wconf 73' lang='grc' dir='ltr'><strong>ΒΟΜΛΝᾸΞ</strong></span> <span class='ocrx_word' id='word_1_221' title='bbox 2868 2205 3297 2278; x_wconf 69' lang='grc' dir='ltr'><strong>ΕΟΟΙᾸΞΞΙᾹΞ,</strong></span> <span class='ocrx_word' id='word_1_222' title='bbox 3344 2208 3457 2267; x_wconf 87' lang='lat' dir='ltr'><strong>AD</strong></span> <span class='ocrx_word' id='word_1_223' title='bbox 3502 2204 4145 2269; x_wconf 71' lang='lat' dir='ltr'><strong>HILDEBKANDUM</strong></span> 
     </span>
    </p>
   </div>
   <div class='ocr_carea' id='block_1_38' title="bbox 1751 2307 3383 2374">
    <p class='ocr_par' dir='ltr' id='par_1_38' title="bbox 1751 2307 3383 2374">
     <span class='ocr_line' id='line_1_38' title="bbox 1751 2307 3383 2374; baseline -0.002 -1"><span class='ocrx_word' id='word_1_224' title='bbox 1751 2313 1814 2373; x_wconf 90' lang='lat' dir='ltr'><strong>S.</strong></span> <span class='ocrx_word' id='word_1_225' title='bbox 1863 2314 1936 2374; x_wconf 77' lang='lat' dir='ltr'><strong>B.</strong></span> <span class='ocrx_word' id='word_1_226' title='bbox 1985 2312 2057 2372; x_wconf 89' lang='lat' dir='ltr'><strong>E.</strong></span> <span class='ocrx_word' id='word_1_227' title='bbox 2103 2307 2633 2371; x_wconf 77' lang='lat' dir='ltr'><strong>CARDINALEM</strong></span> <span class='ocrx_word' id='word_1_228' title='bbox 2676 2307 3383 2371; x_wconf 79' lang='lat' dir='ltr'><strong>ARCHIDIACONUM.</strong></span> 
     </span>
    </p>
   </div>
   <div class='ocr_carea' id='block_1_39' title="bbox 2366 2502 2745 2521">
    <p class='ocr_par' dir='ltr' id='par_1_39' title="bbox 2366 2502 2745 2521">
     <span class='ocr_line' id='line_1_39' title="bbox 2366 2502 2745 2521; baseline -0.003 -2"><span class='ocrx_word' id='word_1_229' title='bbox 2366 2502 2745 2521; x_wconf 53' lang='grc' dir='ltr'><strong>*ι-</strong></span> 
     </span>
    </p>
   </div>
   <div class='ocr_carea' id='block_1_40' title="bbox 908 2631 3281 2706">
    <p class='ocr_par' dir='ltr' id='par_1_40' title="bbox 908 2631 3281 2706">
     <span class='ocr_line' id='line_1_40' title="bbox 908 2631 3281 2706; baseline -0.005 -10"><span class='ocrx_word' id='word_1_230' title='bbox 908 2639 1305 2696; x_wconf 66' lang='grc' dir='ltr'>Αιιςυιιειιτωι.</span> <span class='ocrx_word' id='word_1_231' title='bbox 1336 2670 1408 2679; x_wconf 94' lang='lat'>—</span> <span class='ocrx_word' id='word_1_232' title='bbox 1434 2638 1545 2692; x_wconf 92' lang='lat' dir='ltr'><strong>lloc</strong></span> <span class='ocrx_word' id='word_1_233' title='bbox 1581 2636 1898 2706; x_wconf 71' lang='lat' dir='ltr'><strong>opusculum</strong></span> <span class='ocrx_word' id='word_1_234' title='bbox 1930 2634 1998 2690; x_wconf 93' lang='lat' dir='ltr'><strong>de</strong></span> <span class='ocrx_word' id='word_1_235' title='bbox 2026 2634 2310 2705; x_wconf 81' lang='lat' dir='ltr'><strong>privilegio</strong></span> <span class='ocrx_word' id='word_1_236' title='bbox 2350 2631 2915 2706; x_wconf 62' lang='lat' dir='ltr'><strong>Roman_aa_E_cclesia_a</strong></span> <span class='ocrx_word' id='word_1_237' title='bbox 2962 2632 3281 2706; x_wconf 87' lang='lat' dir='ltr'><strong>inscribitur</strong></span> 
     </span>
    </p>
   </div>
   <div class='ocr_carea' id='block_1_41' title="bbox 3326 2626 4217 2692">
    <p class='ocr_par' dir='ltr' id='par_1_41' title="bbox 3326 2626 4217 2692">
     <span class='ocr_line' id='line_1_41' title="bbox 3326 2626 4217 2692; baseline 0.006 -7"><span class='ocrx_word' id='word_1_238' title='bbox 3326 2650 3339 2685; x_wconf 91' lang='lat'><strong>:</strong></span> <span class='ocrx_word' id='word_1_239' title='bbox 3384 2641 3471 2688; x_wconf 89' lang='lat' dir='ltr'><strong>est</strong></span> <span class='ocrx_word' id='word_1_240' title='bbox 3511 2642 3692 2687; x_wconf 88' lang='lat' dir='ltr'><strong>autem</strong></span> <span class='ocrx_word' id='word_1_241' title='bbox 3742 2626 3924 2689; x_wconf 81' lang='lat' dir='ltr'><strong>brevis</strong></span> <span class='ocrx_word' id='word_1_242' title='bbox 3972 2638 4217 2692; x_wconf 83' lang='lat' dir='ltr'><strong>narratio</strong></span> 
     </span>
    </p>
   </div>
   <div class='ocr_carea' id='block_1_42' title="bbox 980 2702 4216 2779">
    <p class='ocr_par' dir='ltr' id='par_1_42' title="bbox 980 2702 4216 2779">
     <span class='ocr_line' id='line_1_42' title="bbox 980 2702 4216 2779; baseline -0.001 -15"><span class='ocrx_word' id='word_1_243' title='bbox 980 2726 1187 2770; x_wconf 87' lang='lat' dir='ltr'><strong>eorum,</strong></span> <span class='ocrx_word' id='word_1_244' title='bbox 1226 2724 1346 2779; x_wconf 67' lang='lat' dir='ltr'><strong>quae</strong></span> <span class='ocrx_word' id='word_1_245' title='bbox 1385 2709 1484 2777; x_wconf 74' lang='lat' dir='ltr'><strong>ipsi</strong></span> <span class='ocrx_word' id='word_1_246' title='bbox 1518 2702 1872 2779; x_wconf 79' lang='lat' dir='ltr'><strong>sanctissimo</strong></span> <span class='ocrx_word' id='word_1_247' title='bbox 1895 2702 2105 2779; x_wconf 83' lang='lat' dir='ltr'><strong>doctori</strong></span> <span class='ocrx_word' id='word_1_248' title='bbox 2138 2708 2191 2779; x_wconf 85' lang='lat' dir='ltr'><strong>i_n_</strong></span> <span class='ocrx_word' id='word_1_249' title='bbox 2226 2702 2495 2779; x_wconf 78' lang='lat' dir='ltr'><strong>legatione</strong></span> <span class='ocrx_word' id='word_1_250' title='bbox 2525 2702 2919 2779; x_wconf 66' lang='lat' dir='ltr'><strong>llicdiolanensi</strong></span> <span class='ocrx_word' id='word_1_251' title='bbox 2946 2705 3324 2779; x_wconf 80' lang='lat' dir='ltr'><strong>contigerunt;</strong></span> <span class='ocrx_word' id='word_1_252' title='bbox 3360 2718 3484 2779; x_wconf 86' lang='lat' dir='ltr'><strong>cum</strong></span> <span class='ocrx_word' id='word_1_253' title='bbox 3516 2705 3727 2758; x_wconf 88' lang='lat' dir='ltr'><strong>scilicet</strong></span> <span class='ocrx_word' id='word_1_254' title='bbox 3749 2714 3941 2779; x_wconf 85' lang='lat' dir='ltr'><strong>contra</strong></span> <span class='ocrx_word' id='word_1_255' title='bbox 3969 2708 4216 2779; x_wconf 82' lang='lat' dir='ltr'><strong>ejusdem</strong></span> 
     </span>
    </p>
   </div>
   <div class='ocr_carea' id='block_1_43' title="bbox 978 2774 2577 2843">
    <p class='ocr_par' dir='ltr' id='par_1_43' title="bbox 978 2774 2577 2843">
     <span class='ocr_line' id='line_1_43' title="bbox 978 2774 2577 2843; baseline -0.005 -8"><span class='ocrx_word' id='word_1_256' title='bbox 978 2774 1484 2835; x_wconf 40' lang='lat' dir='ltr'><strong>Ecclesiae‘clericos</strong></span> <span class='ocrx_word' id='word_1_257' title='bbox 1513 2776 1806 2831; x_wconf 81' lang='lat' dir='ltr'><strong>Nicolaitas</strong></span> <span class='ocrx_word' id='word_1_258' title='bbox 1828 2776 2032 2843; x_wconf 90' lang='lat' dir='ltr'><strong>pariter</strong></span> <span class='ocrx_word' id='word_1_259' title='bbox 2059 2785 2111 2828; x_wconf 91' lang='lat' dir='ltr'><strong>et</strong></span> <span class='ocrx_word' id='word_1_260' title='bbox 2138 2776 2505 2838; x_wconf 84' lang='lat' dir='ltr'><strong>Simoniacos,</strong></span> <span class='ocrx_word' id='word_1_261' title='bbox 2530 2774 2577 2827; x_wconf 82' lang='lat' dir='ltr'><strong>le</strong></span> 
     </span>
    </p>
   </div>
   <div class='ocr_carea' id='block_1_44' title="bbox 977 2843 2504 2918">
    <p class='ocr_par' dir='ltr' id='par_1_44' title="bbox 977 2843 2504 2918">
     <span class='ocr_line' id='line_1_44' title="bbox 977 2843 2504 2918; baseline -0.004 -17"><span class='ocrx_word' id='word_1_262' title='bbox 977 2864 1138 2918; x_wconf 84' lang='lat' dir='ltr'><strong>quam</strong></span> <span class='ocrx_word' id='word_1_263' title='bbox 1170 2847 1429 2903; x_wconf 74' lang='lat' dir='ltr'><strong>Ronnanae</strong></span> <span class='ocrx_word' id='word_1_264' title='bbox 1467 2848 1719 2902; x_wconf 70' lang='lat' dir='ltr'><strong>Ecclesia:</strong></span> <span class='ocrx_word' id='word_1_265' title='bbox 1746 2846 1869 2914; x_wconf 85' lang='lat' dir='ltr'><strong>jura</strong></span> <span class='ocrx_word' id='word_1_266' title='bbox 1900 2843 2122 2909; x_wconf 86' lang='lat' dir='ltr'><strong>tuenda,</strong></span> <span class='ocrx_word' id='word_1_267' title='bbox 2155 2844 2504 2913; x_wconf 80' lang='lat' dir='ltr'><strong>suscepisset.</strong></span> 
     </span>
    </p>
   </div>
   <div class='ocr_carea' id='block_1_45' title="bbox 2581 2773 4211 2847">
    <p class='ocr_par' dir='ltr' id='par_1_45' title="bbox 2581 2773 4211 2847">
     <span class='ocr_line' id='line_1_45' title="bbox 2581 2773 4211 2847; baseline 0.005 -21"><span class='ocrx_word' id='word_1_268' title='bbox 2581 2784 2740 2844; x_wconf 91' lang='lat' dir='ltr'><strong>gatus</strong></span> <span class='ocrx_word' id='word_1_269' title='bbox 2768 2790 2795 2827; x_wconf 85' lang='lat' dir='ltr'><strong>a</strong></span> <span class='ocrx_word' id='word_1_270' title='bbox 2826 2773 2955 2827; x_wconf 88' lang='lat' dir='ltr'><strong>sede</strong></span> <span class='ocrx_word' id='word_1_271' title='bbox 2984 2773 3281 2842; x_wconf 83' lang='lat' dir='ltr'><strong>apostolica</strong></span> <span class='ocrx_word' id='word_1_272' title='bbox 3322 2776 3547 2839; x_wconf 82' lang='lat' dir='ltr'><strong>missus,</strong></span> <span class='ocrx_word' id='word_1_273' title='bbox 3574 2790 3680 2829; x_wconf 92' lang='lat' dir='ltr'><strong>non</strong></span> <span class='ocrx_word' id='word_1_274' title='bbox 3704 2774 3885 2829; x_wconf 89' lang='lat' dir='ltr'><strong>minus</strong></span> <span class='ocrx_word' id='word_1_275' title='bbox 3916 2773 4211 2847; x_wconf 73' lang='lat' dir='ltr'><strong>castitatis,</strong></span> 
     </span>
    </p>
   </div>
   <div class='ocr_carea' id='block_1_46' title="bbox 978 3022 4216 3092">
    <p class='ocr_par' dir='ltr' id='par_1_46' title="bbox 978 3022 4216 3092">
     <span class='ocr_line' id='line_1_46' title="bbox 978 3022 4216 3092; baseline -0.001 -6"><span class='ocrx_word' id='word_1_276' title='bbox 978 3030 1205 3086; x_wconf 88' lang='lat' dir='ltr'><strong>Domino</strong></span> <span class='ocrx_word' id='word_1_277' title='bbox 1260 3028 1637 3083; x_wconf 67' lang='lat' dir='ltr'><strong>lltcossnauoo</strong></span> <span class='ocrx_word' id='word_1_278' title='bbox 1700 3023 1995 3081; x_wconf 86' lang='lat' dir='ltr'><strong>venerabili</strong></span> <span class='ocrx_word' id='word_1_279' title='bbox 2068 3023 2452 3078; x_wconf 83' lang='lat' dir='ltr'><strong>archidiacono</strong></span> <span class='ocrx_word' id='word_1_280' title='bbox 2480 3062 2494 3085; x_wconf 89' lang='lat'><strong>,</strong></span> <span class='ocrx_word' id='word_1_281' title='bbox 2530 3022 3240 3090; x_wconf 85' lang='lat' dir='ltr'><strong>Bjudicarem;divinitus,</strong></span> <span class='ocrx_word' id='word_1_282' title='bbox 3272 3032 3332 3077; x_wconf 91' lang='lat' dir='ltr'><strong>ut</strong></span> <span class='ocrx_word' id='word_1_283' title='bbox 3369 3039 3513 3089; x_wconf 89' lang='lat' dir='ltr'><strong>reor,</strong></span> <span class='ocrx_word' id='word_1_284' title='bbox 3563 3034 3742 3081; x_wconf 86' lang='lat' dir='ltr'><strong>actum</strong></span> <span class='ocrx_word' id='word_1_285' title='bbox 3777 3036 3883 3092; x_wconf 90' lang='lat' dir='ltr'><strong>est,</strong></span> <span class='ocrx_word' id='word_1_286' title='bbox 3915 3038 3973 3082; x_wconf 93' lang='lat' dir='ltr'><strong>ut</strong></span> <span class='ocrx_word' id='word_1_287' title='bbox 4011 3026 4216 3084; x_wconf 58' lang='lat' dir='ltr'><strong>Medim</strong></span> 
     </span>
    </p>
   </div>
   <div class='ocr_carea' id='block_1_47' title="bbox 904 3116 2496 3191">
    <p class='ocr_par' dir='ltr' id='par_1_47' title="bbox 904 3116 2496 3191">
     <span class='ocr_line' id='line_1_47' title="bbox 904 3116 2496 3191; baseline -0.006 -12"><span class='ocrx_word' id='word_1_288' title='bbox 904 3123 1120 3179; x_wconf 79' lang='lat' dir='ltr'><strong>Psruus</strong></span> <span class='ocrx_word' id='word_1_289' title='bbox 1169 3129 1426 3191; x_wconf 83' lang='lat' dir='ltr'><strong>peccator</strong></span> <span class='ocrx_word' id='word_1_290' title='bbox 1478 3120 1777 3174; x_wconf 85' lang='lat' dir='ltr'><strong>monachus</strong></span> <span class='ocrx_word' id='word_1_291' title='bbox 1812 3157 1825 3179; x_wconf 91' lang='lat'><strong><em>.</em></strong></span> <span class='ocrx_word' id='word_1_292' title='bbox 1887 3116 2273 3171; x_wconf 73' lang='lat' dir='ltr'><strong>sincerissima:</strong></span> <span class='ocrx_word' id='word_1_293' title='bbox 2334 3116 2496 3169; x_wconf 81' lang='lat' dir='ltr'><strong>devo-</strong></span> 
     </span>
    </p>
   </div>
   <div class='ocr_carea' id='block_1_48' title="bbox 904 3207 1375 3265">
    <p class='ocr_par' dir='ltr' id='par_1_48' title="bbox 904 3207 1375 3265">
     <span class='ocr_line' id='line_1_48' title="bbox 904 3207 1375 3265; baseline -0.008 -1"><span class='ocrx_word' id='word_1_294' title='bbox 904 3211 1067 3265; x_wconf 88' lang='lat' dir='ltr'><strong>tionis</strong></span> <span class='ocrx_word' id='word_1_295' title='bbox 1106 3207 1375 3263; x_wconf 65' lang='lat' dir='ltr'><strong>allectum.</strong></span> 
     </span>
    </p>
   </div>
   <div class='ocr_carea' id='block_1_49' title="bbox 974 3295 2498 3367">
    <p class='ocr_par' dir='ltr' id='par_1_49' title="bbox 974 3295 2498 3367">
     <span class='ocr_line' id='line_1_49' title="bbox 974 3295 2498 3367; baseline -0.006 -12"><span class='ocrx_word' id='word_1_296' title='bbox 974 3300 1322 3367; x_wconf 85' lang='lat' dir='ltr'><strong>Privilegium</strong></span> <span class='ocrx_word' id='word_1_297' title='bbox 1358 3298 1613 3351; x_wconf 79' lang='lat' dir='ltr'><strong>Romana:</strong></span> <span class='ocrx_word' id='word_1_298' title='bbox 1639 3295 1893 3351; x_wconf 73' lang='lat' dir='ltr'><strong>Ecclesiae</strong></span> <span class='ocrx_word' id='word_1_299' title='bbox 1926 3304 2159 3365; x_wconf 84' lang='lat' dir='ltr'><strong>quantas</strong></span> <span class='ocrx_word' id='word_1_300' title='bbox 2187 3295 2383 3350; x_wconf 90' lang='lat' dir='ltr'><strong>habeat</strong></span> <span class='ocrx_word' id='word_1_301' title='bbox 2418 3296 2498 3347; x_wconf 85' lang='lat' dir='ltr'><strong>vi—</strong></span> 
     </span>
    </p>
   </div>
   <div class='ocr_carea' id='block_1_50' title="bbox 904 3385 2497 3456">
    <p class='ocr_par' dir='ltr' id='par_1_50' title="bbox 904 3385 2497 3456">
     <span class='ocr_line' id='line_1_50' title="bbox 904 3385 2497 3456; baseline -0.003 -11"><span class='ocrx_word' id='word_1_302' title='bbox 904 3403 993 3445; x_wconf 86' lang='lat' dir='ltr'><strong>res</strong></span> <span class='ocrx_word' id='word_1_303' title='bbox 1036 3391 1100 3443; x_wconf 91' lang='lat' dir='ltr'><strong>ad</strong></span> <span class='ocrx_word' id='word_1_304' title='bbox 1149 3389 1468 3445; x_wconf 72' lang='lat' dir='ltr'><strong>servandam</strong></span> <span class='ocrx_word' id='word_1_305' title='bbox 1516 3388 1792 3441; x_wconf 63' lang='lat' dir='ltr'><strong>canonica!</strong></span> <span class='ocrx_word' id='word_1_306' title='bbox 1852 3387 2125 3456; x_wconf 67' lang='lat' dir='ltr'><strong>aequitatis</strong></span> <span class='ocrx_word' id='word_1_307' title='bbox 2173 3396 2226 3441; x_wconf 88' lang='lat' dir='ltr'><strong>et</strong></span> <span class='ocrx_word' id='word_1_308' title='bbox 2269 3385 2497 3455; x_wconf 67' lang='lat' dir='ltr'><strong>iustitiae</strong></span> 
     </span>
    </p>
   </div>
   <div class='ocr_carea' id='block_1_51' title="bbox 902 3476 2495 3549">
    <p class='ocr_par' dir='ltr' id='par_1_51' title="bbox 902 3476 2495 3549">
     <span class='ocr_line' id='line_1_51' title="bbox 902 3476 2495 3549; baseline -0.004 -14"><span class='ocrx_word' id='word_1_309' title='bbox 902 3480 1143 3549; x_wconf 82' lang='lat' dir='ltr'><strong>regulam</strong></span> <span class='ocrx_word' id='word_1_310' title='bbox 1178 3521 1191 3545; x_wconf 95' lang='lat'><strong>,</strong></span> <span class='ocrx_word' id='word_1_311' title='bbox 1249 3487 1620 3548; x_wconf 89' lang='lat' dir='ltr'><strong>quantumque</strong></span> <span class='ocrx_word' id='word_1_312' title='bbox 1682 3477 1921 3548; x_wconf 86' lang='lat' dir='ltr'><strong>vigorem</strong></span> <span class='ocrx_word' id='word_1_313' title='bbox 1984 3477 2049 3531; x_wconf 87' lang='lat' dir='ltr'><strong>ad</strong></span> <span class='ocrx_word' id='word_1_314' title='bbox 2105 3476 2495 3547; x_wconf 74' lang='lat' dir='ltr'><strong>disponendam</strong></span> 
     </span>
    </p>
   </div>
   <div class='ocr_carea' id='block_1_52' title="bbox 900 3566 2498 3635">
    <p class='ocr_par' dir='ltr' id='par_1_52' title="bbox 900 3566 2498 3635">
     <span class='ocr_line' id='line_1_52' title="bbox 900 3566 2498 3635; baseline -0.003 -10"><span class='ocrx_word' id='word_1_315' title='bbox 900 3571 1256 3625; x_wconf 85' lang='lat' dir='ltr'><strong>ecclesiastici</strong></span> <span class='ocrx_word' id='word_1_316' title='bbox 1297 3578 1469 3624; x_wconf 89' lang='lat' dir='ltr'><strong>status</strong></span> <span class='ocrx_word' id='word_1_317' title='bbox 1503 3568 1777 3622; x_wconf 79' lang='lat' dir='ltr'><strong>contineat</strong></span> <span class='ocrx_word' id='word_1_318' title='bbox 1814 3566 2173 3635; x_wconf 67' lang='lat' dir='ltr'><strong>distiplinam,</strong></span> <span class='ocrx_word' id='word_1_319' title='bbox 2217 3566 2365 3622; x_wconf 87' lang='lat' dir='ltr'><strong>solus</strong></span> <span class='ocrx_word' id='word_1_320' title='bbox 2410 3566 2498 3620; x_wconf 89' lang='lat' dir='ltr'><strong>ille</strong></span> 
     </span>
    </p>
   </div>
   <div class='ocr_carea' id='block_1_53' title="bbox 902 3657 2499 3729">
    <p class='ocr_par' dir='ltr' id='par_1_53' title="bbox 902 3657 2499 3729">
     <span class='ocr_line' id='line_1_53' title="bbox 902 3657 2499 3729; baseline -0.002 -16"><span class='ocrx_word' id='word_1_321' title='bbox 902 3661 1136 3716; x_wconf 83' lang='lat' dir='ltr'><strong>dilucide</strong></span> <span class='ocrx_word' id='word_1_322' title='bbox 1177 3659 1606 3729; x_wconf 81' lang='lat' dir='ltr'><strong>comprehendit,</strong></span> <span class='ocrx_word' id='word_1_323' title='bbox 1651 3659 1745 3727; x_wconf 90' lang='lat' dir='ltr'><strong>qui</strong></span> <span class='ocrx_word' id='word_1_324' title='bbox 1772 3657 2171 3712; x_wconf 73' lang='lat' dir='ltr'><strong>ecclesiasticis</strong></span> <span class='ocrx_word' id='word_1_325' title='bbox 2216 3658 2499 3712; x_wconf 84' lang='lat' dir='ltr'><strong>consuevit</strong></span> 
     </span>
    </p>
   </div>
   <div class='ocr_carea' id='block_1_54' title="bbox 902 3748 2493 3821">
    <p class='ocr_par' dir='ltr' id='par_1_54' title="bbox 902 3748 2493 3821">
     <span class='ocr_line' id='line_1_54' title="bbox 902 3748 2493 3821; baseline -0.003 -15"><span class='ocrx_word' id='word_1_326' title='bbox 902 3752 1158 3806; x_wconf 80' lang='lat' dir='ltr'><strong>insudare</strong></span> <span class='ocrx_word' id='word_1_327' title='bbox 1209 3750 1459 3821; x_wconf 87' lang='lat' dir='ltr'><strong>negotiis.</strong></span> <span class='ocrx_word' id='word_1_328' title='bbox 1523 3749 1680 3814; x_wconf 83' lang='lat' dir='ltr'><strong>Quod</strong></span> <span class='ocrx_word' id='word_1_329' title='bbox 1723 3749 1911 3818; x_wconf 85' lang='lat' dir='ltr'><strong>utique</strong></span> <span class='ocrx_word' id='word_1_330' title='bbox 1969 3748 2337 3818; x_wconf 77' lang='lat' dir='ltr'><strong>privilegium,</strong></span> <span class='ocrx_word' id='word_1_331' title='bbox 2402 3751 2493 3817; x_wconf 88' lang='lat' dir='ltr'><strong>qui</strong></span> 
     </span>
    </p>
   </div>
   <div class='ocr_carea' id='block_1_55' title="bbox 901 3836 2492 3910">
    <p class='ocr_par' dir='ltr' id='par_1_55' title="bbox 901 3836 2492 3910">
     <span class='ocr_line' id='line_1_55' title="bbox 901 3836 2492 3910; baseline -0.003 -15"><span class='ocrx_word' id='word_1_332' title='bbox 901 3843 1215 3910; x_wconf 78' lang='lat' dir='ltr'><strong>inexpertus</strong></span> <span class='ocrx_word' id='word_1_333' title='bbox 1250 3849 1351 3905; x_wconf 88' lang='lat' dir='ltr'><strong>est,</strong></span> <span class='ocrx_word' id='word_1_334' title='bbox 1383 3836 1743 3909; x_wconf 87' lang='lat' dir='ltr'><strong>parvipendit,</strong></span> <span class='ocrx_word' id='word_1_335' title='bbox 1773 3840 2105 3893; x_wconf 82' lang='lat' dir='ltr'><strong>exercitatus</strong></span> <span class='ocrx_word' id='word_1_336' title='bbox 2131 3838 2492 3907; x_wconf 88' lang='lat' dir='ltr'><strong>amplectitur.</strong></span> 
     </span>
    </p>
   </div>
   <div class='ocr_carea' id='block_1_56' title="bbox 900 3928 2493 4005">
    <p class='ocr_par' dir='ltr' id='par_1_56' title="bbox 900 3928 2493 4005">
     <span class='ocr_line' id='line_1_56' title="bbox 900 3928 2493 4005; baseline -0.001 -24"><span class='ocrx_word' id='word_1_337' title='bbox 900 3930 1036 3998; x_wconf 79' lang='lat' dir='ltr'><strong>Quia</strong></span> <span class='ocrx_word' id='word_1_338' title='bbox 1074 3930 1213 3983; x_wconf 87' lang='lat' dir='ltr'><strong>sicut</strong></span> <span class='ocrx_word' id='word_1_339' title='bbox 1245 3944 1396 3982; x_wconf 90' lang='lat' dir='ltr'><strong>arma</strong></span> <span class='ocrx_word' id='word_1_340' title='bbox 1428 3930 1542 3982; x_wconf 80' lang='lat' dir='ltr'><strong>non</strong></span> <span class='ocrx_word' id='word_1_341' title='bbox 1564 3935 1763 3991; x_wconf 90' lang='lat' dir='ltr'><strong>curat,</strong></span> <span class='ocrx_word' id='word_1_342' title='bbox 1794 3928 1885 3995; x_wconf 88' lang='lat' dir='ltr'><strong>qui</strong></span> <span class='ocrx_word' id='word_1_343' title='bbox 1928 3938 2202 4005; x_wconf 85' lang='lat' dir='ltr'><strong>certamen</strong></span> <span class='ocrx_word' id='word_1_344' title='bbox 2246 3928 2493 3997; x_wconf 84' lang='lat' dir='ltr'><strong>ignorat;</strong></span> 
     </span>
    </p>
   </div>
   <div class='ocr_carea' id='block_1_57' title="bbox 898 4018 2496 4088">
    <p class='ocr_par' dir='ltr' id='par_1_57' title="bbox 898 4018 2496 4088">
     <span class='ocr_line' id='line_1_57' title="bbox 898 4018 2496 4088; baseline -0.003 -12"><span class='ocrx_word' id='word_1_345' title='bbox 898 4024 981 4077; x_wconf 80' lang='lat' dir='ltr'><strong>sic</strong></span> <span class='ocrx_word' id='word_1_346' title='bbox 1007 4036 1035 4076; x_wconf 91' lang='lat' dir='ltr'><strong>e</strong></span> <span class='ocrx_word' id='word_1_347' title='bbox 1057 4022 1273 4078; x_wconf 82' lang='lat' dir='ltr'><strong>diverso</strong></span> <span class='ocrx_word' id='word_1_348' title='bbox 1303 4020 1421 4074; x_wconf 84' lang='lat' dir='ltr'><strong>telis</strong></span> <span class='ocrx_word' id='word_1_349' title='bbox 1453 4019 1728 4072; x_wconf 89' lang='lat' dir='ltr'><strong>inhianter</strong></span> <span class='ocrx_word' id='word_1_350' title='bbox 1754 4018 2079 4088; x_wconf 78' lang='lat' dir='ltr'><strong>accingitur,</strong></span> <span class='ocrx_word' id='word_1_351' title='bbox 2104 4018 2191 4088; x_wconf 90' lang='lat' dir='ltr'><strong>qui</strong></span> <span class='ocrx_word' id='word_1_352' title='bbox 2217 4020 2283 4071; x_wconf 90' lang='lat' dir='ltr'><strong>ad</strong></span> <span class='ocrx_word' id='word_1_353' title='bbox 2310 4032 2496 4086; x_wconf 84' lang='lat' dir='ltr'><strong>repor-</strong></span> 
     </span>
    </p>
   </div>
   <div class='ocr_carea' id='block_1_58' title="bbox 898 4114 2495 4175">
    <p class='ocr_par' dir='ltr' id='par_1_58' title="bbox 898 4114 2495 4175">
     <span class='ocr_line' id='line_1_58' title="bbox 898 4114 2495 4175; baseline -0.003 -6"><span class='ocrx_word' id='word_1_354' title='bbox 898 4118 1095 4175; x_wconf 68' lang='lat' dir='ltr'><strong>tandas</strong></span> <span class='ocrx_word' id='word_1_355' title='bbox 1124 4132 1190 4170; x_wconf 83' lang='lat' dir='ltr'><strong>ex</strong></span> <span class='ocrx_word' id='word_1_356' title='bbox 1221 4131 1370 4169; x_wconf 90' lang='lat' dir='ltr'><strong>more</strong></span> <span class='ocrx_word' id='word_1_357' title='bbox 1398 4115 1750 4169; x_wconf 90' lang='lat' dir='ltr'><strong>victoriarum</strong></span> <span class='ocrx_word' id='word_1_358' title='bbox 1784 4114 1968 4168; x_wconf 87' lang='lat' dir='ltr'><strong>titulos</strong></span> <span class='ocrx_word' id='word_1_359' title='bbox 1990 4115 2281 4167; x_wconf 87' lang='lat' dir='ltr'><strong>animatur.</strong></span> <span class='ocrx_word' id='word_1_360' title='bbox 2314 4114 2495 4166; x_wconf 82' lang='lat' dir='ltr'><strong>Armis</strong></span> 
     </span>
    </p>
   </div>
   <div class='ocr_carea' id='block_1_59' title="bbox 896 4205 2494 4277">
    <p class='ocr_par' dir='ltr' id='par_1_59' title="bbox 896 4205 2494 4277">
     <span class='ocr_line' id='line_1_59' title="bbox 896 4205 2494 4277; baseline -0.004 -11"><span class='ocrx_word' id='word_1_361' title='bbox 896 4215 1083 4266; x_wconf 67' lang='lat' dir='ltr'><strong>autem</strong></span> <span class='ocrx_word' id='word_1_362' title='bbox 1116 4208 1456 4277; x_wconf 73' lang='lat' dir='ltr'><strong>privilegium</strong></span> <span class='ocrx_word' id='word_1_363' title='bbox 1495 4208 1752 4261; x_wconf 66' lang='lat' dir='ltr'><strong>Romanae</strong></span> <span class='ocrx_word' id='word_1_364' title='bbox 1776 4205 2029 4261; x_wconf 78' lang='lat' dir='ltr'><strong>Ecclesia:</strong></span> <span class='ocrx_word' id='word_1_365' title='bbox 2060 4221 2163 4259; x_wconf 90' lang='lat' dir='ltr'><strong>non</strong></span> <span class='ocrx_word' id='word_1_366' title='bbox 2199 4207 2494 4275; x_wconf 81' lang='lat' dir='ltr'><strong>incongrue</strong></span> 
     </span>
    </p>
   </div>
   <div class='ocr_carea' id='block_1_60' title="bbox 898 4300 2490 4369">
    <p class='ocr_par' dir='ltr' id='par_1_60' title="bbox 898 4300 2490 4369">
     <span class='ocr_line' id='line_1_60' title="bbox 898 4300 2490 4369; baseline -0.001 -15"><span class='ocrx_word' id='word_1_367' title='bbox 898 4300 1352 4367; x_wconf 81' lang='lat' dir='ltr'><strong>comparaverim,</strong></span> <span class='ocrx_word' id='word_1_368' title='bbox 1405 4301 1530 4368; x_wconf 87' lang='lat' dir='ltr'><strong>quia</strong></span> <span class='ocrx_word' id='word_1_369' title='bbox 1561 4301 1686 4353; x_wconf 89' lang='lat' dir='ltr'><strong>dum</strong></span> <span class='ocrx_word' id='word_1_370' title='bbox 1729 4300 1845 4354; x_wconf 68' lang='lat' dir='ltr'><strong>haec</strong></span> <span class='ocrx_word' id='word_1_371' title='bbox 1876 4314 1980 4353; x_wconf 89' lang='lat' dir='ltr'><strong>una</strong></span> <span class='ocrx_word' id='word_1_372' title='bbox 2029 4314 2129 4369; x_wconf 89' lang='lat' dir='ltr'><strong>per</strong></span> <span class='ocrx_word' id='word_1_373' title='bbox 2174 4300 2490 4354; x_wconf 86' lang='lat' dir='ltr'><strong>cathedram</strong></span> 
     </span>
    </p>
   </div>
   <div class='ocr_carea' id='block_1_61' title="bbox 2601 3116 4215 3193">
    <p class='ocr_par' dir='ltr' id='par_1_61' title="bbox 2601 3116 4215 3193">
     <span class='ocr_line' id='line_1_61' title="bbox 2601 3116 4215 3193; baseline 0.007 -25"><span class='ocrx_word' id='word_1_374' title='bbox 2601 3117 2879 3171; x_wconf 86' lang='lat' dir='ltr'><strong>lanensem</strong></span> <span class='ocrx_word' id='word_1_375' title='bbox 2908 3116 3122 3183; x_wconf 87' lang='lat' dir='ltr'><strong>urbem,</strong></span> <span class='ocrx_word' id='word_1_376' title='bbox 3153 3117 3456 3173; x_wconf 80' lang='lat' dir='ltr'><strong>beatissimi</strong></span> <span class='ocrx_word' id='word_1_377' title='bbox 3483 3118 3691 3174; x_wconf 82' lang='lat' dir='ltr'><strong>Nicolai</strong></span> <span class='ocrx_word' id='word_1_378' title='bbox 3737 3136 3893 3192; x_wconf 84' lang='lat' dir='ltr'><strong>papae</strong></span> <span class='ocrx_word' id='word_1_379' title='bbox 3940 3122 4215 3193; x_wconf 82' lang='lat' dir='ltr'><strong>legatione</strong></span> 
     </span>
    </p>
   </div>
   <div class='ocr_carea' id='block_1_62' title="bbox 2598 3206 3103 3272">
    <p class='ocr_par' dir='ltr' id='par_1_62' title="bbox 2598 3206 3103 3272">
     <span class='ocr_line' id='line_1_62' title="bbox 2598 3206 3103 3272; baseline 0.004 -11"><span class='ocrx_word' id='word_1_380' title='bbox 2598 3206 2840 3272; x_wconf 81' lang='lat' dir='ltr'><strong>functus,</strong></span> <span class='ocrx_word' id='word_1_381' title='bbox 2876 3208 3103 3263; x_wconf 88' lang='lat' dir='ltr'><strong>adirem.</strong></span> 
     </span>
    </p>
   </div>
   <div class='ocr_carea' id='block_1_63' title="bbox 2673 3298 4211 3375">
    <p class='ocr_par' dir='ltr' id='par_1_63' title="bbox 2673 3298 4211 3375">
     <span class='ocr_line' id='line_1_63' title="bbox 2673 3298 4211 3375; baseline 0.009 -24"><span class='ocrx_word' id='word_1_382' title='bbox 2673 3298 2799 3351; x_wconf 81' lang='lat' dir='ltr'><strong>Erat</strong></span> <span class='ocrx_word' id='word_1_383' title='bbox 2827 3299 2973 3354; x_wconf 92' lang='lat' dir='ltr'><strong>enim</strong></span> <span class='ocrx_word' id='word_1_384' title='bbox 3007 3299 3150 3354; x_wconf 91' lang='lat' dir='ltr'><strong>inter</strong></span> <span class='ocrx_word' id='word_1_385' title='bbox 3175 3299 3382 3355; x_wconf 86' lang='lat' dir='ltr'><strong>clerum</strong></span> <span class='ocrx_word' id='word_1_386' title='bbox 3413 3310 3469 3355; x_wconf 91' lang='lat' dir='ltr'><strong>et</strong></span> <span class='ocrx_word' id='word_1_387' title='bbox 3500 3301 3777 3372; x_wconf 88' lang='lat' dir='ltr'><strong>populum,</strong></span> <span class='ocrx_word' id='word_1_388' title='bbox 3821 3313 4045 3375; x_wconf 88' lang='lat' dir='ltr'><strong>propter</strong></span> <span class='ocrx_word' id='word_1_389' title='bbox 4071 3306 4211 3365; x_wconf 80' lang='lat' dir='ltr'><strong>duas</strong></span> 
     </span>
    </p>
   </div>
   <div class='ocr_carea' id='block_1_64' title="bbox 2600 3391 4210 3466">
    <p class='ocr_par' dir='ltr' id='par_1_64' title="bbox 2600 3391 4210 3466">
     <span class='ocr_line' id='line_1_64' title="bbox 2600 3391 4210 3466; baseline 0.007 -21"><span class='ocrx_word' id='word_1_390' title='bbox 2600 3391 2877 3457; x_wconf 71' lang='lat' dir='ltr'><strong>haereses,</strong></span> <span class='ocrx_word' id='word_1_391' title='bbox 2939 3391 3306 3448; x_wconf 85' lang='lat' dir='ltr'><strong>Simoniacam</strong></span> <span class='ocrx_word' id='word_1_392' title='bbox 3348 3393 3635 3460; x_wconf 78' lang='lat' dir='ltr'><strong>videlicet,</strong></span> <span class='ocrx_word' id='word_1_393' title='bbox 3687 3405 3744 3449; x_wconf 90' lang='lat' dir='ltr'><strong>et</strong></span> <span class='ocrx_word' id='word_1_394' title='bbox 3792 3394 4210 3466; x_wconf 85' lang='lat' dir='ltr'><strong>Nicolaitarunt,</strong></span> 
     </span>
    </p>
   </div>
   <div class='ocr_carea' id='block_1_65' title="bbox 2600 3484 4211 3547">
    <p class='ocr_par' dir='ltr' id='par_1_65' title="bbox 2600 3484 4211 3547">
     <span class='ocr_line' id='line_1_65' title="bbox 2600 3484 4211 3547; baseline 0.006 -9"><span class='ocrx_word' id='word_1_395' title='bbox 2600 3484 2737 3538; x_wconf 82' lang='lat' dir='ltr'><strong>satis</strong></span> <span class='ocrx_word' id='word_1_396' title='bbox 2773 3484 3077 3539; x_wconf 90' lang='lat' dir='ltr'><strong>turbulenta</strong></span> <span class='ocrx_word' id='word_1_397' title='bbox 3124 3486 3341 3541; x_wconf 86' lang='lat' dir='ltr'><strong>seditio.</strong></span> <span class='ocrx_word' id='word_1_398' title='bbox 3391 3487 3672 3543; x_wconf 55' lang='lat' dir='ltr'><strong>Nicolaita‘</strong></span> <span class='ocrx_word' id='word_1_399' title='bbox 3716 3500 3898 3544; x_wconf 91' lang='lat' dir='ltr'><strong>autem</strong></span> <span class='ocrx_word' id='word_1_400' title='bbox 3948 3490 4211 3547; x_wconf 87' lang='lat' dir='ltr'><strong>dicuntur</strong></span> 
     </span>
    </p>
   </div>
   <div class='ocr_carea' id='block_1_66' title="bbox 2600 3573 4206 3651">
    <p class='ocr_par' dir='ltr' id='par_1_66' title="bbox 2600 3573 4206 3651">
     <span class='ocr_line' id='line_1_66' title="bbox 2600 3573 4206 3651; baseline 0.006 -25"><span class='ocrx_word' id='word_1_401' title='bbox 2600 3573 2806 3637; x_wconf 90' lang='lat' dir='ltr'><strong>clerici,</strong></span> <span class='ocrx_word' id='word_1_402' title='bbox 2858 3576 2948 3643; x_wconf 87' lang='lat' dir='ltr'><strong>qui</strong></span> <span class='ocrx_word' id='word_1_403' title='bbox 2998 3582 3190 3629; x_wconf 85' lang='lat' dir='ltr'><strong>centra</strong></span> <span class='ocrx_word' id='word_1_404' title='bbox 3239 3576 3510 3631; x_wconf 72' lang='lat' dir='ltr'><strong>castitatis</strong></span> <span class='ocrx_word' id='word_1_405' title='bbox 3549 3577 3935 3634; x_wconf 71' lang='lat' dir='ltr'><strong>ecclesiasticae</strong></span> <span class='ocrx_word' id='word_1_406' title='bbox 3966 3582 4206 3651; x_wconf 83' lang='lat' dir='ltr'><strong>regulam</strong></span> 
     </span>
    </p>
   </div>
   <div class='ocr_carea' id='block_1_67' title="bbox 2601 3665 4210 3737">
    <p class='ocr_par' dir='ltr' id='par_1_67' title="bbox 2601 3665 4210 3737">
     <span class='ocr_line' id='line_1_67' title="bbox 2601 3665 4210 3737; baseline 0.006 -18"><span class='ocrx_word' id='word_1_407' title='bbox 2601 3665 2820 3719; x_wconf 77' lang='lat' dir='ltr'><strong>l‘eininis</strong></span> <span class='ocrx_word' id='word_1_408' title='bbox 2866 3666 3257 3721; x_wconf 84' lang='lat' dir='ltr'><strong>admiscentur.</strong></span> <span class='ocrx_word' id='word_1_409' title='bbox 3310 3667 3411 3735; x_wconf 87' lang='lat' dir='ltr'><strong>Qui</strong></span> <span class='ocrx_word' id='word_1_410' title='bbox 3452 3670 3616 3737; x_wconf 91' lang='lat' dir='ltr'><strong>plane</strong></span> <span class='ocrx_word' id='word_1_411' title='bbox 3668 3673 3796 3724; x_wconf 83' lang='lat' dir='ltr'><strong>tunc</strong></span> <span class='ocrx_word' id='word_1_412' title='bbox 3845 3672 4210 3729; x_wconf 87' lang='lat' dir='ltr'><strong>fornicatores</strong></span> 
     </span>
    </p>
   </div>
   <div class='ocr_carea' id='block_1_68' title="bbox 2602 3755 4210 3831">
    <p class='ocr_par' dir='ltr' id='par_1_68' title="bbox 2602 3755 4210 3831">
     <span class='ocr_line' id='line_1_68' title="bbox 2602 3755 4210 3831; baseline 0.007 -22"><span class='ocrx_word' id='word_1_413' title='bbox 2602 3755 2777 3821; x_wconf 89' lang='lat' dir='ltr'><strong>fiunt,</strong></span> <span class='ocrx_word' id='word_1_414' title='bbox 2824 3773 2946 3811; x_wconf 93' lang='lat' dir='ltr'><strong>cum</strong></span> <span class='ocrx_word' id='word_1_415' title='bbox 2996 3757 3123 3815; x_wconf 63' lang='lat' dir='ltr'><strong>futili</strong></span> <span class='ocrx_word' id='word_1_416' title='bbox 3171 3761 3484 3814; x_wconf 89' lang='lat' dir='ltr'><strong>commercii</strong></span> <span class='ocrx_word' id='word_1_417' title='bbox 3533 3761 3758 3831; x_wconf 88' lang='lat' dir='ltr'><strong>copulas</strong></span> <span class='ocrx_word' id='word_1_418' title='bbox 3809 3762 4029 3829; x_wconf 90' lang='lat' dir='ltr'><strong>ineunt;</strong></span> <span class='ocrx_word' id='word_1_419' title='bbox 4081 3775 4210 3819; x_wconf 85' lang='lat' dir='ltr'><strong>tunc</strong></span> 
     </span>
    </p>
   </div>
   <div class='ocr_carea' id='block_1_69' title="bbox 2601 3850 4207 3925">
    <p class='ocr_par' dir='ltr' id='par_1_69' title="bbox 2601 3850 4207 3925">
     <span class='ocr_line' id='line_1_69' title="bbox 2601 3850 4207 3925; baseline 0.005 -22"><span class='ocrx_word' id='word_1_420' title='bbox 2601 3850 2877 3907; x_wconf 81' lang='lat' dir='ltr'><strong>Nicolaitac</strong></span> <span class='ocrx_word' id='word_1_421' title='bbox 2900 3853 3021 3921; x_wconf 85' lang='lat' dir='ltr'><strong>jure</strong></span> <span class='ocrx_word' id='word_1_422' title='bbox 3045 3863 3311 3907; x_wconf 79' lang='lat' dir='ltr'><strong>vocantur</strong></span> <span class='ocrx_word' id='word_1_423' title='bbox 3341 3869 3465 3908; x_wconf 87' lang='lat' dir='ltr'><strong>cum</strong></span> <span class='ocrx_word' id='word_1_424' title='bbox 3492 3855 3634 3908; x_wconf 89' lang='lat' dir='ltr'><strong>hanc</strong></span> <span class='ocrx_word' id='word_1_425' title='bbox 3659 3853 3966 3910; x_wconf 79' lang='lat' dir='ltr'><strong>lethif&#39;eram</strong></span> <span class='ocrx_word' id='word_1_426' title='bbox 3997 3866 4207 3925; x_wconf 89' lang='lat' dir='ltr'><strong>pestem</strong></span> 
     </span>
    </p>
   </div>
   <div class='ocr_carea' id='block_1_70' title="bbox 2598 3940 4202 4015">
    <p class='ocr_par' dir='ltr' id='par_1_70' title="bbox 2598 3940 4202 4015">
     <span class='ocr_line' id='line_1_70' title="bbox 2598 3940 4202 4015; baseline 0.004 -21"><span class='ocrx_word' id='word_1_427' title='bbox 2598 3940 2747 3994; x_wconf 81' lang='lat' dir='ltr'><strong>velut</strong></span> <span class='ocrx_word' id='word_1_428' title='bbox 2797 3956 2859 3993; x_wconf 82' lang='lat' dir='ltr'><strong>ex</strong></span> <span class='ocrx_word' id='word_1_429' title='bbox 2909 3942 3236 3997; x_wconf 77' lang='lat' dir='ltr'><strong>auctoritate</strong></span> <span class='ocrx_word' id='word_1_430' title='bbox 3278 3941 3595 3996; x_wconf 80' lang='lat' dir='ltr'><strong>defendunt.</strong></span> <span class='ocrx_word' id='word_1_431' title='bbox 3651 3940 3849 3997; x_wconf 83' lang='lat' dir='ltr'><strong>Vitium</strong></span> <span class='ocrx_word' id='word_1_432' title='bbox 3901 3946 4100 4015; x_wconf 87' lang='lat' dir='ltr'><strong>quippe</strong></span> <span class='ocrx_word' id='word_1_433' title='bbox 4147 3947 4202 4001; x_wconf 87' lang='lat' dir='ltr'><strong>in</strong></span> 
     </span>
    </p>
   </div>
   <div class='ocr_carea' id='block_1_71' title="bbox 2598 4031 4204 4105">
    <p class='ocr_par' dir='ltr' id='par_1_71' title="bbox 2598 4031 4204 4105">
     <span class='ocr_line' id='line_1_71' title="bbox 2598 4031 4204 4105; baseline 0.006 -20"><span class='ocrx_word' id='word_1_434' title='bbox 2598 4031 2848 4086; x_wconf 65' lang='lat' dir='ltr'><strong>hazresim</strong></span> <span class='ocrx_word' id='word_1_435' title='bbox 2878 4033 3132 4093; x_wconf 87' lang='lat' dir='ltr'><strong>vertitur,</strong></span> <span class='ocrx_word' id='word_1_436' title='bbox 3169 4047 3291 4087; x_wconf 91' lang='lat' dir='ltr'><strong>cum</strong></span> <span class='ocrx_word' id='word_1_437' title='bbox 3329 4035 3569 4101; x_wconf 84' lang='lat' dir='ltr'><strong>perversi</strong></span> <span class='ocrx_word' id='word_1_438' title='bbox 3598 4034 3866 4105; x_wconf 80' lang='lat' dir='ltr'><strong>dogmatis</strong></span> <span class='ocrx_word' id='word_1_439' title='bbox 3897 4038 4204 4095; x_wconf 82' lang='lat' dir='ltr'><strong>assertiOnc</strong></span> 
     </span>
    </p>
   </div>
   <div class='ocr_carea' id='block_1_72' title="bbox 2600 4123 4204 4196">
    <p class='ocr_par' dir='ltr' id='par_1_72' title="bbox 2600 4123 4204 4196">
     <span class='ocr_line' id='line_1_72' title="bbox 2600 4123 4204 4196; baseline 0.006 -21"><span class='ocrx_word' id='word_1_440' title='bbox 2600 4123 2867 4177; x_wconf 87' lang='lat' dir='ltr'><strong>firmatur.</strong></span> <span class='ocrx_word' id='word_1_441' title='bbox 2919 4124 3055 4189; x_wconf 81' lang='lat' dir='ltr'><strong>Quid</strong></span> <span class='ocrx_word' id='word_1_442' title='bbox 3099 4124 3295 4191; x_wconf 87' lang='lat' dir='ltr'><strong>plura?</strong></span> <span class='ocrx_word' id='word_1_443' title='bbox 3331 4125 3487 4179; x_wconf 90' lang='lat' dir='ltr'><strong>nobis</strong></span> <span class='ocrx_word' id='word_1_444' title='bbox 3512 4123 3673 4194; x_wconf 77' lang='lat' dir='ltr'><strong>digna</strong></span> <span class='ocrx_word' id='word_1_445' title='bbox 3710 4127 3854 4180; x_wconf 90' lang='lat' dir='ltr'><strong>sedis</strong></span> <span class='ocrx_word' id='word_1_446' title='bbox 3893 4128 4204 4196; x_wconf 74' lang='lat' dir='ltr'><strong>apostolica:</strong></span> 
     </span>
    </p>
   </div>
   <div class='ocr_carea' id='block_1_73' title="bbox 2596 4217 4203 4290">
    <p class='ocr_par' dir='ltr' id='par_1_73' title="bbox 2596 4217 4203 4290">
     <span class='ocr_line' id='line_1_73' title="bbox 2596 4217 4203 4290; baseline 0.007 -21"><span class='ocrx_word' id='word_1_447' title='bbox 2596 4217 2946 4272; x_wconf 86' lang='lat' dir='ltr'><strong>veneratione</strong></span> <span class='ocrx_word' id='word_1_448' title='bbox 2981 4220 3237 4287; x_wconf 75' lang='lat' dir='ltr'><strong>receptis,</strong></span> <span class='ocrx_word' id='word_1_449' title='bbox 3269 4234 3333 4273; x_wconf 92' lang='lat' dir='ltr'><strong>ac</strong></span> <span class='ocrx_word' id='word_1_450' title='bbox 3362 4221 3615 4290; x_wconf 83' lang='lat' dir='ltr'><strong>negotiis,</strong></span> <span class='ocrx_word' id='word_1_451' title='bbox 3655 4238 3775 4290; x_wconf 79' lang='lat' dir='ltr'><strong>qua:</strong></span> <span class='ocrx_word' id='word_1_452' title='bbox 3821 4238 3920 4277; x_wconf 90' lang='lat' dir='ltr'><strong>nos</strong></span> <span class='ocrx_word' id='word_1_453' title='bbox 3963 4234 4203 4280; x_wconf 82' lang='lat' dir='ltr'><strong>attraxe—</strong></span> 
     </span>
    </p>
   </div>
   <div class='ocr_carea' id='block_1_74' title="bbox 2598 4309 4196 4379">
    <p class='ocr_par' dir='ltr' id='par_1_74' title="bbox 2598 4309 4196 4379">
     <span class='ocr_line' id='line_1_74' title="bbox 2598 4309 4196 4379; baseline 0.008 -20"><span class='ocrx_word' id='word_1_454' title='bbox 2598 4315 2743 4372; x_wconf 87' lang='lat' dir='ltr'><strong>rant,</strong></span> <span class='ocrx_word' id='word_1_455' title='bbox 2779 4309 3060 4375; x_wconf 90' lang='lat' dir='ltr'><strong>intimatis,</strong></span> <span class='ocrx_word' id='word_1_456' title='bbox 3088 4319 3208 4379; x_wconf 90' lang='lat' dir='ltr'><strong>post</strong></span> <span class='ocrx_word' id='word_1_457' title='bbox 3240 4312 3386 4365; x_wconf 90' lang='lat' dir='ltr'><strong>diem</strong></span> <span class='ocrx_word' id='word_1_458' title='bbox 3418 4312 3647 4366; x_wconf 90' lang='lat' dir='ltr'><strong>alterum</strong></span> <span class='ocrx_word' id='word_1_459' title='bbox 3694 4313 3931 4369; x_wconf 79' lang='lat' dir='ltr'><strong>factione</strong></span> <span class='ocrx_word' id='word_1_460' title='bbox 3979 4316 4196 4371; x_wconf 86' lang='lat' dir='ltr'><strong>clerico-</strong></span> 
     </span>
    </p>
   </div>
   <div class='ocr_carea' id='block_1_75' title="bbox 896 4387 4199 4473">
    <p class='ocr_par' dir='ltr' id='par_1_75' title="bbox 896 4387 4199 4473">
     <span class='ocr_line' id='line_1_75' title="bbox 896 4387 4199 4473; baseline 0.006 -31"><span class='ocrx_word' id='word_1_461' title='bbox 896 4388 1043 4444; x_wconf 82' lang='lat' dir='ltr'><strong>beati</strong></span> <span class='ocrx_word' id='word_1_462' title='bbox 1069 4387 1216 4444; x_wconf 85' lang='lat' dir='ltr'><strong>Petri</strong></span> <span class='ocrx_word' id='word_1_463' title='bbox 1255 4390 1416 4444; x_wconf 92' lang='lat' dir='ltr'><strong>totius</strong></span> <span class='ocrx_word' id='word_1_464' title='bbox 1452 4390 1771 4445; x_wconf 71' lang='lat' dir='ltr'><strong>Christiana:</strong></span> <span class='ocrx_word' id='word_1_465' title='bbox 1794 4390 2072 4461; x_wconf 82' lang='lat' dir='ltr'><strong>religionis</strong></span> <span class='ocrx_word' id='word_1_466' title='bbox 2094 4400 2256 4460; x_wconf 89' lang='lat' dir='ltr'><strong>caput</strong></span> <span class='ocrx_word' id='word_1_467' title='bbox 2279 4390 2490 4456; x_wconf 77' lang='lat' dir='ltr'><strong>elfecla.</strong></span> <span class='ocrx_word' id='word_1_468' title='bbox 2521 4391 2564 4453; x_wconf 92' lang='lat' dir='ltr'>C</span> <span class='ocrx_word' id='word_1_469' title='bbox 2598 4417 2717 4454; x_wconf 91' lang='lat' dir='ltr'><strong>rum</strong></span> <span class='ocrx_word' id='word_1_470' title='bbox 2741 4410 2965 4471; x_wconf 86' lang='lat' dir='ltr'><strong>repente</strong></span> <span class='ocrx_word' id='word_1_471' title='bbox 2994 4402 3044 4456; x_wconf 89' lang='lat' dir='ltr'><strong>in</strong></span> <span class='ocrx_word' id='word_1_472' title='bbox 3074 4403 3270 4473; x_wconf 91' lang='lat' dir='ltr'><strong>populo</strong></span> <span class='ocrx_word' id='word_1_473' title='bbox 3299 4420 3549 4457; x_wconf 89' lang='lat' dir='ltr'><strong>murmur</strong></span> <span class='ocrx_word' id='word_1_474' title='bbox 3573 4405 3843 4469; x_wconf 84' lang='lat' dir='ltr'><strong>exoritur,</strong></span> <span class='ocrx_word' id='word_1_475' title='bbox 3868 4421 3974 4459; x_wconf 91' lang='lat' dir='ltr'><strong>non</strong></span> <span class='ocrx_word' id='word_1_476' title='bbox 3999 4408 4199 4463; x_wconf 83' lang='lat' dir='ltr'><strong>debere</strong></span> 
     </span>
    </p>
   </div>
   <div class='ocr_carea' id='block_1_76' title="bbox 894 4480 2493 4552">
    <p class='ocr_par' dir='ltr' id='par_1_76' title="bbox 894 4480 2493 4552">
     <span class='ocr_line' id='line_1_76' title="bbox 894 4480 2493 4552; baseline 0.001 -17"><span class='ocrx_word' id='word_1_477' title='bbox 894 4480 1107 4535; x_wconf 77' lang='lat' dir='ltr'><strong>cunctis</strong></span> <span class='ocrx_word' id='word_1_478' title='bbox 1130 4480 1182 4534; x_wconf 90' lang='lat' dir='ltr'><strong>in</strong></span> <span class='ocrx_word' id='word_1_479' title='bbox 1210 4482 1340 4535; x_wconf 79' lang='lat' dir='ltr'><strong>orbe</strong></span> <span class='ocrx_word' id='word_1_480' title='bbox 1370 4493 1637 4535; x_wconf 88' lang='lat' dir='ltr'><strong>terrarum</strong></span> <span class='ocrx_word' id='word_1_481' title='bbox 1666 4482 2002 4552; x_wconf 85' lang='lat' dir='ltr'><strong>principetur</strong></span> <span class='ocrx_word' id='word_1_482' title='bbox 2026 4482 2283 4537; x_wconf 85' lang='lat' dir='ltr'><strong>Ecclesiis</strong></span> <span class='ocrx_word' id='word_1_483' title='bbox 2301 4524 2314 4547; x_wconf 96' lang='lat'><strong>,</strong></span> <span class='ocrx_word' id='word_1_484' title='bbox 2341 4483 2493 4537; x_wconf 87' lang='lat' dir='ltr'><strong>velut</strong></span> 
     </span>
    </p>
   </div>
   <div class='ocr_carea' id='block_1_77' title="bbox 896 4570 2490 4642">
    <p class='ocr_par' dir='ltr' id='par_1_77' title="bbox 896 4570 2490 4642">
     <span class='ocr_line' id='line_1_77' title="bbox 896 4570 2490 4642; baseline 0.001 -17"><span class='ocrx_word' id='word_1_485' title='bbox 896 4572 1010 4625; x_wconf 79' lang='lat' dir='ltr'><strong>dux</strong></span> <span class='ocrx_word' id='word_1_486' title='bbox 1043 4581 1167 4625; x_wconf 90' lang='lat' dir='ltr'><strong>ante</strong></span> <span class='ocrx_word' id='word_1_487' title='bbox 1198 4572 1373 4626; x_wconf 68' lang='lat' dir='ltr'><strong>aciem</strong></span> <span class='ocrx_word' id='word_1_488' title='bbox 1422 4572 1659 4626; x_wconf 88' lang='lat' dir='ltr'><strong>fidelimn</strong></span> <span class='ocrx_word' id='word_1_489' title='bbox 1707 4574 1896 4628; x_wconf 87' lang='lat' dir='ltr'><strong>cuneis</strong></span> <span class='ocrx_word' id='word_1_490' title='bbox 1936 4570 2087 4637; x_wconf 82' lang='lat' dir='ltr'><strong>fulta,</strong></span> <span class='ocrx_word' id='word_1_491' title='bbox 2133 4588 2195 4626; x_wconf 89' lang='lat' dir='ltr'><strong>ac</strong></span> <span class='ocrx_word' id='word_1_492' title='bbox 2241 4572 2490 4642; x_wconf 85' lang='lat' dir='ltr'><strong>specialis</strong></span> 
     </span>
    </p>
   </div>
   <div class='ocr_carea' id='block_1_78' title="bbox 893 4663 2489 4734">
    <p class='ocr_par' dir='ltr' id='par_1_78' title="bbox 893 4663 2489 4734">
     <span class='ocr_line' id='line_1_78' title="bbox 893 4663 2489 4734; baseline 0.002 -19"><span class='ocrx_word' id='word_1_493' title='bbox 893 4663 1268 4733; x_wconf 68' lang='lat' dir='ltr'><strong>prterogativao</strong></span> <span class='ocrx_word' id='word_1_494' title='bbox 1297 4664 1623 4718; x_wconf 87' lang='lat' dir='ltr'><strong>auctoritate</strong></span> <span class='ocrx_word' id='word_1_495' title='bbox 1653 4664 1876 4727; x_wconf 87' lang='lat' dir='ltr'><strong>tnunita,</strong></span> <span class='ocrx_word' id='word_1_496' title='bbox 1912 4672 1967 4717; x_wconf 92' lang='lat' dir='ltr'><strong>et</strong></span> <span class='ocrx_word' id='word_1_497' title='bbox 1998 4663 2324 4734; x_wconf 85' lang='lat' dir='ltr'><strong>Evangelico</strong></span> <span class='ocrx_word' id='word_1_498' title='bbox 2368 4680 2489 4718; x_wconf 79' lang='lat' dir='ltr'><strong>mu-</strong></span> 
     </span>
    </p>
   </div>
   <div class='ocr_carea' id='block_1_79' title="bbox 895 4756 2488 4821">
    <p class='ocr_par' dir='ltr' id='par_1_79' title="bbox 895 4756 2488 4821">
     <span class='ocr_line' id='line_1_79' title="bbox 895 4756 2488 4821; baseline 0.001 -12"><span class='ocrx_word' id='word_1_499' title='bbox 895 4770 1065 4811; x_wconf 89' lang='lat' dir='ltr'><strong>crone</strong></span> <span class='ocrx_word' id='word_1_500' title='bbox 1085 4756 1300 4809; x_wconf 86' lang='lat' dir='ltr'><strong>veritati</strong></span> <span class='ocrx_word' id='word_1_501' title='bbox 1331 4756 1695 4810; x_wconf 88' lang='lat' dir='ltr'><strong>resistentium</strong></span> <span class='ocrx_word' id='word_1_502' title='bbox 1720 4757 1960 4812; x_wconf 87' lang='lat' dir='ltr'><strong>cervices</strong></span> <span class='ocrx_word' id='word_1_503' title='bbox 1990 4757 2300 4821; x_wconf 84' lang='lat' dir='ltr'><strong>obtruncat,</strong></span> <span class='ocrx_word' id='word_1_504' title='bbox 2331 4767 2385 4812; x_wconf 90' lang='lat' dir='ltr'><strong>et</strong></span> <span class='ocrx_word' id='word_1_505' title='bbox 2422 4759 2488 4811; x_wconf 87' lang='lat' dir='ltr'><strong>ad</strong></span> 
     </span>
    </p>
   </div>
   <div class='ocr_carea' id='block_1_80' title="bbox 897 4848 2489 4907">
    <p class='ocr_par' dir='ltr' id='par_1_80' title="bbox 897 4848 2489 4907">
     <span class='ocr_line' id='line_1_80' title="bbox 897 4848 2489 4907; baseline 0.003 -4"><span class='ocrx_word' id='word_1_506' title='bbox 897 4848 1250 4904; x_wconf 85' lang='lat' dir='ltr'><strong>invictissime</strong></span> <span class='ocrx_word' id='word_1_507' title='bbox 1280 4850 1640 4903; x_wconf 87' lang='lat' dir='ltr'><strong>dimicandum</strong></span> <span class='ocrx_word' id='word_1_508' title='bbox 1686 4860 1852 4905; x_wconf 90' lang='lat' dir='ltr'><strong>totam</strong></span> <span class='ocrx_word' id='word_1_509' title='bbox 1896 4851 2093 4906; x_wconf 82' lang='lat' dir='ltr'><strong>Chriin</strong></span> <span class='ocrx_word' id='word_1_510' title='bbox 2143 4851 2235 4906; x_wconf 89' lang='lat' dir='ltr'><strong>mil</strong></span> <span class='ocrx_word' id='word_1_511' title='bbox 2262 4854 2390 4906; x_wconf 89' lang='lat' dir='ltr'><strong>tiam</strong></span> <span class='ocrx_word' id='word_1_512' title='bbox 2432 4853 2489 4907; x_wconf 89' lang='lat' dir='ltr'><strong>in</strong></span> 
     </span>
    </p>
   </div>
   <div class='ocr_carea' id='block_1_81' title="bbox 897 4938 2490 5012">
    <p class='ocr_par' dir='ltr' id='par_1_81' title="bbox 897 4938 2490 5012">
     <span class='ocr_line' id='line_1_81' title="bbox 897 4938 2490 5012; baseline 0.004 -20"><span class='ocrx_word' id='word_1_513' title='bbox 897 4938 1061 4996; x_wconf 91' lang='lat' dir='ltr'><strong>unius</strong></span> <span class='ocrx_word' id='word_1_514' title='bbox 1094 4941 1393 5005; x_wconf 86' lang='lat' dir='ltr'><strong>charitatis,</strong></span> <span class='ocrx_word' id='word_1_515' title='bbox 1422 4956 1485 4995; x_wconf 86' lang='lat' dir='ltr'><strong>ac</strong></span> <span class='ocrx_word' id='word_1_516' title='bbox 1515 4941 1636 4996; x_wconf 90' lang='lat' dir='ltr'><strong>fidei</strong></span> <span class='ocrx_word' id='word_1_517' title='bbox 1666 4943 2021 4997; x_wconf 85' lang='lat' dir='ltr'><strong>unanimitate</strong></span> <span class='ocrx_word' id='word_1_518' title='bbox 2042 4946 2334 5012; x_wconf 74' lang='lat' dir='ltr'><strong>conspirat.</strong></span> <span class='ocrx_word' id='word_1_519' title='bbox 2377 4943 2490 4999; x_wconf 84' lang='lat' dir='ltr'><strong>Hoc</strong></span> 
     </span>
    </p>
   </div>
   <div class='ocr_carea' id='block_1_82' title="bbox 900 5032 2490 5105">
    <p class='ocr_par' dir='ltr' id='par_1_82' title="bbox 900 5032 2490 5105">
     <span class='ocr_line' id='line_1_82' title="bbox 900 5032 2490 5105; baseline 0.004 -22"><span class='ocrx_word' id='word_1_520' title='bbox 900 5040 960 5085; x_wconf 83' lang='lat' dir='ltr'><strong>tu</strong></span> <span class='ocrx_word' id='word_1_521' title='bbox 986 5032 1275 5098; x_wconf 74' lang='lat' dir='ltr'><strong>subtiliter,</strong></span> <span class='ocrx_word' id='word_1_522' title='bbox 1305 5043 1362 5087; x_wconf 90' lang='lat' dir='ltr'><strong>ut</strong></span> <span class='ocrx_word' id='word_1_523' title='bbox 1386 5042 1443 5088; x_wconf 92' lang='lat' dir='ltr'><strong>et</strong></span> <span class='ocrx_word' id='word_1_524' title='bbox 1465 5033 1568 5088; x_wconf 82' lang='lat' dir='ltr'><strong>alia</strong></span> <span class='ocrx_word' id='word_1_525' title='bbox 1598 5033 1761 5088; x_wconf 86' lang='lat' dir='ltr'><strong>multa</strong></span> <span class='ocrx_word' id='word_1_526' title='bbox 1786 5034 2140 5102; x_wconf 86' lang='lat' dir='ltr'><strong>perpendens,</strong></span> <span class='ocrx_word' id='word_1_527' title='bbox 2174 5035 2490 5105; x_wconf 77' lang='lat' dir='ltr'><strong>frequenter</strong></span> 
     </span>
    </p>
   </div>
   <div class='ocr_carea' id='block_1_83' title="bbox 898 5124 2489 5195">
    <p class='ocr_par' dir='ltr' id='par_1_83' title="bbox 898 5124 2489 5195">
     <span class='ocr_line' id='line_1_83' title="bbox 898 5124 2489 5195; baseline 0.005 -21"><span class='ocrx_word' id='word_1_528' title='bbox 898 5138 927 5174; x_wconf 89' lang='lat' dir='ltr'><strong>a</strong></span> <span class='ocrx_word' id='word_1_529' title='bbox 967 5137 1052 5177; x_wconf 90' lang='lat' dir='ltr'><strong>me</strong></span> <span class='ocrx_word' id='word_1_530' title='bbox 1087 5124 1370 5185; x_wconf 76' lang='lat' dir='ltr'><strong>chat&#39;itate,</strong></span> <span class='ocrx_word' id='word_1_531' title='bbox 1416 5135 1784 5195; x_wconf 73' lang='lat' dir='ltr'><strong>quae&#39;superat</strong></span> <span class='ocrx_word' id='word_1_532' title='bbox 1828 5126 2030 5191; x_wconf 89' lang='lat' dir='ltr'><strong>omnia,</strong></span> <span class='ocrx_word' id='word_1_533' title='bbox 2074 5127 2397 5195; x_wconf 86' lang='lat' dir='ltr'><strong>postulasti;</strong></span> <span class='ocrx_word' id='word_1_534' title='bbox 2431 5139 2489 5183; x_wconf 90' lang='lat' dir='ltr'><strong>ut</strong></span> 
     </span>
    </p>
   </div>
   <div class='ocr_carea' id='block_1_84' title="bbox 896 5213 2488 5287">
    <p class='ocr_par' dir='ltr' id='par_1_84' title="bbox 896 5213 2488 5287">
     <span class='ocr_line' id='line_1_84' title="bbox 896 5213 2488 5287; baseline 0.004 -22"><span class='ocrx_word' id='word_1_535' title='bbox 896 5213 1264 5267; x_wconf 85' lang='lat' dir='ltr'><strong>Romanorum</strong></span> <span class='ocrx_word' id='word_1_536' title='bbox 1309 5217 1621 5281; x_wconf 88' lang='lat' dir='ltr'><strong>pontilicum</strong></span> <span class='ocrx_word' id='word_1_537' title='bbox 1662 5218 1910 5275; x_wconf 83' lang='lat' dir='ltr'><strong>decreta.</strong></span> <span class='ocrx_word' id='word_1_538' title='bbox 1953 5216 2035 5270; x_wconf 86' lang='lat' dir='ltr'><strong>vel</strong></span> <span class='ocrx_word' id='word_1_539' title='bbox 2076 5226 2227 5286; x_wconf 79' lang='lat' dir='ltr'><strong>gesta</strong></span> <span class='ocrx_word' id='word_1_540' title='bbox 2268 5235 2488 5287; x_wconf 89' lang='lat' dir='ltr'><strong>percur-</strong></span> 
     </span>
    </p>
   </div>
   <div class='ocr_carea' id='block_1_85' title="bbox 896 5303 2488 5377">
    <p class='ocr_par' dir='ltr' id='par_1_85' title="bbox 896 5303 2488 5377">
     <span class='ocr_line' id='line_1_85' title="bbox 896 5303 2488 5377; baseline 0.003 -19"><span class='ocrx_word' id='word_1_541' title='bbox 896 5317 1048 5368; x_wconf 88' lang='lat' dir='ltr'><strong>rens,</strong></span> <span class='ocrx_word' id='word_1_542' title='bbox 1080 5303 1340 5372; x_wconf 89' lang='lat' dir='ltr'><strong>quidqunl</strong></span> <span class='ocrx_word' id='word_1_543' title='bbox 1378 5305 1686 5373; x_wconf 76' lang='lat' dir='ltr'><strong>apostolica:</strong></span> <span class='ocrx_word' id='word_1_544' title='bbox 1717 5306 1861 5361; x_wconf 87' lang='lat' dir='ltr'><strong>sedis</strong></span> <span class='ocrx_word' id='word_1_545' title='bbox 1893 5308 2201 5361; x_wconf 88' lang='lat' dir='ltr'><strong>auctoritati</strong></span> <span class='ocrx_word' id='word_1_546' title='bbox 2241 5310 2488 5377; x_wconf 85' lang='lat' dir='ltr'><strong>speciali-</strong></span> 
     </span>
    </p>
   </div>
   <div class='ocr_carea' id='block_1_86' title="bbox 896 5397 2489 5466">
    <p class='ocr_par' dir='ltr' id='par_1_86' title="bbox 896 5397 2489 5466">
     <span class='ocr_line' id='line_1_86' title="bbox 896 5397 2489 5466; baseline 0.006 -17"><span class='ocrx_word' id='word_1_547' title='bbox 896 5403 983 5450; x_wconf 90' lang='lat' dir='ltr'><strong>ter</strong></span> <span class='ocrx_word' id='word_1_548' title='bbox 1006 5405 1314 5466; x_wconf 89' lang='lat' dir='ltr'><strong>competere</strong></span> <span class='ocrx_word' id='word_1_549' title='bbox 1342 5397 1636 5457; x_wconf 86' lang='lat' dir='ltr'><strong>videretur.</strong></span> <span class='ocrx_word' id='word_1_550' title='bbox 1665 5400 1791 5453; x_wconf 90' lang='lat' dir='ltr'><strong>hiuc</strong></span> <span class='ocrx_word' id='word_1_551' title='bbox 1828 5400 1951 5452; x_wconf 89' lang='lat' dir='ltr'><strong>inde</strong></span> <span class='ocrx_word' id='word_1_552' title='bbox 1991 5400 2238 5456; x_wconf 89' lang='lat' dir='ltr'><strong>curiosus</strong></span> <span class='ocrx_word' id='word_1_553' title='bbox 2269 5418 2489 5457; x_wconf 81' lang='lat' dir='ltr'><strong>exsecr-</strong></span> 
     </span>
    </p>
   </div>
   <div class='ocr_carea' id='block_1_87' title="bbox 894 5489 2487 5558">
    <p class='ocr_par' dir='ltr' id='par_1_87' title="bbox 894 5489 2487 5558">
     <span class='ocr_line' id='line_1_87' title="bbox 894 5489 2487 5558; baseline 0.008 -19"><span class='ocrx_word' id='word_1_554' title='bbox 894 5499 1105 5556; x_wconf 87' lang='lat' dir='ltr'><strong>pcrem,</strong></span> <span class='ocrx_word' id='word_1_555' title='bbox 1154 5495 1315 5555; x_wconf 86' lang='lat' dir='ltr'><strong>atque</strong></span> <span class='ocrx_word' id='word_1_556' title='bbox 1374 5489 1425 5542; x_wconf 92' lang='lat' dir='ltr'><strong>in</strong></span> <span class='ocrx_word' id='word_1_557' title='bbox 1478 5491 1629 5558; x_wconf 80' lang='lat' dir='ltr'><strong>parvi</strong></span> <span class='ocrx_word' id='word_1_558' title='bbox 1684 5490 1973 5547; x_wconf 89' lang='lat' dir='ltr'><strong>voluminis</strong></span> <span class='ocrx_word' id='word_1_559' title='bbox 2021 5494 2276 5549; x_wconf 89' lang='lat' dir='ltr'><strong>unionem</strong></span> <span class='ocrx_word' id='word_1_560' title='bbox 2334 5512 2487 5551; x_wconf 59' lang='lat' dir='ltr'><strong>novre</strong></span> 
     </span>
    </p>
   </div>
   <div class='ocr_carea' id='block_1_88' title="bbox 896 5577 2486 5659">
    <p class='ocr_par' dir='ltr' id='par_1_88' title="bbox 896 5577 2486 5659">
     <span class='ocr_line' id='line_1_88' title="bbox 896 5577 2486 5659; baseline 0.008 -27"><span class='ocrx_word' id='word_1_561' title='bbox 896 5577 1295 5647; x_wconf 83' lang='lat' dir='ltr'><strong>compilationis</strong></span> <span class='ocrx_word' id='word_1_562' title='bbox 1325 5589 1443 5635; x_wconf 85' lang='lat' dir='ltr'><strong>arte</strong></span> <span class='ocrx_word' id='word_1_563' title='bbox 1480 5580 1792 5639; x_wconf 84' lang='lat' dir='ltr'><strong>conﬂarem.</strong></span> <span class='ocrx_word' id='word_1_564' title='bbox 1833 5584 1981 5641; x_wconf 86' lang='lat' dir='ltr'><strong>llanc</strong></span> <span class='ocrx_word' id='word_1_565' title='bbox 2009 5587 2188 5656; x_wconf 79' lang='lat' dir='ltr'><strong>itaque</strong></span> <span class='ocrx_word' id='word_1_566' title='bbox 2218 5598 2321 5646; x_wconf 68' lang='lat' dir='ltr'><strong>tua:</strong></span> <span class='ocrx_word' id='word_1_567' title='bbox 2351 5594 2486 5659; x_wconf 85' lang='lat' dir='ltr'><strong>peti-</strong></span> 
     </span>
    </p>
   </div>
   <div class='ocr_carea' id='block_1_89' title="bbox 896 5668 2480 5751">
    <p class='ocr_par' dir='ltr' id='par_1_89' title="bbox 896 5668 2480 5751">
     <span class='ocr_line' id='line_1_89' title="bbox 896 5668 2480 5751; baseline 0.01 -30"><span class='ocrx_word' id='word_1_568' title='bbox 896 5668 1061 5723; x_wconf 89' lang='lat' dir='ltr'><strong>tionis</strong></span> <span class='ocrx_word' id='word_1_569' title='bbox 1091 5669 1404 5727; x_wconf 87' lang='lat' dir='ltr'><strong>instantiam</strong></span> <span class='ocrx_word' id='word_1_570' title='bbox 1434 5688 1555 5728; x_wconf 91' lang='lat' dir='ltr'><strong>cum</strong></span> <span class='ocrx_word' id='word_1_571' title='bbox 1580 5689 1679 5743; x_wconf 81' lang='lat' dir='ltr'><strong>ego</strong></span> <span class='ocrx_word' id='word_1_572' title='bbox 1710 5677 1986 5749; x_wconf 75' lang='lat' dir='ltr'><strong>negligens</strong></span> <span class='ocrx_word' id='word_1_573' title='bbox 2014 5678 2480 5751; x_wconf 86' lang='lat' dir='ltr'><strong>floccipenderem,</strong></span> 
     </span>
    </p>
   </div>
   <div class='ocr_carea' id='block_1_90' title="bbox 2592 4491 4195 4564">
    <p class='ocr_par' dir='ltr' id='par_1_90' title="bbox 2592 4491 4195 4564">
     <span class='ocr_line' id='line_1_90' title="bbox 2592 4491 4195 4564; baseline 0.005 -21"><span class='ocrx_word' id='word_1_574' title='bbox 2592 4491 3007 4545; x_wconf 81' lang='lat' dir='ltr'><strong>Ambrosianam</strong></span> <span class='ocrx_word' id='word_1_575' title='bbox 3040 4492 3335 4547; x_wconf 84' lang='lat' dir='ltr'><strong>Ecclesiam</strong></span> <span class='ocrx_word' id='word_1_576' title='bbox 3364 4492 3624 4547; x_wconf 84' lang='lat' dir='ltr'><strong>Romanis</strong></span> <span class='ocrx_word' id='word_1_577' title='bbox 3652 4494 3859 4562; x_wconf 83' lang='lat' dir='ltr'><strong>legibus</strong></span> <span class='ocrx_word' id='word_1_578' title='bbox 3886 4494 4195 4564; x_wconf 88' lang='lat' dir='ltr'><strong>subjacere,</strong></span> 
     </span>
    </p>
   </div>
   <div class='ocr_carea' id='block_1_91' title="bbox 2594 4582 4195 4657">
    <p class='ocr_par' dir='ltr' id='par_1_91' title="bbox 2594 4582 4195 4657">
     <span class='ocr_line' id='line_1_91' title="bbox 2594 4582 4195 4657; baseline 0.005 -22"><span class='ocrx_word' id='word_1_579' title='bbox 2594 4582 2907 4652; x_wconf 89' lang='lat' dir='ltr'><strong>nullumque</strong></span> <span class='ocrx_word' id='word_1_580' title='bbox 2946 4584 3222 4651; x_wconf 87' lang='lat' dir='ltr'><strong>judicandi</strong></span> <span class='ocrx_word' id='word_1_581' title='bbox 3251 4625 3265 4649; x_wconf 91' lang='lat'><strong>,</strong></span> <span class='ocrx_word' id='word_1_582' title='bbox 3313 4585 3399 4638; x_wconf 87' lang='lat' dir='ltr'><strong>vel</strong></span> <span class='ocrx_word' id='word_1_583' title='bbox 3444 4586 3761 4654; x_wconf 87' lang='lat' dir='ltr'><strong>disponendi</strong></span> <span class='ocrx_word' id='word_1_584' title='bbox 3808 4587 3897 4657; x_wconf 90' lang='lat' dir='ltr'><strong>jus</strong></span> <span class='ocrx_word' id='word_1_585' title='bbox 3944 4585 4195 4643; x_wconf 81' lang='lat' dir='ltr'><strong>Romano</strong></span> 
     </span>
    </p>
   </div>
   <div class='ocr_carea' id='block_1_92' title="bbox 2592 4677 4190 4751">
    <p class='ocr_par' dir='ltr' id='par_1_92' title="bbox 2592 4677 4190 4751">
     <span class='ocr_line' id='line_1_92' title="bbox 2592 4677 4190 4751; baseline 0.006 -25"><span class='ocrx_word' id='word_1_586' title='bbox 2592 4677 2831 4744; x_wconf 85' lang='lat' dir='ltr'><strong>pontifici</strong></span> <span class='ocrx_word' id='word_1_587' title='bbox 2879 4677 2931 4730; x_wconf 91' lang='lat' dir='ltr'><strong>in</strong></span> <span class='ocrx_word' id='word_1_588' title='bbox 2978 4678 3064 4731; x_wconf 89' lang='lat' dir='ltr'><strong>illa</strong></span> <span class='ocrx_word' id='word_1_589' title='bbox 3112 4678 3240 4731; x_wconf 88' lang='lat' dir='ltr'><strong>sede</strong></span> <span class='ocrx_word' id='word_1_590' title='bbox 3288 4688 3618 4747; x_wconf 86' lang='lat' dir='ltr'><strong>competere.</strong></span> <span class='ocrx_word' id='word_1_591' title='bbox 3664 4678 3839 4733; x_wconf 84' lang='lat' dir='ltr'><strong>Nimis</strong></span> <span class='ocrx_word' id='word_1_592' title='bbox 3889 4680 4190 4751; x_wconf 88' lang='lat' dir='ltr'><strong>indignum,</strong></span> 
     </span>
    </p>
   </div>
   <div class='ocr_carea' id='block_1_93' title="bbox 2594 4766 4194 4847">
    <p class='ocr_par' dir='ltr' id='par_1_93' title="bbox 2594 4766 4194 4847">
     <span class='ocr_line' id='line_1_93' title="bbox 2594 4766 4194 4847; baseline 0.009 -29"><span class='ocrx_word' id='word_1_593' title='bbox 2594 4766 2862 4835; x_wconf 81' lang='lat' dir='ltr'><strong>inquiunt,</strong></span> <span class='ocrx_word' id='word_1_594' title='bbox 2896 4778 2953 4822; x_wconf 91' lang='lat' dir='ltr'><strong>ut</strong></span> <span class='ocrx_word' id='word_1_595' title='bbox 2984 4784 3104 4839; x_wconf 71' lang='lat' dir='ltr'><strong>qum</strong></span> <span class='ocrx_word' id='word_1_596' title='bbox 3138 4773 3238 4824; x_wconf 89' lang='lat' dir='ltr'><strong>sub</strong></span> <span class='ocrx_word' id='word_1_597' title='bbox 3268 4772 3704 4842; x_wconf 88' lang='lat' dir='ltr'><strong>progenitoribus</strong></span> <span class='ocrx_word' id='word_1_598' title='bbox 3737 4774 3937 4828; x_wconf 89' lang='lat' dir='ltr'><strong>nostris</strong></span> <span class='ocrx_word' id='word_1_599' title='bbox 3974 4789 4194 4847; x_wconf 87' lang='lat' dir='ltr'><strong>semper</strong></span> 
     </span>
    </p>
   </div>
   <div class='ocr_carea' id='block_1_94' title="bbox 2590 4859 4190 4936">
    <p class='ocr_par' dir='ltr' id='par_1_94' title="bbox 2590 4859 4190 4936">
     <span class='ocr_line' id='line_1_94' title="bbox 2590 4859 4190 4936; baseline 0.008 -25"><span class='ocrx_word' id='word_1_600' title='bbox 2590 4859 2802 4912; x_wconf 79' lang='lat' dir='ltr'><strong>exstitit</strong></span> <span class='ocrx_word' id='word_1_601' title='bbox 2852 4859 3038 4927; x_wconf 87' lang='lat' dir='ltr'><strong>libera,</strong></span> <span class='ocrx_word' id='word_1_602' title='bbox 3086 4862 3154 4916; x_wconf 89' lang='lat' dir='ltr'><strong>ad</strong></span> <span class='ocrx_word' id='word_1_603' title='bbox 3210 4870 3408 4917; x_wconf 62' lang='lat' dir='ltr'><strong>nostra:</strong></span> <span class='ocrx_word' id='word_1_604' title='bbox 3455 4864 3792 4920; x_wconf 80' lang='lat' dir='ltr'><strong>confusionis</strong></span> <span class='ocrx_word' id='word_1_605' title='bbox 3838 4870 4190 4936; x_wconf 87' lang='lat' dir='ltr'><strong>opprobrium</strong></span> 
     </span>
    </p>
   </div>
   <div class='ocr_carea' id='block_1_95' title="bbox 2592 4952 4188 5025">
    <p class='ocr_par' dir='ltr' id='par_1_95' title="bbox 2592 4952 4188 5025">
     <span class='ocr_line' id='line_1_95' title="bbox 2592 4952 4188 5025; baseline 0.008 -22"><span class='ocrx_word' id='word_1_606' title='bbox 2592 4966 2734 5006; x_wconf 85' lang='lat' dir='ltr'><strong>mmc</strong></span> <span class='ocrx_word' id='word_1_607' title='bbox 2765 4952 2939 5017; x_wconf 85' lang='lat' dir='ltr'><strong>alteri,</strong></span> <span class='ocrx_word' id='word_1_608' title='bbox 2966 4954 3108 5023; x_wconf 84' lang='lat' dir='ltr'><strong>quod</strong></span> <span class='ocrx_word' id='word_1_609' title='bbox 3144 4953 3307 5020; x_wconf 88' lang='lat' dir='ltr'><strong>absit,</strong></span> <span class='ocrx_word' id='word_1_610' title='bbox 3357 4955 3615 5011; x_wconf 73' lang='lat' dir='ltr'><strong>Ecclesiae</strong></span> <span class='ocrx_word' id='word_1_611' title='bbox 3660 4957 3732 5011; x_wconf 90' lang='lat' dir='ltr'><strong>sit</strong></span> <span class='ocrx_word' id='word_1_612' title='bbox 3775 4957 4035 5025; x_wconf 86' lang='lat' dir='ltr'><strong>subjecta.</strong></span> <span class='ocrx_word' id='word_1_613' title='bbox 4081 4960 4188 5016; x_wconf 86' lang='lat' dir='ltr'><strong>Po-</strong></span> 
     </span>
    </p>
   </div>
   <div class='ocr_carea' id='block_1_96' title="bbox 2590 5048 4195 5116">
    <p class='ocr_par' dir='ltr' id='par_1_96' title="bbox 2590 5048 4195 5116">
     <span class='ocr_line' id='line_1_96' title="bbox 2590 5048 4195 5116; baseline 0.006 -17"><span class='ocrx_word' id='word_1_614' title='bbox 2590 5054 2791 5100; x_wconf 83' lang='lat' dir='ltr'><strong>stremo</strong></span> <span class='ocrx_word' id='word_1_615' title='bbox 2824 5048 3265 5102; x_wconf 89' lang='lat' dir='ltr'><strong>tumultuantium</strong></span> <span class='ocrx_word' id='word_1_616' title='bbox 3294 5048 3499 5102; x_wconf 88' lang='lat' dir='ltr'><strong>clamor</strong></span> <span class='ocrx_word' id='word_1_617' title='bbox 3525 5051 3809 5116; x_wconf 86' lang='lat' dir='ltr'><strong>attollitur,</strong></span> <span class='ocrx_word' id='word_1_618' title='bbox 3852 5066 3916 5105; x_wconf 74' lang='lat' dir='ltr'><strong>ex</strong></span> <span class='ocrx_word' id='word_1_619' title='bbox 3961 5053 4195 5109; x_wconf 64' lang='lat' dir='ltr'><strong>diversis</strong></span> 
     </span>
    </p>
   </div>
   <div class='ocr_carea' id='block_1_97' title="bbox 2590 5138 4188 5210">
    <p class='ocr_par' dir='ltr' id='par_1_97' title="bbox 2590 5138 4188 5210">
     <span class='ocr_line' id='line_1_97' title="bbox 2590 5138 4188 5210; baseline 0.006 -21"><span class='ocrx_word' id='word_1_620' title='bbox 2590 5138 2837 5205; x_wconf 84' lang='lat' dir='ltr'><strong>partibus</strong></span> <span class='ocrx_word' id='word_1_621' title='bbox 2884 5140 2950 5193; x_wconf 86' lang='lat' dir='ltr'><strong>ad</strong></span> <span class='ocrx_word' id='word_1_622' title='bbox 2998 5139 3311 5208; x_wconf 90' lang='lat' dir='ltr'><strong>episcopale</strong></span> <span class='ocrx_word' id='word_1_623' title='bbox 3361 5141 3619 5210; x_wconf 87' lang='lat' dir='ltr'><strong>palatium</strong></span> <span class='ocrx_word' id='word_1_624' title='bbox 3668 5144 4030 5198; x_wconf 89' lang='lat' dir='ltr'><strong>convenitur:</strong></span> <span class='ocrx_word' id='word_1_625' title='bbox 4065 5146 4188 5199; x_wconf 89' lang='lat' dir='ltr'><strong>dciu</strong></span> 
     </span>
    </p>
   </div>
   <div class='ocr_carea' id='block_1_98' title="bbox 2592 5231 4187 5308">
    <p class='ocr_par' dir='ltr' id='par_1_98' title="bbox 2592 5231 4187 5308">
     <span class='ocr_line' id='line_1_98' title="bbox 2592 5231 4187 5308; baseline 0.008 -25"><span class='ocrx_word' id='word_1_626' title='bbox 2592 5231 2949 5285; x_wconf 87' lang='lat' dir='ltr'><strong>tintinnabula</strong></span> <span class='ocrx_word' id='word_1_627' title='bbox 2993 5243 3338 5303; x_wconf 87' lang='lat' dir='ltr'><strong>perstrepunt</strong></span> <span class='ocrx_word' id='word_1_628' title='bbox 3369 5276 3383 5297; x_wconf 91' lang='lat'><strong>,</strong></span> <span class='ocrx_word' id='word_1_629' title='bbox 3427 5237 3761 5307; x_wconf 67' lang='lat' dir='ltr'><strong>praegrandis</strong></span> <span class='ocrx_word' id='word_1_630' title='bbox 3813 5253 3971 5297; x_wconf 68' lang='lat' dir='ltr'><strong>terea:</strong></span> <span class='ocrx_word' id='word_1_631' title='bbox 4022 5241 4187 5308; x_wconf 58' lang='lat' dir='ltr'><strong>tubtr,</strong></span> 
     </span>
    </p>
   </div>
   <div class='ocr_carea' id='block_1_99' title="bbox 2588 5321 4186 5397">
    <p class='ocr_par' dir='ltr' id='par_1_99' title="bbox 2588 5321 4186 5397">
     <span class='ocr_line' id='line_1_99' title="bbox 2588 5321 4186 5397; baseline 0.008 -24"><span class='ocrx_word' id='word_1_632' title='bbox 2588 5335 2709 5391; x_wconf 71' lang='lat' dir='ltr'><strong>quae</strong></span> <span class='ocrx_word' id='word_1_633' title='bbox 2736 5321 2841 5376; x_wconf 79' lang='lat' dir='ltr'><strong>illic</strong></span> <span class='ocrx_word' id='word_1_634' title='bbox 2868 5330 2973 5388; x_wconf 92' lang='lat' dir='ltr'><strong>est,</strong></span> <span class='ocrx_word' id='word_1_635' title='bbox 3006 5332 3115 5377; x_wconf 87' lang='lat' dir='ltr'><strong>tota</strong></span> <span class='ocrx_word' id='word_1_636' title='bbox 3154 5325 3347 5380; x_wconf 90' lang='lat' dir='ltr'><strong>civitas</strong></span> <span class='ocrx_word' id='word_1_637' title='bbox 3374 5326 3723 5397; x_wconf 85' lang='lat' dir='ltr'><strong>clangoribus</strong></span> <span class='ocrx_word' id='word_1_638' title='bbox 3751 5328 4050 5384; x_wconf 88' lang='lat' dir='ltr'><strong>intonatur.</strong></span> <span class='ocrx_word' id='word_1_639' title='bbox 4098 5331 4186 5385; x_wconf 93' lang='lat' dir='ltr'><strong>ln-</strong></span> 
     </span>
    </p>
   </div>
   <div class='ocr_carea' id='block_1_100' title="bbox 2590 5419 4191 5492">
    <p class='ocr_par' dir='ltr' id='par_1_100' title="bbox 2590 5419 4191 5492">
     <span class='ocr_line' id='line_1_100' title="bbox 2590 5419 4191 5492; baseline 0.005 -20"><span class='ocrx_word' id='word_1_640' title='bbox 2590 5419 2871 5473; x_wconf 87' lang='lat' dir='ltr'><strong>tentabant</strong></span> <span class='ocrx_word' id='word_1_641' title='bbox 2911 5419 3062 5484; x_wconf 80' lang='lat' dir='ltr'><strong>mihi,</strong></span> <span class='ocrx_word' id='word_1_642' title='bbox 3111 5430 3167 5475; x_wconf 88' lang='lat' dir='ltr'><strong>ut</strong></span> <span class='ocrx_word' id='word_1_643' title='bbox 3197 5422 3268 5475; x_wconf 88' lang='lat' dir='ltr'><strong>ita</strong></span> <span class='ocrx_word' id='word_1_644' title='bbox 3306 5420 3518 5492; x_wconf 86' lang='lat' dir='ltr'><strong>loquar,</strong></span> <span class='ocrx_word' id='word_1_645' title='bbox 3552 5422 3735 5477; x_wconf 88' lang='lat' dir='ltr'><strong>omnia</strong></span> <span class='ocrx_word' id='word_1_646' title='bbox 3769 5434 4020 5487; x_wconf 90' lang='lat' dir='ltr'><strong>mortem,</strong></span> <span class='ocrx_word' id='word_1_647' title='bbox 4045 5434 4099 5479; x_wconf 91' lang='lat' dir='ltr'><strong>et</strong></span> <span class='ocrx_word' id='word_1_648' title='bbox 4129 5434 4191 5481; x_wconf 84' lang='lat' dir='ltr'><strong>ut</strong></span> 
     </span>
    </p>
   </div>
   <div class='ocr_carea' id='block_1_101' title="bbox 2588 5506 4183 5584">
    <p class='ocr_par' dir='ltr' id='par_1_101' title="bbox 2588 5506 4183 5584">
     <span class='ocr_line' id='line_1_101' title="bbox 2588 5506 4183 5584; baseline 0.007 -23"><span class='ocrx_word' id='word_1_649' title='bbox 2588 5508 2657 5561; x_wconf 88' lang='lat' dir='ltr'><strong>ab</strong></span> <span class='ocrx_word' id='word_1_650' title='bbox 2683 5509 2873 5564; x_wconf 88' lang='lat' dir='ltr'><strong>amicis</strong></span> <span class='ocrx_word' id='word_1_651' title='bbox 2915 5512 3051 5565; x_wconf 86' lang='lat' dir='ltr'><strong>meis</strong></span> <span class='ocrx_word' id='word_1_652' title='bbox 3076 5511 3206 5566; x_wconf 89' lang='lat' dir='ltr'><strong>mihi</strong></span> <span class='ocrx_word' id='word_1_653' title='bbox 3238 5528 3381 5584; x_wconf 64' lang='lat' dir='ltr'><strong>saepe</strong></span> <span class='ocrx_word' id='word_1_654' title='bbox 3430 5506 3738 5583; x_wconf 80' lang='lat' dir='ltr'><strong>suggestum</strong></span> <span class='ocrx_word' id='word_1_655' title='bbox 3784 5524 3890 5578; x_wconf 88' lang='lat' dir='ltr'><strong>est,</strong></span> <span class='ocrx_word' id='word_1_656' title='bbox 3938 5518 4183 5573; x_wconf 91' lang='lat' dir='ltr'><strong>nonnulli</strong></span> 
     </span>
    </p>
   </div>
   <div class='ocr_carea' id='block_1_102' title="bbox 2588 5602 4188 5679">
    <p class='ocr_par' dir='ltr' id='par_1_102' title="bbox 2588 5602 4188 5679">
     <span class='ocr_line' id='line_1_102' title="bbox 2588 5602 4188 5679; baseline 0.008 -28"><span class='ocrx_word' id='word_1_657' title='bbox 2588 5614 2766 5653; x_wconf 88' lang='lat' dir='ltr'><strong>meum</strong></span> <span class='ocrx_word' id='word_1_658' title='bbox 2822 5602 3137 5670; x_wconf 89' lang='lat' dir='ltr'><strong>sanguinem</strong></span> <span class='ocrx_word' id='word_1_659' title='bbox 3180 5603 3453 5658; x_wconf 87' lang='lat' dir='ltr'><strong>sitiebant.</strong></span> <span class='ocrx_word' id='word_1_660' title='bbox 3503 5605 3753 5675; x_wconf 80' lang='lat' dir='ltr'><strong>Augebat</strong></span> <span class='ocrx_word' id='word_1_661' title='bbox 3798 5616 3978 5661; x_wconf 89' lang='lat' dir='ltr'><strong>autem</strong></span> <span class='ocrx_word' id='word_1_662' title='bbox 4023 5608 4188 5679; x_wconf 87' lang='lat' dir='ltr'><strong>hujus</strong></span> 
     </span>
    </p>
   </div>
   <div class='ocr_carea' id='block_1_103' title="bbox 2590 5690 4184 5773">
    <p class='ocr_par' dir='ltr' id='par_1_103' title="bbox 2590 5690 4184 5773">
     <span class='ocr_line' id='line_1_103' title="bbox 2590 5690 4184 5773; baseline 0.009 -31"><span class='ocrx_word' id='word_1_663' title='bbox 2590 5690 2729 5761; x_wconf 87' lang='lat' dir='ltr'><strong>ignis</strong></span> <span class='ocrx_word' id='word_1_664' title='bbox 2756 5691 3063 5748; x_wconf 89' lang='lat' dir='ltr'><strong>incendium</strong></span> <span class='ocrx_word' id='word_1_665' title='bbox 3115 5694 3218 5749; x_wconf 89' lang='lat' dir='ltr'><strong>hoc</strong></span> <span class='ocrx_word' id='word_1_666' title='bbox 3265 5696 3620 5763; x_wconf 79' lang='lat' dir='ltr'><strong>pcrmaxime,</strong></span> <span class='ocrx_word' id='word_1_667' title='bbox 3669 5698 3797 5767; x_wconf 86' lang='lat' dir='ltr'><strong>quia</strong></span> <span class='ocrx_word' id='word_1_668' title='bbox 3842 5702 4184 5773; x_wconf 82' lang='lat' dir='ltr'><strong>congregatis</strong></span> 
     </span>
    </p>
   </div>
   <div class='ocr_carea' id='block_1_104' title="bbox 894 5758 4179 5859">
    <p class='ocr_par' dir='ltr' id='par_1_104' title="bbox 894 5758 4179 5859">
     <span class='ocr_line' id='line_1_104' title="bbox 894 5758 4179 5859; baseline 0.009 -43"><span class='ocrx_word' id='word_1_669' title='bbox 894 5763 1173 5835; x_wconf 86' lang='lat' dir='ltr'><strong>magisque</strong></span> <span class='ocrx_word' id='word_1_670' title='bbox 1211 5766 1580 5835; x_wconf 84' lang='lat' dir='ltr'><strong>superstitioni</strong></span> <span class='ocrx_word' id='word_1_671' title='bbox 1624 5784 1785 5838; x_wconf 86' lang='lat' dir='ltr'><strong>quam</strong></span> <span class='ocrx_word' id='word_1_672' title='bbox 1837 5773 2147 5828; x_wconf 84' lang='lat' dir='ltr'><strong>necessitati</strong></span> <span class='ocrx_word' id='word_1_673' title='bbox 2193 5781 2481 5835; x_wconf 74' lang='lat' dir='ltr'><strong>obnoxiam</strong></span> <span class='ocrx_word' id='word_1_674' title='bbox 2512 5758 2562 5819; x_wconf 72' lang='lat' dir='ltr'>D</span> <span class='ocrx_word' id='word_1_675' title='bbox 2590 5789 2741 5853; x_wconf 68' lang='lat' dir='ltr'><strong>quasi</strong></span> <span class='ocrx_word' id='word_1_676' title='bbox 2772 5786 2836 5841; x_wconf 84' lang='lat' dir='ltr'><strong>ad</strong></span> <span class='ocrx_word' id='word_1_677' title='bbox 2864 5784 3127 5855; x_wconf 86' lang='lat' dir='ltr'><strong>synodum</strong></span> <span class='ocrx_word' id='word_1_678' title='bbox 3164 5786 3329 5841; x_wconf 91' lang='lat' dir='ltr'><strong>totius</strong></span> <span class='ocrx_word' id='word_1_679' title='bbox 3361 5787 3734 5844; x_wconf 83' lang='lat' dir='ltr'><strong>Ambrosianac</strong></span> <span class='ocrx_word' id='word_1_680' title='bbox 3760 5758 4179 5859; x_wconf 49' lang='lat' dir='ltr'><strong>parochizcvcle-</strong></span> 
     </span>
    </p>
   </div>
  </div>
