  <div class='ocr_page' id='page_1' title='image "/cluster/home/n/w/nwhite01/storage/ocr_20150623/144-145/uc1.31175001639262/585.png"; bbox 0 0 5392 6562; ppageno 0'>
   <div class='ocr_carea' id='block_1_1' title="bbox 0 0 3144 123">
    <p class='ocr_par' dir='ltr' id='par_1_1' title="bbox 0 0 3144 123">
     <span class='ocr_line' id='line_1_1' title="bbox 0 0 3144 123; baseline 0.003 -9"><span class='ocrx_word' id='word_1_1' title='bbox 0 0 3144 123; x_wconf 38' lang='grc' dir='ltr'><strong>ή--ᾢῇ-</strong></span> 
     </span>
    </p>
   </div>
   <div class='ocr_carea' id='block_1_2' title="bbox 1973 388 5225 464">
    <p class='ocr_par' dir='ltr' id='par_1_2' title="bbox 1973 388 5225 464">
     <span class='ocr_line' id='line_1_2' title="bbox 1973 388 5225 464; baseline -0.007 0"><span class='ocrx_word' id='word_1_2' title='bbox 1973 409 2032 464; x_wconf 78' lang='grc' dir='ltr'><strong><em>Μ</em></strong></span> <span class='ocrx_word' id='word_1_3' title='bbox 2399 406 2456 462; x_wconf 87' lang='lat' dir='ltr'><strong>S.</strong></span> <span class='ocrx_word' id='word_1_4' title='bbox 2500 405 2699 459; x_wconf 78' lang='lat' dir='ltr'><strong>PETRI</strong></span> <span class='ocrx_word' id='word_1_5' title='bbox 2743 398 3023 458; x_wconf 69' lang='lat' dir='ltr'><strong>DAMIANI</strong></span> <span class='ocrx_word' id='word_1_6' title='bbox 3063 399 3213 458; x_wconf 74' lang='lat' dir='ltr'><strong>OPI&#39;.</strong></span> <span class='ocrx_word' id='word_1_7' title='bbox 3258 400 3494 458; x_wconf 71' lang='lat' dir='ltr'><strong>TOMUS</strong></span> <span class='ocrx_word' id='word_1_8' title='bbox 3537 398 3665 456; x_wconf 66' lang='grc' dir='ltr'><strong>εει]</strong></span> <span class='ocrx_word' id='word_1_9' title='bbox 3707 397 3882 451; x_wconf 69' lang='lat' dir='ltr'><strong>PARS</strong></span> <span class='ocrx_word' id='word_1_10' title='bbox 3925 391 4008 450; x_wconf 88' lang='lat' dir='ltr'><strong>Ill.</strong></span> <span class='ocrx_word' id='word_1_11' title='bbox 4050 425 4118 438; x_wconf 91' lang='lat'><strong>-—</strong></span> <span class='ocrx_word' id='word_1_12' title='bbox 4159 390 4522 451; x_wconf 78' lang='lat' dir='ltr'><strong>OPUSCULA</strong></span> <span class='ocrx_word' id='word_1_13' title='bbox 4567 390 4791 447; x_wconf 68' lang='lat' dir='ltr'><strong>\‘ARIA.</strong></span> <span class='ocrx_word' id='word_1_14' title='bbox 5162 388 5225 442; x_wconf 66' lang='lat'><strong><em>92</em></strong></span> 
     </span>
    </p>
   </div>
   <div class='ocr_carea' id='block_1_3' title="bbox 1973 502 5221 585">
    <p class='ocr_par' dir='ltr' id='par_1_3' title="bbox 1973 502 5221 585">
     <span class='ocr_line' id='line_1_3' title="bbox 1973 502 5221 585; baseline -0.005 -15"><span class='ocrx_word' id='word_1_15' title='bbox 1973 516 2121 581; x_wconf 87' lang='lat' dir='ltr'><strong>ricis,</strong></span> <span class='ocrx_word' id='word_1_16' title='bbox 2150 530 2250 585; x_wconf 92' lang='lat' dir='ltr'><strong>ego</strong></span> <span class='ocrx_word' id='word_1_17' title='bbox 2279 513 2332 566; x_wconf 89' lang='lat' dir='ltr'><strong>in</strong></span> <span class='ocrx_word' id='word_1_18' title='bbox 2362 513 2537 567; x_wconf 90' lang='lat' dir='ltr'><strong>medio</strong></span> <span class='ocrx_word' id='word_1_19' title='bbox 2566 513 2827 573; x_wconf 86' lang='lat' dir='ltr'><strong>residens,</strong></span> <span class='ocrx_word' id='word_1_20' title='bbox 2876 511 2987 564; x_wconf 83' lang='lat' dir='ltr'><strong>sive</strong></span> <span class='ocrx_word' id='word_1_21' title='bbox 3029 513 3205 580; x_wconf 89' lang='lat' dir='ltr'><strong>potius</strong></span> <span class='ocrx_word' id='word_1_22' title='bbox 3233 513 3547 579; x_wconf 65' lang='lat' dir='ltr'><strong>prrsideus,</strong></span> <span class='ocrx_word' id='word_1_23' title='bbox 3580 519 3622 573; x_wconf 81' lang='grc' dir='ltr'><strong>Α</strong></span> <span class='ocrx_word' id='word_1_24' title='bbox 3653 509 3923 572; x_wconf 80' lang='lat' dir='ltr'><strong>ctoritate,</strong></span> <span class='ocrx_word' id='word_1_25' title='bbox 3957 508 4220 576; x_wconf 86' lang='lat' dir='ltr'><strong>baptisma</strong></span> <span class='ocrx_word' id='word_1_26' title='bbox 4249 521 4275 559; x_wconf 89' lang='lat' dir='ltr'><strong>a</strong></span> <span class='ocrx_word' id='word_1_27' title='bbox 4307 506 4439 560; x_wconf 85' lang='lat' dir='ltr'><strong>Lino</strong></span> <span class='ocrx_word' id='word_1_28' title='bbox 4471 502 4584 572; x_wconf 87' lang='lat' dir='ltr'><strong>ejus</strong></span> <span class='ocrx_word' id='word_1_29' title='bbox 4610 517 4922 559; x_wconf 70' lang='lat' dir='ltr'><strong>successore</strong></span> <span class='ocrx_word' id='word_1_30' title='bbox 4945 504 5221 572; x_wconf 87' lang='lat' dir='ltr'><strong>suscepit:</strong></span> 
     </span>
    </p>
   </div>
   <div class='ocr_carea' id='block_1_4' title="bbox 1975 602 3553 672">
    <p class='ocr_par' dir='ltr' id='par_1_4' title="bbox 1975 602 3553 672">
     <span class='ocr_line' id='line_1_4' title="bbox 1975 602 3553 672; baseline -0.003 -10"><span class='ocrx_word' id='word_1_31' title='bbox 1975 607 2477 662; x_wconf 82' lang='lat' dir='ltr'><strong>reverendissimum</strong></span> <span class='ocrx_word' id='word_1_32' title='bbox 2519 603 2964 657; x_wconf 81' lang='lat' dir='ltr'><strong>Mediolaneusem</strong></span> <span class='ocrx_word' id='word_1_33' title='bbox 2997 604 3457 672; x_wconf 65' lang='lat' dir='ltr'><strong>archiepiscopum</strong></span> <span class='ocrx_word' id='word_1_34' title='bbox 3485 602 3553 657; x_wconf 85' lang='lat' dir='ltr'><strong>ad</strong></span> 
     </span>
    </p>
   </div>
   <div class='ocr_carea' id='block_1_5' title="bbox 1974 698 3550 766">
    <p class='ocr_par' dir='ltr' id='par_1_5' title="bbox 1974 698 3550 766">
     <span class='ocr_line' id='line_1_5' title="bbox 1974 698 3550 766; baseline -0.004 -11"><span class='ocrx_word' id='word_1_35' title='bbox 1974 701 2283 761; x_wconf 77' lang='lat' dir='ltr'><strong>sinistram;</strong></span> <span class='ocrx_word' id='word_1_36' title='bbox 2323 698 2603 766; x_wconf 72' lang='lat' dir='ltr'><strong>prudentia</strong></span> <span class='ocrx_word' id='word_1_37' title='bbox 2633 713 2865 765; x_wconf 80' lang='lat' dir='ltr'><strong>quoque,</strong></span> <span class='ocrx_word' id='word_1_38' title='bbox 2907 714 2968 750; x_wconf 90' lang='lat' dir='ltr'><strong>ac</strong></span> <span class='ocrx_word' id='word_1_39' title='bbox 3009 701 3293 751; x_wconf 71' lang='lat' dir='ltr'><strong>sanct&#39;tate</strong></span> <span class='ocrx_word' id='word_1_40' title='bbox 3335 701 3550 765; x_wconf 79' lang='lat' dir='ltr'><strong>consp-</strong></span> 
     </span>
    </p>
   </div>
   <div class='ocr_carea' id='block_1_6' title="bbox 1976 785 3550 855">
    <p class='ocr_par' dir='ltr' id='par_1_6' title="bbox 1976 785 3550 855">
     <span class='ocr_line' id='line_1_6' title="bbox 1976 785 3550 855; baseline -0.003 -12"><span class='ocrx_word' id='word_1_41' title='bbox 1976 805 2131 843; x_wconf 90' lang='lat' dir='ltr'><strong>cuum</strong></span> <span class='ocrx_word' id='word_1_42' title='bbox 2165 788 2473 842; x_wconf 85' lang='lat' dir='ltr'><strong>Ausehnum</strong></span> <span class='ocrx_word' id='word_1_43' title='bbox 2495 785 2786 839; x_wconf 86' lang='lat' dir='ltr'><strong>Lucensem</strong></span> <span class='ocrx_word' id='word_1_44' title='bbox 2810 787 3118 855; x_wconf 81' lang='lat' dir='ltr'><strong>episcopum</strong></span> <span class='ocrx_word' id='word_1_45' title='bbox 3146 790 3387 853; x_wconf 65' lang='lat' dir='ltr'><strong>posuisse</strong></span> <span class='ocrx_word' id='word_1_46' title='bbox 3420 787 3550 839; x_wconf 88' lang='lat' dir='ltr'><strong>mihi</strong></span> 
     </span>
    </p>
   </div>
   <div class='ocr_carea' id='block_1_7' title="bbox 1978 877 3549 946">
    <p class='ocr_par' dir='ltr' id='par_1_7' title="bbox 1978 877 3549 946">
     <span class='ocr_line' id='line_1_7' title="bbox 1978 877 3549 946; baseline -0.003 -14"><span class='ocrx_word' id='word_1_47' title='bbox 1978 881 2270 934; x_wconf 88' lang='lat' dir='ltr'><strong>accusabar</strong></span> <span class='ocrx_word' id='word_1_48' title='bbox 2289 880 2353 930; x_wconf 90' lang='lat' dir='ltr'><strong>ad</strong></span> <span class='ocrx_word' id='word_1_49' title='bbox 2374 879 2664 932; x_wconf 71' lang='lat' dir='ltr'><strong>dexteram.</strong></span> <span class='ocrx_word' id='word_1_50' title='bbox 2687 877 2829 930; x_wconf 83' lang='lat' dir='ltr'><strong>Hinc.</strong></span> <span class='ocrx_word' id='word_1_51' title='bbox 2852 894 3012 945; x_wconf 89' lang='lat' dir='ltr'><strong>porro</strong></span> <span class='ocrx_word' id='word_1_52' title='bbox 3034 888 3225 946; x_wconf 87' lang='lat' dir='ltr'><strong>quanta</strong></span> <span class='ocrx_word' id='word_1_53' title='bbox 3254 894 3278 928; x_wconf 90' lang='lat' dir='ltr'><strong>a</strong></span> <span class='ocrx_word' id='word_1_54' title='bbox 3306 877 3549 930; x_wconf 66' lang='lat' dir='ltr'><strong>frementi</strong></span> 
     </span>
    </p>
   </div>
   <div class='ocr_carea' id='block_1_8' title="bbox 1982 968 3552 1040">
    <p class='ocr_par' dir='ltr' id='par_1_8' title="bbox 1982 968 3552 1040">
     <span class='ocr_line' id='line_1_8' title="bbox 1982 968 3552 1040; baseline 0.002 -19"><span class='ocrx_word' id='word_1_55' title='bbox 1982 970 2085 1040; x_wconf 92' lang='lat'><strong>77</strong></span> <span class='ocrx_word' id='word_1_56' title='bbox 2113 968 2305 1038; x_wconf 90' lang='lat' dir='ltr'><strong>populo</strong></span> <span class='ocrx_word' id='word_1_57' title='bbox 2333 969 2436 1023; x_wconf 90' lang='lat' dir='ltr'><strong>dici</strong></span> <span class='ocrx_word' id='word_1_58' title='bbox 2468 971 2778 1037; x_wconf 90' lang='lat' dir='ltr'><strong>potuerint,</strong></span> <span class='ocrx_word' id='word_1_59' title='bbox 2819 986 2922 1023; x_wconf 89' lang='lat' dir='ltr'><strong>non</strong></span> <span class='ocrx_word' id='word_1_60' title='bbox 2960 986 3179 1025; x_wconf 69' lang='lat' dir='ltr'><strong>necesse</strong></span> <span class='ocrx_word' id='word_1_61' title='bbox 3205 980 3284 1021; x_wconf 70' lang='lat' dir='ltr'><strong>est</strong></span> <span class='ocrx_word' id='word_1_62' title='bbox 3311 971 3552 1038; x_wconf 76' lang='lat' dir='ltr'><strong>apicibus</strong></span> 
     </span>
    </p>
   </div>
   <div class='ocr_carea' id='block_1_9' title="bbox 1986 1060 3550 1130">
    <p class='ocr_par' dir='ltr' id='par_1_9' title="bbox 1986 1060 3550 1130">
     <span class='ocr_line' id='line_1_9' title="bbox 1986 1060 3550 1130; baseline 0.002 -17"><span class='ocrx_word' id='word_1_63' title='bbox 1986 1060 2153 1122; x_wconf 87' lang='lat' dir='ltr'><strong>tradi,</strong></span> <span class='ocrx_word' id='word_1_64' title='bbox 2186 1062 2327 1129; x_wconf 88' lang='lat' dir='ltr'><strong>quod</strong></span> <span class='ocrx_word' id='word_1_65' title='bbox 2381 1062 2634 1113; x_wconf 87' lang='lat' dir='ltr'><strong>nimirum</strong></span> <span class='ocrx_word' id='word_1_66' title='bbox 2666 1077 2757 1129; x_wconf 90' lang='lat' dir='ltr'><strong>per</strong></span> <span class='ocrx_word' id='word_1_67' title='bbox 2812 1078 2868 1114; x_wconf 90' lang='lat' dir='ltr'><strong>se</strong></span> <span class='ocrx_word' id='word_1_68' title='bbox 2918 1062 3055 1115; x_wconf 88' lang='lat' dir='ltr'><strong>valet</strong></span> <span class='ocrx_word' id='word_1_69' title='bbox 3097 1062 3342 1130; x_wconf 89' lang='lat' dir='ltr'><strong>intelligi.</strong></span> <span class='ocrx_word' id='word_1_70' title='bbox 3379 1062 3437 1115; x_wconf 83' lang='lat' dir='ltr'><strong>Et</strong></span> <span class='ocrx_word' id='word_1_71' title='bbox 3464 1079 3550 1116; x_wconf 86' lang='lat' dir='ltr'><strong>re—</strong></span> 
     </span>
    </p>
   </div>
   <div class='ocr_carea' id='block_1_10' title="bbox 1979 1149 3551 1219">
    <p class='ocr_par' dir='ltr' id='par_1_10' title="bbox 1979 1149 3551 1219">
     <span class='ocr_line' id='line_1_10' title="bbox 1979 1149 3551 1219; baseline 0.002 -18"><span class='ocrx_word' id='word_1_72' title='bbox 1979 1164 2106 1203; x_wconf 91' lang='lat' dir='ltr'><strong>vera</strong></span> <span class='ocrx_word' id='word_1_73' title='bbox 2152 1150 2265 1217; x_wconf 91' lang='lat' dir='ltr'><strong>ipse</strong></span> <span class='ocrx_word' id='word_1_74' title='bbox 2302 1149 2553 1203; x_wconf 89' lang='lat' dir='ltr'><strong>dominus</strong></span> <span class='ocrx_word' id='word_1_75' title='bbox 2602 1151 3036 1219; x_wconf 82' lang='lat' dir='ltr'><strong>arcliiepisc0pus</strong></span> <span class='ocrx_word' id='word_1_76' title='bbox 3090 1168 3211 1204; x_wconf 88' lang='lat' dir='ltr'><strong>mox</strong></span> <span class='ocrx_word' id='word_1_77' title='bbox 3252 1162 3308 1204; x_wconf 90' lang='lat' dir='ltr'><strong>ut</strong></span> <span class='ocrx_word' id='word_1_78' title='bbox 3356 1162 3551 1204; x_wconf 75' lang='lat' dir='ltr'><strong>nostra:</strong></span> 
     </span>
    </p>
   </div>
   <div class='ocr_carea' id='block_1_11' title="bbox 1975 1242 3551 1311">
    <p class='ocr_par' dir='ltr' id='par_1_11' title="bbox 1975 1242 3551 1311">
     <span class='ocr_line' id='line_1_11' title="bbox 1975 1242 3551 1311; baseline 0.003 -16"><span class='ocrx_word' id='word_1_79' title='bbox 1975 1249 2057 1295; x_wconf 87' lang='lat' dir='ltr'><strong>est</strong></span> <span class='ocrx_word' id='word_1_80' title='bbox 2085 1242 2456 1309; x_wconf 74' lang='lat' dir='ltr'><strong>pnesessionis</strong></span> <span class='ocrx_word' id='word_1_81' title='bbox 2497 1243 2835 1302; x_wconf 89' lang='lat' dir='ltr'><strong>admonitus,</strong></span> <span class='ocrx_word' id='word_1_82' title='bbox 2885 1242 3109 1311; x_wconf 88' lang='lat' dir='ltr'><strong>impiger</strong></span> <span class='ocrx_word' id='word_1_83' title='bbox 3152 1246 3376 1307; x_wconf 84' lang='lat' dir='ltr'><strong>obtulit,</strong></span> <span class='ocrx_word' id='word_1_84' title='bbox 3411 1245 3551 1299; x_wconf 91' lang='lat' dir='ltr'><strong>ultro</strong></span> 
     </span>
    </p>
   </div>
   <div class='ocr_carea' id='block_1_12' title="bbox 1977 1331 3551 1401">
    <p class='ocr_par' dir='ltr' id='par_1_12' title="bbox 1977 1331 3551 1401">
     <span class='ocr_line' id='line_1_12' title="bbox 1977 1331 3551 1401; baseline 0.004 -19"><span class='ocrx_word' id='word_1_85' title='bbox 1977 1333 2160 1394; x_wconf 89' lang='lat' dir='ltr'><strong>etiam,</strong></span> <span class='ocrx_word' id='word_1_86' title='bbox 2187 1343 2243 1383; x_wconf 89' lang='lat' dir='ltr'><strong>ut</strong></span> <span class='ocrx_word' id='word_1_87' title='bbox 2274 1332 2316 1384; x_wconf 90' lang='lat' dir='ltr'><strong>si</strong></span> <span class='ocrx_word' id='word_1_88' title='bbox 2347 1346 2444 1400; x_wconf 91' lang='lat' dir='ltr'><strong>ego</strong></span> <span class='ocrx_word' id='word_1_89' title='bbox 2469 1331 2810 1399; x_wconf 65' lang='lat' dir='ltr'><strong>prazciperem</strong></span> <span class='ocrx_word' id='word_1_90' title='bbox 2831 1371 2844 1393; x_wconf 90' lang='lat'><strong>,</strong></span> <span class='ocrx_word' id='word_1_91' title='bbox 2881 1332 2932 1384; x_wconf 94' lang='lat' dir='ltr'><strong>in</strong></span> <span class='ocrx_word' id='word_1_92' title='bbox 2974 1333 3241 1397; x_wconf 76' lang='lat' dir='ltr'><strong>scabello,</strong></span> <span class='ocrx_word' id='word_1_93' title='bbox 3279 1336 3419 1401; x_wconf 88' lang='lat' dir='ltr'><strong>quod</strong></span> <span class='ocrx_word' id='word_1_94' title='bbox 3456 1349 3551 1388; x_wconf 94' lang='lat' dir='ltr'><strong>no-</strong></span> 
     </span>
    </p>
   </div>
   <div class='ocr_carea' id='block_1_13' title="bbox 1977 1420 3544 1489">
    <p class='ocr_par' dir='ltr' id='par_1_13' title="bbox 1977 1420 3544 1489">
     <span class='ocr_line' id='line_1_13' title="bbox 1977 1420 3544 1489; baseline 0.001 -15"><span class='ocrx_word' id='word_1_95' title='bbox 1977 1420 2103 1474; x_wconf 85' lang='lat' dir='ltr'><strong>stris</strong></span> <span class='ocrx_word' id='word_1_96' title='bbox 2133 1422 2348 1474; x_wconf 68' lang='lat' dir='ltr'><strong>suberat</strong></span> <span class='ocrx_word' id='word_1_97' title='bbox 2387 1420 2641 1489; x_wconf 88' lang='lat' dir='ltr'><strong>pedibus,</strong></span> <span class='ocrx_word' id='word_1_98' title='bbox 2695 1421 2813 1474; x_wconf 88' lang='lat' dir='ltr'><strong>sine</strong></span> <span class='ocrx_word' id='word_1_99' title='bbox 2858 1425 3222 1476; x_wconf 73' lang='lat' dir='ltr'><strong>controversia</strong></span> <span class='ocrx_word' id='word_1_100' title='bbox 3270 1424 3544 1478; x_wconf 83' lang='lat' dir='ltr'><strong>resideret.</strong></span> 
     </span>
    </p>
   </div>
   <div class='ocr_carea' id='block_1_14' title="bbox 1976 1508 3547 1579">
    <p class='ocr_par' dir='ltr' id='par_1_14' title="bbox 1976 1508 3547 1579">
     <span class='ocr_line' id='line_1_14' title="bbox 1976 1508 3547 1579; baseline 0.003 -18"><span class='ocrx_word' id='word_1_101' title='bbox 1976 1508 2164 1562; x_wconf 84' lang='lat' dir='ltr'><strong>Dicant</strong></span> <span class='ocrx_word' id='word_1_102' title='bbox 2193 1508 2242 1560; x_wconf 73' lang='lat' dir='ltr'><strong>i.l</strong></span> <span class='ocrx_word' id='word_1_103' title='bbox 2278 1524 2377 1560; x_wconf 81' lang='lat' dir='ltr'><strong>non</strong></span> <span class='ocrx_word' id='word_1_104' title='bbox 2404 1509 2631 1572; x_wconf 83' lang='lat' dir='ltr'><strong>simplici</strong></span> <span class='ocrx_word' id='word_1_105' title='bbox 2663 1508 2859 1561; x_wconf 80' lang='lat' dir='ltr'><strong>factum</strong></span> <span class='ocrx_word' id='word_1_106' title='bbox 2887 1511 3202 1568; x_wconf 77' lang='lat' dir='ltr'><strong>intentione.</strong></span> <span class='ocrx_word' id='word_1_107' title='bbox 3225 1514 3312 1579; x_wconf 92' lang='lat' dir='ltr'><strong>qui</strong></span> <span class='ocrx_word' id='word_1_108' title='bbox 3336 1515 3547 1577; x_wconf 86' lang='lat' dir='ltr'><strong>volunt;</strong></span> 
     </span>
    </p>
   </div>
   <div class='ocr_carea' id='block_1_15' title="bbox 1975 1598 3551 1667">
    <p class='ocr_par' dir='ltr' id='par_1_15' title="bbox 1975 1598 3551 1667">
     <span class='ocr_line' id='line_1_15' title="bbox 1975 1598 3551 1667; baseline 0.004 -18"><span class='ocrx_word' id='word_1_109' title='bbox 1975 1611 2074 1649; x_wconf 88' lang='lat' dir='ltr'><strong>nos</strong></span> <span class='ocrx_word' id='word_1_110' title='bbox 2095 1605 2405 1650; x_wconf 89' lang='lat' dir='ltr'><strong>autemnon</strong></span> <span class='ocrx_word' id='word_1_111' title='bbox 2439 1598 2540 1651; x_wconf 90' lang='lat' dir='ltr'><strong>hoc</strong></span> <span class='ocrx_word' id='word_1_112' title='bbox 2573 1599 2858 1652; x_wconf 88' lang='lat' dir='ltr'><strong>irritationi</strong></span> <span class='ocrx_word' id='word_1_113' title='bbox 2886 1601 3063 1667; x_wconf 87' lang='lat' dir='ltr'><strong>populi</strong></span> <span class='ocrx_word' id='word_1_114' title='bbox 3098 1602 3342 1663; x_wconf 65' lang='lat' dir='ltr'><strong>rel-antis,</strong></span> <span class='ocrx_word' id='word_1_115' title='bbox 3368 1610 3424 1655; x_wconf 92' lang='lat' dir='ltr'><strong>ut</strong></span> <span class='ocrx_word' id='word_1_116' title='bbox 3457 1602 3551 1656; x_wconf 88' lang='lat' dir='ltr'><strong>fer-</strong></span> 
     </span>
    </p>
   </div>
   <div class='ocr_carea' id='block_1_16' title="bbox 1973 1688 3553 1757">
    <p class='ocr_par' dir='ltr' id='par_1_16' title="bbox 1973 1688 3553 1757">
     <span class='ocr_line' id='line_1_16' title="bbox 1973 1688 3553 1757; baseline 0.004 -18"><span class='ocrx_word' id='word_1_117' title='bbox 1973 1695 2082 1751; x_wconf 88' lang='lat' dir='ltr'><strong>tur,</strong></span> <span class='ocrx_word' id='word_1_118' title='bbox 2134 1688 2514 1752; x_wconf 80' lang='lat' dir='ltr'><strong>adscribimus,</strong></span> <span class='ocrx_word' id='word_1_119' title='bbox 2562 1691 2654 1742; x_wconf 91' lang='lat' dir='ltr'><strong>sed</strong></span> <span class='ocrx_word' id='word_1_120' title='bbox 2709 1691 3011 1757; x_wconf 66' lang='lat' dir='ltr'><strong>apostolicae</strong></span> <span class='ocrx_word' id='word_1_121' title='bbox 3049 1694 3189 1745; x_wconf 83' lang='lat' dir='ltr'><strong>sedis</strong></span> <span class='ocrx_word' id='word_1_122' title='bbox 3239 1695 3553 1747; x_wconf 75' lang='lat' dir='ltr'><strong>reverentia:</strong></span> 
     </span>
    </p>
   </div>
   <div class='ocr_carea' id='block_1_17' title="bbox 1973 1776 3550 1856">
    <p class='ocr_par' dir='ltr' id='par_1_17' title="bbox 1973 1776 3550 1856">
     <span class='ocr_line' id='line_1_17' title="bbox 1973 1776 3550 1856; baseline 0.002 -25"><span class='ocrx_word' id='word_1_123' title='bbox 1973 1776 2310 1845; x_wconf 85' lang='lat' dir='ltr'><strong>deputamus.</strong></span> <span class='ocrx_word' id='word_1_124' title='bbox 2367 1778 2435 1831; x_wconf 88' lang='lat' dir='ltr'><strong>Ut</strong></span> <span class='ocrx_word' id='word_1_125' title='bbox 2502 1790 2680 1832; x_wconf 91' lang='lat' dir='ltr'><strong>autem</strong></span> <span class='ocrx_word' id='word_1_126' title='bbox 2735 1781 2817 1856; x_wconf 51' lang='lat' dir='ltr'><strong>ad,</strong></span> <span class='ocrx_word' id='word_1_127' title='bbox 2867 1783 3125 1849; x_wconf 88' lang='lat' dir='ltr'><strong>compend</strong></span> <span class='ocrx_word' id='word_1_128' title='bbox 3152 1798 3237 1834; x_wconf 91' lang='lat' dir='ltr'><strong>um</strong></span> <span class='ocrx_word' id='word_1_129' title='bbox 3317 1785 3550 1847; x_wconf 82' lang='lat' dir='ltr'><strong>veniam,</strong></span> 
     </span>
    </p>
   </div>
   <div class='ocr_carea' id='block_1_18' title="bbox 3656 597 5225 670">
    <p class='ocr_par' dir='ltr' id='par_1_18' title="bbox 3656 597 5225 670">
     <span class='ocr_line' id='line_1_18' title="bbox 3656 597 5225 670; baseline -0.003 -18"><span class='ocrx_word' id='word_1_130' title='bbox 3656 601 3745 670; x_wconf 86' lang='lat' dir='ltr'><strong>qui</strong></span> <span class='ocrx_word' id='word_1_131' title='bbox 3794 599 4129 669; x_wconf 85' lang='lat' dir='ltr'><strong>postmodum</strong></span> <span class='ocrx_word' id='word_1_132' title='bbox 4174 614 4294 651; x_wconf 90' lang='lat' dir='ltr'><strong>cum</strong></span> <span class='ocrx_word' id='word_1_133' title='bbox 4338 598 4395 651; x_wconf 86' lang='grc' dir='ltr'><strong>Β.</strong></span> <span class='ocrx_word' id='word_1_134' title='bbox 4435 597 4589 651; x_wconf 87' lang='lat' dir='ltr'><strong>Celso</strong></span> <span class='ocrx_word' id='word_1_135' title='bbox 4636 597 4687 650; x_wconf 91' lang='lat' dir='ltr'><strong>in</strong></span> <span class='ocrx_word' id='word_1_136' title='bbox 4732 597 4832 650; x_wconf 86' lang='lat' dir='ltr'><strong>hac</strong></span> <span class='ocrx_word' id='word_1_137' title='bbox 4877 607 5068 649; x_wconf 90' lang='lat' dir='ltr'><strong>sancta</strong></span> <span class='ocrx_word' id='word_1_138' title='bbox 5102 598 5225 648; x_wconf 79' lang='lat' dir='ltr'><strong>Urbe</strong></span> 
     </span>
    </p>
   </div>
   <div class='ocr_carea' id='block_1_19' title="bbox 3656 684 5223 757">
    <p class='ocr_par' dir='ltr' id='par_1_19' title="bbox 3656 684 5223 757">
     <span class='ocr_line' id='line_1_19' title="bbox 3656 684 5223 757; baseline -0.004 -14"><span class='ocrx_word' id='word_1_139' title='bbox 3656 691 3915 757; x_wconf 79' lang='lat' dir='ltr'><strong>martyrio</strong></span> <span class='ocrx_word' id='word_1_140' title='bbox 3945 697 4236 742; x_wconf 89' lang='lat' dir='ltr'><strong>coronatus</strong></span> <span class='ocrx_word' id='word_1_141' title='bbox 4267 696 4366 740; x_wconf 88' lang='lat' dir='ltr'><strong>est.</strong></span> <span class='ocrx_word' id='word_1_142' title='bbox 4409 687 4590 740; x_wconf 85' lang='lat' dir='ltr'><strong>Sancti</strong></span> <span class='ocrx_word' id='word_1_143' title='bbox 4621 702 4745 739; x_wconf 87' lang='lat' dir='ltr'><strong>vero</strong></span> <span class='ocrx_word' id='word_1_144' title='bbox 4783 694 5049 753; x_wconf 72' lang='lat' dir='ltr'><strong>martyres</strong></span> <span class='ocrx_word' id='word_1_145' title='bbox 5097 684 5223 736; x_wconf 79' lang='lat' dir='ltr'><strong>Pro-</strong></span> 
     </span>
    </p>
   </div>
   <div class='ocr_carea' id='block_1_20' title="bbox 3656 775 5221 847">
    <p class='ocr_par' dir='ltr' id='par_1_20' title="bbox 3656 775 5221 847">
     <span class='ocr_line' id='line_1_20' title="bbox 3656 775 5221 847; baseline -0.005 -14"><span class='ocrx_word' id='word_1_146' title='bbox 3656 782 3821 834; x_wconf 82' lang='lat' dir='ltr'><strong>tasius</strong></span> <span class='ocrx_word' id='word_1_147' title='bbox 3858 790 4017 847; x_wconf 89' lang='lat' dir='ltr'><strong>atque</strong></span> <span class='ocrx_word' id='word_1_148' title='bbox 4058 779 4345 831; x_wconf 84' lang='lat' dir='ltr'><strong>Cervasius</strong></span> <span class='ocrx_word' id='word_1_149' title='bbox 4412 777 4621 830; x_wconf 85' lang='lat' dir='ltr'><strong>beatum</strong></span> <span class='ocrx_word' id='word_1_150' title='bbox 4661 775 4879 829; x_wconf 78' lang='lat' dir='ltr'><strong>Paulum</strong></span> <span class='ocrx_word' id='word_1_151' title='bbox 4920 778 5221 841; x_wconf 84' lang='lat' dir='ltr'><strong>apostolum</strong></span> 
     </span>
    </p>
   </div>
   <div class='ocr_carea' id='block_1_21' title="bbox 3654 866 5220 938">
    <p class='ocr_par' dir='ltr' id='par_1_21' title="bbox 3654 866 5220 938">
     <span class='ocr_line' id='line_1_21' title="bbox 3654 866 5220 938; baseline -0.003 -15"><span class='ocrx_word' id='word_1_152' title='bbox 3654 870 3972 938; x_wconf 86' lang='lat' dir='ltr'><strong>magistrum</strong></span> <span class='ocrx_word' id='word_1_153' title='bbox 4024 885 4086 921; x_wconf 89' lang='lat' dir='ltr'><strong>ac</strong></span> <span class='ocrx_word' id='word_1_154' title='bbox 4136 876 4515 936; x_wconf 69' lang='lat' dir='ltr'><strong>prteceptorem</strong></span> <span class='ocrx_word' id='word_1_155' title='bbox 4568 866 4819 920; x_wconf 80' lang='lat' dir='ltr'><strong>habuisse</strong></span> <span class='ocrx_word' id='word_1_156' title='bbox 4883 875 5220 929; x_wconf 85' lang='lat' dir='ltr'><strong>noscuntur;</strong></span> 
     </span>
    </p>
   </div>
   <div class='ocr_carea' id='block_1_22' title="bbox 3654 953 5221 1025">
    <p class='ocr_par' dir='ltr' id='par_1_22' title="bbox 3654 953 5221 1025">
     <span class='ocr_line' id='line_1_22' title="bbox 3654 953 5221 1025; baseline -0.006 -11"><span class='ocrx_word' id='word_1_157' title='bbox 3654 962 3792 1014; x_wconf 77' lang='lat' dir='ltr'><strong>sicut</strong></span> <span class='ocrx_word' id='word_1_158' title='bbox 3822 959 3880 1011; x_wconf 86' lang='grc' dir='ltr'><strong>Β.</strong></span> <span class='ocrx_word' id='word_1_159' title='bbox 3921 959 4204 1012; x_wconf 83' lang='lat' dir='ltr'><strong>Ambrosio</strong></span> <span class='ocrx_word' id='word_1_160' title='bbox 4232 967 4285 1010; x_wconf 89' lang='lat' dir='ltr'><strong>et</strong></span> <span class='ocrx_word' id='word_1_161' title='bbox 4317 958 4429 1025; x_wconf 89' lang='lat' dir='ltr'><strong>ipse</strong></span> <span class='ocrx_word' id='word_1_162' title='bbox 4460 965 4687 1009; x_wconf 87' lang='lat' dir='ltr'><strong>testatur</strong></span> <span class='ocrx_word' id='word_1_163' title='bbox 4728 973 4738 1008; x_wconf 93' lang='lat'>:</span> <span class='ocrx_word' id='word_1_164' title='bbox 4791 953 4900 1023; x_wconf 78' lang='lat'><strong><em>78</em></strong></span> <span class='ocrx_word' id='word_1_165' title='bbox 4927 953 5020 1007; x_wconf 82' lang='lat' dir='ltr'><strong>isti</strong></span> <span class='ocrx_word' id='word_1_166' title='bbox 5074 963 5221 1015; x_wconf 89' lang='lat' dir='ltr'><strong>sunt,</strong></span> 
     </span>
    </p>
   </div>
   <div class='ocr_carea' id='block_1_23' title="bbox 3654 1046 5225 1119">
    <p class='ocr_par' dir='ltr' id='par_1_23' title="bbox 3654 1046 5225 1119">
     <span class='ocr_line' id='line_1_23' title="bbox 3654 1046 5225 1119; baseline -0.004 -15"><span class='ocrx_word' id='word_1_167' title='bbox 3654 1052 3850 1119; x_wconf 83' lang='lat' dir='ltr'><strong>inquit,</strong></span> <span class='ocrx_word' id='word_1_168' title='bbox 3879 1051 3968 1118; x_wconf 89' lang='lat' dir='ltr'><strong>qui</strong></span> <span class='ocrx_word' id='word_1_169' title='bbox 4000 1050 4197 1103; x_wconf 89' lang='lat' dir='ltr'><strong>monita</strong></span> <span class='ocrx_word' id='word_1_170' title='bbox 4234 1064 4347 1103; x_wconf 89' lang='lat' dir='ltr'><strong>mea</strong></span> <span class='ocrx_word' id='word_1_171' title='bbox 4380 1050 4547 1102; x_wconf 76' lang='lat' dir='ltr'><strong>secuti</strong></span> <span class='ocrx_word' id='word_1_172' title='bbox 4577 1058 4891 1116; x_wconf 89' lang='lat' dir='ltr'><strong>respuentes</strong></span> <span class='ocrx_word' id='word_1_173' title='bbox 4918 1046 5145 1116; x_wconf 67' lang='lat' dir='ltr'><strong>praedia,</strong></span> <span class='ocrx_word' id='word_1_174' title='bbox 5174 1055 5225 1099; x_wconf 85' lang='lat' dir='ltr'><strong>et</strong></span> 
     </span>
    </p>
   </div>
   <div class='ocr_carea' id='block_1_24' title="bbox 3653 1138 5224 1208">
    <p class='ocr_par' dir='ltr' id='par_1_24' title="bbox 3653 1138 5224 1208">
     <span class='ocr_line' id='line_1_24' title="bbox 3653 1138 5224 1208; baseline -0.001 -15"><span class='ocrx_word' id='word_1_175' title='bbox 3653 1142 3869 1194; x_wconf 81' lang='lat' dir='ltr'><strong>divitias</strong></span> <span class='ocrx_word' id='word_1_176' title='bbox 3894 1142 4061 1195; x_wconf 84' lang='lat' dir='ltr'><strong>secuti</strong></span> <span class='ocrx_word' id='word_1_177' title='bbox 4087 1150 4209 1194; x_wconf 90' lang='lat' dir='ltr'><strong>sunt</strong></span> <span class='ocrx_word' id='word_1_178' title='bbox 4236 1141 4444 1194; x_wconf 87' lang='lat' dir='ltr'><strong>Domini</strong></span> <span class='ocrx_word' id='word_1_179' title='bbox 4468 1138 4636 1193; x_wconf 88' lang='lat' dir='ltr'><strong>nostri</strong></span> <span class='ocrx_word' id='word_1_180' title='bbox 4655 1139 4894 1208; x_wconf 83' lang='lat' dir='ltr'><strong>vestigia.</strong></span> <span class='ocrx_word' id='word_1_181' title='bbox 4922 1138 5076 1192; x_wconf 89' lang='lat' dir='ltr'><strong>Sicut</strong></span> <span class='ocrx_word' id='word_1_182' title='bbox 5097 1149 5224 1208; x_wconf 69' lang='lat' dir='ltr'><strong>ergo</strong></span> 
     </span>
    </p>
   </div>
   <div class='ocr_carea' id='block_1_25' title="bbox 3656 1232 5223 1302">
    <p class='ocr_par' dir='ltr' id='par_1_25' title="bbox 3656 1232 5223 1302">
     <span class='ocr_line' id='line_1_25' title="bbox 3656 1232 5223 1302; baseline 0.001 -19"><span class='ocrx_word' id='word_1_183' title='bbox 3656 1233 3903 1286; x_wconf 81' lang='lat' dir='ltr'><strong>Salvator</strong></span> <span class='ocrx_word' id='word_1_184' title='bbox 3932 1244 4113 1286; x_wconf 85' lang='lat' dir='ltr'><strong>noster</strong></span> <span class='ocrx_word' id='word_1_185' title='bbox 4154 1235 4308 1287; x_wconf 86' lang='lat' dir='ltr'><strong>binos</strong></span> <span class='ocrx_word' id='word_1_186' title='bbox 4338 1242 4462 1286; x_wconf 86' lang='lat' dir='ltr'><strong>ante</strong></span> <span class='ocrx_word' id='word_1_187' title='bbox 4512 1233 4697 1286; x_wconf 92' lang='lat' dir='ltr'><strong>faciem</strong></span> <span class='ocrx_word' id='word_1_188' title='bbox 4741 1247 4892 1285; x_wconf 89' lang='lat' dir='ltr'><strong>suam</strong></span> <span class='ocrx_word' id='word_1_189' title='bbox 4931 1232 5223 1302; x_wconf 77' lang='lat' dir='ltr'><strong>discipulos</strong></span> 
     </span>
    </p>
   </div>
   <div class='ocr_carea' id='block_1_26' title="bbox 3653 1321 5223 1391">
    <p class='ocr_par' dir='ltr' id='par_1_26' title="bbox 3653 1321 5223 1391">
     <span class='ocr_line' id='line_1_26' title="bbox 3653 1321 5223 1391; baseline 0.003 -19"><span class='ocrx_word' id='word_1_190' title='bbox 3653 1321 3800 1373; x_wconf 86' lang='lat' dir='ltr'><strong>misit</strong></span> <span class='ocrx_word' id='word_1_191' title='bbox 3834 1321 3983 1387; x_wconf 85' lang='lat' dir='ltr'><strong>(Luc.</strong></span> <span class='ocrx_word' id='word_1_192' title='bbox 4020 1323 4167 1390; x_wconf 76' lang='lat' dir='ltr'><strong>xix);</strong></span> <span class='ocrx_word' id='word_1_193' title='bbox 4218 1325 4286 1374; x_wconf 83' lang='lat' dir='ltr'><strong>ita</strong></span> <span class='ocrx_word' id='word_1_194' title='bbox 4319 1322 4712 1391; x_wconf 88' lang='lat' dir='ltr'><strong>quodammodo</strong></span> <span class='ocrx_word' id='word_1_195' title='bbox 4744 1330 4969 1391; x_wconf 90' lang='lat' dir='ltr'><strong>uterque</strong></span> <span class='ocrx_word' id='word_1_196' title='bbox 5000 1332 5223 1376; x_wconf 83' lang='lat' dir='ltr'><strong>sanctus</strong></span> 
     </span>
    </p>
   </div>
   <div class='ocr_carea' id='block_1_27' title="bbox 3654 1413 5221 1481">
    <p class='ocr_par' dir='ltr' id='par_1_27' title="bbox 3654 1413 5221 1481">
     <span class='ocr_line' id='line_1_27' title="bbox 3654 1413 5221 1481; baseline 0.002 -18"><span class='ocrx_word' id='word_1_197' title='bbox 3654 1413 3928 1480; x_wconf 88' lang='lat' dir='ltr'><strong>apostolus</strong></span> <span class='ocrx_word' id='word_1_198' title='bbox 3957 1428 4021 1464; x_wconf 87' lang='lat' dir='ltr'><strong>ex</strong></span> <span class='ocrx_word' id='word_1_199' title='bbox 4052 1414 4363 1481; x_wconf 84' lang='lat' dir='ltr'><strong>magisterio</strong></span> <span class='ocrx_word' id='word_1_200' title='bbox 4391 1428 4488 1466; x_wconf 89' lang='lat' dir='ltr'><strong>suo</strong></span> <span class='ocrx_word' id='word_1_201' title='bbox 4516 1413 4566 1466; x_wconf 93' lang='lat' dir='ltr'><strong>in</strong></span> <span class='ocrx_word' id='word_1_202' title='bbox 4592 1413 4729 1466; x_wconf 87' lang='lat' dir='ltr'><strong>hanc</strong></span> <span class='ocrx_word' id='word_1_203' title='bbox 4751 1415 4934 1467; x_wconf 88' lang='lat' dir='ltr'><strong>urbem</strong></span> <span class='ocrx_word' id='word_1_204' title='bbox 4961 1414 5221 1481; x_wconf 67' lang='lat' dir='ltr'><strong>praedica-</strong></span> 
     </span>
    </p>
   </div>
   <div class='ocr_carea' id='block_1_28' title="bbox 3657 1506 4793 1572">
    <p class='ocr_par' dir='ltr' id='par_1_28' title="bbox 3657 1506 4793 1572">
     <span class='ocr_line' id='line_1_28' title="bbox 3657 1506 4793 1572; baseline 0.004 -17"><span class='ocrx_word' id='word_1_205' title='bbox 3657 1512 3802 1557; x_wconf 89' lang='lat' dir='ltr'><strong>tores</strong></span> <span class='ocrx_word' id='word_1_206' title='bbox 3830 1516 4030 1557; x_wconf 72' lang='lat' dir='ltr'><strong>sanet-.c</strong></span> <span class='ocrx_word' id='word_1_207' title='bbox 4062 1506 4180 1557; x_wconf 83' lang='lat' dir='ltr'><strong>lidei</strong></span> <span class='ocrx_word' id='word_1_208' title='bbox 4212 1506 4456 1572; x_wconf 84' lang='lat' dir='ltr'><strong>geminos</strong></span> <span class='ocrx_word' id='word_1_209' title='bbox 4486 1506 4793 1560; x_wconf 83' lang='lat' dir='ltr'><strong>destinavit.</strong></span> 
     </span>
    </p>
   </div>
   <div class='ocr_carea' id='block_1_29' title="bbox 3724 1598 5224 1666">
    <p class='ocr_par' dir='ltr' id='par_1_29' title="bbox 3724 1598 5224 1666">
     <span class='ocr_line' id='line_1_29' title="bbox 3724 1598 5224 1666; baseline 0.003 -16"><span class='ocrx_word' id='word_1_210' title='bbox 3724 1598 3858 1650; x_wconf 87' lang='lat' dir='ltr'><strong>Cum</strong></span> <span class='ocrx_word' id='word_1_211' title='bbox 3909 1613 4037 1666; x_wconf 91' lang='lat' dir='ltr'><strong>ergo</strong></span> <span class='ocrx_word' id='word_1_212' title='bbox 4094 1610 4284 1652; x_wconf 65' lang='lat' dir='ltr'><strong>vesti-te</strong></span> <span class='ocrx_word' id='word_1_213' title='bbox 4334 1600 4521 1653; x_wconf 82' lang='lat' dir='ltr'><strong>salutis</strong></span> <span class='ocrx_word' id='word_1_214' title='bbox 4570 1610 4818 1655; x_wconf 86' lang='lat' dir='ltr'><strong>auctores</strong></span> <span class='ocrx_word' id='word_1_215' title='bbox 4858 1616 4922 1653; x_wconf 90' lang='lat' dir='ltr'><strong>ex</strong></span> <span class='ocrx_word' id='word_1_216' title='bbox 4967 1600 5224 1655; x_wconf 61' lang='lat' dir='ltr'><strong>Romana</strong></span> 
     </span>
    </p>
   </div>
   <div class='ocr_carea' id='block_1_30' title="bbox 3656 1687 5221 1757">
    <p class='ocr_par' dir='ltr' id='par_1_30' title="bbox 3656 1687 5221 1757">
     <span class='ocr_line' id='line_1_30' title="bbox 3656 1687 5221 1757; baseline 0.003 -17"><span class='ocrx_word' id='word_1_217' title='bbox 3656 1687 3909 1740; x_wconf 70' lang='lat' dir='ltr'><strong>Ecclesia:</strong></span> <span class='ocrx_word' id='word_1_218' title='bbox 3939 1689 4233 1756; x_wconf 71' lang='lat' dir='ltr'><strong>prodierint</strong></span> <span class='ocrx_word' id='word_1_219' title='bbox 4260 1689 4561 1756; x_wconf 85' lang='lat' dir='ltr'><strong>disciplina,</strong></span> <span class='ocrx_word' id='word_1_220' title='bbox 4585 1706 4917 1757; x_wconf 87' lang='lat' dir='ltr'><strong>consequens</strong></span> <span class='ocrx_word' id='word_1_221' title='bbox 4938 1701 5044 1753; x_wconf 85' lang='lat' dir='ltr'><strong>est,</strong></span> <span class='ocrx_word' id='word_1_222' title='bbox 5065 1688 5221 1756; x_wconf 77' lang='lat' dir='ltr'><strong>juxta</strong></span> 
     </span>
    </p>
   </div>
   <div class='ocr_carea' id='block_1_31' title="bbox 3657 1781 5226 1848">
    <p class='ocr_par' dir='ltr' id='par_1_31' title="bbox 3657 1781 5226 1848">
     <span class='ocr_line' id='line_1_31' title="bbox 3657 1781 5226 1848; baseline 0.002 -17"><span class='ocrx_word' id='word_1_223' title='bbox 3657 1781 3929 1848; x_wconf 62' lang='lat' dir='ltr'><strong>aequitatis</strong></span> <span class='ocrx_word' id='word_1_224' title='bbox 3964 1781 4229 1841; x_wconf 87' lang='lat' dir='ltr'><strong>ordinem,</strong></span> <span class='ocrx_word' id='word_1_225' title='bbox 4264 1792 4319 1833; x_wconf 89' lang='lat' dir='ltr'><strong>ut</strong></span> <span class='ocrx_word' id='word_1_226' title='bbox 4350 1781 4589 1834; x_wconf 76' lang='lat' dir='ltr'><strong>Ecclesia</strong></span> <span class='ocrx_word' id='word_1_227' title='bbox 4616 1781 4850 1834; x_wconf 77' lang='lat' dir='ltr'><strong>Romana</strong></span> <span class='ocrx_word' id='word_1_228' title='bbox 4880 1792 5053 1834; x_wconf 86' lang='lat' dir='ltr'><strong>mater</strong></span> <span class='ocrx_word' id='word_1_229' title='bbox 5099 1783 5226 1834; x_wconf 77' lang='lat' dir='ltr'><strong>Am-</strong></span> 
     </span>
    </p>
   </div>
   <div class='ocr_carea' id='block_1_32' title="bbox 1973 1862 5224 1940">
    <p class='ocr_par' dir='ltr' id='par_1_32' title="bbox 1973 1862 5224 1940">
     <span class='ocr_line' id='line_1_32' title="bbox 1973 1862 5224 1940; baseline -0.001 -18"><span class='ocrx_word' id='word_1_230' title='bbox 1973 1869 2191 1922; x_wconf 88' lang='lat' dir='ltr'><strong>ascendi</strong></span> <span class='ocrx_word' id='word_1_231' title='bbox 2243 1869 2524 1937; x_wconf 88' lang='lat' dir='ltr'><strong>pulpitum,</strong></span> <span class='ocrx_word' id='word_1_232' title='bbox 2553 1886 2638 1934; x_wconf 92' lang='lat' dir='ltr'><strong>ac,</strong></span> <span class='ocrx_word' id='word_1_233' title='bbox 2663 1862 2850 1924; x_wconf 82' lang='lat' dir='ltr'><strong>sedato</strong></span> <span class='ocrx_word' id='word_1_234' title='bbox 2879 1872 2963 1923; x_wconf 84' lang='lat' dir='ltr'><strong>vix</strong></span> <span class='ocrx_word' id='word_1_235' title='bbox 3000 1872 3217 1940; x_wconf 90' lang='lat' dir='ltr'><strong>populo,</strong></span> <span class='ocrx_word' id='word_1_236' title='bbox 3246 1873 3552 1940; x_wconf 82' lang='lat' dir='ltr'><strong>linjnsmodi</strong></span> <span class='ocrx_word' id='word_1_237' title='bbox 3588 1876 3629 1932; x_wconf 79' lang='grc' dir='ltr'><strong><em>Β</em></strong></span> <span class='ocrx_word' id='word_1_238' title='bbox 3661 1868 3904 1921; x_wconf 86' lang='lat' dir='ltr'><strong>brosiana</strong></span> <span class='ocrx_word' id='word_1_239' title='bbox 3936 1869 4001 1920; x_wconf 92' lang='lat' dir='ltr'><strong>sit</strong></span> <span class='ocrx_word' id='word_1_240' title='bbox 4037 1868 4164 1919; x_wconf 85' lang='lat' dir='ltr'><strong>lilia.</strong></span> <span class='ocrx_word' id='word_1_241' title='bbox 4195 1867 4260 1920; x_wconf 80' lang='lat' dir='ltr'><strong>L&#39;t</strong></span> <span class='ocrx_word' id='word_1_242' title='bbox 4287 1878 4464 1921; x_wconf 89' lang='lat' dir='ltr'><strong>autem</strong></span> <span class='ocrx_word' id='word_1_243' title='bbox 4488 1869 4576 1921; x_wconf 89' lang='lat' dir='ltr'><strong>bic</strong></span> <span class='ocrx_word' id='word_1_244' title='bbox 4600 1869 4887 1921; x_wconf 88' lang='lat' dir='ltr'><strong>ordointer</strong></span> <span class='ocrx_word' id='word_1_245' title='bbox 4919 1879 5224 1935; x_wconf 86' lang='lat' dir='ltr'><strong>utramque,</strong></span> 
     </span>
    </p>
   </div>
   <div class='ocr_carea' id='block_1_33' title="bbox 1979 1961 2598 2013">
    <p class='ocr_par' dir='ltr' id='par_1_33' title="bbox 1979 1961 2598 2013">
     <span class='ocr_line' id='line_1_33' title="bbox 1979 1961 2598 2013; baseline 0 -1"><span class='ocrx_word' id='word_1_246' title='bbox 1979 1972 2100 2012; x_wconf 87' lang='lat' dir='ltr'><strong>sum</strong></span> <span class='ocrx_word' id='word_1_247' title='bbox 2141 1961 2320 2013; x_wconf 78' lang='lat' dir='ltr'><strong>verl.is</strong></span> <span class='ocrx_word' id='word_1_248' title='bbox 2350 1974 2598 2013; x_wconf 80' lang='lat' dir='ltr'><strong>exorsus.</strong></span> 
     </span>
    </p>
   </div>
   <div class='ocr_carea' id='block_1_34' title="bbox 2668 2065 2856 2104">
    <p class='ocr_par' dir='ltr' id='par_1_34' title="bbox 2668 2065 2856 2104">
     <span class='ocr_line' id='line_1_34' title="bbox 2668 2065 2856 2104; baseline -0.005 0"><span class='ocrx_word' id='word_1_249' title='bbox 2668 2065 2856 2104; x_wconf 73' lang='grc' dir='ltr'><strong>δεκιιο.</strong></span> 
     </span>
    </p>
   </div>
   <div class='ocr_carea' id='block_1_35' title="bbox 2052 2136 3558 2209">
    <p class='ocr_par' dir='ltr' id='par_1_35' title="bbox 2052 2136 3558 2209">
     <span class='ocr_line' id='line_1_35' title="bbox 2052 2136 3558 2209; baseline 0.003 -20"><span class='ocrx_word' id='word_1_250' title='bbox 2052 2136 2271 2190; x_wconf 79' lang='lat' dir='ltr'><strong>Noverit</strong></span> <span class='ocrx_word' id='word_1_251' title='bbox 2304 2139 2544 2192; x_wconf 83' lang='lat' dir='ltr'><strong>cltaritas</strong></span> <span class='ocrx_word' id='word_1_252' title='bbox 2572 2150 2778 2200; x_wconf 88' lang='lat' dir='ltr'><strong>vestra,</strong></span> <span class='ocrx_word' id='word_1_253' title='bbox 2813 2139 3150 2193; x_wconf 72' lang='lat' dir='ltr'><strong>dilectissimi</strong></span> <span class='ocrx_word' id='word_1_254' title='bbox 3172 2180 3185 2200; x_wconf 89' lang='lat'><strong>,</strong></span> <span class='ocrx_word' id='word_1_255' title='bbox 3217 2157 3319 2191; x_wconf 89' lang='lat' dir='ltr'><strong>non</strong></span> <span class='ocrx_word' id='word_1_256' title='bbox 3347 2156 3429 2193; x_wconf 89' lang='lat' dir='ltr'><strong>me</strong></span> <span class='ocrx_word' id='word_1_257' title='bbox 3462 2156 3558 2209; x_wconf 91' lang='lat' dir='ltr'><strong>pro</strong></span> 
     </span>
    </p>
   </div>
   <div class='ocr_carea' id='block_1_36' title="bbox 1981 2223 3555 2290">
    <p class='ocr_par' dir='ltr' id='par_1_36' title="bbox 1981 2223 3555 2290">
     <span class='ocr_line' id='line_1_36' title="bbox 1981 2223 3555 2290; baseline 0.002 -12"><span class='ocrx_word' id='word_1_258' title='bbox 1981 2223 2236 2278; x_wconf 70' lang='lat' dir='ltr'><strong>Romana:</strong></span> <span class='ocrx_word' id='word_1_259' title='bbox 2263 2225 2517 2279; x_wconf 75' lang='lat' dir='ltr'><strong>Ecclesia:</strong></span> <span class='ocrx_word' id='word_1_260' title='bbox 2552 2227 2656 2279; x_wconf 84' lang='lat' dir='ltr'><strong>huc</strong></span> <span class='ocrx_word' id='word_1_261' title='bbox 2696 2227 2899 2280; x_wconf 83' lang='lat' dir='ltr'><strong>honore</strong></span> <span class='ocrx_word' id='word_1_262' title='bbox 2931 2228 3161 2290; x_wconf 81' lang='lat' dir='ltr'><strong>venisse,</strong></span> <span class='ocrx_word' id='word_1_263' title='bbox 3195 2229 3287 2281; x_wconf 86' lang='lat' dir='ltr'><strong>sed</strong></span> <span class='ocrx_word' id='word_1_264' title='bbox 3321 2239 3555 2281; x_wconf 90' lang='lat' dir='ltr'><strong>vestram</strong></span> 
     </span>
    </p>
   </div>
   <div class='ocr_carea' id='block_1_37' title="bbox 1981 2316 3554 2391">
    <p class='ocr_par' dir='ltr' id='par_1_37' title="bbox 1981 2316 3554 2391">
     <span class='ocr_line' id='line_1_37' title="bbox 1981 2316 3554 2391; baseline 0.005 -24"><span class='ocrx_word' id='word_1_265' title='bbox 1981 2316 2207 2386; x_wconf 86' lang='lat' dir='ltr'><strong>gloriam</strong></span> <span class='ocrx_word' id='word_1_266' title='bbox 2231 2332 2493 2386; x_wconf 67' lang='lat' dir='ltr'><strong>quaerere,</strong></span> <span class='ocrx_word' id='word_1_267' title='bbox 2523 2318 2675 2372; x_wconf 81' lang='lat' dir='ltr'><strong>vobis</strong></span> <span class='ocrx_word' id='word_1_268' title='bbox 2721 2318 2946 2372; x_wconf 90' lang='lat' dir='ltr'><strong>salutem</strong></span> <span class='ocrx_word' id='word_1_269' title='bbox 2985 2330 3036 2373; x_wconf 89' lang='lat' dir='ltr'><strong>et</strong></span> <span class='ocrx_word' id='word_1_270' title='bbox 3075 2321 3324 2388; x_wconf 79' lang='lat' dir='ltr'><strong>gratiam,</strong></span> <span class='ocrx_word' id='word_1_271' title='bbox 3353 2338 3470 2391; x_wconf 75' lang='lat' dir='ltr'><strong>qua:</strong></span> <span class='ocrx_word' id='word_1_272' title='bbox 3503 2324 3554 2375; x_wconf 92' lang='lat' dir='ltr'><strong>in</strong></span> 
     </span>
    </p>
   </div>
   <div class='ocr_carea' id='block_1_38' title="bbox 1979 2403 3555 2477">
    <p class='ocr_par' dir='ltr' id='par_1_38' title="bbox 1979 2403 3555 2477">
     <span class='ocr_line' id='line_1_38' title="bbox 1979 2403 3555 2477; baseline 0.001 -18"><span class='ocrx_word' id='word_1_273' title='bbox 1979 2403 2195 2459; x_wconf 85' lang='lat' dir='ltr'><strong>Christo</strong></span> <span class='ocrx_word' id='word_1_274' title='bbox 2227 2415 2330 2466; x_wconf 78' lang='lat' dir='ltr'><strong>est,</strong></span> <span class='ocrx_word' id='word_1_275' title='bbox 2376 2420 2496 2473; x_wconf 90' lang='lat' dir='ltr'><strong>cum</strong></span> <span class='ocrx_word' id='word_1_276' title='bbox 2523 2405 2641 2473; x_wconf 83' lang='lat' dir='ltr'><strong>ejus</strong></span> <span class='ocrx_word' id='word_1_277' title='bbox 2671 2407 2892 2471; x_wconf 87' lang='lat' dir='ltr'><strong>auxilio,</strong></span> <span class='ocrx_word' id='word_1_278' title='bbox 2920 2408 2963 2460; x_wconf 89' lang='lat' dir='ltr'><strong>si</strong></span> <span class='ocrx_word' id='word_1_279' title='bbox 2999 2410 3329 2476; x_wconf 82' lang='lat' dir='ltr'><strong>permittitis,</strong></span> <span class='ocrx_word' id='word_1_280' title='bbox 3374 2410 3555 2477; x_wconf 83' lang='lat' dir='ltr'><strong>provi-</strong></span> 
     </span>
    </p>
   </div>
   <div class='ocr_carea' id='block_1_39' title="bbox 1980 2493 3561 2566">
    <p class='ocr_par' dir='ltr' id='par_1_39' title="bbox 1980 2493 3561 2566">
     <span class='ocr_line' id='line_1_39' title="bbox 1980 2493 3561 2566; baseline 0.003 -20"><span class='ocrx_word' id='word_1_281' title='bbox 1980 2493 2131 2547; x_wconf 87' lang='lat' dir='ltr'><strong>dere.</strong></span> <span class='ocrx_word' id='word_1_282' title='bbox 2164 2493 2278 2559; x_wconf 87' lang='lat' dir='ltr'><strong>Quo</strong></span> <span class='ocrx_word' id='word_1_283' title='bbox 2320 2494 2461 2546; x_wconf 89' lang='lat' dir='ltr'><strong>enim</strong></span> <span class='ocrx_word' id='word_1_284' title='bbox 2489 2504 2645 2564; x_wconf 88' lang='lat' dir='ltr'><strong>pacto</strong></span> <span class='ocrx_word' id='word_1_285' title='bbox 2681 2496 2885 2551; x_wconf 89' lang='lat' dir='ltr'><strong>bouore</strong></span> <span class='ocrx_word' id='word_1_286' title='bbox 2921 2497 3123 2566; x_wconf 89' lang='lat' dir='ltr'><strong>indiget</strong></span> <span class='ocrx_word' id='word_1_287' title='bbox 3153 2498 3355 2564; x_wconf 89' lang='lat' dir='ltr'><strong>parvuli</strong></span> <span class='ocrx_word' id='word_1_288' title='bbox 3391 2498 3561 2551; x_wconf 89' lang='lat' dir='ltr'><strong>homi-</strong></span> 
     </span>
    </p>
   </div>
   <div class='ocr_carea' id='block_1_40' title="bbox 1982 2583 3561 2656">
    <p class='ocr_par' dir='ltr' id='par_1_40' title="bbox 1982 2583 3561 2656">
     <span class='ocr_line' id='line_1_40' title="bbox 1982 2583 3561 2656; baseline 0.003 -19"><span class='ocrx_word' id='word_1_289' title='bbox 1982 2584 2089 2647; x_wconf 89' lang='lat' dir='ltr'><strong>nis,</strong></span> <span class='ocrx_word' id='word_1_290' title='bbox 2118 2598 2237 2652; x_wconf 67' lang='lat' dir='ltr'><strong>qua:</strong></span> <span class='ocrx_word' id='word_1_291' title='bbox 2266 2583 2450 2638; x_wconf 81' lang='lat' dir='ltr'><strong>laudes</strong></span> <span class='ocrx_word' id='word_1_292' title='bbox 2490 2595 2654 2654; x_wconf 89' lang='lat' dir='ltr'><strong>atque</strong></span> <span class='ocrx_word' id='word_1_293' title='bbox 2706 2588 2973 2654; x_wconf 61' lang='lat' dir='ltr'><strong>praeconia</strong></span> <span class='ocrx_word' id='word_1_294' title='bbox 3003 2601 3068 2639; x_wconf 86' lang='lat' dir='ltr'><strong>ex</strong></span> <span class='ocrx_word' id='word_1_295' title='bbox 3118 2590 3284 2656; x_wconf 88' lang='lat' dir='ltr'><strong>ipsius</strong></span> <span class='ocrx_word' id='word_1_296' title='bbox 3312 2605 3406 2642; x_wconf 90' lang='lat' dir='ltr'><strong>ore</strong></span> <span class='ocrx_word' id='word_1_297' title='bbox 3446 2605 3561 2642; x_wconf 89' lang='lat' dir='ltr'><strong>sor-</strong></span> 
     </span>
    </p>
   </div>
   <div class='ocr_carea' id='block_1_41' title="bbox 1984 2671 3559 2745">
    <p class='ocr_par' dir='ltr' id='par_1_41' title="bbox 1984 2671 3559 2745">
     <span class='ocr_line' id='line_1_41' title="bbox 1984 2671 3559 2745; baseline 0.003 -19"><span class='ocrx_word' id='word_1_298' title='bbox 1984 2672 2084 2726; x_wconf 88' lang='lat' dir='ltr'><strong>tita</strong></span> <span class='ocrx_word' id='word_1_299' title='bbox 2116 2682 2195 2725; x_wconf 90' lang='lat' dir='ltr'><strong>est</strong></span> <span class='ocrx_word' id='word_1_300' title='bbox 2226 2671 2566 2726; x_wconf 87' lang='lat' dir='ltr'><strong>Salvatoris?</strong></span> <span class='ocrx_word' id='word_1_301' title='bbox 2604 2673 2731 2738; x_wconf 79' lang='lat' dir='ltr'><strong>Quze</strong></span> <span class='ocrx_word' id='word_1_302' title='bbox 2753 2685 2931 2729; x_wconf 89' lang='lat' dir='ltr'><strong>autem</strong></span> <span class='ocrx_word' id='word_1_303' title='bbox 2959 2678 3232 2743; x_wconf 90' lang='lat' dir='ltr'><strong>provincia</strong></span> <span class='ocrx_word' id='word_1_304' title='bbox 3264 2693 3360 2745; x_wconf 91' lang='lat' dir='ltr'><strong>per</strong></span> <span class='ocrx_word' id='word_1_305' title='bbox 3380 2679 3559 2731; x_wconf 90' lang='lat' dir='ltr'><strong>omnia</strong></span> 
     </span>
    </p>
   </div>
   <div class='ocr_carea' id='block_1_42' title="bbox 1982 2763 3558 2834">
    <p class='ocr_par' dir='ltr' id='par_1_42' title="bbox 1982 2763 3558 2834">
     <span class='ocr_line' id='line_1_42' title="bbox 1982 2763 3558 2834; baseline 0.003 -19"><span class='ocrx_word' id='word_1_306' title='bbox 1982 2773 2145 2832; x_wconf 82' lang='lat' dir='ltr'><strong>regna</strong></span> <span class='ocrx_word' id='word_1_307' title='bbox 2173 2770 2437 2816; x_wconf 87' lang='lat' dir='ltr'><strong>terrarum</strong></span> <span class='ocrx_word' id='word_1_308' title='bbox 2474 2764 2539 2815; x_wconf 90' lang='lat' dir='ltr'><strong>ab</strong></span> <span class='ocrx_word' id='word_1_309' title='bbox 2567 2764 2683 2831; x_wconf 86' lang='lat' dir='ltr'><strong>ejus</strong></span> <span class='ocrx_word' id='word_1_310' title='bbox 2720 2763 2923 2818; x_wconf 89' lang='lat' dir='ltr'><strong>ditione</strong></span> <span class='ocrx_word' id='word_1_311' title='bbox 2966 2774 3221 2819; x_wconf 80' lang='lat' dir='ltr'><strong>extranea</strong></span> <span class='ocrx_word' id='word_1_312' title='bbox 3269 2768 3558 2834; x_wconf 85' lang='lat' dir='ltr'><strong>reperitur,</strong></span> 
     </span>
    </p>
   </div>
   <div class='ocr_carea' id='block_1_43' title="bbox 1979 2851 3558 2925">
    <p class='ocr_par' dir='ltr' id='par_1_43' title="bbox 1979 2851 3558 2925">
     <span class='ocr_line' id='line_1_43' title="bbox 1979 2851 3558 2925; baseline 0.001 -16"><span class='ocrx_word' id='word_1_313' title='bbox 1979 2851 2136 2921; x_wconf 84' lang='lat' dir='ltr'><strong>cujus</strong></span> <span class='ocrx_word' id='word_1_314' title='bbox 2171 2855 2395 2909; x_wconf 79' lang='lat' dir='ltr'><strong>arbitrio</strong></span> <span class='ocrx_word' id='word_1_315' title='bbox 2452 2856 2624 2923; x_wconf 88' lang='lat' dir='ltr'><strong>ipsum</strong></span> <span class='ocrx_word' id='word_1_316' title='bbox 2674 2872 2886 2924; x_wconf 90' lang='lat' dir='ltr'><strong>quoque</strong></span> <span class='ocrx_word' id='word_1_317' title='bbox 2931 2857 3126 2910; x_wconf 73' lang='lat' dir='ltr'><strong>ctrlum</strong></span> <span class='ocrx_word' id='word_1_318' title='bbox 3173 2867 3224 2910; x_wconf 93' lang='lat' dir='ltr'><strong>et</strong></span> <span class='ocrx_word' id='word_1_319' title='bbox 3269 2857 3464 2925; x_wconf 85' lang='lat' dir='ltr'><strong>ligatur</strong></span> <span class='ocrx_word' id='word_1_320' title='bbox 3505 2866 3558 2912; x_wconf 92' lang='lat' dir='ltr'><strong>et</strong></span> 
     </span>
    </p>
   </div>
   <div class='ocr_carea' id='block_1_44' title="bbox 1981 2945 3562 3017">
    <p class='ocr_par' dir='ltr' id='par_1_44' title="bbox 1981 2945 3562 3017">
     <span class='ocr_line' id='line_1_44' title="bbox 1981 2945 3562 3017; baseline 0.003 -17"><span class='ocrx_word' id='word_1_321' title='bbox 1981 2945 2242 3000; x_wconf 75' lang='lat' dir='ltr'><strong>solvitur?</strong></span> <span class='ocrx_word' id='word_1_322' title='bbox 2274 2946 2475 3000; x_wconf 88' lang='lat' dir='ltr'><strong>Omnes</strong></span> <span class='ocrx_word' id='word_1_323' title='bbox 2515 2957 2693 3001; x_wconf 90' lang='lat' dir='ltr'><strong>autem</strong></span> <span class='ocrx_word' id='word_1_324' title='bbox 2740 2949 2851 3000; x_wconf 87' lang='lat' dir='ltr'><strong>sive</strong></span> <span class='ocrx_word' id='word_1_325' title='bbox 2884 2949 3232 3017; x_wconf 87' lang='lat' dir='ltr'><strong>patriarchivi</strong></span> <span class='ocrx_word' id='word_1_326' title='bbox 3276 2949 3562 3016; x_wconf 86' lang='lat' dir='ltr'><strong>cujuslibet</strong></span> 
     </span>
    </p>
   </div>
   <div class='ocr_carea' id='block_1_45' title="bbox 1982 3037 3561 3109">
    <p class='ocr_par' dir='ltr' id='par_1_45' title="bbox 1982 3037 3561 3109">
     <span class='ocr_line' id='line_1_45' title="bbox 1982 3037 3561 3109; baseline 0.003 -19"><span class='ocrx_word' id='word_1_327' title='bbox 1982 3037 2214 3107; x_wconf 82' lang='lat' dir='ltr'><strong>apicem,</strong></span> <span class='ocrx_word' id='word_1_328' title='bbox 2266 3037 2380 3090; x_wconf 88' lang='lat' dir='ltr'><strong>sive</strong></span> <span class='ocrx_word' id='word_1_329' title='bbox 2427 3038 2789 3106; x_wconf 81' lang='lat' dir='ltr'><strong>metropoleon</strong></span> <span class='ocrx_word' id='word_1_330' title='bbox 2838 3040 3120 3106; x_wconf 85' lang='lat' dir='ltr'><strong>primatus,</strong></span> <span class='ocrx_word' id='word_1_331' title='bbox 3154 3049 3244 3091; x_wconf 91' lang='lat' dir='ltr'><strong>aut</strong></span> <span class='ocrx_word' id='word_1_332' title='bbox 3286 3043 3561 3109; x_wconf 87' lang='lat' dir='ltr'><strong>episc0pa-</strong></span> 
     </span>
    </p>
   </div>
   <div class='ocr_carea' id='block_1_46' title="bbox 1980 3125 3562 3197">
    <p class='ocr_par' dir='ltr' id='par_1_46' title="bbox 1980 3125 3562 3197">
     <span class='ocr_line' id='line_1_46' title="bbox 1980 3125 3562 3197; baseline 0.001 -18"><span class='ocrx_word' id='word_1_333' title='bbox 1980 3134 2132 3179; x_wconf 89' lang='lat' dir='ltr'><strong>tuum</strong></span> <span class='ocrx_word' id='word_1_334' title='bbox 2187 3125 2499 3189; x_wconf 87' lang='lat' dir='ltr'><strong>cathedras,</strong></span> <span class='ocrx_word' id='word_1_335' title='bbox 2551 3125 2632 3181; x_wconf 86' lang='lat' dir='ltr'><strong>vel</strong></span> <span class='ocrx_word' id='word_1_336' title='bbox 2661 3126 3022 3181; x_wconf 86' lang='lat' dir='ltr'><strong>Ecclesiarnm</strong></span> <span class='ocrx_word' id='word_1_337' title='bbox 3054 3127 3422 3197; x_wconf 86' lang='lat' dir='ltr'><strong>cujuscunque</strong></span> <span class='ocrx_word' id='word_1_338' title='bbox 3470 3146 3562 3182; x_wconf 88' lang='lat' dir='ltr'><strong>or-</strong></span> 
     </span>
    </p>
   </div>
   <div class='ocr_carea' id='block_1_47' title="bbox 3659 1956 5223 2026">
    <p class='ocr_par' dir='ltr' id='par_1_47' title="bbox 3659 1956 5223 2026">
     <span class='ocr_line' id='line_1_47' title="bbox 3659 1956 5223 2026; baseline 0 -16"><span class='ocrx_word' id='word_1_339' title='bbox 3659 1958 4069 2010; x_wconf 79' lang='lat' dir='ltr'><strong>Ambrosianam</strong></span> <span class='ocrx_word' id='word_1_340' title='bbox 4129 1956 4376 2011; x_wconf 90' lang='lat' dir='ltr'><strong>videlicet</strong></span> <span class='ocrx_word' id='word_1_341' title='bbox 4414 1966 4468 2011; x_wconf 90' lang='lat' dir='ltr'><strong>et</strong></span> <span class='ocrx_word' id='word_1_342' title='bbox 4507 1957 4855 2026; x_wconf 88' lang='lat' dir='ltr'><strong>apostolicam</strong></span> <span class='ocrx_word' id='word_1_343' title='bbox 4895 1959 5078 2012; x_wconf 78' lang='lat' dir='ltr'><strong>sedem</strong></span> <span class='ocrx_word' id='word_1_344' title='bbox 5123 1973 5223 2011; x_wconf 91' lang='lat' dir='ltr'><strong>non</strong></span> 
     </span>
    </p>
   </div>
   <div class='ocr_carea' id='block_1_48' title="bbox 3659 2049 5226 2118">
    <p class='ocr_par' dir='ltr' id='par_1_48' title="bbox 3659 2049 5226 2118">
     <span class='ocr_line' id='line_1_48' title="bbox 3659 2049 5226 2118; baseline 0.001 -18"><span class='ocrx_word' id='word_1_345' title='bbox 3659 2049 3868 2101; x_wconf 87' lang='lat' dir='ltr'><strong>noviter</strong></span> <span class='ocrx_word' id='word_1_346' title='bbox 3892 2049 4048 2112; x_wconf 93' lang='lat' dir='ltr'><strong>oriri,</strong></span> <span class='ocrx_word' id='word_1_347' title='bbox 4075 2049 4167 2102; x_wconf 91' lang='lat' dir='ltr'><strong>sed</strong></span> <span class='ocrx_word' id='word_1_348' title='bbox 4201 2049 4502 2118; x_wconf 88' lang='lat' dir='ltr'><strong>antiquitus</strong></span> <span class='ocrx_word' id='word_1_349' title='bbox 4531 2051 4768 2104; x_wconf 87' lang='lat' dir='ltr'><strong>tenuisse</strong></span> <span class='ocrx_word' id='word_1_350' title='bbox 4794 2066 4897 2104; x_wconf 91' lang='lat' dir='ltr'><strong>non</strong></span> <span class='ocrx_word' id='word_1_351' title='bbox 4925 2049 5226 2112; x_wconf 87' lang='lat' dir='ltr'><strong>dubitetur,</strong></span> 
     </span>
    </p>
   </div>
   <div class='ocr_carea' id='block_1_49' title="bbox 3657 2137 5228 2193">
    <p class='ocr_par' dir='ltr' id='par_1_49' title="bbox 3657 2137 5228 2193">
     <span class='ocr_line' id='line_1_49' title="bbox 3657 2137 5228 2193; baseline 0 -2"><span class='ocrx_word' id='word_1_352' title='bbox 3657 2139 3719 2192; x_wconf 85' lang='grc' dir='ltr'><strong>Β.</strong></span> <span class='ocrx_word' id='word_1_353' title='bbox 3768 2140 4085 2193; x_wconf 81' lang='lat' dir='ltr'><strong>Ambrosius</strong></span> <span class='ocrx_word' id='word_1_354' title='bbox 4137 2155 4257 2193; x_wconf 92' lang='lat' dir='ltr'><strong>cum</strong></span> <span class='ocrx_word' id='word_1_355' title='bbox 4303 2140 4443 2193; x_wconf 85' lang='lat' dir='ltr'><strong>hanc</strong></span> <span class='ocrx_word' id='word_1_356' title='bbox 4492 2137 4873 2193; x_wconf 81' lang='lat' dir='ltr'><strong>Nicolaitarum</strong></span> <span class='ocrx_word' id='word_1_357' title='bbox 4916 2139 5130 2193; x_wconf 88' lang='lat' dir='ltr'><strong>sordem</strong></span> <span class='ocrx_word' id='word_1_358' title='bbox 5163 2138 5228 2192; x_wconf 85' lang='lat' dir='ltr'><strong>ad</strong></span> 
     </span>
    </p>
   </div>
   <div class='ocr_carea' id='block_1_50' title="bbox 3659 2228 5228 2297">
    <p class='ocr_par' dir='ltr' id='par_1_50' title="bbox 3659 2228 5228 2297">
     <span class='ocr_line' id='line_1_50' title="bbox 3659 2228 5228 2297; baseline 0.002 -16"><span class='ocrx_word' id='word_1_359' title='bbox 3659 2231 3951 2283; x_wconf 90' lang='lat' dir='ltr'><strong>multorum</strong></span> <span class='ocrx_word' id='word_1_360' title='bbox 4000 2228 4191 2283; x_wconf 76' lang='lat' dir='ltr'><strong>fcetere</strong></span> <span class='ocrx_word' id='word_1_361' title='bbox 4239 2229 4532 2297; x_wconf 89' lang='lat' dir='ltr'><strong>perniciem</strong></span> <span class='ocrx_word' id='word_1_362' title='bbox 4576 2230 4628 2284; x_wconf 89' lang='lat' dir='ltr'><strong>in</strong></span> <span class='ocrx_word' id='word_1_363' title='bbox 4678 2232 4776 2284; x_wconf 89' lang='lat' dir='ltr'><strong>hac</strong></span> <span class='ocrx_word' id='word_1_364' title='bbox 4818 2230 4951 2284; x_wconf 88' lang='lat' dir='ltr'><strong>urbe</strong></span> <span class='ocrx_word' id='word_1_365' title='bbox 4987 2230 5228 2290; x_wconf 79' lang='lat' dir='ltr'><strong>doleret.</strong></span> 
     </span>
    </p>
   </div>
   <div class='ocr_carea' id='block_1_51' title="bbox 3657 2320 5232 2389">
    <p class='ocr_par' dir='ltr' id='par_1_51' title="bbox 3657 2320 5232 2389">
     <span class='ocr_line' id='line_1_51' title="bbox 3657 2320 5232 2389; baseline 0 -16"><span class='ocrx_word' id='word_1_366' title='bbox 3657 2335 3883 2388; x_wconf 83' lang='lat' dir='ltr'><strong>eamque</strong></span> <span class='ocrx_word' id='word_1_367' title='bbox 3912 2335 4006 2388; x_wconf 88' lang='lat' dir='ltr'><strong>per</strong></span> <span class='ocrx_word' id='word_1_368' title='bbox 4028 2334 4085 2372; x_wconf 89' lang='lat' dir='ltr'><strong>se</strong></span> <span class='ocrx_word' id='word_1_369' title='bbox 4116 2320 4261 2372; x_wconf 83' lang='lat' dir='ltr'><strong>solus</strong></span> <span class='ocrx_word' id='word_1_370' title='bbox 4290 2334 4540 2374; x_wconf 87' lang='lat' dir='ltr'><strong>coercere</strong></span> <span class='ocrx_word' id='word_1_371' title='bbox 4569 2336 4672 2373; x_wconf 91' lang='lat' dir='ltr'><strong>non</strong></span> <span class='ocrx_word' id='word_1_372' title='bbox 4699 2328 4895 2389; x_wconf 85' lang='lat' dir='ltr'><strong>posset,</strong></span> <span class='ocrx_word' id='word_1_373' title='bbox 4925 2321 5072 2373; x_wconf 87' lang='lat' dir='ltr'><strong>sedis</strong></span> <span class='ocrx_word' id='word_1_374' title='bbox 5092 2323 5232 2389; x_wconf 86' lang='lat' dir='ltr'><strong>Apo-</strong></span> 
     </span>
    </p>
   </div>
   <div class='ocr_carea' id='block_1_52' title="bbox 3658 2409 5228 2478">
    <p class='ocr_par' dir='ltr' id='par_1_52' title="bbox 3658 2409 5228 2478">
     <span class='ocr_line' id='line_1_52' title="bbox 3658 2409 5228 2478; baseline -0.001 -14"><span class='ocrx_word' id='word_1_375' title='bbox 3658 2410 3862 2464; x_wconf 73' lang='lat' dir='ltr'><strong>stolicm</strong></span> <span class='ocrx_word' id='word_1_376' title='bbox 3896 2426 4017 2463; x_wconf 85' lang='lat' dir='ltr'><strong>mox</strong></span> <span class='ocrx_word' id='word_1_377' title='bbox 4050 2409 4295 2478; x_wconf 72' lang='lat' dir='ltr'><strong>qumsirit</strong></span> <span class='ocrx_word' id='word_1_378' title='bbox 4328 2410 4621 2471; x_wconf 81' lang='lat' dir='ltr'><strong>auxilium;</strong></span> <span class='ocrx_word' id='word_1_379' title='bbox 4650 2410 4734 2464; x_wconf 90' lang='lat' dir='ltr'><strong>cui</strong></span> <span class='ocrx_word' id='word_1_380' title='bbox 4757 2410 5005 2464; x_wconf 89' lang='lat' dir='ltr'><strong>videlicet</strong></span> <span class='ocrx_word' id='word_1_381' title='bbox 5039 2412 5103 2472; x_wconf 87' lang='lat' dir='ltr'><strong>is,</strong></span> <span class='ocrx_word' id='word_1_382' title='bbox 5140 2411 5228 2478; x_wconf 89' lang='lat' dir='ltr'><strong>qui</strong></span> 
     </span>
    </p>
   </div>
   <div class='ocr_carea' id='block_1_53' title="bbox 3663 2497 5235 2568">
    <p class='ocr_par' dir='ltr' id='par_1_53' title="bbox 3663 2497 5235 2568">
     <span class='ocr_line' id='line_1_53' title="bbox 3663 2497 5235 2568; baseline 0.001 -18"><span class='ocrx_word' id='word_1_383' title='bbox 3663 2508 3789 2553; x_wconf 91' lang='lat' dir='ltr'><strong>tunc</strong></span> <span class='ocrx_word' id='word_1_384' title='bbox 3823 2509 4075 2568; x_wconf 66' lang='lat' dir='ltr'><strong>prmerat,</strong></span> <span class='ocrx_word' id='word_1_385' title='bbox 4101 2513 4234 2567; x_wconf 88' lang='lat' dir='ltr'><strong>papa</strong></span> <span class='ocrx_word' id='word_1_386' title='bbox 4261 2497 4488 2551; x_wconf 88' lang='lat' dir='ltr'><strong>Sirieins</strong></span> <span class='ocrx_word' id='word_1_387' title='bbox 4520 2506 4628 2552; x_wconf 92' lang='lat' dir='ltr'><strong>tres</strong></span> <span class='ocrx_word' id='word_1_388' title='bbox 4651 2513 4924 2566; x_wconf 87' lang='lat' dir='ltr'><strong>personas,</strong></span> <span class='ocrx_word' id='word_1_389' title='bbox 4959 2499 5235 2567; x_wconf 77' lang='lat' dir='ltr'><strong>presbyte-</strong></span> 
     </span>
    </p>
   </div>
   <div class='ocr_carea' id='block_1_54' title="bbox 3664 2586 5231 2649">
    <p class='ocr_par' dir='ltr' id='par_1_54' title="bbox 3664 2586 5231 2649">
     <span class='ocr_line' id='line_1_54' title="bbox 3664 2586 5231 2649; baseline -0.001 -10"><span class='ocrx_word' id='word_1_390' title='bbox 3664 2601 3803 2649; x_wconf 86' lang='lat' dir='ltr'><strong>rum,</strong></span> <span class='ocrx_word' id='word_1_391' title='bbox 3838 2588 4149 2649; x_wconf 83' lang='lat' dir='ltr'><strong>diaconum,</strong></span> <span class='ocrx_word' id='word_1_392' title='bbox 4178 2596 4231 2640; x_wconf 91' lang='lat' dir='ltr'><strong>et</strong></span> <span class='ocrx_word' id='word_1_393' title='bbox 4284 2586 4670 2640; x_wconf 91' lang='lat' dir='ltr'><strong>subdiaconum</strong></span> <span class='ocrx_word' id='word_1_394' title='bbox 4695 2625 4708 2649; x_wconf 93' lang='lat'><strong>,</strong></span> <span class='ocrx_word' id='word_1_395' title='bbox 4744 2586 4808 2638; x_wconf 85' lang='lat' dir='ltr'><strong>ad</strong></span> <span class='ocrx_word' id='word_1_396' title='bbox 4838 2586 5231 2640; x_wconf 70' lang='lat' dir='ltr'><strong>correctionem</strong></span> 
     </span>
    </p>
   </div>
   <div class='ocr_carea' id='block_1_55' title="bbox 3663 2674 5233 2744">
    <p class='ocr_par' dir='ltr' id='par_1_55' title="bbox 3663 2674 5233 2744">
     <span class='ocr_line' id='line_1_55' title="bbox 3663 2674 5233 2744; baseline 0.001 -18"><span class='ocrx_word' id='word_1_397' title='bbox 3663 2676 3952 2729; x_wconf 88' lang='lat' dir='ltr'><strong>ulciscendi</strong></span> <span class='ocrx_word' id='word_1_398' title='bbox 3988 2677 4146 2744; x_wconf 84' lang='lat' dir='ltr'><strong>hujus</strong></span> <span class='ocrx_word' id='word_1_399' title='bbox 4180 2675 4402 2729; x_wconf 78' lang='lat' dir='ltr'><strong>sceleris</strong></span> <span class='ocrx_word' id='word_1_400' title='bbox 4451 2675 4759 2729; x_wconf 82' lang='lat' dir='ltr'><strong>destinavit.</strong></span> <span class='ocrx_word' id='word_1_401' title='bbox 4785 2674 4916 2728; x_wconf 85' lang='lat' dir='ltr'><strong>Cum</strong></span> <span class='ocrx_word' id='word_1_402' title='bbox 4943 2675 5027 2730; x_wconf 85' lang='lat' dir='ltr'><strong>his</strong></span> <span class='ocrx_word' id='word_1_403' title='bbox 5054 2676 5233 2743; x_wconf 85' lang='lat' dir='ltr'><strong>itaque</strong></span> 
     </span>
    </p>
   </div>
   <div class='ocr_carea' id='block_1_56' title="bbox 3661 2765 5232 2836">
    <p class='ocr_par' dir='ltr' id='par_1_56' title="bbox 3661 2765 5232 2836">
     <span class='ocr_line' id='line_1_56' title="bbox 3661 2765 5232 2836; baseline -0.001 -17"><span class='ocrx_word' id='word_1_404' title='bbox 3661 2765 4008 2819; x_wconf 71' lang='lat' dir='ltr'><strong>beatissimus</strong></span> <span class='ocrx_word' id='word_1_405' title='bbox 4057 2765 4329 2835; x_wconf 79' lang='lat' dir='ltr'><strong>pontifex,</strong></span> <span class='ocrx_word' id='word_1_406' title='bbox 4381 2781 4518 2835; x_wconf 86' lang='lat' dir='ltr'><strong>quos</strong></span> <span class='ocrx_word' id='word_1_407' title='bbox 4562 2767 4833 2836; x_wconf 86' lang='lat' dir='ltr'><strong>corrigere</strong></span> <span class='ocrx_word' id='word_1_408' title='bbox 4881 2782 4985 2820; x_wconf 91' lang='lat' dir='ltr'><strong>non</strong></span> <span class='ocrx_word' id='word_1_409' title='bbox 5037 2768 5232 2835; x_wconf 84' lang='lat' dir='ltr'><strong>potuit,</strong></span> 
     </span>
    </p>
   </div>
   <div class='ocr_carea' id='block_1_57' title="bbox 3662 2852 5237 2924">
    <p class='ocr_par' dir='ltr' id='par_1_57' title="bbox 3662 2852 5237 2924">
     <span class='ocr_line' id='line_1_57' title="bbox 3662 2852 5237 2924; baseline 0.004 -21"><span class='ocrx_word' id='word_1_410' title='bbox 3662 2852 3807 2906; x_wconf 88' lang='lat' dir='ltr'><strong>velut</strong></span> <span class='ocrx_word' id='word_1_411' title='bbox 3837 2865 4132 2906; x_wconf 87' lang='lat' dir='ltr'><strong>scatentem</strong></span> <span class='ocrx_word' id='word_1_412' title='bbox 4183 2854 4453 2907; x_wconf 82' lang='lat' dir='ltr'><strong>vermibus</strong></span> <span class='ocrx_word' id='word_1_413' title='bbox 4495 2856 4759 2908; x_wconf 86' lang='lat' dir='ltr'><strong>sentinam</strong></span> <span class='ocrx_word' id='word_1_414' title='bbox 4800 2870 4867 2907; x_wconf 86' lang='lat' dir='ltr'><strong>ex</strong></span> <span class='ocrx_word' id='word_1_415' title='bbox 4899 2855 5050 2907; x_wconf 90' lang='lat' dir='ltr'><strong>urbis</strong></span> <span class='ocrx_word' id='word_1_416' title='bbox 5079 2856 5237 2924; x_wconf 83' lang='lat' dir='ltr'><strong>hujus</strong></span> 
     </span>
    </p>
   </div>
   <div class='ocr_carea' id='block_1_58' title="bbox 3662 2943 5241 3014">
    <p class='ocr_par' dir='ltr' id='par_1_58' title="bbox 3662 2943 5241 3014">
     <span class='ocr_line' id='line_1_58' title="bbox 3662 2943 5241 3014; baseline 0.003 -19"><span class='ocrx_word' id='word_1_417' title='bbox 3662 2958 3859 3009; x_wconf 86' lang='lat' dir='ltr'><strong>sagena</strong></span> <span class='ocrx_word' id='word_1_418' title='bbox 3892 2943 4144 3012; x_wconf 76' lang='lat' dir='ltr'><strong>proiecit.</strong></span> <span class='ocrx_word' id='word_1_419' title='bbox 4179 2944 4327 2998; x_wconf 69' lang='lat' dir='ltr'><strong>[inde</strong></span> <span class='ocrx_word' id='word_1_420' title='bbox 4362 2956 4416 2998; x_wconf 90' lang='lat' dir='ltr'><strong>et</strong></span> <span class='ocrx_word' id='word_1_421' title='bbox 4457 2946 4567 3014; x_wconf 84' lang='lat' dir='ltr'><strong>ipse</strong></span> <span class='ocrx_word' id='word_1_422' title='bbox 4599 2944 4656 2998; x_wconf 89' lang='lat' dir='ltr'><strong>S.</strong></span> <span class='ocrx_word' id='word_1_423' title='bbox 4689 2945 5004 2999; x_wconf 75' lang='lat' dir='ltr'><strong>Ambrosius</strong></span> <span class='ocrx_word' id='word_1_424' title='bbox 5037 2946 5092 2999; x_wconf 90' lang='lat' dir='ltr'><strong>in</strong></span> <span class='ocrx_word' id='word_1_425' title='bbox 5123 2963 5241 3000; x_wconf 87' lang='lat' dir='ltr'><strong>um-</strong></span> 
     </span>
    </p>
   </div>
   <div class='ocr_carea' id='block_1_59' title="bbox 3663 3034 5239 3105">
    <p class='ocr_par' dir='ltr' id='par_1_59' title="bbox 3663 3034 5239 3105">
     <span class='ocr_line' id='line_1_59' title="bbox 3663 3034 5239 3105; baseline 0.003 -21"><span class='ocrx_word' id='word_1_426' title='bbox 3663 3034 3820 3088; x_wconf 86' lang='lat' dir='ltr'><strong>nibus</strong></span> <span class='ocrx_word' id='word_1_427' title='bbox 3848 3035 4001 3102; x_wconf 91' lang='lat' dir='ltr'><strong>sequi</strong></span> <span class='ocrx_word' id='word_1_428' title='bbox 4044 3050 4100 3087; x_wconf 86' lang='lat' dir='ltr'><strong>se</strong></span> <span class='ocrx_word' id='word_1_429' title='bbox 4144 3036 4456 3105; x_wconf 79' lang='lat' dir='ltr'><strong>magistram</strong></span> <span class='ocrx_word' id='word_1_430' title='bbox 4501 3046 4741 3089; x_wconf 84' lang='lat' dir='ltr'><strong>sanctam</strong></span> <span class='ocrx_word' id='word_1_431' title='bbox 4790 3035 5087 3089; x_wconf 78' lang='lat' dir='ltr'><strong>Romanam</strong></span> <span class='ocrx_word' id='word_1_432' title='bbox 5117 3052 5239 3105; x_wconf 84' lang='lat' dir='ltr'><strong>pro-</strong></span> 
     </span>
    </p>
   </div>
   <div class='ocr_carea' id='block_1_60' title="bbox 3663 3123 5240 3196">
    <p class='ocr_par' dir='ltr' id='par_1_60' title="bbox 3663 3123 5240 3196">
     <span class='ocr_line' id='line_1_60' title="bbox 3663 3123 5240 3196; baseline 0.003 -19"><span class='ocrx_word' id='word_1_433' title='bbox 3663 3123 3846 3178; x_wconf 80' lang='lat' dir='ltr'><strong>ﬁtetur</strong></span> <span class='ocrx_word' id='word_1_434' title='bbox 3878 3124 4194 3180; x_wconf 84' lang='lat' dir='ltr'><strong>Ecclesiam.</strong></span> <span class='ocrx_word' id='word_1_435' title='bbox 4232 3125 4560 3181; x_wconf 85' lang='lat' dir='ltr'><strong>Scrutamini</strong></span> <span class='ocrx_word' id='word_1_436' title='bbox 4593 3129 4775 3196; x_wconf 87' lang='lat' dir='ltr'><strong>itaque</strong></span> <span class='ocrx_word' id='word_1_437' title='bbox 4803 3126 5113 3196; x_wconf 82' lang='lat' dir='ltr'><strong>Scripturas</strong></span> <span class='ocrx_word' id='word_1_438' title='bbox 5150 3143 5240 3181; x_wconf 51' lang='grc' dir='ltr'>γει</span> 
     </span>
    </p>
   </div>
   <div class='ocr_carea' id='block_1_61' title="bbox 1978 3209 5240 3287">
    <p class='ocr_par' dir='ltr' id='par_1_61' title="bbox 1978 3209 5240 3287">
     <span class='ocr_line' id='line_1_61' title="bbox 1978 3209 5240 3287; baseline 0 -17"><span class='ocrx_word' id='word_1_439' title='bbox 1978 3216 2124 3271; x_wconf 82' lang='lat' dir='ltr'><strong>diuis</strong></span> <span class='ocrx_word' id='word_1_440' title='bbox 2159 3216 2498 3286; x_wconf 86' lang='lat' dir='ltr'><strong>dignitatem,</strong></span> <span class='ocrx_word' id='word_1_441' title='bbox 2536 3218 2647 3270; x_wconf 88' lang='lat' dir='ltr'><strong>sive</strong></span> <span class='ocrx_word' id='word_1_442' title='bbox 2682 3233 2795 3283; x_wconf 78' lang='lat' dir='ltr'><strong>rex,</strong></span> <span class='ocrx_word' id='word_1_443' title='bbox 2829 3219 2942 3272; x_wconf 89' lang='lat' dir='ltr'><strong>sive</strong></span> <span class='ocrx_word' id='word_1_444' title='bbox 2977 3220 3290 3287; x_wconf 88' lang='lat' dir='ltr'><strong>imperator,</strong></span> <span class='ocrx_word' id='word_1_445' title='bbox 3322 3222 3434 3273; x_wconf 89' lang='lat' dir='ltr'><strong>sive</strong></span> <span class='ocrx_word' id='word_1_446' title='bbox 3464 3236 3556 3273; x_wconf 85' lang='lat' dir='ltr'><strong>cu-</strong></span> <span class='ocrx_word' id='word_1_447' title='bbox 3584 3209 3627 3269; x_wconf 87' lang='lat' dir='ltr'><strong>C</strong></span> <span class='ocrx_word' id='word_1_448' title='bbox 3660 3224 3821 3276; x_wconf 86' lang='lat' dir='ltr'><strong>stras,</strong></span> <span class='ocrx_word' id='word_1_449' title='bbox 3865 3223 3920 3269; x_wconf 88' lang='lat' dir='ltr'><strong>et</strong></span> <span class='ocrx_word' id='word_1_450' title='bbox 3947 3228 4042 3284; x_wconf 87' lang='lat' dir='ltr'><strong>per</strong></span> <span class='ocrx_word' id='word_1_451' title='bbox 4075 3215 4217 3284; x_wconf 87' lang='lat' dir='ltr'><strong>quod</strong></span> <span class='ocrx_word' id='word_1_452' title='bbox 4252 3215 4414 3270; x_wconf 89' lang='lat' dir='ltr'><strong>vultis</strong></span> <span class='ocrx_word' id='word_1_453' title='bbox 4463 3217 4745 3287; x_wconf 90' lang='lat' dir='ltr'><strong>diligenter</strong></span> <span class='ocrx_word' id='word_1_454' title='bbox 4772 3218 5055 3287; x_wconf 89' lang='lat' dir='ltr'><strong>inquirite;</strong></span> <span class='ocrx_word' id='word_1_455' title='bbox 5104 3228 5158 3271; x_wconf 87' lang='lat' dir='ltr'><strong>et</strong></span> <span class='ocrx_word' id='word_1_456' title='bbox 5195 3219 5240 3271; x_wconf 91' lang='lat' dir='ltr'><strong>si</strong></span> 
     </span>
    </p>
   </div>
   <div class='ocr_carea' id='block_1_62' title="bbox 1975 3306 3558 3380">
    <p class='ocr_par' dir='ltr' id='par_1_62' title="bbox 1975 3306 3558 3380">
     <span class='ocr_line' id='line_1_62' title="bbox 1975 3306 3558 3380; baseline 0.003 -21"><span class='ocrx_word' id='word_1_457' title='bbox 1975 3306 2202 3376; x_wconf 52' lang='lat' dir='ltr'><strong>pslibet</strong></span> <span class='ocrx_word' id='word_1_458' title='bbox 2250 3307 2579 3361; x_wconf 88' lang='lat' dir='ltr'><strong>conditionis</strong></span> <span class='ocrx_word' id='word_1_459' title='bbox 2626 3309 2784 3362; x_wconf 89' lang='lat' dir='ltr'><strong>homo</strong></span> <span class='ocrx_word' id='word_1_460' title='bbox 2815 3324 2981 3377; x_wconf 82' lang='lat' dir='ltr'><strong>purus</strong></span> <span class='ocrx_word' id='word_1_461' title='bbox 3027 3310 3350 3372; x_wconf 85' lang='lat' dir='ltr'><strong>iustituit,et</strong></span> <span class='ocrx_word' id='word_1_462' title='bbox 3399 3320 3558 3380; x_wconf 88' lang='lat' dir='ltr'><strong>prout</strong></span> 
     </span>
    </p>
   </div>
   <div class='ocr_carea' id='block_1_63' title="bbox 1982 3395 3560 3468">
    <p class='ocr_par' dir='ltr' id='par_1_63' title="bbox 1982 3395 3560 3468">
     <span class='ocr_line' id='line_1_63' title="bbox 1982 3395 3560 3468; baseline 0.001 -18"><span class='ocrx_word' id='word_1_463' title='bbox 1982 3396 2251 3460; x_wconf 83' lang='lat' dir='ltr'><strong>voluntas,</strong></span> <span class='ocrx_word' id='word_1_464' title='bbox 2277 3405 2368 3449; x_wconf 87' lang='lat' dir='ltr'><strong>aut</strong></span> <span class='ocrx_word' id='word_1_465' title='bbox 2396 3395 2625 3450; x_wconf 78' lang='lat' dir='ltr'><strong>facultas</strong></span> <span class='ocrx_word' id='word_1_466' title='bbox 2647 3406 2784 3461; x_wconf 88' lang='lat' dir='ltr'><strong>erat,</strong></span> <span class='ocrx_word' id='word_1_467' title='bbox 2816 3398 3130 3467; x_wconf 79' lang='lat' dir='ltr'><strong>specialiiun</strong></span> <span class='ocrx_word' id='word_1_468' title='bbox 3160 3400 3258 3452; x_wconf 84' lang='lat' dir='ltr'><strong>sibi</strong></span> <span class='ocrx_word' id='word_1_469' title='bbox 3291 3415 3560 3468; x_wconf 67' lang='lat' dir='ltr'><strong>praeroga-</strong></span> 
     </span>
    </p>
   </div>
   <div class='ocr_carea' id='block_1_64' title="bbox 1982 3486 3555 3556">
    <p class='ocr_par' dir='ltr' id='par_1_64' title="bbox 1982 3486 3555 3556">
     <span class='ocr_line' id='line_1_64' title="bbox 1982 3486 3555 3556; baseline 0.001 -15"><span class='ocrx_word' id='word_1_470' title='bbox 1982 3486 2209 3541; x_wconf 80' lang='lat' dir='ltr'><strong>tivarum</strong></span> <span class='ocrx_word' id='word_1_471' title='bbox 2244 3486 2365 3555; x_wconf 86' lang='lat' dir='ltr'><strong>jura</strong></span> <span class='ocrx_word' id='word_1_472' title='bbox 2399 3487 2629 3556; x_wconf 69' lang='lat' dir='ltr'><strong>praeﬁxit</strong></span> <span class='ocrx_word' id='word_1_473' title='bbox 2666 3508 2679 3541; x_wconf 91' lang='lat'><strong>:</strong></span> <span class='ocrx_word' id='word_1_474' title='bbox 2715 3489 3010 3542; x_wconf 77' lang='lat' dir='ltr'><strong>Romanam</strong></span> <span class='ocrx_word' id='word_1_475' title='bbox 3041 3500 3220 3542; x_wconf 86' lang='lat' dir='ltr'><strong>autem</strong></span> <span class='ocrx_word' id='word_1_476' title='bbox 3260 3489 3555 3542; x_wconf 62' lang='lat' dir='ltr'><strong>Ecclesiant</strong></span> 
     </span>
    </p>
   </div>
   <div class='ocr_carea' id='block_1_65' title="bbox 1983 3573 3560 3644">
    <p class='ocr_par' dir='ltr' id='par_1_65' title="bbox 1983 3573 3560 3644">
     <span class='ocr_line' id='line_1_65' title="bbox 1983 3573 3560 3644; baseline 0.001 -15"><span class='ocrx_word' id='word_1_477' title='bbox 1983 3573 2131 3629; x_wconf 77' lang='lat' dir='ltr'><strong>solus</strong></span> <span class='ocrx_word' id='word_1_478' title='bbox 2157 3575 2271 3643; x_wconf 86' lang='lat' dir='ltr'><strong>ipse</strong></span> <span class='ocrx_word' id='word_1_479' title='bbox 2308 3573 2574 3640; x_wconf 73' lang='lat' dir='ltr'><strong>fundavit,</strong></span> <span class='ocrx_word' id='word_1_480' title='bbox 2607 3582 2768 3644; x_wconf 79' lang='lat' dir='ltr'><strong>super</strong></span> <span class='ocrx_word' id='word_1_481' title='bbox 2798 3586 3004 3644; x_wconf 89' lang='lat' dir='ltr'><strong>petram</strong></span> <span class='ocrx_word' id='word_1_482' title='bbox 3034 3576 3154 3628; x_wconf 80' lang='lat' dir='ltr'><strong>fidei</strong></span> <span class='ocrx_word' id='word_1_483' title='bbox 3187 3593 3308 3629; x_wconf 89' lang='lat' dir='ltr'><strong>mox</strong></span> <span class='ocrx_word' id='word_1_484' title='bbox 3340 3592 3560 3633; x_wconf 81' lang='lat' dir='ltr'><strong>nascen-</strong></span> 
     </span>
    </p>
   </div>
   <div class='ocr_carea' id='block_1_66' title="bbox 1985 3664 3560 3736">
    <p class='ocr_par' dir='ltr' id='par_1_66' title="bbox 1985 3664 3560 3736">
     <span class='ocr_line' id='line_1_66' title="bbox 1985 3664 3560 3736; baseline 0 -16"><span class='ocrx_word' id='word_1_485' title='bbox 1985 3666 2058 3720; x_wconf 88' lang='lat' dir='ltr'><strong>tis</strong></span> <span class='ocrx_word' id='word_1_486' title='bbox 2086 3665 2257 3720; x_wconf 88' lang='lat' dir='ltr'><strong>erexit</strong></span> <span class='ocrx_word' id='word_1_487' title='bbox 2287 3664 2499 3736; x_wconf 78' lang='lat' dir='ltr'><strong>(Matth.</strong></span> <span class='ocrx_word' id='word_1_488' title='bbox 2542 3667 2674 3733; x_wconf 82' lang='lat' dir='ltr'><strong>xvi).</strong></span> <span class='ocrx_word' id='word_1_489' title='bbox 2722 3667 2811 3735; x_wconf 91' lang='lat' dir='ltr'><strong>qui</strong></span> <span class='ocrx_word' id='word_1_490' title='bbox 2844 3667 3001 3719; x_wconf 88' lang='lat' dir='ltr'><strong>beato</strong></span> <span class='ocrx_word' id='word_1_491' title='bbox 3043 3668 3160 3720; x_wconf 70' lang='lat' dir='ltr'><strong>vita:</strong></span> <span class='ocrx_word' id='word_1_492' title='bbox 3199 3678 3413 3721; x_wconf 69' lang='lat' dir='ltr'><strong>(eterna:</strong></span> <span class='ocrx_word' id='word_1_493' title='bbox 3443 3669 3560 3722; x_wconf 87' lang='lat' dir='ltr'><strong>Cla-</strong></span> 
     </span>
    </p>
   </div>
   <div class='ocr_carea' id='block_1_67' title="bbox 1987 3756 3561 3827">
    <p class='ocr_par' dir='ltr' id='par_1_67' title="bbox 1987 3756 3561 3827">
     <span class='ocr_line' id='line_1_67' title="bbox 1987 3756 3561 3827; baseline 0 -17"><span class='ocrx_word' id='word_1_494' title='bbox 1987 3756 2171 3827; x_wconf 78' lang='lat' dir='ltr'><strong>vigero</strong></span> <span class='ocrx_word' id='word_1_495' title='bbox 2220 3758 2418 3817; x_wconf 68' lang='lat' dir='ltr'><strong>terreni</strong></span> <span class='ocrx_word' id='word_1_496' title='bbox 2452 3757 2609 3811; x_wconf 90' lang='lat' dir='ltr'><strong>simul</strong></span> <span class='ocrx_word' id='word_1_497' title='bbox 2652 3768 2706 3811; x_wconf 90' lang='lat' dir='ltr'><strong>et</strong></span> <span class='ocrx_word' id='word_1_498' title='bbox 2746 3757 2983 3811; x_wconf 72' lang='lat' dir='ltr'><strong>cmlestis</strong></span> <span class='ocrx_word' id='word_1_499' title='bbox 3011 3756 3218 3827; x_wconf 72' lang='lat' dir='ltr'><strong>imperii</strong></span> <span class='ocrx_word' id='word_1_500' title='bbox 3250 3760 3372 3826; x_wconf 85' lang='lat' dir='ltr'><strong>jura</strong></span> <span class='ocrx_word' id='word_1_501' title='bbox 3412 3775 3561 3812; x_wconf 87' lang='lat' dir='ltr'><strong>com-</strong></span> 
     </span>
    </p>
   </div>
   <div class='ocr_carea' id='block_1_68' title="bbox 1984 3846 3562 3917">
    <p class='ocr_par' dir='ltr' id='par_1_68' title="bbox 1984 3846 3562 3917">
     <span class='ocr_line' id='line_1_68' title="bbox 1984 3846 3562 3917; baseline 0 -15"><span class='ocrx_word' id='word_1_502' title='bbox 1984 3849 2152 3902; x_wconf 83' lang='lat' dir='ltr'><strong>misit.</strong></span> <span class='ocrx_word' id='word_1_503' title='bbox 2204 3846 2318 3902; x_wconf 76' lang='lat' dir='ltr'><strong>Non</strong></span> <span class='ocrx_word' id='word_1_504' title='bbox 2367 3863 2496 3917; x_wconf 79' lang='lat' dir='ltr'><strong>ergo</strong></span> <span class='ocrx_word' id='word_1_505' title='bbox 2543 3848 2795 3916; x_wconf 66' lang='lat' dir='ltr'><strong>quaelibet</strong></span> <span class='ocrx_word' id='word_1_506' title='bbox 2848 3859 3058 3902; x_wconf 86' lang='lat' dir='ltr'><strong>terrena</strong></span> <span class='ocrx_word' id='word_1_507' title='bbox 3111 3851 3416 3913; x_wconf 80' lang='lat' dir='ltr'><strong>sententia,</strong></span> <span class='ocrx_word' id='word_1_508' title='bbox 3469 3850 3562 3904; x_wconf 89' lang='lat' dir='ltr'><strong>sed</strong></span> 
     </span>
    </p>
   </div>
   <div class='ocr_carea' id='block_1_69' title="bbox 1979 3936 3558 4006">
    <p class='ocr_par' dir='ltr' id='par_1_69' title="bbox 1979 3936 3558 4006">
     <span class='ocr_line' id='line_1_69' title="bbox 1979 3936 3558 4006; baseline -0.001 -14"><span class='ocrx_word' id='word_1_509' title='bbox 1979 3936 2112 3992; x_wconf 81' lang='lat' dir='ltr'><strong>illud</strong></span> <span class='ocrx_word' id='word_1_510' title='bbox 2144 3937 2389 4000; x_wconf 89' lang='lat' dir='ltr'><strong>verbum,</strong></span> <span class='ocrx_word' id='word_1_511' title='bbox 2417 3953 2521 4006; x_wconf 90' lang='lat' dir='ltr'><strong>quo</strong></span> <span class='ocrx_word' id='word_1_512' title='bbox 2544 3946 2916 3991; x_wconf 90' lang='lat' dir='ltr'><strong>constructum</strong></span> <span class='ocrx_word' id='word_1_513' title='bbox 2941 3947 3023 3992; x_wconf 91' lang='lat' dir='ltr'><strong>est</strong></span> <span class='ocrx_word' id='word_1_514' title='bbox 3044 3938 3262 4001; x_wconf 64' lang='lat' dir='ltr'><strong>Citium,</strong></span> <span class='ocrx_word' id='word_1_515' title='bbox 3293 3947 3343 3993; x_wconf 91' lang='lat' dir='ltr'><strong>et</strong></span> <span class='ocrx_word' id='word_1_516' title='bbox 3375 3948 3517 3993; x_wconf 89' lang='lat' dir='ltr'><strong>terra</strong></span> <span class='ocrx_word' id='word_1_517' title='bbox 3545 3955 3558 3991; x_wconf 88' lang='lat'><strong>:</strong></span> 
     </span>
    </p>
   </div>
   <div class='ocr_carea' id='block_1_70' title="bbox 1984 4025 3560 4096">
    <p class='ocr_par' dir='ltr' id='par_1_70' title="bbox 1984 4025 3560 4096">
     <span class='ocr_line' id='line_1_70' title="bbox 1984 4025 3560 4096; baseline 0.002 -18"><span class='ocrx_word' id='word_1_518' title='bbox 1984 4038 2082 4096; x_wconf 87' lang='lat' dir='ltr'><strong>per</strong></span> <span class='ocrx_word' id='word_1_519' title='bbox 2113 4026 2255 4094; x_wconf 89' lang='lat' dir='ltr'><strong>quod</strong></span> <span class='ocrx_word' id='word_1_520' title='bbox 2281 4026 2511 4094; x_wconf 85' lang='lat' dir='ltr'><strong>denique</strong></span> <span class='ocrx_word' id='word_1_521' title='bbox 2539 4027 2720 4079; x_wconf 84' lang='lat' dir='ltr'><strong>omnia</strong></span> <span class='ocrx_word' id='word_1_522' title='bbox 2747 4025 2961 4080; x_wconf 91' lang='lat' dir='ltr'><strong>condita</strong></span> <span class='ocrx_word' id='word_1_523' title='bbox 2988 4038 3115 4080; x_wconf 91' lang='lat' dir='ltr'><strong>sunt</strong></span> <span class='ocrx_word' id='word_1_524' title='bbox 3141 4026 3425 4090; x_wconf 89' lang='lat' dir='ltr'><strong>elementa,</strong></span> <span class='ocrx_word' id='word_1_525' title='bbox 3454 4028 3560 4081; x_wconf 80' lang='lat' dir='ltr'><strong>Ro-</strong></span> 
     </span>
    </p>
   </div>
   <div class='ocr_carea' id='block_1_71' title="bbox 1987 4115 3564 4190">
    <p class='ocr_par' dir='ltr' id='par_1_71' title="bbox 1987 4115 3564 4190">
     <span class='ocr_line' id='line_1_71' title="bbox 1987 4115 3564 4190; baseline 0.003 -20"><span class='ocrx_word' id='word_1_526' title='bbox 1987 4132 2203 4171; x_wconf 85' lang='lat' dir='ltr'><strong>manam</strong></span> <span class='ocrx_word' id='word_1_527' title='bbox 2253 4115 2494 4169; x_wconf 86' lang='lat' dir='ltr'><strong>fundavit</strong></span> <span class='ocrx_word' id='word_1_528' title='bbox 2545 4116 2858 4170; x_wconf 81' lang='lat' dir='ltr'><strong>Ecclesiam.</strong></span> <span class='ocrx_word' id='word_1_529' title='bbox 2910 4117 3056 4170; x_wconf 86' lang='lat' dir='ltr'><strong>Illius</strong></span> <span class='ocrx_word' id='word_1_530' title='bbox 3105 4128 3253 4172; x_wconf 92' lang='lat' dir='ltr'><strong>certe</strong></span> <span class='ocrx_word' id='word_1_531' title='bbox 3281 4121 3564 4190; x_wconf 86' lang='lat' dir='ltr'><strong>privilegio</strong></span> 
     </span>
    </p>
   </div>
   <div class='ocr_carea' id='block_1_72' title="bbox 1987 4204 3564 4276">
    <p class='ocr_par' dir='ltr' id='par_1_72' title="bbox 1987 4204 3564 4276">
     <span class='ocr_line' id='line_1_72' title="bbox 1987 4204 3564 4276; baseline 0.003 -18"><span class='ocrx_word' id='word_1_532' title='bbox 1987 4204 2249 4276; x_wconf 86' lang='lat' dir='ltr'><strong>fungitur,</strong></span> <span class='ocrx_word' id='word_1_533' title='bbox 2297 4204 2440 4258; x_wconf 87' lang='lat' dir='ltr'><strong>illius</strong></span> <span class='ocrx_word' id='word_1_534' title='bbox 2487 4206 2812 4260; x_wconf 83' lang='lat' dir='ltr'><strong>auctoritate</strong></span> <span class='ocrx_word' id='word_1_535' title='bbox 2849 4204 3087 4261; x_wconf 88' lang='lat' dir='ltr'><strong>fulcitur.</strong></span> <span class='ocrx_word' id='word_1_536' title='bbox 3140 4206 3293 4264; x_wconf 87' lang='lat' dir='ltr'><strong>Unde</strong></span> <span class='ocrx_word' id='word_1_537' title='bbox 3322 4224 3428 4263; x_wconf 92' lang='lat' dir='ltr'><strong>non</strong></span> <span class='ocrx_word' id='word_1_538' title='bbox 3464 4209 3564 4263; x_wconf 90' lang='lat' dir='ltr'><strong>du-</strong></span> 
     </span>
    </p>
   </div>
   <div class='ocr_carea' id='block_1_73' title="bbox 1983 4296 3566 4368">
    <p class='ocr_par' dir='ltr' id='par_1_73' title="bbox 1983 4296 3566 4368">
     <span class='ocr_line' id='line_1_73' title="bbox 1983 4296 3566 4368; baseline 0.001 -16"><span class='ocrx_word' id='word_1_539' title='bbox 1983 4298 2154 4362; x_wconf 87' lang='lat' dir='ltr'><strong>bium,</strong></span> <span class='ocrx_word' id='word_1_540' title='bbox 2185 4296 2310 4367; x_wconf 87' lang='lat' dir='ltr'><strong>quia</strong></span> <span class='ocrx_word' id='word_1_541' title='bbox 2336 4296 2579 4366; x_wconf 87' lang='lat' dir='ltr'><strong>quisquis</strong></span> <span class='ocrx_word' id='word_1_542' title='bbox 2618 4296 2838 4351; x_wconf 87' lang='lat' dir='ltr'><strong>cuilibet</strong></span> <span class='ocrx_word' id='word_1_543' title='bbox 2878 4298 3129 4352; x_wconf 70' lang='lat' dir='ltr'><strong>Ecclesia:</strong></span> <span class='ocrx_word' id='word_1_544' title='bbox 3176 4301 3264 4368; x_wconf 87' lang='lat' dir='ltr'><strong>jus</strong></span> <span class='ocrx_word' id='word_1_545' title='bbox 3293 4315 3448 4354; x_wconf 90' lang='lat' dir='ltr'><strong>suum</strong></span> <span class='ocrx_word' id='word_1_546' title='bbox 3474 4301 3566 4353; x_wconf 84' lang='lat' dir='ltr'><strong>de-</strong></span> 
     </span>
    </p>
   </div>
   <div class='ocr_carea' id='block_1_74' title="bbox 1988 4388 3567 4458">
    <p class='ocr_par' dir='ltr' id='par_1_74' title="bbox 1988 4388 3567 4458">
     <span class='ocr_line' id='line_1_74' title="bbox 1988 4388 3567 4458; baseline -0.001 -14"><span class='ocrx_word' id='word_1_547' title='bbox 1988 4389 2173 4453; x_wconf 85' lang='lat' dir='ltr'><strong>trahit,</strong></span> <span class='ocrx_word' id='word_1_548' title='bbox 2202 4389 2516 4457; x_wconf 84' lang='lat' dir='ltr'><strong>injustitiam</strong></span> <span class='ocrx_word' id='word_1_549' title='bbox 2546 4388 2675 4442; x_wconf 83' lang='lat' dir='ltr'><strong>facit</strong></span> <span class='ocrx_word' id='word_1_550' title='bbox 2707 4408 2718 4441; x_wconf 90' lang='lat'>:</span> <span class='ocrx_word' id='word_1_551' title='bbox 2751 4390 2841 4458; x_wconf 91' lang='lat' dir='ltr'><strong>qui</strong></span> <span class='ocrx_word' id='word_1_552' title='bbox 2870 4399 3048 4443; x_wconf 88' lang='lat' dir='ltr'><strong>autem</strong></span> <span class='ocrx_word' id='word_1_553' title='bbox 3086 4390 3344 4444; x_wconf 79' lang='lat' dir='ltr'><strong>Romana:</strong></span> <span class='ocrx_word' id='word_1_554' title='bbox 3384 4390 3567 4444; x_wconf 79' lang='lat' dir='ltr'><strong>Eccle-</strong></span> 
     </span>
    </p>
   </div>
   <div class='ocr_carea' id='block_1_75' title="bbox 1986 4480 3567 4551">
    <p class='ocr_par' dir='ltr' id='par_1_75' title="bbox 1986 4480 3567 4551">
     <span class='ocr_line' id='line_1_75' title="bbox 1986 4480 3567 4551; baseline -0.001 -14"><span class='ocrx_word' id='word_1_555' title='bbox 1986 4481 2080 4537; x_wconf 67' lang='lat' dir='ltr'><strong>siae</strong></span> <span class='ocrx_word' id='word_1_556' title='bbox 2122 4480 2456 4551; x_wconf 85' lang='lat' dir='ltr'><strong>privilegium</strong></span> <span class='ocrx_word' id='word_1_557' title='bbox 2497 4481 2562 4533; x_wconf 89' lang='lat' dir='ltr'><strong>ab</strong></span> <span class='ocrx_word' id='word_1_558' title='bbox 2602 4482 2717 4550; x_wconf 88' lang='lat' dir='ltr'><strong>ipso</strong></span> <span class='ocrx_word' id='word_1_559' title='bbox 2757 4496 2968 4550; x_wconf 86' lang='lat' dir='ltr'><strong>summo</strong></span> <span class='ocrx_word' id='word_1_560' title='bbox 3013 4483 3253 4535; x_wconf 90' lang='lat' dir='ltr'><strong>omnium</strong></span> <span class='ocrx_word' id='word_1_561' title='bbox 3301 4482 3567 4536; x_wconf 81' lang='lat' dir='ltr'><strong>Ecclesia-</strong></span> 
     </span>
    </p>
   </div>
   <div class='ocr_carea' id='block_1_76' title="bbox 3663 3307 5241 3378">
    <p class='ocr_par' dir='ltr' id='par_1_76' title="bbox 3663 3307 5241 3378">
     <span class='ocr_line' id='line_1_76' title="bbox 3663 3307 5241 3378; baseline 0.003 -19"><span class='ocrx_word' id='word_1_562' title='bbox 3663 3321 3772 3359; x_wconf 92' lang='lat' dir='ltr'><strong>non</strong></span> <span class='ocrx_word' id='word_1_563' title='bbox 3810 3308 4037 3374; x_wconf 88' lang='lat' dir='ltr'><strong>potestis</strong></span> <span class='ocrx_word' id='word_1_564' title='bbox 4064 3307 4203 3375; x_wconf 88' lang='lat' dir='ltr'><strong>apud</strong></span> <span class='ocrx_word' id='word_1_565' title='bbox 4241 3308 4593 3378; x_wconf 84' lang='lat' dir='ltr'><strong>vosmetipsos</strong></span> <span class='ocrx_word' id='word_1_566' title='bbox 4625 3309 4864 3363; x_wconf 91' lang='lat' dir='ltr'><strong>invenire</strong></span> <span class='ocrx_word' id='word_1_567' title='bbox 4889 3311 5027 3377; x_wconf 89' lang='lat' dir='ltr'><strong>quod</strong></span> <span class='ocrx_word' id='word_1_568' title='bbox 5057 3309 5241 3378; x_wconf 88' lang='lat' dir='ltr'><strong>loqui-</strong></span> 
     </span>
    </p>
   </div>
   <div class='ocr_carea' id='block_1_77' title="bbox 3663 3397 5243 3467">
    <p class='ocr_par' dir='ltr' id='par_1_77' title="bbox 3663 3397 5243 3467">
     <span class='ocr_line' id='line_1_77' title="bbox 3663 3397 5243 3467; baseline 0.004 -19"><span class='ocrx_word' id='word_1_569' title='bbox 3663 3410 3802 3459; x_wconf 80' lang='lat' dir='ltr'><strong>mur,</strong></span> <span class='ocrx_word' id='word_1_570' title='bbox 3857 3397 4123 3450; x_wconf 86' lang='lat' dir='ltr'><strong>mendacii</strong></span> <span class='ocrx_word' id='word_1_571' title='bbox 4160 3399 4418 3467; x_wconf 84' lang='lat' dir='ltr'><strong>arguite:</strong></span> <span class='ocrx_word' id='word_1_572' title='bbox 4471 3398 4515 3452; x_wconf 94' lang='lat' dir='ltr'><strong>si</strong></span> <span class='ocrx_word' id='word_1_573' title='bbox 4565 3409 4743 3451; x_wconf 88' lang='lat' dir='ltr'><strong>autem</strong></span> <span class='ocrx_word' id='word_1_574' title='bbox 4791 3399 5031 3467; x_wconf 86' lang='lat' dir='ltr'><strong>potestis,</strong></span> <span class='ocrx_word' id='word_1_575' title='bbox 5075 3400 5243 3455; x_wconf 81' lang='lat' dir='ltr'><strong>nolite</strong></span> 
     </span>
    </p>
   </div>
   <div class='ocr_carea' id='block_1_78' title="bbox 3662 3487 5243 3552">
    <p class='ocr_par' dir='ltr' id='par_1_78' title="bbox 3662 3487 5243 3552">
     <span class='ocr_line' id='line_1_78' title="bbox 3662 3487 5243 3552; baseline 0.003 -14"><span class='ocrx_word' id='word_1_576' title='bbox 3662 3487 3876 3540; x_wconf 86' lang='lat' dir='ltr'><strong>veritati</strong></span> <span class='ocrx_word' id='word_1_577' title='bbox 3921 3488 4197 3552; x_wconf 89' lang='lat' dir='ltr'><strong>resistere,</strong></span> <span class='ocrx_word' id='word_1_578' title='bbox 4237 3487 4400 3542; x_wconf 81' lang='lat' dir='ltr'><strong>nolite</strong></span> <span class='ocrx_word' id='word_1_579' title='bbox 4434 3498 4658 3541; x_wconf 89' lang='lat' dir='ltr'><strong>matrem</strong></span> <span class='ocrx_word' id='word_1_580' title='bbox 4690 3498 4918 3542; x_wconf 89' lang='lat' dir='ltr'><strong>vestram</strong></span> <span class='ocrx_word' id='word_1_581' title='bbox 4945 3489 5243 3543; x_wconf 84' lang='lat' dir='ltr'><strong>crudeliter</strong></span> 
     </span>
    </p>
   </div>
   <div class='ocr_carea' id='block_1_79' title="bbox 3664 3576 5241 3648">
    <p class='ocr_par' dir='ltr' id='par_1_79' title="bbox 3664 3576 5241 3648">
     <span class='ocr_line' id='line_1_79' title="bbox 3664 3576 5241 3648; baseline 0.002 -20"><span class='ocrx_word' id='word_1_582' title='bbox 3664 3576 3999 3644; x_wconf 81' lang='lat' dir='ltr'><strong>impugnare.</strong></span> <span class='ocrx_word' id='word_1_583' title='bbox 4050 3576 4142 3630; x_wconf 90' lang='lat' dir='ltr'><strong>sed</strong></span> <span class='ocrx_word' id='word_1_584' title='bbox 4182 3592 4246 3630; x_wconf 86' lang='lat' dir='ltr'><strong>ex</strong></span> <span class='ocrx_word' id='word_1_585' title='bbox 4278 3576 4431 3645; x_wconf 90' lang='lat' dir='ltr'><strong>cujus</strong></span> <span class='ocrx_word' id='word_1_586' title='bbox 4462 3578 4717 3632; x_wconf 79' lang='lat' dir='ltr'><strong>uberibus</strong></span> <span class='ocrx_word' id='word_1_587' title='bbox 4742 3577 4821 3630; x_wconf 88' lang='lat' dir='ltr'><strong>lac</strong></span> <span class='ocrx_word' id='word_1_588' title='bbox 4848 3577 5071 3632; x_wconf 87' lang='lat' dir='ltr'><strong>suxistis</strong></span> <span class='ocrx_word' id='word_1_589' title='bbox 5115 3593 5241 3648; x_wconf 88' lang='lat' dir='ltr'><strong>apo-</strong></span> 
     </span>
    </p>
   </div>
   <div class='ocr_carea' id='block_1_80' title="bbox 3666 3666 5239 3737">
    <p class='ocr_par' dir='ltr' id='par_1_80' title="bbox 3666 3666 5239 3737">
     <span class='ocr_line' id='line_1_80' title="bbox 3666 3666 5239 3737; baseline 0.003 -17"><span class='ocrx_word' id='word_1_590' title='bbox 3666 3666 3870 3720; x_wconf 75' lang='lat' dir='ltr'><strong>stolica:</strong></span> <span class='ocrx_word' id='word_1_591' title='bbox 3921 3668 4064 3727; x_wconf 84' lang='lat' dir='ltr'><strong>ﬁdei,</strong></span> <span class='ocrx_word' id='word_1_592' title='bbox 4106 3667 4222 3735; x_wconf 89' lang='lat' dir='ltr'><strong>ejus</strong></span> <span class='ocrx_word' id='word_1_593' title='bbox 4250 3682 4463 3736; x_wconf 88' lang='lat' dir='ltr'><strong>semper</strong></span> <span class='ocrx_word' id='word_1_594' title='bbox 4490 3668 4717 3737; x_wconf 82' lang='lat' dir='ltr'><strong>gaudete</strong></span> <span class='ocrx_word' id='word_1_595' title='bbox 4754 3667 4937 3722; x_wconf 86' lang='lat' dir='ltr'><strong>solidis</strong></span> <span class='ocrx_word' id='word_1_596' title='bbox 4977 3667 5239 3724; x_wconf 69' lang='lat' dir='ltr'><strong>doctrina</strong></span> 
     </span>
    </p>
   </div>
   <div class='ocr_carea' id='block_1_81' title="bbox 3664 3756 4434 3824">
    <p class='ocr_par' dir='ltr' id='par_1_81' title="bbox 3664 3756 4434 3824">
     <span class='ocr_line' id='line_1_81' title="bbox 3664 3756 4434 3824; baseline -0.003 -14"><span class='ocrx_word' id='word_1_597' title='bbox 3664 3756 3900 3810; x_wconf 73' lang='lat' dir='ltr'><strong>cmleslis</strong></span> <span class='ocrx_word' id='word_1_598' title='bbox 3930 3758 4156 3824; x_wconf 85' lang='lat' dir='ltr'><strong>dapibus</strong></span> <span class='ocrx_word' id='word_1_599' title='bbox 4177 3757 4434 3809; x_wconf 85' lang='lat' dir='ltr'><strong>recreari.</strong></span> 
     </span>
    </p>
   </div>
   <div class='ocr_carea' id='block_1_82' title="bbox 3955 3843 4949 3913">
    <p class='ocr_par' dir='ltr' id='par_1_82' title="bbox 3955 3843 4949 3913">
     <span class='ocr_line' id='line_1_82' title="bbox 3955 3843 4949 3913; baseline 0.004 -17"><span class='ocrx_word' id='word_1_600' title='bbox 3955 3843 4222 3910; x_wconf 85' lang='lat' dir='ltr'><strong>Quantum</strong></span> <span class='ocrx_word' id='word_1_601' title='bbox 4272 3845 4524 3913; x_wconf 77' lang='lat' dir='ltr'><strong>profuerit</strong></span> <span class='ocrx_word' id='word_1_602' title='bbox 4562 3847 4690 3899; x_wconf 76' lang='lat' dir='ltr'><strong>ratio</strong></span> <span class='ocrx_word' id='word_1_603' title='bbox 4732 3847 4949 3900; x_wconf 74' lang='lat' dir='ltr'><strong>reddita.</strong></span> 
     </span>
    </p>
   </div>
   <div class='ocr_carea' id='block_1_83' title="bbox 3737 3936 5240 4007">
    <p class='ocr_par' dir='ltr' id='par_1_83' title="bbox 3737 3936 5240 4007">
     <span class='ocr_line' id='line_1_83' title="bbox 3737 3936 5240 4007; baseline 0.002 -19"><span class='ocrx_word' id='word_1_604' title='bbox 3737 3936 3833 3990; x_wconf 84' lang='lat' dir='ltr'><strong>llis</strong></span> <span class='ocrx_word' id='word_1_605' title='bbox 3875 3936 4057 4004; x_wconf 90' lang='lat' dir='ltr'><strong>itaque</strong></span> <span class='ocrx_word' id='word_1_606' title='bbox 4101 3936 4399 3990; x_wconf 82' lang='lat' dir='ltr'><strong>rationibus</strong></span> <span class='ocrx_word' id='word_1_607' title='bbox 4428 3937 4493 3990; x_wconf 89' lang='lat' dir='ltr'><strong>de</strong></span> <span class='ocrx_word' id='word_1_608' title='bbox 4522 3938 4869 4007; x_wconf 65' lang='lat' dir='ltr'><strong>prmrogativa</strong></span> <span class='ocrx_word' id='word_1_609' title='bbox 4929 3946 4984 3990; x_wconf 92' lang='lat' dir='ltr'><strong>et</strong></span> <span class='ocrx_word' id='word_1_610' title='bbox 5042 3937 5240 4007; x_wconf 81' lang='lat' dir='ltr'><strong>princi-</strong></span> 
     </span>
    </p>
   </div>
   <div class='ocr_carea' id='block_1_84' title="bbox 3665 4025 5239 4096">
    <p class='ocr_par' dir='ltr' id='par_1_84' title="bbox 3665 4025 5239 4096">
     <span class='ocr_line' id='line_1_84' title="bbox 3665 4025 5239 4096; baseline 0.002 -19"><span class='ocrx_word' id='word_1_611' title='bbox 3665 4035 3792 4095; x_wconf 85' lang='lat' dir='ltr'><strong>patu</strong></span> <span class='ocrx_word' id='word_1_612' title='bbox 3817 4026 3961 4079; x_wconf 90' lang='lat' dir='ltr'><strong>sedis</strong></span> <span class='ocrx_word' id='word_1_613' title='bbox 3983 4025 4292 4095; x_wconf 68' lang='lat' dir='ltr'><strong>apostolicae</strong></span> <span class='ocrx_word' id='word_1_614' title='bbox 4318 4026 4561 4089; x_wconf 85' lang='lat' dir='ltr'><strong>redditis,</strong></span> <span class='ocrx_word' id='word_1_615' title='bbox 4592 4025 4814 4096; x_wconf 88' lang='lat' dir='ltr'><strong>populus</strong></span> <span class='ocrx_word' id='word_1_616' title='bbox 4833 4026 5049 4080; x_wconf 79' lang='lat' dir='ltr'><strong>omnino</strong></span> <span class='ocrx_word' id='word_1_617' title='bbox 5076 4028 5239 4081; x_wconf 79' lang='lat' dir='ltr'><strong>bene-</strong></span> 
     </span>
    </p>
   </div>
   <div class='ocr_carea' id='block_1_85' title="bbox 3668 4117 5238 4187">
    <p class='ocr_par' dir='ltr' id='par_1_85' title="bbox 3668 4117 5238 4187">
     <span class='ocr_line' id='line_1_85' title="bbox 3668 4117 5238 4187; baseline 0.002 -19"><span class='ocrx_word' id='word_1_618' title='bbox 3668 4117 3820 4171; x_wconf 86' lang='lat' dir='ltr'><strong>volus</strong></span> <span class='ocrx_word' id='word_1_619' title='bbox 3852 4117 4118 4179; x_wconf 88' lang='lat' dir='ltr'><strong>redditur,</strong></span> <span class='ocrx_word' id='word_1_620' title='bbox 4150 4127 4204 4171; x_wconf 89' lang='lat' dir='ltr'><strong>et</strong></span> <span class='ocrx_word' id='word_1_621' title='bbox 4231 4127 4612 4172; x_wconf 79' lang='lat' dir='ltr'><strong>exsccoturum</strong></span> <span class='ocrx_word' id='word_1_622' title='bbox 4648 4133 4736 4182; x_wconf 89' lang='lat' dir='ltr'><strong>se,</strong></span> <span class='ocrx_word' id='word_1_623' title='bbox 4762 4118 5019 4187; x_wconf 58' lang='lat' dir='ltr'><strong>Quidquid</strong></span> <span class='ocrx_word' id='word_1_624' title='bbox 5057 4119 5238 4187; x_wconf 85' lang='lat' dir='ltr'><strong>injun-</strong></span> 
     </span>
    </p>
   </div>
   <div class='ocr_carea' id='block_1_86' title="bbox 3668 4208 5239 4278">
    <p class='ocr_par' dir='ltr' id='par_1_86' title="bbox 3668 4208 5239 4278">
     <span class='ocr_line' id='line_1_86' title="bbox 3668 4208 5239 4278; baseline 0 -16"><span class='ocrx_word' id='word_1_625' title='bbox 3668 4223 3877 4278; x_wconf 86' lang='lat' dir='ltr'><strong>gerem,</strong></span> <span class='ocrx_word' id='word_1_626' title='bbox 3908 4209 4238 4262; x_wconf 88' lang='lat' dir='ltr'><strong>unanimiter</strong></span> <span class='ocrx_word' id='word_1_627' title='bbox 4257 4208 4560 4278; x_wconf 85' lang='lat' dir='ltr'><strong>pollicetur.</strong></span> <span class='ocrx_word' id='word_1_628' title='bbox 4587 4209 4735 4262; x_wconf 85' lang='lat' dir='ltr'><strong>Tunc</strong></span> <span class='ocrx_word' id='word_1_629' title='bbox 4763 4209 5010 4261; x_wconf 91' lang='lat' dir='ltr'><strong>nimirum</strong></span> <span class='ocrx_word' id='word_1_630' title='bbox 5038 4208 5239 4277; x_wconf 76' lang='lat' dir='ltr'><strong>liquido</strong></span> 
     </span>
    </p>
   </div>
   <div class='ocr_carea' id='block_1_87' title="bbox 3668 4299 5238 4369">
    <p class='ocr_par' dir='ltr' id='par_1_87' title="bbox 3668 4299 5238 4369">
     <span class='ocr_line' id='line_1_87' title="bbox 3668 4299 5238 4369; baseline 0.002 -19"><span class='ocrx_word' id='word_1_631' title='bbox 3668 4301 3909 4366; x_wconf 90' lang='lat' dir='ltr'><strong>perseusi</strong></span> <span class='ocrx_word' id='word_1_632' title='bbox 3935 4301 4034 4362; x_wconf 82' lang='lat' dir='ltr'><strong>,.in</strong></span> <span class='ocrx_word' id='word_1_633' title='bbox 4063 4300 4446 4354; x_wconf 89' lang='lat' dir='ltr'><strong>ecclesiasticis</strong></span> <span class='ocrx_word' id='word_1_634' title='bbox 4480 4301 4658 4354; x_wconf 84' lang='lat' dir='ltr'><strong>causis</strong></span> <span class='ocrx_word' id='word_1_635' title='bbox 4693 4309 4949 4369; x_wconf 89' lang='lat' dir='ltr'><strong>quantum</strong></span> <span class='ocrx_word' id='word_1_636' title='bbox 4984 4299 5238 4354; x_wconf 79' lang='lat' dir='ltr'><strong>Romanu:</strong></span> 
     </span>
    </p>
   </div>
   <div class='ocr_carea' id='block_1_88' title="bbox 3669 4392 5241 4463">
    <p class='ocr_par' dir='ltr' id='par_1_88' title="bbox 3669 4392 5241 4463">
     <span class='ocr_line' id='line_1_88' title="bbox 3669 4392 5241 4463; baseline 0.001 -17"><span class='ocrx_word' id='word_1_637' title='bbox 3669 4392 3924 4446; x_wconf 76' lang='lat' dir='ltr'><strong>Ecclesia:</strong></span> <span class='ocrx_word' id='word_1_638' title='bbox 3976 4408 4134 4448; x_wconf 88' lang='lat' dir='ltr'><strong>nosse</strong></span> <span class='ocrx_word' id='word_1_639' title='bbox 4176 4394 4514 4463; x_wconf 78' lang='lat' dir='ltr'><strong>privilegium</strong></span> <span class='ocrx_word' id='word_1_640' title='bbox 4571 4394 4769 4458; x_wconf 85' lang='lat' dir='ltr'><strong>valeat;</strong></span> <span class='ocrx_word' id='word_1_641' title='bbox 4827 4409 5092 4463; x_wconf 86' lang='lat' dir='ltr'><strong>quamque</strong></span> <span class='ocrx_word' id='word_1_642' title='bbox 5141 4395 5241 4447; x_wconf 86' lang='lat' dir='ltr'><strong>hoc</strong></span> 
     </span>
    </p>
   </div>
   <div class='ocr_carea' id='block_1_89' title="bbox 3672 4484 5240 4555">
    <p class='ocr_par' dir='ltr' id='par_1_89' title="bbox 3672 4484 5240 4555">
     <span class='ocr_line' id='line_1_89' title="bbox 3672 4484 5240 4555; baseline -0.001 -18"><span class='ocrx_word' id='word_1_643' title='bbox 3672 4495 3855 4538; x_wconf 89' lang='lat' dir='ltr'><strong>sancta</strong></span> <span class='ocrx_word' id='word_1_644' title='bbox 3893 4495 3980 4537; x_wconf 90' lang='lat' dir='ltr'><strong>tua</strong></span> <span class='ocrx_word' id='word_1_645' title='bbox 4009 4484 4296 4555; x_wconf 87' lang='lat' dir='ltr'><strong>prudentia</strong></span> <span class='ocrx_word' id='word_1_646' title='bbox 4327 4501 4430 4538; x_wconf 92' lang='lat' dir='ltr'><strong>non</strong></span> <span class='ocrx_word' id='word_1_647' title='bbox 4463 4484 4635 4539; x_wconf 91' lang='lat' dir='ltr'><strong>otiose</strong></span> <span class='ocrx_word' id='word_1_648' title='bbox 4660 4485 4928 4553; x_wconf 86' lang='lat' dir='ltr'><strong>deposcat.</strong></span> <span class='ocrx_word' id='word_1_649' title='bbox 4958 4484 5111 4550; x_wconf 83' lang='lat' dir='ltr'><strong>Quod</strong></span> <span class='ocrx_word' id='word_1_650' title='bbox 5139 4485 5240 4537; x_wconf 85' lang='lat' dir='ltr'><strong>uti-</strong></span> 
     </span>
    </p>
   </div>
   <div class='ocr_carea' id='block_1_90' title="bbox 1986 4551 5238 4643">
    <p class='ocr_par' dir='ltr' id='par_1_90' title="bbox 1986 4551 5238 4643">
     <span class='ocr_line' id='line_1_90' title="bbox 1986 4551 5238 4643; baseline 0 -18"><span class='ocrx_word' id='word_1_651' title='bbox 1986 4585 2107 4625; x_wconf 83' lang='lat' dir='ltr'><strong>t&#39;nm</strong></span> <span class='ocrx_word' id='word_1_652' title='bbox 2156 4573 2332 4641; x_wconf 85' lang='lat' dir='ltr'><strong>capite</strong></span> <span class='ocrx_word' id='word_1_653' title='bbox 2384 4570 2636 4628; x_wconf 80' lang='lat' dir='ltr'><strong>traditum</strong></span> <span class='ocrx_word' id='word_1_654' title='bbox 2681 4570 2898 4625; x_wconf 88' lang='lat' dir='ltr'><strong>auferre</strong></span> <span class='ocrx_word' id='word_1_655' title='bbox 2951 4583 3197 4633; x_wconf 85' lang='lat' dir='ltr'><strong>conatur,</strong></span> <span class='ocrx_word' id='word_1_656' title='bbox 3239 4573 3324 4626; x_wconf 89' lang='lat' dir='ltr'><strong>hic</strong></span> <span class='ocrx_word' id='word_1_657' title='bbox 3378 4575 3563 4642; x_wconf 86' lang='lat' dir='ltr'><strong>procul</strong></span> <span class='ocrx_word' id='word_1_658' title='bbox 3602 4551 3794 4643; x_wconf 79' lang='lat' dir='ltr'><strong>une,</strong></span> <span class='ocrx_word' id='word_1_659' title='bbox 3826 4573 3939 4626; x_wconf 87' lang='lat' dir='ltr'><strong>Deo</strong></span> <span class='ocrx_word' id='word_1_660' title='bbox 3986 4551 4273 4633; x_wconf 74' lang='lat' dir='ltr'><strong>annuente.</strong></span> <span class='ocrx_word' id='word_1_661' title='bbox 4327 4574 4549 4642; x_wconf 80' lang='lat' dir='ltr'><strong>implere</strong></span> <span class='ocrx_word' id='word_1_662' title='bbox 4596 4551 4947 4638; x_wconf 67' lang='lat' dir='ltr'><strong>studebimus,</strong></span> <span class='ocrx_word' id='word_1_663' title='bbox 4983 4575 5028 4627; x_wconf 88' lang='lat' dir='ltr'><strong>si</strong></span> <span class='ocrx_word' id='word_1_664' title='bbox 5063 4585 5238 4628; x_wconf 79' lang='lat' dir='ltr'><strong>tamen</strong></span> 
     </span>
    </p>
   </div>
   <div class='ocr_carea' id='block_1_91' title="bbox 1986 4660 3564 4717">
    <p class='ocr_par' dir='ltr' id='par_1_91' title="bbox 1986 4660 3564 4717">
     <span class='ocr_line' id='line_1_91' title="bbox 1986 4660 3564 4717; baseline 0.001 -2"><span class='ocrx_word' id='word_1_665' title='bbox 1986 4660 2149 4715; x_wconf 88' lang='lat' dir='ltr'><strong>dubio</strong></span> <span class='ocrx_word' id='word_1_666' title='bbox 2194 4662 2244 4715; x_wconf 90' lang='lat' dir='ltr'><strong>in</strong></span> <span class='ocrx_word' id='word_1_667' title='bbox 2275 4661 2520 4715; x_wconf 65' lang='lat' dir='ltr'><strong>haaresim</strong></span> <span class='ocrx_word' id='word_1_668' title='bbox 2553 4661 2754 4715; x_wconf 85' lang='lat' dir='ltr'><strong>labitur</strong></span> <span class='ocrx_word' id='word_1_669' title='bbox 2794 4679 2808 4715; x_wconf 89' lang='lat'><strong>:</strong></span> <span class='ocrx_word' id='word_1_670' title='bbox 2847 4670 2901 4714; x_wconf 92' lang='lat' dir='ltr'><strong>et</strong></span> <span class='ocrx_word' id='word_1_671' title='bbox 2938 4676 3061 4716; x_wconf 90' lang='lat' dir='ltr'><strong>cum</strong></span> <span class='ocrx_word' id='word_1_672' title='bbox 3107 4663 3193 4717; x_wconf 92' lang='lat' dir='ltr'><strong>ille</strong></span> <span class='ocrx_word' id='word_1_673' title='bbox 3223 4672 3437 4716; x_wconf 90' lang='lat' dir='ltr'><strong>notetur</strong></span> <span class='ocrx_word' id='word_1_674' title='bbox 3487 4665 3564 4716; x_wconf 92' lang='lat' dir='ltr'><strong>in-</strong></span> 
     </span>
    </p>
   </div>
   <div class='ocr_carea' id='block_1_92' title="bbox 1982 4747 3562 4824">
    <p class='ocr_par' dir='ltr' id='par_1_92' title="bbox 1982 4747 3562 4824">
     <span class='ocr_line' id='line_1_92' title="bbox 1982 4747 3562 4824; baseline 0.003 -20"><span class='ocrx_word' id='word_1_675' title='bbox 1982 4747 2195 4820; x_wconf 83' lang='lat' dir='ltr'><strong>justus;</strong></span> <span class='ocrx_word' id='word_1_676' title='bbox 2244 4751 2334 4806; x_wconf 90' lang='lat' dir='ltr'><strong>hic</strong></span> <span class='ocrx_word' id='word_1_677' title='bbox 2379 4761 2461 4806; x_wconf 89' lang='lat' dir='ltr'><strong>est</strong></span> <span class='ocrx_word' id='word_1_678' title='bbox 2505 4753 2767 4806; x_wconf 89' lang='lat' dir='ltr'><strong>dicendus</strong></span> <span class='ocrx_word' id='word_1_679' title='bbox 2795 4754 3099 4808; x_wconf 64' lang='lat' dir='ltr'><strong>haereticus.</strong></span> <span class='ocrx_word' id='word_1_680' title='bbox 3147 4753 3333 4807; x_wconf 84' lang='lat' dir='ltr'><strong>Fidem</strong></span> <span class='ocrx_word' id='word_1_681' title='bbox 3369 4756 3562 4824; x_wconf 89' lang='lat' dir='ltr'><strong>quippe</strong></span> 
     </span>
    </p>
   </div>
   <div class='ocr_carea' id='block_1_93' title="bbox 1988 4839 3556 4912">
    <p class='ocr_par' dir='ltr' id='par_1_93' title="bbox 1988 4839 3556 4912">
     <span class='ocr_line' id='line_1_93' title="bbox 1988 4839 3556 4912; baseline 0.003 -19"><span class='ocrx_word' id='word_1_682' title='bbox 1988 4839 2172 4903; x_wconf 83' lang='lat' dir='ltr'><strong>violat,</strong></span> <span class='ocrx_word' id='word_1_683' title='bbox 2203 4841 2294 4910; x_wconf 90' lang='lat' dir='ltr'><strong>qui</strong></span> <span class='ocrx_word' id='word_1_684' title='bbox 2320 4842 2577 4896; x_wconf 86' lang='lat' dir='ltr'><strong>adversus</strong></span> <span class='ocrx_word' id='word_1_685' title='bbox 2602 4843 2744 4895; x_wconf 84' lang='lat' dir='ltr'><strong>illam</strong></span> <span class='ocrx_word' id='word_1_686' title='bbox 2775 4844 2907 4912; x_wconf 89' lang='lat' dir='ltr'><strong>agit,</strong></span> <span class='ocrx_word' id='word_1_687' title='bbox 2939 4858 3058 4912; x_wconf 76' lang='lat' dir='ltr'><strong>qua:</strong></span> <span class='ocrx_word' id='word_1_688' title='bbox 3091 4851 3263 4896; x_wconf 89' lang='lat' dir='ltr'><strong>mater</strong></span> <span class='ocrx_word' id='word_1_689' title='bbox 3290 4854 3371 4897; x_wconf 88' lang='lat' dir='ltr'><strong>est</strong></span> <span class='ocrx_word' id='word_1_690' title='bbox 3402 4844 3556 4908; x_wconf 83' lang='lat' dir='ltr'><strong>fidei;</strong></span> 
     </span>
    </p>
   </div>
   <div class='ocr_carea' id='block_1_94' title="bbox 1985 4930 3559 5003">
    <p class='ocr_par' dir='ltr' id='par_1_94' title="bbox 1985 4930 3559 5003">
     <span class='ocr_line' id='line_1_94' title="bbox 1985 4930 3559 5003; baseline 0.003 -20"><span class='ocrx_word' id='word_1_691' title='bbox 1985 4938 2044 4983; x_wconf 88' lang='lat' dir='ltr'><strong>et</strong></span> <span class='ocrx_word' id='word_1_692' title='bbox 2074 4930 2144 4984; x_wconf 92' lang='lat' dir='ltr'><strong>illi</strong></span> <span class='ocrx_word' id='word_1_693' title='bbox 2169 4940 2458 4985; x_wconf 90' lang='lat' dir='ltr'><strong>contumax</strong></span> <span class='ocrx_word' id='word_1_694' title='bbox 2490 4931 2781 4996; x_wconf 85' lang='lat' dir='ltr'><strong>invenitur,</strong></span> <span class='ocrx_word' id='word_1_695' title='bbox 2809 4933 2901 5003; x_wconf 88' lang='lat' dir='ltr'><strong>qui</strong></span> <span class='ocrx_word' id='word_1_696' title='bbox 2926 4948 3045 4986; x_wconf 89' lang='lat' dir='ltr'><strong>eam</strong></span> <span class='ocrx_word' id='word_1_697' title='bbox 3072 4933 3281 4988; x_wconf 90' lang='lat' dir='ltr'><strong>cunctis</strong></span> <span class='ocrx_word' id='word_1_698' title='bbox 3306 4933 3559 4988; x_wconf 84' lang='lat' dir='ltr'><strong>Ecclesiis</strong></span> 
     </span>
    </p>
   </div>
   <div class='ocr_carea' id='block_1_95' title="bbox 1986 5021 2676 5091">
    <p class='ocr_par' dir='ltr' id='par_1_95' title="bbox 1986 5021 2676 5091">
     <span class='ocr_line' id='line_1_95' title="bbox 1986 5021 2676 5091; baseline 0 -17"><span class='ocrx_word' id='word_1_699' title='bbox 1986 5021 2285 5089; x_wconf 69' lang='lat' dir='ltr'><strong>prmtulisse</strong></span> <span class='ocrx_word' id='word_1_700' title='bbox 2309 5022 2676 5091; x_wconf 82' lang='lat' dir='ltr'><strong>cognoscitur.</strong></span> 
     </span>
    </p>
   </div>
   <div class='ocr_carea' id='block_1_96' title="bbox 2061 5110 3559 5183">
    <p class='ocr_par' dir='ltr' id='par_1_96' title="bbox 2061 5110 3559 5183">
     <span class='ocr_line' id='line_1_96' title="bbox 2061 5110 3559 5183; baseline 0 -17"><span class='ocrx_word' id='word_1_701' title='bbox 2061 5110 2133 5166; x_wconf 82' lang='lat' dir='ltr'><strong>Ut</strong></span> <span class='ocrx_word' id='word_1_702' title='bbox 2161 5122 2360 5175; x_wconf 87' lang='lat' dir='ltr'><strong>autem,</strong></span> <span class='ocrx_word' id='word_1_703' title='bbox 2395 5114 2608 5167; x_wconf 89' lang='lat' dir='ltr'><strong>omissis</strong></span> <span class='ocrx_word' id='word_1_704' title='bbox 2636 5113 2776 5174; x_wconf 81' lang='lat' dir='ltr'><strong>aliis,</strong></span> <span class='ocrx_word' id='word_1_705' title='bbox 2806 5112 2872 5165; x_wconf 91' lang='lat' dir='ltr'><strong>ad</strong></span> <span class='ocrx_word' id='word_1_706' title='bbox 2905 5111 2956 5166; x_wconf 91' lang='lat' dir='ltr'><strong>id</strong></span> <span class='ocrx_word' id='word_1_707' title='bbox 2978 5152 2992 5176; x_wconf 93' lang='lat'><strong>,</strong></span> <span class='ocrx_word' id='word_1_708' title='bbox 3031 5113 3170 5181; x_wconf 88' lang='lat' dir='ltr'><strong>quod</strong></span> <span class='ocrx_word' id='word_1_709' title='bbox 3202 5129 3342 5167; x_wconf 91' lang='lat' dir='ltr'><strong>nunc</strong></span> <span class='ocrx_word' id='word_1_710' title='bbox 3362 5113 3559 5183; x_wconf 90' lang='lat' dir='ltr'><strong>agitur,</strong></span> 
     </span>
    </p>
   </div>
   <div class='ocr_carea' id='block_1_97' title="bbox 1986 5201 3559 5273">
    <p class='ocr_par' dir='ltr' id='par_1_97' title="bbox 1986 5201 3559 5273">
     <span class='ocr_line' id='line_1_97' title="bbox 1986 5201 3559 5273; baseline 0.003 -21"><span class='ocrx_word' id='word_1_711' title='bbox 1986 5201 2287 5267; x_wconf 83' lang='lat' dir='ltr'><strong>veniamus,</strong></span> <span class='ocrx_word' id='word_1_712' title='bbox 2319 5216 2423 5255; x_wconf 92' lang='lat' dir='ltr'><strong>nou</strong></span> <span class='ocrx_word' id='word_1_713' title='bbox 2451 5203 2605 5256; x_wconf 86' lang='lat' dir='ltr'><strong>debet</strong></span> <span class='ocrx_word' id='word_1_714' title='bbox 2628 5204 2882 5273; x_wconf 81' lang='lat' dir='ltr'><strong>ignorare</strong></span> <span class='ocrx_word' id='word_1_715' title='bbox 2904 5213 3088 5257; x_wconf 88' lang='lat' dir='ltr'><strong>sancta</strong></span> <span class='ocrx_word' id='word_1_716' title='bbox 3122 5213 3298 5256; x_wconf 87' lang='lat' dir='ltr'><strong>vestra</strong></span> <span class='ocrx_word' id='word_1_717' title='bbox 3325 5205 3559 5269; x_wconf 89' lang='lat' dir='ltr'><strong>devotio,</strong></span> 
     </span>
    </p>
   </div>
   <div class='ocr_carea' id='block_1_98' title="bbox 1986 5290 3559 5362">
    <p class='ocr_par' dir='ltr' id='par_1_98' title="bbox 1986 5290 3559 5362">
     <span class='ocr_line' id='line_1_98' title="bbox 1986 5290 3559 5362; baseline 0.003 -18"><span class='ocrx_word' id='word_1_718' title='bbox 1986 5290 2119 5359; x_wconf 87' lang='lat' dir='ltr'><strong>quia</strong></span> <span class='ocrx_word' id='word_1_719' title='bbox 2160 5291 2302 5344; x_wconf 89' lang='lat' dir='ltr'><strong>beati</strong></span> <span class='ocrx_word' id='word_1_720' title='bbox 2346 5292 2710 5361; x_wconf 88' lang='lat' dir='ltr'><strong>apostolorum</strong></span> <span class='ocrx_word' id='word_1_721' title='bbox 2743 5292 3012 5362; x_wconf 88' lang='lat' dir='ltr'><strong>principes</strong></span> <span class='ocrx_word' id='word_1_722' title='bbox 3043 5293 3233 5349; x_wconf 80' lang='lat' dir='ltr'><strong>l’ctrus</strong></span> <span class='ocrx_word' id='word_1_723' title='bbox 3265 5303 3316 5346; x_wconf 90' lang='lat' dir='ltr'><strong>et</strong></span> <span class='ocrx_word' id='word_1_724' title='bbox 3345 5293 3559 5360; x_wconf 81' lang='lat' dir='ltr'><strong>Paulus,</strong></span> 
     </span>
    </p>
   </div>
   <div class='ocr_carea' id='block_1_99' title="bbox 1988 5383 3559 5453">
    <p class='ocr_par' dir='ltr' id='par_1_99' title="bbox 1988 5383 3559 5453">
     <span class='ocr_line' id='line_1_99' title="bbox 1988 5383 3559 5453; baseline 0.003 -17"><span class='ocrx_word' id='word_1_725' title='bbox 1988 5383 2129 5437; x_wconf 87' lang='lat' dir='ltr'><strong>sicut</strong></span> <span class='ocrx_word' id='word_1_726' title='bbox 2198 5398 2294 5452; x_wconf 91' lang='lat' dir='ltr'><strong>per</strong></span> <span class='ocrx_word' id='word_1_727' title='bbox 2340 5399 2495 5438; x_wconf 87' lang='lat' dir='ltr'><strong>suum</strong></span> <span class='ocrx_word' id='word_1_728' title='bbox 2544 5385 2863 5453; x_wconf 89' lang='lat' dir='ltr'><strong>sanguinem</strong></span> <span class='ocrx_word' id='word_1_729' title='bbox 2916 5385 3213 5442; x_wconf 76' lang='lat' dir='ltr'><strong>Romanam</strong></span> <span class='ocrx_word' id='word_1_730' title='bbox 3269 5388 3559 5443; x_wconf 81' lang='lat' dir='ltr'><strong>Ecclesiam</strong></span> 
     </span>
    </p>
   </div>
   <div class='ocr_carea' id='block_1_100' title="bbox 1989 5478 3563 5551">
    <p class='ocr_par' dir='ltr' id='par_1_100' title="bbox 1989 5478 3563 5551">
     <span class='ocr_line' id='line_1_100' title="bbox 1989 5478 3563 5551; baseline 0.004 -21"><span class='ocrx_word' id='word_1_731' title='bbox 1989 5487 2411 5539; x_wconf 76' lang='lat' dir='ltr'><strong>cansecrarunt;</strong></span> <span class='ocrx_word' id='word_1_732' title='bbox 2464 5478 2537 5532; x_wconf 89' lang='lat' dir='ltr'><strong>ita</strong></span> <span class='ocrx_word' id='word_1_733' title='bbox 2594 5494 2718 5533; x_wconf 79' lang='lat' dir='ltr'><strong>mox</strong></span> <span class='ocrx_word' id='word_1_734' title='bbox 2779 5481 2919 5534; x_wconf 88' lang='lat' dir='ltr'><strong>inter</strong></span> <span class='ocrx_word' id='word_1_735' title='bbox 2973 5481 3084 5551; x_wconf 86' lang='lat' dir='ltr'><strong>ipsa</strong></span> <span class='ocrx_word' id='word_1_736' title='bbox 3128 5482 3401 5536; x_wconf 85' lang='lat' dir='ltr'><strong>ttasccntis</strong></span> <span class='ocrx_word' id='word_1_737' title='bbox 3440 5482 3563 5537; x_wconf 85' lang='lat' dir='ltr'><strong>lldei</strong></span> 
     </span>
    </p>
   </div>
   <div class='ocr_carea' id='block_1_101' title="bbox 1990 5566 3567 5647">
    <p class='ocr_par' dir='ltr' id='par_1_101' title="bbox 1990 5566 3567 5647">
     <span class='ocr_line' id='line_1_101' title="bbox 1990 5566 3567 5647; baseline 0.004 -27"><span class='ocrx_word' id='word_1_738' title='bbox 1990 5566 2297 5621; x_wconf 88' lang='lat' dir='ltr'><strong>rudimenta</strong></span> <span class='ocrx_word' id='word_1_739' title='bbox 2347 5568 2486 5623; x_wconf 87' lang='lat' dir='ltr'><strong>hanc</strong></span> <span class='ocrx_word' id='word_1_740' title='bbox 2515 5570 2965 5647; x_wconf 77' lang='lat' dir='ltr'><strong>Mediolauensem</strong></span> <span class='ocrx_word' id='word_1_741' title='bbox 2992 5572 3286 5627; x_wconf 70' lang='lat' dir='ltr'><strong>Ecclesiuttt</strong></span> <span class='ocrx_word' id='word_1_742' title='bbox 3318 5587 3412 5641; x_wconf 90' lang='lat' dir='ltr'><strong>per</strong></span> <span class='ocrx_word' id='word_1_743' title='bbox 3442 5588 3567 5627; x_wconf 85' lang='lat' dir='ltr'><strong>suos</strong></span> 
     </span>
    </p>
   </div>
   <div class='ocr_carea' id='block_1_102' title="bbox 1992 5657 3567 5734">
    <p class='ocr_par' dir='ltr' id='par_1_102' title="bbox 1992 5657 3567 5734">
     <span class='ocr_line' id='line_1_102' title="bbox 1992 5657 3567 5734; baseline 0.004 -21"><span class='ocrx_word' id='word_1_744' title='bbox 1992 5657 2287 5727; x_wconf 80' lang='lat' dir='ltr'><strong>discipulos</strong></span> <span class='ocrx_word' id='word_1_745' title='bbox 2331 5659 2522 5715; x_wconf 83' lang='lat' dir='ltr'><strong>lucrati</strong></span> <span class='ocrx_word' id='word_1_746' title='bbox 2579 5674 2703 5717; x_wconf 86' lang='lat' dir='ltr'><strong>sunt</strong></span> <span class='ocrx_word' id='word_1_747' title='bbox 2749 5663 3004 5718; x_wconf 87' lang='lat' dir='ltr'><strong>Christo:</strong></span> <span class='ocrx_word' id='word_1_748' title='bbox 3050 5664 3308 5719; x_wconf 68' lang='lat' dir='ltr'><strong>Nazarius</strong></span> <span class='ocrx_word' id='word_1_749' title='bbox 3371 5667 3567 5734; x_wconf 88' lang='lat' dir='ltr'><strong>quippe</strong></span> 
     </span>
    </p>
   </div>
   <div class='ocr_carea' id='block_1_103' title="bbox 1995 5750 3569 5827">
    <p class='ocr_par' dir='ltr' id='par_1_103' title="bbox 1995 5750 3569 5827">
     <span class='ocr_line' id='line_1_103' title="bbox 1995 5750 3569 5827; baseline 0.006 -26"><span class='ocrx_word' id='word_1_750' title='bbox 1995 5758 2200 5826; x_wconf 77' lang='lat' dir='ltr'><strong>martyr</strong></span> <span class='ocrx_word' id='word_1_751' title='bbox 2231 5750 2480 5826; x_wconf 80' lang='lat' dir='ltr'><strong>insignis,</strong></span> <span class='ocrx_word' id='word_1_752' title='bbox 2509 5753 2645 5807; x_wconf 89' lang='lat' dir='ltr'><strong>sicut</strong></span> <span class='ocrx_word' id='word_1_753' title='bbox 2671 5754 2964 5827; x_wconf 75' lang='lat' dir='ltr'><strong>Scriptum:</strong></span> <span class='ocrx_word' id='word_1_754' title='bbox 2989 5766 3274 5822; x_wconf 72' lang='lat' dir='ltr'><strong>testantur,</strong></span> <span class='ocrx_word' id='word_1_755' title='bbox 3303 5755 3443 5810; x_wconf 83' lang='lat' dir='ltr'><strong>Petri</strong></span> <span class='ocrx_word' id='word_1_756' title='bbox 3476 5773 3569 5811; x_wconf 62' lang='lat' dir='ltr'><strong>auo</strong></span> 
     </span>
    </p>
   </div>
   <div class='ocr_carea' id='block_1_104' title="bbox 3671 4661 5242 4732">
    <p class='ocr_par' dir='ltr' id='par_1_104' title="bbox 3671 4661 5242 4732">
     <span class='ocr_line' id='line_1_104' title="bbox 3671 4661 5242 4732; baseline 0.001 -17"><span class='ocrx_word' id='word_1_757' title='bbox 3671 4662 3832 4729; x_wconf 90' lang='lat' dir='ltr'><strong>hujus</strong></span> <span class='ocrx_word' id='word_1_758' title='bbox 3861 4663 3936 4715; x_wconf 90' lang='lat' dir='ltr'><strong>rei</strong></span> <span class='ocrx_word' id='word_1_759' title='bbox 3962 4673 4123 4730; x_wconf 82' lang='lat' dir='ltr'><strong>gesta-</strong></span> <span class='ocrx_word' id='word_1_760' title='bbox 4152 4663 4298 4730; x_wconf 90' lang='lat' dir='ltr'><strong>prius</strong></span> <span class='ocrx_word' id='word_1_761' title='bbox 4322 4664 4565 4716; x_wconf 88' lang='lat' dir='ltr'><strong>ordinem</strong></span> <span class='ocrx_word' id='word_1_762' title='bbox 4593 4664 4913 4732; x_wconf 73' lang='lat' dir='ltr'><strong>digeramus.</strong></span> <span class='ocrx_word' id='word_1_763' title='bbox 4941 4661 5079 4728; x_wconf 83' lang='lat' dir='ltr'><strong>Quid</strong></span> <span class='ocrx_word' id='word_1_764' title='bbox 5102 4663 5242 4715; x_wconf 81' lang='lat' dir='ltr'><strong>mul-</strong></span> 
     </span>
    </p>
   </div>
   <div class='ocr_carea' id='block_1_105' title="bbox 3673 4750 5243 4827">
    <p class='ocr_par' dir='ltr' id='par_1_105' title="bbox 3673 4750 5243 4827">
     <span class='ocr_line' id='line_1_105' title="bbox 3673 4750 5243 4827; baseline -0.001 -22"><span class='ocrx_word' id='word_1_765' title='bbox 3673 4755 3739 4806; x_wconf 90' lang='lat' dir='ltr'><strong>tis</strong></span> <span class='ocrx_word' id='word_1_766' title='bbox 3789 4753 4005 4806; x_wconf 89' lang='lat' dir='ltr'><strong>moror?</strong></span> <span class='ocrx_word' id='word_1_767' title='bbox 4052 4752 4217 4827; x_wconf 79' lang='lat' dir='ltr'><strong>Adest</strong></span> <span class='ocrx_word' id='word_1_768' title='bbox 4243 4751 4559 4806; x_wconf 86' lang='lat' dir='ltr'><strong>clericorum</strong></span> <span class='ocrx_word' id='word_1_769' title='bbox 4605 4751 4963 4820; x_wconf 84' lang='lat' dir='ltr'><strong>perpluriums</strong></span> <span class='ocrx_word' id='word_1_770' title='bbox 4999 4750 5089 4804; x_wconf 89' lang='lat' dir='ltr'><strong>ille</strong></span> <span class='ocrx_word' id='word_1_771' title='bbox 5111 4767 5243 4806; x_wconf 86' lang='lat' dir='ltr'><strong>eon-</strong></span> 
     </span>
    </p>
   </div>
   <div class='ocr_carea' id='block_1_106' title="bbox 3666 4843 5241 4913">
    <p class='ocr_par' dir='ltr' id='par_1_106' title="bbox 3666 4843 5241 4913">
     <span class='ocr_line' id='line_1_106' title="bbox 3666 4843 5241 4913; baseline 0 -17"><span class='ocrx_word' id='word_1_772' title='bbox 3666 4853 3881 4907; x_wconf 91' lang='lat' dir='ltr'><strong>ventus,</strong></span> <span class='ocrx_word' id='word_1_773' title='bbox 3909 4845 4294 4905; x_wconf 86' lang='lat' dir='ltr'><strong>communiter,</strong></span> <span class='ocrx_word' id='word_1_774' title='bbox 4338 4855 4393 4897; x_wconf 89' lang='lat' dir='ltr'><strong>et</strong></span> <span class='ocrx_word' id='word_1_775' title='bbox 4422 4843 4729 4913; x_wconf 88' lang='lat' dir='ltr'><strong>singillatim</strong></span> <span class='ocrx_word' id='word_1_776' title='bbox 4758 4844 4983 4910; x_wconf 85' lang='lat' dir='ltr'><strong>quisque</strong></span> <span class='ocrx_word' id='word_1_777' title='bbox 5017 4843 5241 4912; x_wconf 83' lang='lat' dir='ltr'><strong>perqui-</strong></span> 
     </span>
    </p>
   </div>
   <div class='ocr_carea' id='block_1_107' title="bbox 3666 4931 5239 5003">
    <p class='ocr_par' dir='ltr' id='par_1_107' title="bbox 3666 4931 5239 5003">
     <span class='ocr_line' id='line_1_107' title="bbox 3666 4931 5239 5003; baseline -0.003 -15"><span class='ocrx_word' id='word_1_778' title='bbox 3666 4935 3828 4998; x_wconf 90' lang='lat' dir='ltr'><strong>ritur,</strong></span> <span class='ocrx_word' id='word_1_779' title='bbox 3858 4934 3945 4986; x_wconf 90' lang='lat' dir='ltr'><strong>vix</strong></span> <span class='ocrx_word' id='word_1_780' title='bbox 3973 4948 4002 5002; x_wconf 89' lang='lat' dir='ltr'><strong>e</strong></span> <span class='ocrx_word' id='word_1_781' title='bbox 4027 4942 4177 4988; x_wconf 89' lang='lat' dir='ltr'><strong>tanto</strong></span> <span class='ocrx_word' id='word_1_782' title='bbox 4203 4949 4425 4987; x_wconf 91' lang='lat' dir='ltr'><strong>numero</strong></span> <span class='ocrx_word' id='word_1_783' title='bbox 4452 4933 4713 5002; x_wconf 88' lang='lat' dir='ltr'><strong>quispiam</strong></span> <span class='ocrx_word' id='word_1_784' title='bbox 4746 4943 5020 5003; x_wconf 83' lang='lat' dir='ltr'><strong>promotus</strong></span> <span class='ocrx_word' id='word_1_785' title='bbox 5050 4931 5117 4985; x_wconf 84' lang='lat' dir='ltr'><strong>ad</strong></span> <span class='ocrx_word' id='word_1_786' title='bbox 5147 4946 5239 4984; x_wconf 66' lang='lat' dir='ltr'><strong>oro</strong></span> 
     </span>
    </p>
   </div>
   <div class='ocr_carea' id='block_1_108' title="bbox 3665 5023 5238 5093">
    <p class='ocr_par' dir='ltr' id='par_1_108' title="bbox 3665 5023 5238 5093">
     <span class='ocr_line' id='line_1_108' title="bbox 3665 5023 5238 5093; baseline 0.001 -16"><span class='ocrx_word' id='word_1_787' title='bbox 3665 5025 3843 5078; x_wconf 88' lang='lat' dir='ltr'><strong>dinem</strong></span> <span class='ocrx_word' id='word_1_788' title='bbox 3894 5024 4012 5078; x_wconf 86' lang='lat' dir='ltr'><strong>sine</strong></span> <span class='ocrx_word' id='word_1_789' title='bbox 4066 5024 4239 5093; x_wconf 86' lang='lat' dir='ltr'><strong>pretio</strong></span> <span class='ocrx_word' id='word_1_790' title='bbox 4284 5023 4569 5091; x_wconf 90' lang='lat' dir='ltr'><strong>reperitur.</strong></span> <span class='ocrx_word' id='word_1_791' title='bbox 4622 5023 4747 5077; x_wconf 86' lang='lat' dir='ltr'><strong>Erat</strong></span> <span class='ocrx_word' id='word_1_792' title='bbox 4779 5024 4919 5077; x_wconf 83' lang='lat' dir='ltr'><strong>enim</strong></span> <span class='ocrx_word' id='word_1_793' title='bbox 4950 5023 5238 5093; x_wconf 80' lang='lat' dir='ltr'><strong>genuinus.</strong></span> 
     </span>
    </p>
   </div>
   <div class='ocr_carea' id='block_1_109' title="bbox 3667 5112 5242 5184">
    <p class='ocr_par' dir='ltr' id='par_1_109' title="bbox 3667 5112 5242 5184">
     <span class='ocr_line' id='line_1_109' title="bbox 3667 5112 5242 5184; baseline -0.001 -16"><span class='ocrx_word' id='word_1_794' title='bbox 3667 5116 3777 5169; x_wconf 89' lang='lat' dir='ltr'><strong>imo</strong></span> <span class='ocrx_word' id='word_1_795' title='bbox 3825 5116 4163 5169; x_wconf 87' lang='lat' dir='ltr'><strong>inordinatus</strong></span> <span class='ocrx_word' id='word_1_796' title='bbox 4207 5115 4361 5176; x_wconf 90' lang='lat' dir='ltr'><strong>ordo.</strong></span> <span class='ocrx_word' id='word_1_797' title='bbox 4402 5125 4456 5169; x_wconf 88' lang='lat' dir='ltr'><strong>et</strong></span> <span class='ocrx_word' id='word_1_798' title='bbox 4505 5114 4832 5169; x_wconf 88' lang='lat' dir='ltr'><strong>inevasibilis</strong></span> <span class='ocrx_word' id='word_1_799' title='bbox 4867 5113 5051 5184; x_wconf 79' lang='lat' dir='ltr'><strong>regula</strong></span> <span class='ocrx_word' id='word_1_800' title='bbox 5100 5112 5242 5167; x_wconf 75' lang='lat' dir='ltr'><strong>illius</strong></span> 
     </span>
    </p>
   </div>
   <div class='ocr_carea' id='block_1_110' title="bbox 3665 5189 5237 5275">
    <p class='ocr_par' dir='ltr' id='par_1_110' title="bbox 3665 5189 5237 5275">
     <span class='ocr_line' id='line_1_110' title="bbox 3665 5189 5237 5275; baseline -0.005 -14"><span class='ocrx_word' id='word_1_801' title='bbox 3665 5205 3939 5268; x_wconf 65' lang='lat' dir='ltr'><strong>Ecclesiae,</strong></span> <span class='ocrx_word' id='word_1_802' title='bbox 3971 5215 4025 5259; x_wconf 92' lang='lat' dir='ltr'><strong>ut</strong></span> <span class='ocrx_word' id='word_1_803' title='bbox 4073 5189 4477 5275; x_wconf 24' lang='lat' dir='ltr'><strong>quicunque-ad</strong></span> <span class='ocrx_word' id='word_1_804' title='bbox 4526 5206 4817 5273; x_wconf 83' lang='lat' dir='ltr'><strong>quemlibet</strong></span> <span class='ocrx_word' id='word_1_805' title='bbox 4856 5205 5122 5268; x_wconf 86' lang='lat' dir='ltr'><strong>ordinem,</strong></span> <span class='ocrx_word' id='word_1_806' title='bbox 5155 5203 5237 5254; x_wconf 69' lang='lat' dir='ltr'><strong>vel</strong></span> 
     </span>
    </p>
   </div>
   <div class='ocr_carea' id='block_1_111' title="bbox 3665 5297 5237 5368">
    <p class='ocr_par' dir='ltr' id='par_1_111' title="bbox 3665 5297 5237 5368">
     <span class='ocr_line' id='line_1_111' title="bbox 3665 5297 5237 5368; baseline -0.003 -15"><span class='ocrx_word' id='word_1_807' title='bbox 3665 5300 3826 5353; x_wconf 88' lang='lat' dir='ltr'><strong>etiam</strong></span> <span class='ocrx_word' id='word_1_808' title='bbox 3858 5300 3924 5353; x_wconf 89' lang='lat' dir='ltr'><strong>ad</strong></span> <span class='ocrx_word' id='word_1_809' title='bbox 3955 5299 4322 5368; x_wconf 87' lang='lat' dir='ltr'><strong>episcopatum</strong></span> <span class='ocrx_word' id='word_1_810' title='bbox 4350 5298 4745 5353; x_wconf 85' lang='lat' dir='ltr'><strong>consecrandus</strong></span> <span class='ocrx_word' id='word_1_811' title='bbox 4777 5297 5078 5359; x_wconf 87' lang='lat' dir='ltr'><strong>accederet,</strong></span> <span class='ocrx_word' id='word_1_812' title='bbox 5108 5311 5237 5365; x_wconf 60' lang='lat' dir='ltr'><strong>prx-</strong></span> 
     </span>
    </p>
   </div>
   <div class='ocr_carea' id='block_1_112' title="bbox 3666 5387 5232 5458">
    <p class='ocr_par' dir='ltr' id='par_1_112' title="bbox 3666 5387 5232 5458">
     <span class='ocr_line' id='line_1_112' title="bbox 3666 5387 5232 5458; baseline -0.004 -15"><span class='ocrx_word' id='word_1_813' title='bbox 3666 5388 3831 5443; x_wconf 79' lang='lat' dir='ltr'><strong>lixum</strong></span> <span class='ocrx_word' id='word_1_814' title='bbox 3869 5388 4020 5458; x_wconf 88' lang='lat' dir='ltr'><strong>prius</strong></span> <span class='ocrx_word' id='word_1_815' title='bbox 4048 5389 4250 5458; x_wconf 89' lang='lat' dir='ltr'><strong>absque</strong></span> <span class='ocrx_word' id='word_1_816' title='bbox 4291 5388 4393 5440; x_wconf 84' lang='lat' dir='ltr'><strong>tilla</strong></span> <span class='ocrx_word' id='word_1_817' title='bbox 4439 5390 4805 5441; x_wconf 85' lang='lat' dir='ltr'><strong>controversia</strong></span> <span class='ocrx_word' id='word_1_818' title='bbox 4843 5401 5100 5440; x_wconf 83' lang='lat' dir='ltr'><strong>canonem</strong></span> <span class='ocrx_word' id='word_1_819' title='bbox 5138 5387 5232 5437; x_wconf 51' lang='lat' dir='ltr'><strong>dae</strong></span> 
     </span>
    </p>
   </div>
   <div class='ocr_carea' id='block_1_113' title="bbox 3667 5479 5232 5549">
    <p class='ocr_par' dir='ltr' id='par_1_113' title="bbox 3667 5479 5232 5549">
     <span class='ocr_line' id='line_1_113' title="bbox 3667 5479 5232 5549; baseline -0.006 -12"><span class='ocrx_word' id='word_1_820' title='bbox 3667 5488 3769 5537; x_wconf 76' lang='grc' dir='ltr'><strong>ηι.</strong></span> <span class='ocrx_word' id='word_1_821' title='bbox 3802 5480 3900 5536; x_wconf 83' lang='lat' dir='ltr'><strong>ilic</strong></span> <span class='ocrx_word' id='word_1_822' title='bbox 3926 5480 4083 5549; x_wconf 82' lang='lat' dir='ltr'><strong>plane</strong></span> <span class='ocrx_word' id='word_1_823' title='bbox 4108 5489 4239 5549; x_wconf 88' lang='lat' dir='ltr'><strong>quot</strong></span> <span class='ocrx_word' id='word_1_824' title='bbox 4283 5482 4431 5537; x_wconf 86' lang='lat' dir='ltr'><strong>curis</strong></span> <span class='ocrx_word' id='word_1_825' title='bbox 4470 5479 4718 5543; x_wconf 70' lang='lat' dir='ltr'><strong>afﬂictus,</strong></span> <span class='ocrx_word' id='word_1_826' title='bbox 4747 5490 4874 5547; x_wconf 87' lang='lat' dir='ltr'><strong>quot</strong></span> <span class='ocrx_word' id='word_1_827' title='bbox 4907 5479 5005 5531; x_wconf 89' lang='lat' dir='ltr'><strong>sim</strong></span> <span class='ocrx_word' id='word_1_828' title='bbox 5032 5486 5232 5546; x_wconf 76' lang='lat' dir='ltr'><strong>cogita-</strong></span> 
     </span>
    </p>
   </div>
   <div class='ocr_carea' id='block_1_114' title="bbox 3667 5568 5228 5639">
    <p class='ocr_par' dir='ltr' id='par_1_114' title="bbox 3667 5568 5228 5639">
     <span class='ocr_line' id='line_1_114' title="bbox 3667 5568 5228 5639; baseline -0.007 -12"><span class='ocrx_word' id='word_1_829' title='bbox 3667 5570 3871 5627; x_wconf 87' lang='lat' dir='ltr'><strong>tlonum</strong></span> <span class='ocrx_word' id='word_1_830' title='bbox 3905 5570 4137 5625; x_wconf 84' lang='lat' dir='ltr'><strong>stimulis</strong></span> <span class='ocrx_word' id='word_1_831' title='bbox 4174 5571 4454 5635; x_wconf 77' lang='lat' dir='ltr'><strong>tmdiatns,</strong></span> <span class='ocrx_word' id='word_1_832' title='bbox 4493 5580 4623 5639; x_wconf 88' lang='lat' dir='ltr'><strong>quot</strong></span> <span class='ocrx_word' id='word_1_833' title='bbox 4655 5571 4884 5638; x_wconf 85' lang='lat' dir='ltr'><strong>denique</strong></span> <span class='ocrx_word' id='word_1_834' title='bbox 4912 5568 5138 5637; x_wconf 85' lang='lat' dir='ltr'><strong>suspiria</strong></span> <span class='ocrx_word' id='word_1_835' title='bbox 5165 5582 5228 5617; x_wconf 75' lang='lat' dir='ltr'><strong>ex</strong></span> 
     </span>
    </p>
   </div>
   <div class='ocr_carea' id='block_1_115' title="bbox 3670 5659 5227 5728">
    <p class='ocr_par' dir='ltr' id='par_1_115' title="bbox 3670 5659 5227 5728">
     <span class='ocr_line' id='line_1_115' title="bbox 3670 5659 5227 5728; baseline -0.006 -12"><span class='ocrx_word' id='word_1_836' title='bbox 3670 5659 3795 5717; x_wconf 83' lang='lat' dir='ltr'><strong>imis</strong></span> <span class='ocrx_word' id='word_1_837' title='bbox 3827 5661 4125 5716; x_wconf 85' lang='lat' dir='ltr'><strong>visceribus</strong></span> <span class='ocrx_word' id='word_1_838' title='bbox 4148 5663 4401 5716; x_wconf 86' lang='lat' dir='ltr'><strong>traxerint</strong></span> <span class='ocrx_word' id='word_1_839' title='bbox 4427 5703 4440 5724; x_wconf 88' lang='lat'><strong>,</strong></span> <span class='ocrx_word' id='word_1_840' title='bbox 4472 5661 4698 5716; x_wconf 85' lang='lat' dir='ltr'><strong>facunda</strong></span> <span class='ocrx_word' id='word_1_841' title='bbox 4722 5662 4885 5714; x_wconf 82' lang='lat' dir='ltr'><strong>etiam</strong></span> <span class='ocrx_word' id='word_1_842' title='bbox 4921 5659 5097 5728; x_wconf 77' lang='lat' dir='ltr'><strong>lingua</strong></span> <span class='ocrx_word' id='word_1_843' title='bbox 5127 5673 5227 5709; x_wconf 85' lang='lat' dir='ltr'><strong>non</strong></span> 
     </span>
    </p>
   </div>
   <div class='ocr_carea' id='block_1_116' title="bbox 3668 5748 5225 5830">
    <p class='ocr_par' dir='ltr' id='par_1_116' title="bbox 3668 5748 5225 5830">
     <span class='ocr_line' id='line_1_116' title="bbox 3668 5748 5225 5830; baseline -0.007 -18"><span class='ocrx_word' id='word_1_844' title='bbox 3668 5756 3923 5830; x_wconf 75' lang='lat' dir='ltr'><strong>explicat.</strong></span> <span class='ocrx_word' id='word_1_845' title='bbox 3957 5753 4089 5813; x_wconf 80' lang='lat' dir='ltr'><strong>Tam</strong></span> <span class='ocrx_word' id='word_1_846' title='bbox 4124 5755 4246 5812; x_wconf 65' lang='lat' dir='ltr'><strong>latae</strong></span> <span class='ocrx_word' id='word_1_847' title='bbox 4293 5754 4554 5827; x_wconf 84' lang='lat' dir='ltr'><strong>siquidem</strong></span> <span class='ocrx_word' id='word_1_848' title='bbox 4597 5752 4864 5817; x_wconf 76' lang='lat' dir='ltr'><strong>diteccsis,</strong></span> <span class='ocrx_word' id='word_1_849' title='bbox 4906 5760 5010 5807; x_wconf 84' lang='lat' dir='ltr'><strong>tant</strong></span> <span class='ocrx_word' id='word_1_850' title='bbox 5038 5748 5225 5804; x_wconf 59' lang='lat' dir='ltr'><strong>nubila</strong></span> 
     </span>
    </p>
   </div>
   <div class='ocr_carea' id='block_1_117' title="bbox 4921 5867 5392 6406">
    <p class='ocr_par' dir='ltr' id='par_1_117' title="bbox 4921 5867 5392 6402">
     <span class='ocr_line' id='line_1_117' title="bbox 4921 5867 5392 6402; baseline 0 0"><span class='ocrx_word' id='word_1_851' title='bbox 4925 5867 5392 6402; x_wconf 49' lang='grc' dir='ltr'><em>Δ</em></span> 
     </span>
    </p>
   </div>
  </div>
