5392 6512
917 385 990 448 93
1841 379 2084 445 OPUSC.
2126 388 2189 443 ν.
2233 417 2301 428 -
2341 382 2570 442 ACTUS
2609 383 3184 442 IEDIOLANENSIS.
4122 385 4191 446 95

916 505 1066 563 urbis
1114 519 1302 562 omnes
1346 506 1616 562 Ecclesias
1650 505 1822 561 sacris
1869 505 2143 575 mysteriis
2182 501 2489 573 profanare,
2525 501 2576 560 Α
2606 499 2742 554 male
2782 510 2932 570 gesta
2979 500 3359 562 condemnant,
3413 512 3465 554 ct
3496 517 3754 557 accusare
3804 501 3976 572 magis
4000 517 4057 556 se
4086 501 4186 558 eli-

916 597 1312 666 quodammodo
1328 597 1644 652 Christiana:
1671 596 1946 666 religionis
1968 597 2250 650 videbatur
2263 595 2491 648 eversio.

918 687 1026 745 Sed
1075 701 1130 744 et
1180 690 1467 758 litigiosum
1512 700 1626 748 erat
1668 690 1945 760 indulgere
1984 691 2188 760 paucis,
2225 705 2347 743 cum
2381 688 2494 741 fere

916 780 1158 834 omnium
1186 791 1328 833 esset
1353 781 1505 849 culpa
1531 780 1857 844 communis,
1884 794 1986 832 nec
2016 778 2315 848 legitimum
2349 778 2496 830 vide-

917 867 1100 933 batur,
1151 871 1363 924 diversa
1411 871 1463 922 in
1491 885 1586 924 eos
1617 869 1832 937 prodire
1877 869 2171 933 sententia,
2201 883 2323 922 cum
2351 875 2496 922 esset

918 973 1024 1013 una
1052 961 1298 1014 omnibus
1329 975 1508 1013 causa.
1545 961 1656 1013 lloc
1683 961 1844 1014 etiam
1878 970 2091 1014 nostras
2112 961 2495 1029 augmentabat

918 1048 1028 1121 79
1074 1051 1368 1118 angustias,
1414 1050 1538 1117 quia
1571 1051 1673 1103 nisi
1721 1050 2149 1120 qualemcunque
2205 1049 2494 1104 decisionis

915 1139 1184 1197 calculum
1248 1157 1409 1194 causa
1466 1141 1568 1195 ista
1617 1144 1934 1212 susciperet,
1991 1141 2093 1196 nisi
2133 1157 2256 1196 cum
2297 1157 2493 1212 magna

918 1229 1198 1285 hominum
1247 1240 1451 1301 strage,
1483 1231 1712 1286 furentis
1756 1233 1936 1302 populi
1965 1232 2221 1304 sejurgia
2251 1247 2357 1287 non
2402 1245 2490 1287 se—

918 1320 1128 1376 darent.

1289 1408 1363 1465 De
1405 1412 1802 1468 reconciliandis
1832 1414 2108 1468 hmaicis.

986 1500 1136 1554 Tunc
1159 1500 1300 1554 inter
1324 1504 1522 1557 multas
1547 1505 1970 1573 disceptationes
2000 1507 2266 1575 processit
2294 1509 2344 1562 in
2379 1524 2494 1563 me-

914 1586 1058 1642 dium
1095 1589 1181 1642 illa
1226 1589 1522 1646 Innocentii
1553 1607 1702 1661 papae
1751 1596 2038 1656 sententia,
2071 1595 2137 1649 ab
2168 1598 2489 1664 antiquiori-

915 1677 1253 1752 buslinventa
1280 1723 1294 1744 ,
1339 1684 1480 1750 quod
1514 1697 1542 1734 a
1575 1683 1774 1737 multis
1814 1695 2087 1752 peccatur,
2130 1688 2354 1744 inultum
2385 1698 2488 1742 est.

913 1769 1004 1826 Illa
1055 1788 1269 1843 quoque
1322 1776 1577 1830 discretio
1635 1779 1701 1831 ad
1751 1781 2068 1831 memoriam
2119 1781 2295 1845 rediit,
2328 1796 2489 1849 quam

913 1865 1085 1928 sancti
1116 1867 1420 1933 pontifices,
1450 1876 1503 1920 et
1546 1868 1840 1922 authentici
1888 1885 2151 1922 canonum
2181 1847 2488 1926 conditores
2520 1847 2567 1907 Β

912 1955 978 2010 de
1011 1955 1330 2020 Donatistis,
1365 1968 1418 2012 et
1465 1957 1799 2024 Novatianis,
1841 1975 1903 2012 ac
1936 1961 2175 2028 reliquis,
2211 1963 2298 2030 qui
2349 1962 2489 2029 apud

912 2045 1154 2102 diversas
1182 2049 1417 2103 hiereses
1442 2049 1673 2102 ordinati
1699 2059 1844 2114 sunt,
1873 2051 2212 2104 invenerunt.
2249 2052 2302 2104 id
2326 2052 2491 2105 etiam

911 2154 1012 2194 nos
1044 2155 1146 2193 non
1179 2142 1439 2209 prmterit,
1472 2142 1612 2209 quod
1643 2151 1843 2195 nostrze
1880 2144 2154 2196 memorim
2183 2159 2360 2196 nonus
2385 2143 2492 2198 Leo

910 2243 1047 2298 papa
1088 2230 1378 2300 plerosque
1412 2231 1769 2295 Simoniacos,
1798 2242 1851 2287 et
1882 2233 2018 2287 male
2048 2245 2325 2302 promotos
2371 2244 2492 2288 tan-

909 2332 1073 2386 quam
1104 2320 1314 2373 noviter
1351 2321 1640 2374 ordinavit.
1693 2320 1814 2376 l-ltec
1841 2332 1894 2377 et
1931 2323 2032 2377 alia
2069 2325 2295 2393 plurima
2322 2325 2490 2378 medi-

912 2410 1175 2476 tantibus,
1204 2422 1257 2465 et
1291 2413 1517 2467 invicem
1541 2414 1967 2477 conferentibus.
1999 2417 2128 2471 illud
2149 2419 2310 2472 etiam
2334 2417 2496 2472 deve-

912 2501 995 2554 nit
1043 2501 1094 2554 in
1153 2517 1365 2565 manus,
1393 2504 1535 2572 quod
1583 2505 1808 2572 insignis
1834 2521 1970 2574 papa
2015 2505 2125 2560 Leo
2169 2506 2188 2560 i
2233 2504 2495 2561 Januario

912 2589 1133 2658 scripsit
1179 2591 1430 2660 episc0po
1477 2609 1488 2644 :
1535 2610 1554 2642 ‹
1591 2592 1790 2658 Lectis,
1837 2595 1932 2658 ait,
1983 2593 2340 2649 fraternitatis
2391 2604 2495 2649 tua:

912 2680 1136 2746 litteris,
1183 2683 1420 2751 vigorem
1469 2683 1588 2736 fidei
1635 2693 1757 2748 ture,
1788 2699 1949 2753 quem
1983 2685 2110 2738 olim
2143 2701 2491 2748 noveramus,

911 2773 1350 2842 congratulantes
1378 2773 1496 2838 tibi,
1529 2776 1670 2843 quod
1707 2777 1772 2829 ad
1795 2776 2098 2830 custodiam
2135 2779 2314 2848 gregis
2338 2777 2494 2832 Chri-

912 2865 982 2920 sti
1011 2866 1332 2934 pastoralem
1362 2881 1545 2920 curam
1573 2866 1861 2936 vigilanter
1884 2867 2220 2936 exsequeris,
2251 2884 2320 2923 ne
2357 2868 2493 2938 lupi,

911 2957 1005 3028 qui
1056 2957 1156 3010 sub
1207 2958 1385 3025 specie
1410 2957 1590 3010 ovium
1637 2957 2085 3013 subintraverunt
2123 2958 2337 3028 (Matth.
2371 2966 2492 3031 vn),

911 3046 1128 3101 hestiali
1159 3046 1362 3101 saevitia
1394 3047 1666 3117 simplices
1698 3064 1941 3118 quosque
1962 3049 2279 3115 diiacerent,
2311 3057 2364 3105 et
2385 3065 2492 3104 non

912 3136 1086 3192 solum
1137 3137 1234 3206 ipsi
1289 3135 1432 3188 nulla
1459 3137 1797 3194 correctione
1828 3137 2147 3206 proficiant,
2179 3140 2273 3193 sed
2302 3140 2492 3203 etiam,

2601 604 2752 664 gunt,
2799 610 2961 663 quam
2996 595 3154 658 tueri,
3188 595 3361 663 pacis,
3395 604 3448 648 et
3492 595 3798 649 communis
3839 607 4039 650 nostra:
4069 597 4189 650 uoio

2602 697 2708 741 tate
2755 687 3023 751 laetentur,
3075 688 3146 740 ita
3181 698 3236 739 ut
3287 688 3450 757 digno
3476 691 3626 757 prius
3669 689 4040 753 anathemate,
4067 705 4188 758 qua:

2598 786 2786 830 contra
2820 777 2977 831 fidem
3022 777 3344 829 catholicam
3391 787 3517 830 sunt
3551 789 3790 846 recepta,
3837 778 4186 834 damnentur.

2599 869 2770 923 Aliter
2800 871 2943 924 enim
2980 870 3030 922 in
3065 869 3300 922 Ecclesia
3333 869 3448 932 Dei,
3475 886 3596 938 qua:
3626 887 3822 939 corpus
3849 882 3933 925 est
3959 869 4188 934 Christi,

2598 977 2698 1016 nec
2731 971 2844 1015 rata
2893 971 3020 1015 sunt
3063 963 3388 1026 sacerdotia,
3424 977 3523 1016 nec
3567 978 3691 1015 vera
3723 974 3846 1016 sunt
3889 962 4188 1026 sacrificia,

2598 1051 2700 1104 nisi
2734 1052 2786 1104 in
2816 1061 3013 1105 nostra:
3039 1052 3373 1120 proprietate
3403 1062 3608 1104 naturae
3634 1067 3795 1106 verus
3820 1067 3917 1106 nos
3947 1051 4189 1121 pontifex

2595 1144 2707 1212 80
2755 1145 3087 1208 reconciliet,
3141 1161 3300 1199 verus
3380 1146 3716 1199 immaculati
3762 1147 3898 1217 Agni
3965 1147 4191 1217 sanguis

2595 1234 2872 1287 emundet.
2924 1231 3034 1286 Nec
3076 1249 3266 1302 aspere
3326 1235 3492 1303 igitur
3543 1237 3943 1290 communionis
3991 1247 4192 1290 postne

2595 1328 2769 1398 gratia
2816 1329 3128 1398 deneganda
3159 1337 3261 1392 est,
3312 1345 3412 1383 nec
3451 1339 3654 1383 temere
3700 1340 3782 1383 est
3822 1329 4122 1400 largienda.
4166 1348 4185 1381 ι

2594 1419 2740 1473 idem
2772 1433 2901 1473 vero
2927 1419 3259 1488 Aquileiensi
3289 1421 3541 1489 episcopo
3572 1421 3835 1482 scribens,
3866 1422 3972 1476 ait:
3997 1421 4192 1474 «Dam-

2598 1520 2727 1561 nent
2761 1509 2965 1577 apertis
3003 1510 3456 1578 promissionibus
3485 1513 3565 1564 sui
3595 1511 3810 1579 superbi
3843 1512 4049 1566 erroris
4094 1529 4188 1565 au-

2596 1609 2799 1661 ctores,
2830 1609 2880 1653 et
2910 1601 3051 1667 quod
3079 1601 3130 1654 in
3157 1601 3402 1655 doctrina
3435 1617 3624 1656 eorum
3656 1602 3980 1656 universalis
4003 1603 4185 1657 Eccle-

2595 1689 2672 1744 sia
2699 1689 2999 1751 exhorruit,
3033 1693 3389 1744 detestentur.
3421 1691 3615 1745 Omnia
3646 1693 3860 1746 decreta
3881 1693 4187 1762 synodalia,

2598 1795 2718 1848 qua:
2751 1780 2816 1832 ad
2849 1782 3184 1835 excisionem
3221 1780 3547 1835 Simoniacze
3583 1785 3851 1837 interese-os
3884 1785 4193 1852 apostolica:

2595 1869 2738 1922 sedis
2762 1870 3104 1924 confirmavit
3148 1872 3468 1935 auctoritas,
3501 1873 3751 1940 amplecti
3790 1888 3868 1936 se,
3900 1885 3952 1926 et
3983 1873 4034 1926 in
4074 1889 4190 1926 om-

2595 1960 2755 2013 nibus
2782 1961 3083 2028 approbare
3115 1962 3287 2030 plenis
3306 2001 3322 2026 ,
3349 1971 3403 2016 et
3428 1964 3627 2030 apertis
3647 2005 3660 2026 ,
3686 1979 3747 2016 ac
3776 1963 3996 2031 propria
4029 1967 4191 2016 man‘u

2597 2050 2814 2117 scriptis
2842 2051 3324 2118 protestationibus
3361 2052 3701 2120 eloquamur.
3737 2053 3868 2106 illud
3898 2055 4061 2107 etiam
4095 2069 4194 2108 nos

2597 2155 2706 2192 non
2760 2141 3000 2209 aufugit,
3031 2142 3117 2195 ubi
3165 2142 3455 2196 Fulbertus
3503 2142 3857 2197 Carnotcusis
3905 2145 4196 2213 episcopus

2596 2229 2816 2299 primati
2867 2246 2964 2284 suo
3007 2247 3168 2300 super
3205 2233 3526 2302 presbytero
3577 2250 3673 2302 per
3718 2233 4003 2301 pecuniam
4048 2235 4195 2288 ordi-

2596 2327 2745 2382 nato,
2789 2333 2856 2372 ex
2886 2322 3214 2374 auctoritate
3259 2321 3504 2376 Toletani
3543 2323 3758 2375 concilii
3791 2323 3895 2377 tale
3923 2325 4198 2392 reperitur

2595 2407 2809 2464 dedisse
2844 2411 3130 2463 consilium
3159 2411 3304 2479 (aliis
3349 2413 3548 2482 quippe
3575 2414 3871 2482 prmmissis
3899 2414 4003 2467 hoc
4048 2415 4193 2468 intu-

2595 2499 2698 2571 lit).
2728 2500 3044 2570 Propterea,
3068 2503 3278 2572 inquit,
3308 2505 3611 2572 depositum
3646 2521 3752 2558 non
3783 2506 4194 2572 reordinabitis,

2596 2595 2688 2649 sed
2719 2595 2953 2649 reddetis
2973 2596 3020 2650 ei
3052 2612 3178 2650 suos
3214 2597 3412 2666 gradus
3445 2613 3542 2666 per
3572 2598 3954 2662 instrumenta,
4002 2607 4051 2652 et
4097 2613 4194 2668 per

2597 2686 2948 2751 vestimenta,
2979 2702 3098 2754 qua:
3151 2689 3217 2739 ad
3271 2687 3414 2755 ipsos
3444 2687 3644 2753 gradus
3675 2688 3944 2756 pertinent
3966 2728 3979 2746 ,
4013 2688 4085 2740 ita
4117 2688 4196 2740 di-

2597 2775 3018 2830 cendoziieddo
3061 2776 3153 2831 tibi
3195 2777 3424 2846 gradum
3467 2777 3698 2840 ostiarii,
3749 2786 3804 2831 et
3860 2786 3912 2831 te
3949 2776 4002 2830 in
4044 2776 4194 2830 illum

2597 2865 2820 2934 gradum
2849 2866 3098 2927 restituo,
3137 2879 3192 2920 et
3225 2875 3454 2929 canere;
3494 2867 3551 2918 in
3593 2865 3812 2920 nomine
3854 2865 3947 2918 Dei
3994 2863 4194 2929 Patris,

2598 2962 2653 3010 et
2682 2954 2824 3018 Filii,
2850 2963 2905 3009 et
2933 2954 3168 3024 Spiritus
3200 2956 3392 3028 sancti.
3421 2955 3726 3009 Novissime
3750 2965 3929 3009 autem
3973 2954 4194 3009 benedi-

2598 3046 2779 3100 ctione
2813 3045 3156 3100 lmtificabitis
3191 3062 3336 3109 eum,
3377 3046 3456 3100 sic
3506 3045 3883 3100 concludendo
3915 3062 3927 3098 :
3973 3044 4198 3099 Benedi-

2601 3138 2710 3192 ctio
2744 3137 2837 3192 Dei
2869 3137 3065 3201 Patris,
3097 3146 3149 3190 et
3183 3136 3325 3200 Filii,
3366 3146 3422 3190 et
3467 3135 3702 3205 Spiritus
3731 3136 3905 3188 sancti
3945 3151 4110 3203 super
4141 3144 4194 3189 te

913 3245 1035 3299 qua:
1061 3239 1186 3284 sunt
1212 3245 1364 3283 sacra
1396 3239 1768 3298 corrumpant.
1800 3229 1952 3296 Quod
1990 3247 2056 3284 ne
2079 3231 2295 3300 viperea
2326 3233 2497 3301 possit
2524 3189 2569 3251 Ε
2601 3231 2912 3294 descendat,
2945 3240 3005 3283 ut
3043 3229 3118 3283 sis
3145 3229 3429 3283 restitutus
3463 3230 3515 3282 in
3547 3229 3738 3282 ordine
3761 3229 4107 3297 sacerdotali,
4137 3238 4194 3282 et

912 3320 1158 3377 obtinere
1208 3319 1439 3384 fallacia,
1479 3320 1820 3374 dilectionem
1872 3329 2016 3373 tuam
2071 3321 2322 3376 duximus
2351 3337 2495 3375 com-

914 3410 1260 3474 monendam,
1306 3410 1640 3465 insinuantes
1671 3411 1736 3464 ad
1769 3412 1962 3465 animm
2005 3412 2298 3481 periculum
2325 3411 2494 3481 perti-

915 3514 1064 3561 nere.
1097 3500 1140 3554 si
1167 3500 1452 3569 quisquam
1507 3501 1571 3553 de
1604 3499 1705 3563 his,
1745 3502 1836 3570 qui
1865 3516 1894 3554 a
1947 3501 2098 3554 nobis
2131 3503 2181 3554 in
2217 3502 2498 3555 haeretico-

916 3604 1036 3643 rum
1079 3597 1242 3658 atque
1287 3589 1752 3644 schismaticorum
1807 3599 2009 3644 sectam
2056 3591 2324 3660 delapsis,
2362 3603 2414 3646 et
2440 3610 2498 3648 se

915 3690 1190 3750 utcunque
1233 3683 1502 3737 ltzeretica:
1537 3684 1931 3738 communionis
1961 3686 2283 3755 contagione
2316 3703 2498 3740 macu-

914 3771 1410 3842 laritresipiscens,
1442 3774 1495 3828 in
1525 3775 1906 3828 communione
1942 3776 2209 3830 catholica
2243 3778 2362 3830 sine
2382 3793 2499 3845 pro-

918 3863 1152 3919 fessione
1180 3863 1435 3934 legitima:
1463 3865 1851 3920 satisfactionis
1882 3868 2168 3921 habeatur.
2198 3867 2501 3922 Saluberri-

921 3972 1066 4010 mum
1096 3957 1261 4021 enim,
1292 3967 1344 4011 et
1386 3957 1682 4028 spiritualis
1712 3959 1990 4013 medicinas
2027 3959 2260 4012 utilitate
2292 3958 2497 4029 plenis-

921 4048 1116 4102 simum
1145 4059 1245 4111 est,
1275 4059 1332 4103 ut
1362 4051 1475 4104 sive
1501 4051 1824 4121 presbyteri,
1853 4053 1966 4106 sive
2013 4053 2248 4116 diaconi,
2283 4064 2373 4106 aut
2406 4071 2499 4106 ett-

911 4133 1138 4203 juslibet
1158 4137 1363 4191 ordinis
1384 4137 1590 4205 clerici,
1606 4140 1694 4208 qui
1720 4156 1777 4195 se
1800 4151 2077 4195 correctos
2100 4143 2267 4200 videri
2293 4143 2495 4206 volunt,

922 4244 1086 4304 atque
1110 4234 1176 4289 ad
1207 4236 1529 4291 catholicam
1561 4236 1754 4298 fidem,
1785 4237 2108 4308 jampridem
2144 4240 2497 4304 admiserant,

925 4339 1140 4379 rursum
1171 4326 1368 4379 reverti
1403 4325 1670 4389 ambiunt,
1697 4327 1846 4394 prius
1870 4343 2084 4382 errores
2117 4344 2242 4383 suos
2272 4340 2326 4382 et
2355 4330 2499 4397 ipsos

922 4421 1172 4469 auctores
1199 4427 1445 4469 errorum
1473 4414 1760 4470 damnatos
1783 4417 1898 4470 sine
1923 4417 2277 4486 ambiguitate
2301 4417 2502 4472 fatean-

922 4514 1029 4560 tur.
1073 4504 1142 4560 Ut
1171 4507 1419 4561 sensibus
1459 4507 1642 4575 pravis
1666 4509 1828 4562 etiam
1867 4509 2163 4580 peremptis
2207 4510 2351 4564 nulla
2381 4526 2497 4579 spe-
2531 4531 2579 4592 ι)

925 4596 1078 4651 randi
1118 4597 1350 4665 supersit
1392 4599 1628 4661 occasio,
1655 4613 1720 4652 ne
1767 4599 1930 4653 ullum
1973 4601 2274 4654 membrum
2311 4600 2496 4655 talium

922 4689 1090 4760 possit
1113 4690 1373 4744 societate
1399 4689 1612 4754 violari,
1637 4707 1756 4744 eum
1786 4707 1881 4762 per
1902 4693 2079 4745 omnia
2108 4693 2212 4746 illis
2235 4693 2500 4763 professio

921 4779 1141 4852 propria
1169 4780 1394 4850 coeperit
1425 4780 1664 4834 obviare.
1697 4780 1852 4834 Circa
1886 4798 2020 4852 quos
2044 4783 2206 4836 etiam
2235 4784 2378 4836 illam
2411 4799 2499 4837 ca-

923 4883 1127 4926 nonum
1167 4869 1605 4924 constitutionem
1652 4872 1994 4939 praecipimus
2041 4873 2322 4935 custodiri,
2351 4882 2407 4926 ut
2445 4874 2496 4926 in

924 4975 1118 5029 magno
1147 4960 1380 5016 habeant
1406 4959 1688 5025 beneﬂcio,
1715 4963 1759 5015 si
1789 4963 2034 5033 adempta
2071 4964 2170 5017 sibi
2200 4965 2343 5016 omni
2369 4979 2498 5032 pro-

921 5053 1182 5110 motiunis
1206 5066 1321 5123 spe,
1354 5053 1410 5107 in
1434 5069 1540 5124 quo
1575 5053 1943 5114 inveniuntur.
1972 5055 2268 5108 stabilitate
2318 5069 2506 5123 perpe-

922 5149 1014 5200 tua
1067 5150 1340 5208 maneant,
1389 5151 1568 5197 tamen
1610 5143 1801 5197 iterata
1850 5144 2108 5196 tinctione
2149 5159 2254 5197 nou
2305 5143 2507 5198 fuerint

926 5232 1200 5291 maculati.
1239 5232 1352 5287 Non
1377 5234 1445 5288 ob
1476 5235 1578 5289 hoc
1614 5235 1781 5289 levem
1813 5235 1951 5306 apud
1981 5235 2265 5290 Dominum
2305 5251 2502 5290 noxam

923 5322 1174 5386 incurrit,
1204 5324 1296 5393 qul
1322 5324 1389 5376 dc
1423 5324 1617 5378 talibus
1646 5325 1709 5379 ad
1738 5340 1925 5382 sacros
1951 5311 2331 5397 promovendis
2359 5325 2505 5379 ordi-

923 5414 1315 5489 nesjudicarit.
1351 5417 1501 5484 Quod
1527 5421 1568 5474 si
1600 5436 1722 5476 cum
1747 5421 1934 5490 grandi
1957 5422 2356 5476 examinatione
2386 5436 2504 5491 pro-

925 5508 1096 5566 motio
1137 5510 1454 5565 conceditur
1475 5508 1780 5580 inculpatis,
1811 5511 1980 5565 multo
2011 5511 2183 5580 magis
2211 5529 2315 5564 non
2343 5511 2502 5566 debet

923 5594 1093 5655 licere
1141 5607 1439 5668 suspectus.
1481 5618 1496 5650 ι
1549 5599 1690 5654 Idem
1720 5616 1932 5670 quoque
1961 5601 2072 5656 Leo
2120 5603 2170 5656 in
2221 5603 2504 5656 hazretico-

927 5701 1049 5745 runt
1098 5691 1403 5758 recep'ionc
1444 5691 1694 5744 Anatolio
1735 5691 2327 5763 Constantinopolitano
2390 5695 2502 5762 epi-

927 5793 1091 5852 scopo
1131 5781 1210 5836 sic
1250 5783 1564 5838 niamlavit:
1626 5799 1642 5836 t
1676 5783 1776 5854 Qui
1830 5785 2002 5858 plenis
2044 5785 2503 5844 satisfactiouibus

2597 3318 2796 3374 offeras
2820 3317 3112 3389 placabiles
3145 3317 3352 3372 hostias
3383 3318 3561 3371 laudis
3583 3331 3682 3386 pro
3723 3317 3982 3387 peccatis,
4027 3327 4192 3384 atque

2601 3407 2995 3464 offensionibus
3026 3407 3206 3477 p0puli
3228 3408 3583 3476 omnipotenti
3616 3406 3757 3470 Deo,
3802 3407 3885 3460 cui
3911 3416 3992 3460 est
4020 3408 4195 3462 honor

2599 3511 2654 3554 et
2678 3500 2847 3569 gloria
2876 3499 2926 3553 in
2959 3498 3154 3553 saecula
3186 3497 3529 3552 saeculorum.
3568 3515 3585 3548 ι
3615 3495 3725 3551 Hoc
3751 3496 3914 3549 etiam
3943 3506 4185 3551 DOstram

2600 3589 2916 3644 memoriam
2961 3605 3065 3642 non
3097 3588 3438 3656 pertransiit,
3463 3587 3608 3655 quod
3654 3587 3843 3640 beatus
3896 3601 4030 3654 papa
4064 3583 4195 3639 Gre-

2600 3685 2786 3754 gorius
2836 3683 3124 3754 neophytis
3179 3683 3367 3752 Anglis
3431 3681 3800 3750 dispensative
3865 3683 3932 3734 ad
3984 3691 4198 3749 tempus

2601 3779 2847 3850 conjugia
2877 3778 3180 3834 canonibus
3221 3777 3535 3841 interdicta,
3585 3776 3852 3846 permisit.
3883 3775 4198 3846 Apostolica

2599 3869 2766 3922 etiam
2806 3868 2894 3922 illa
2923 3869 3181 3922 discretio
3205 3867 3360 3921 nobis
3387 3867 3452 3920 ad
3479 3866 3798 3920 memoriam
3831 3874 3914 3920 est
3948 3865 4191 3928 reducta,

2602 3973 2721 4027 quin
2743 3957 3050 4013 Gentilibus
3077 3972 3250 4027 nuper
3277 3957 3554 4010 conversis
3579 3956 3644 4009 ad
3675 3955 3861 4020 fidem,
3893 3953 4026 4009 nihil
4049 3954 4198 4010 aliud

2600 4048 2782 4102 oneris
2819 4049 3212 4118 imposuerunt,
3265 4047 3367 4101 nisi
3417 4056 3474 4100 ut
3524 4047 3591 4100 ab
3640 4045 3936 4099 immolatis
3977 4044 4201 4099 simula-

2600 4153 2840 4203 crorum,
2867 4151 2920 4194 et
2946 4141 3230 4210 sanguine,
3260 4152 3314 4195 et
3344 4137 3626 4201 suffocato,
3653 4149 3706 4192 et
3733 4138 4112 4202 fornicatione,
4140 4155 4200 4194 sn

2604 4232 2978 4286 tantummodo
3008 4233 3366 4286 custodirent.
3390 4230 3444 4284 in
3471 4238 3624 4284 arcto
3650 4231 3832 4298 itaque
3856 4229 4040 4300 positi,
4069 4229 4199 4298 quia

2605 4337 2710 4374 non
2744 4330 3059 4392 poteramus
3093 4321 3233 4376 mala
3277 4322 3418 4376 illius
3447 4321 3706 4374 Ecclesiae
3747 4335 3893 4373 mera
3928 4335 4199 4374 canonum

2605 4413 2932 4467 auctoritate
2979 4413 3282 4483 corrigere,
3333 4414 3640 4466 studmmus
3685 4410 3876 4464 saltem
3923 4411 4200 4480 perversis

2605 4502 2724 4570 ejus
2747 4505 2934 4559 usibus
2968 4504 3129 4558 finem
3171 4505 3472 4572 imponere,
3509 4517 3572 4556 ac
3612 4502 3862 4572 gratuitae
3893 4501 4194 4571 promotio-
4273 4508 4280 4515 '

2609 4597 2692 4648 nis
2715 4595 2961 4650 ordinem
2989 4595 3186 4650 futuris
3211 4595 3544 4664 temporibus
3568 4592 3872 4662 providere.
3904 4592 4202 4663 Exegimus

2607 4689 2772 4758 igitur
2799 4699 3002 4742 extunc
3038 4697 3090 4742 et
3135 4687 3393 4756 deinceps
3435 4686 3686 4755 gratuitae
3714 4684 4072 4750 promotioms
4112 4683 4199 4735 in-

2607 4780 2912 4835 violabilem
2961 4779 3330 4849 sponsionem,
3364 4778 3514 4847 prius
3541 4792 3637 4845 per
3667 4784 4015 4829 monumenta
4050 4774 4199 4828 litte-

2608 4888 2812 4936 rarum,
2838 4872 3034 4926 deinde
3065 4888 3161 4942 per
3185 4886 3422 4932 manum,
3465 4877 3738 4938 postremo
3774 4881 3871 4936 per
3904 4866 4203 4936 Evangeli-

2607 4979 2728 5018 cum
2777 4973 3202 5018 sacramentum.
3256 4963 3323 5016 Et
3363 4963 3580 5030 quidem
3646 4959 3866 5029 sponsio
3926 4959 4070 5029 stylo
4112 4958 4200 5012 di-

2608 5064 2783 5124 gesta,
2814 5063 2872 5108 ut
2910 5054 3051 5122 apud
3076 5068 3175 5108 nos
3201 5053 3455 5116 habetur,
3477 5052 3563 5105 hic
3592 5049 3912 5119 simpliciter
3941 5047 4206 5104 transcri-

2608 5144 2783 5200 batur.

2856 5234 3081 5305 Sponsio
3111 5235 3487 5304 archiepiscopi
3519 5233 3948 5288 Mediolanensis.

2679 5325 2842 5381 Wido
2866 5327 3046 5382 divina
3078 5329 3252 5398 gratia
3279 5326 3679 5381 Medolanensis
3716 5326 3972 5381 Ecclesia:
4015 5324 4202 5380 archi-

2610 5422 2918 5491 episc0pus,
2963 5421 3217 5476 omnibus
3259 5420 3461 5476 Christi
3517 5421 3764 5475 fidelibus
3803 5421 4044 5490 ejusdem
4100 5417 4204 5473 Ec-

2610 5512 2792 5567 clesia:
2831 5513 3017 5577 clero,
3061 5521 3117 5567 et
3167 5513 3364 5583 populo
3403 5522 3664 5568 aeternam
3711 5511 3940 5567 salutem
3997 5509 4053 5565 in
4087 5509 4204 5565 Do.

2611 5607 2780 5660 mino.

2682 5695 2799 5752 Non
2845 5698 3060 5768 ignorat
3103 5707 3288 5752 sancta
3350 5697 3564 5752 dev0tio
3609 5704 3820 5760 vestra,
3864 5692 4205 5751 dilectissimi

2613 5788 2908 5857 fratres,ct
2953 5789 3070 5857 filii,
3117 5805 3278 5860 quant
3328 5790 3580 5862 reproba,
3629 5804 3795 5861 quam
3839 5786 4202 5853 detestabilis,
