5392 6564
1967 452 2037 513 93
2403 447 2706 517 8.,ΡΕΤιίι
2744 444 3022 502 DAIIANI
3060 444 3209 502 OPP.
3251 441 3485 500 TOMUS
3522 441 3654 498 SEU
3694 439 3871 496 PARS
3910 441 4000 499 lil.
4037 471 4106 484 —
4139 440 4495 501 OPUSCULA
4539 438 4767 495 V'ARIA.
5131 433 5198 489 96

1969 564 2078 617 Deo
2099 561 2333 624 odibilis,
2364 561 2743 631 ignominiosa,
2773 568 2935 628 atque
2966 574 3238 627 perversa.
3263 558 3531 613 omnium-
3561 560 3606 617 Α
3636 555 3702 608 ab
3727 571 3951 610 uxorum
3985 566 4038 611 et
4078 557 4495 612 concubinarum
4529 552 4670 608 foedo
4691 560 4979 615 consortio,
5004 551 5196 606 nostris

1965 666 2077 721 que
2105 659 2412 705 sanctorum
2445 663 2712 703 canonum
2757 648 3078 701 auctoritate
3118 648 3367 700 damnata
3409 659 3535 698 con-

1968 741 2195 796 suetudo
2227 741 2278 792 in
2320 741 2421 792 hac
2466 748 2656 793 sancta
2686 738 2953 803 Ecclesia,
3000 737 3110 801 cui,
3145 738 3251 791 Deo
3296 744 3535 798 auctore,

1970 831 2215 886 deservio
2259 829 2560 897 antiquitus
2612 829 2932 892 inoleverit,
2984 840 3249 896 quamque
3301 823 3536 888 lethalis,

1968 929 2134 990 atque
2156 917 2422 988 pestifera:
2465 917 2625 986 lepra:
2659 918 2870 972 animas
2904 918 3248 971 innocentum
3274 913 3541 967 contami-

1971 1011 2192 1063 natione
2243 1007 2581 1076 perfuderit,
2647 1005 2967 1060 Simoniaca:
3028 1004 3278 1058 videlicet
3319 1002 3540 1057 haeresis

1972 1101 2242 1160 damnata,
2273 1112 2593 1167 semperque
2624 1096 2925 1151 damnanda
2974 1094 3233 1149 venalitas
3253 1135 3267 1158 ,
3293 1104 3345 1148 et
3371 1094 3542 1163 perni-

1971 1186 2121 1241 ciosa
2163 1185 2458 1254 negotiatio
2485 1185 2810 1252 huiusmodi,
2839 1198 2957 1252 quae
2986 1183 3039 1236 in
3085 1181 3188 1238 hac
3219 1191 3404 1236 sancta
3437 1181 3538 1235 Ec-

1970 1276 2134 1330 clesia
2160 1276 2694 1341 consuetudinaliter,
2721 1275 3018 1340 obtinebat,
3050 1284 3108 1328 ut
3135 1275 3380 1343 quisquis
3431 1274 3536 1342 ει

1969 1366 2039 1419 ad
2078 1365 2357 1419 clericales
2384 1364 2601 1419 ordines
2625 1364 2999 1432 provehendus
3019 1363 3296 1416 accederet
3322 1364 3386 1415 de
3417 1368 3546 1415 sub-

1971 1456 2258 1510 diaconatu
2281 1454 2497 1523 quidam
2520 1454 2801 1508 duodecim
2848 1469 3116 1518 nummos,
3164 1453 3229 1506 de
3256 1452 3542 1505 diaconatu

1968 1561 2100 1600 vero
2126 1546 2309 1599 decem
2340 1552 2395 1599 et
2416 1552 2562 1606 octo,
2587 1553 2858 1611 postremo
2890 1544 2954 1597 de
2977 1544 3345 1613 presbyteratu
3376 1541 3545 1595 susci-

1966 1636 2167 1705 piendo
2196 1636 2388 1705 viginti
2418 1645 2672 1703 quatuor,
2699 1634 2851 1702 quasi
2893 1649 2989 1702 per
3036 1632 3311 1702 praetium
3361 1631 3546 1686 condi-

1970 1726 2135 1779 tionis
2159 1724 2399 1793 regnlam
2428 1724 2599 1778 daret.
2621 1723 2733 1777 Hoc
2754 1724 2934 1791 itaque
2952 1723 3111 1775 modo
3138 1721 3321 1775 Simon
3338 1719 3542 1789 lagus,

1973 1814 2109 1868 heu!
2132 1814 2267 1882 proh
2296 1813 2470 1866 dolor!
2505 1813 2644 1865 hanc
2659 1821 2901 1864 sam:tam
2925 1811 3335 1864 Ambrosianam
3364 1809 3541 1862 eccle-

3638 648 3847 710 studiis,
3880 648 3934 701 in
3966 658 4225 717 quantum
4249 647 4399 701 nobis
4427 645 4755 714 possibilitas
4776 642 4957 708 fuerit,
4983 642 5085 698 sub
5112 657 5186 696 eo

3638 737 3757 791 dem
3779 753 3885 806 quo
3911 755 4071 809 supra
4091 738 4394 793 testimonio
4406 736 4661 792 arcendos
4682 750 4800 790 esse
4821 735 5192 804 promittimus.

3638 825 3810 892 Quod,
3835 839 3893 883 ut
3922 831 4101 884 verius
4122 833 4399 895 credatur,
4451 846 4548 886 nos
4592 845 4714 884 cum
4751 829 4946 883 nostris
4989 829 5197 883 clericis

3640 919 3856 986 propria
3889 935 4046 972 manu
4075 919 4462 974 subscribendo
4480 921 4776 982 firmamus,
4805 918 4961 989 sigilli
4989 932 5197 986 quoque

3639 1007 3808 1060 nostri
3834 1006 4060 1061 formam
4092 1008 4326 1077 imprimi
4344 1008 4613 1077 iubemus.
4647 1007 4865 1076 Insuper
4884 1004 5195 1061 hocadden-

3643 1102 3723 1148 tes
3743 1111 3806 1148 ac.
3828 1097 3927 1151 sub
3950 1097 4185 1167 ejusdem
4212 1097 4518 1166 sponsionis
4566 1095 4780 1149 vinculo
4831 1094 5199 1149 inviolabiliter

3641 1184 4037 1250 promittentes,
4079 1192 4135 1236 ut
4164 1198 4337 1251 neque
4360 1183 4427 1239 de
4460 1183 4689 1237 abbatiis
4739 1181 5067 1245 ordinandis,
5109 1194 5199 1233 ne

3642 1287 3744 1339 que
3774 1274 3838 1326 de
3875 1272 4115 1343 capellis,
4145 1274 4227 1327 vel
4256 1275 4586 1342 quibuslibet
4638 1273 4879 1329 ecclesiis
4922 1273 5203 1327 investien-

3641 1362 3746 1424 dis,
3798 1363 3880 1417 vel
3929 1364 4261 1427 ordinandis,
4304 1364 4416 1419 sive
4446 1365 4739 1429 tradendis,
4769 1378 4941 1434 neque
4984 1364 5092 1434 82
5134 1363 5200 1418 de

3642 1453 3907 1521 episcopis
3935 1454 4332 1521 promovendis,
4364 1468 4538 1523 neque
4564 1455 4632 1509 de
4655 1463 4997 1510 sacrosancto
5039 1455 5203 1508 chris-

3644 1550 3806 1602 male,
3837 1555 4010 1610 neque
4041 1542 4106 1595 de
4127 1543 4530 1598 consecratione
4563 1542 4909 1597 ecclesiarum
4959 1541 5043 1596 vel
5082 1555 5199 1603 nos,

3645 1630 3726 1684 vel
3759 1633 3925 1685 nostri
3950 1630 4246 1687 familiares
4274 1634 4475 1703 aliquid
4502 1634 4721 1688 omnino
4770 1634 5031 1688 tollamus.
5079 1632 5201 1702 Spi-

3646 1719 3783 1773 ritus
3813 1730 4050 1785 sanctus,
4076 1721 4166 1790 qui
4191 1732 4496 1777 sanctorum
4511 1724 4861 1778 chrismatum
4889 1733 5079 1777 auctor
5103 1732 5202 1785 est.

3648 1824 3747 1863 nos
3777 1819 4095 1879 nostrosque
4117 1828 4460 1867 successores
4486 1813 4552 1867 ab
4574 1815 4719 1868 omni
4744 1814 4953 1869 vinculo
4975 1814 5206 1883 pmfata:

1969 1902 2104 1955 siam
2125 1901 2495 1970 perversitatis
2520 1915 2632 1954 suae
2657 1899 2805 1953 velut
2834 1898 3102 1953 oﬂicinam
3154 1899 3376 1951 fecerat.
3416 1896 3541 1950 Fol-
3575 1902 3621 1960 Β
3652 1898 4044 1954 maledictionis
4069 1903 4291 1971 eripiat:
4325 1904 4397 1956 ita
4423 1912 4598 1957 tamen
4651 1915 4709 1957 ut
4757 1905 4892 1958 hanc
4921 1906 5207 1959 saluberri-

1970 1989 2100 2052 lem,
2136 1988 2377 2052 malleos,
2419 1996 2476 2042 et
2523 1989 2771 2043 incudem
2822 1988 3079 2056 trapezita
3121 2000 3185 2040 ac
3217 1986 3546 2039 monetarius

1972 2077 2277 2145 iniquitatis
2328 2077 2594 2141 habebat;
2651 2076 2894 2144 nihilque
2923 2075 3066 2128 aliud
3114 2075 3214 2129 nisi
3246 2075 3545 2127 animarum

1972 2169 2214 2221 omnium
2243 2180 2526 2220 commune
2543 2167 2837 2235 periculum
2861 2165 3179 2220 fabricabat.
3196 2163 3406 2218 Nostris
3420 2178 3547 2217 vero

1971 2258 2324 2325 temporibus,
2354 2258 2475 2324 quia
2507 2256 2758 2309 Salvator
2784 2265 2966 2309 noster
2992 2255 3113 2323 pius
3143 2269 3207 2308 ac
3236 2253 3546 2307 misericors

1970 2348 2178 2417 plebem
2199 2365 2373 2412 suam,
2398 2365 2558 2418 quam
2608 2351 2694 2417 pio
2719 2364 2912 2403 cruore
2941 2349 3263 2411 redemerat,
3301 2347 3400 2400 sub
3445 2347 3545 2399 hac

1974 2436 2237 2491 mortiferi
2264 2437 2539 2507 languoris
2567 2438 2812 2506 atrOphia
2859 2438 3035 2506 perire
3059 2435 3347 2499 condoluit,
3401 2435 3546 2490 velut

1974 2526 2040 2579 ad
2059 2526 2403 2588 obviandutu,
2441 2541 2506 2580 ac
2563 2526 2789 2580 viriliter
2833 2526 3200 2580 obsistendum
3245 2527 3423 2580 voraci
3484 2542 3546 2579 ac

1975 2617 2242 2670 virulento
2270 2618 2512 2679 draconi,
2540 2628 2745 2672 vestros
2767 2619 2995 2682 animos,
3028 2619 3281 2672 visitantc
3317 2618 3548 2689 Spiritus

1973 2704 2150 2757 sancti
2178 2705 2366 2773 gratia,
2400 2707 2743 2759 concorditer
2764 2707 3036 2760 incitavit:
3065 2709 3211 2761 itaut
3231 2708 3547 2775 quibusdam

1968 2807 2035 2845 cx
2079 2793 2281 2846 nostris
2313 2796 2494 2847 sedem
2552 2795 2898 2862 apostolicam
2945 2796 3285 2861 adeuntibus,
3342 2805 3546 2849 tantum

1971 2879 2133 2946 hujus
2158 2890 2313 2934 terra:
2341 2882 2637 2948 periculum
2665 2892 2887 2936 sanctus
2916 2884 2980 2936 ad
3008 2885 3117 2938 Deo
3167 2884 3362 2952 dignus
3391 2882 3548 2936 Nico-

1970 2970 2093 3023 taus
2119 2985 2255 3037 papa
2280 2981 2650 3039 cognosceret,
2700 2981 2863 3041 atque
2889 2973 2955 3025 ad
2986 2972 3454 3043 compescendum,
3491 2980 3548 3026 et

1969 3058 2214 3112 funditus
2235 3059 2634 3127 exstirpandutu
2664 3061 2765 3113 hoc
2794 3061 3003 3114 facinus
3030 3061 3306 3117 dominum
3337 3060 3547 3116 Ostien-

1965 3162 2085 3202 sem
2115 3147 2332 3202 Petrum
2356 3151 2660 3217 episcopum
2685 3150 2995 3204 destinaret.

2043 3238 2399 3307 Quapropter,
2430 3238 2761 3292 dilectissimi
2805 3239 3017 3305 fratres,
3048 3241 3099 3292 in
3137 3250 3425 3309 conspectu
3452 3242 3543 3296 Dei
3573 3224 3617 3285 (ἶ

1971 3329 2381 3396 omnipotentis,
2404 3336 2459 3381 et
2482 3327 2602 3381 Filii
2632 3330 2749 3397 ejus
2777 3329 2975 3383 Christi
3004 3330 3151 3394 Jesu,
3193 3333 3284 3399 qui
3335 3330 3549 3397 judica-

1972 3429 2128 3475 turus
2154 3427 2236 3473 est
2265 3420 2414 3472 vivos
2442 3427 2499 3472 et
2530 3432 2788 3483 mortuos,
2839 3431 2892 3473 et
2926 3420 3157 3490 Spiritus
3209 3424 3405 3484 sancti,
3457 3424 3548 3490 qui

1974 3507 2112 3563 hanc
2138 3516 2339 3574 pestem
2384 3507 2691 3575 specialiter
2711 3511 2927 3562 damnat
2955 3525 3017 3563 ac
3047 3511 3298 3573 destruit,
3331 3512 3429 3565 sub
3470 3524 3550 3571 te-

1977 3600 2232 3655 stimonio
2261 3600 2500 3651 omnium
2529 3601 2839 3669 angelorum
2870 3610 3294 3670 cunctorumque
3339 3612 3553 3658 sancto-

1980 3703 2098 3739 rum
2130 3686 2245 3748 Dei,
2270 3697 2534 3754 prmseute
2559 3688 2667 3756 iam
2692 3689 2836 3742 dicto
2855 3689 3072 3743 domino
3100 3690 3258 3745 Petro
3279 3694 3549 3761 episcopo,

1976 3786 2029 3829 nt
2067 3778 2227 3827 etiam
2276 3777 2583 3830 venerando
2614 3778 2828 3831 domino
2862 3779 3118 3833 Auselmo
3172 3779 3400 3834 Lucensi
3448 3783 3556 3850 epi-

1975 3880 2162 3933 scopo,
2195 3873 2247 3919 et
2270 3866 2517 3921 omnibus
2540 3867 2710 3931 vobis,
2738 3867 2957 3932 damno,
2982 3871 3219 3922 detestor
3266 3884 3329 3921 ac
3373 3883 3555 3938 repro—

1976 3958 2095 4011 ham
2119 3955 2298 4022 iudico
2321 3958 2456 4011 hanc
2483 3973 2811 4026 perversam,
2834 3974 2953 4027 qua:
2983 3960 3243 4013 hactenus
3290 3960 3458 4029 viguit
3496 3960 3548 4013 in

1979 4046 2340 4109 hacecclesia,
2374 4048 2679 4116 negotiandi
2725 4048 3183 4112 consuetudinem,
3230 4065 3551 4118 omnemque

1978 4135 2339 4188 Simoniacam
2367 4139 2636 4190 haeresim.
2667 4138 2889 4207 Insuper
2909 4141 3087 4210 obligo
3109 4155 3213 4193 non
3244 4140 3413 4194 solum
3440 4156 3547 4207 me,

1977 4229 2070 4284 sed
2098 4236 2152 4281 et
2181 4243 2368 4281 omnes
2392 4228 2616 4283 clericos
2643 4245 2809 4293 meos,
2843 4232 2932 4299 qui
2966 4247 3106 4285 nunc
3136 4240 3281 4294 sunt,
3334 4247 3546 4287 omnes—

1979 4332 2081 4384 que
2111 4331 2452 4370 successores
2484 4327 2718 4382 nostros,
2768 4327 2822 4371 ct
2851 4319 3142 4373 inviolabili
3176 4319 3317 4373 nodo
3355 4319 3547 4374 firmis-

1978 4408 2128 4462 sima:
2164 4408 2533 4475 promissionis
2580 4409 2839 4476 astringo,
2870 4417 2928 4462 ut
2976 4424 3074 4463 nec
3104 4424 3221 4478 ego,
3256 4425 3354 4463 nec
3403 4412 3551 4479 quis.

1880 4570 1885 4576 _
1977 4511 2135 4564 quam
2173 4510 2448 4550 successor
2476 4513 2646 4561 meus,
2679 4513 2777 4551 nec
2813 4498 3114 4567 inquisitor,
3160 4515 3259 4554 nec
3314 4499 3544 4554 Rodola-

1980 4590 2111 4652 rius,
2130 4603 2231 4641 nec
2262 4587 2454 4656 aliquis
2484 4587 2782 4655 huiusmodi
2807 4591 2872 4643 de
2899 4593 3275 4657 promovendis
3299 4593 3364 4645 ad
3379 4593 3552 4647 eccle-

1980 4677 2226 4733 siasticos
2253 4679 2471 4732 ordines
2513 4678 2715 4747 aliquid
2775 4680 2942 4732 tollat.
2998 4682 3149 4746 Quod
3204 4683 3246 4735 si
3289 4684 3551 4737 suadente

1985 4768 2209 4831 diabolo,
2242 4769 2356 4822 sive
2382 4770 2576 4836 aliquis
2615 4777 2878 4833 nostrum,
2919 4771 3008 4839 qui
3042 4787 3184 4825 nunc
3211 4788 3414 4835 sumus,
3440 4774 3551 4826 sive

1974 4871 2345 4914 successorum
2395 4869 2720 4922 nostrorum,
2773 4860 2864 4927 qui
2908 4871 3027 4929 post
3058 4876 3154 4914 nos
3203 4861 3363 4914 futuri
3407 4873 3548 4926 sunt,

1982 4946 2135 5016 hujus
2169 4948 2539 5002 saluberrima:
2567 4950 2941 5017 promissionis
2973 4950 3201 5003 violator
3252 4952 3544 5015 exstiterit,

1981 5046 2036 5091 et
2060 5039 2265 5107 aliquid
2296 5039 2347 5090 in
2373 5037 2716 5092 conferendis
2741 5038 3023 5093 ordinibus
3055 5040 3240 5095 tollere
3289 5040 3545 5109 pestifera

1983 5129 2344 5198 negotiatione
2375 5128 2811 5196 prtesumpserit:
2842 5129 2997 5181 dator
3020 5127 3179 5182 simul
3220 5138 3275 5182 et
3304 5138 3551 5198 acceptor

1977 5236 2094 5273 cum
2150 5221 2264 5290 ipso
2314 5221 2534 5273 haeresis
2599 5219 2754 5287 huius
2785 5229 3003 5273 auctore
3050 5219 3267 5274 Simone
3294 5230 3552 5289 perpetuo

1980 5313 2342 5366 anathematis
2369 5311 2581 5365 vinculo
2601 5312 3019 5382 constringatur,
3049 5320 3100 5364 ct
3133 5327 3160 5362 a
3188 5312 3277 5363 Dei
3304 5313 3549 5380 omnipo-

1979 5404 2159 5465 tentis,
2190 5402 2537 5470 omniumque
2584 5410 2891 5455 sanctorum
2948 5400 3221 5455 consortio
3249 5410 3544 5467 separatus,

1980 5507 2097 5543 t'tlttt
2130 5490 2261 5543 Juda
2288 5500 2338 5545 et
2354 5491 2575 5560 Caipha,
2608 5505 2728 5544 cum
2753 5490 2958 5545 Dathan
2981 5499 3035 5545 et
3052 5489 3253 5543 Abiron
3278 5492 3375 5543 sub
3392 5498 3546 5542 :eter—

1983 5597 2058 5632 me
2080 5580 2439 5634 damnationis
2486 5582 2771 5634 atrocitate
2811 5582 3115 5636 damnetur.
3161 5580 3543 5634 Nicolaitarnm

1982 5684 2190 5736 quoque
2218 5669 2483 5728 lueresim,
2524 5667 2871 5723 nihilominus
2896 5671 3335 5730 condemnamus,
3367 5679 3417 5723 et
3441 5684 3542 5721 non

1987 5761 2136 5811 modo
2167 5759 2527 5827 presbyteros,
2558 5759 2647 5813 sed
2701 5766 2755 5813 et
2786 5759 3058 5823 diaconos,
3110 5769 3162 5814 ct
3191 5760 3543 5815 subdiaconus

3580 4557 3628 4613 D

3649 2002 3789 2039 mam
3820 1990 4252 2042 constitutionem
4296 2001 4709 2058 perseveranter
4756 1992 4972 2060 implere
5015 2006 5207 2046 concc-

3647 2074 3757 2137 dat,
3793 2074 3883 2142 qui
3920 2089 4040 2127 cum
4072 2075 4253 2138 Patre,
4282 2087 4335 2130 et
4362 2076 4495 2131 Filio
4522 2079 4655 2132 vivit
4686 2080 4739 2132 in
4772 2079 4960 2133 saecula
4990 2079 5206 2133 saculo-

3647 2178 3786 2216 rum.
3814 2163 4006 2216 Amen.

3715 2253 3825 2323 Ego
3852 2253 3944 2307 Dei
3971 2255 4144 2323 gratia
4171 2254 4351 2320 Wido,
4378 2254 4786 2313 Mediolanensis
4824 2257 5075 2312 Ecclesia:
5120 2271 5204 2309 ar-

3643 2343 4039 2412 chiepiscopus,
4068 2344 4205 2399 hanc
4231 2347 4572 2413 sponsionem
4599 2363 4728 2402 ame
4753 2347 4947 2403 factam
4978 2349 5208 2411 firmavi,

3647 2433 3913 2497 roboravi,
3944 2444 4103 2503 atque
4118 2437 4434 2506 subscripsi.
4462 2437 4811 2492 Odaldericus
4823 2439 5208 2501 vicedominus,

3644 2531 3698 2576 et
3720 2523 4000 2593 presbyter
4022 2524 4336 2592 subscripsi.
4364 2524 4640 2580 Griberius
4667 2527 4945 2596 presbyter
4970 2528 5207 2581 subscri-

3646 2614 3748 2681 psi.
3774 2614 4068 2667 Arderatus
4088 2615 4367 2685 presbyter
4390 2616 4704 2683 subscripsi.
4756 2615 4880 2669 Atto
4922 2615 5209 2686 presbyter

3649 2704 3962 2772 subscripsi.
3990 2703 4323 2772 Ariprandus
4355 2705 4569 2775 indigne
4588 2707 4846 2760 diaconus
4890 2706 5201 2775 subscripsi.

3647 2793 3937 2847 Ardericus
3966 2792 4221 2846 diaconus
4244 2794 4552 2862 subscripsi.
4587 2794 4899 2848 Ambrosius
4952 2794 5208 2850 diaconus

3648 2880 3963 2950 subscripsi.
3992 2881 4127 2936 Acto
4160 2880 4418 2935 diaconus
4453 2881 4764 2949 sulfscripsi.
4794 2881 4958 2935 Adam
4990 2884 5205 2936 subdia-

3647 2988 3813 3027 conus
3842 2974 4152 3043 subscripsi.
4176 2973 4491 3042 Lyprandus
4514 2972 4869 3027 subdiaconus
4892 2972 5204 3041 subscripsi.

3645 3060 3992 3130 Landulphus
4021 3063 4381 3116 subdiaconus
4418 3061 4726 3129 subscripsi.
4760 3061 4893 3114 Acto
4927 3060 5206 3116 subdiaco-

3647 3166 3747 3205 nus
3775 3152 4088 3220 subscripsi,
4115 3160 4172 3205 et
4195 3150 4285 3208 alii
4314 3150 4701 3219 subscripsere.

4036 3242 4418 3311 Jusjurandum
4442 3242 4823 3309 archiepiscopi.

3722 3335 4065 3390 Postmodum
4101 3335 4361 3388 accedens
4407 3334 4545 3387 idem
4604 3335 5033 3404 archiepiscopus
5082 3344 5210 3389 ante

3652 3436 3894 3480 sanctum
3925 3427 4112 3489 altare,
4146 3433 4406 3494 praesente
4460 3425 4677 3478 domino
4705 3425 4959 3488 Lucense,
5011 3424 5212 3488 iuravit

3653 3516 3704 3568 in
3736 3531 3952 3567 manum
3982 3530 4178 3578 meam,
4220 3515 4431 3568 dicens:
4466 3512 4521 3566 Si
4550 3514 4681 3579 bzec,
4727 3515 4915 3583 inquit,
4942 3515 5005 3567 de
5036 3514 5212 3568 Simo-

3654 3604 3805 3657 niaca
3855 3612 3908 3656 et
3940 3603 4327 3657 Nicolaitarum
4361 3602 4547 3656 hmresi
4578 3601 4821 3665 delenda,
4871 3611 4923 3654 et
4974 3601 5213 3655 funditus

3652 3693 3973 3746 destruenda
3999 3692 4224 3746 fideliter
4249 3707 4353 3745 non
4368 3691 4743 3755 observavero,
4770 3692 4836 3744 ab
4858 3690 5211 3760 omnipotenti

3654 3782 3763 3836 Deo
3787 3792 3839 3834 et
3858 3783 4105 3836 omnibus
4129 3782 4326 3836 sanctis
4345 3782 4443 3835 sim
4474 3783 4975 3842 excommunicatus,
5007 3791 5056 3833 et
5077 3795 5210 3832 ana-

3656 3871 4054 3929 thematizatus.
4086 3877 4137 3922 et
4168 3871 4236 3923 ab
4281 3870 4427 3924 omni
4476 3867 4896 3922 Christianorum
4939 3867 5212 3922 consortio

3655 3959 3899 4014 inveniar
3922 3960 4148 4012 alienus.
4194 3956 4455 4012 Similiter
4479 3968 4531 4013 et
4557 3958 4939 4019 vicedominus,
4982 3966 5036 4010 et
5084 3970 5212 4010 can-

3654 4049 3903 4103 cellarius
3928 4048 4062 4116 eius,
4092 4056 4146 4101 et
4173 4062 4362 4102 omnes
4383 4047 4475 4102 alii
4497 4049 4584 4116 qui
4617 4049 4837 4102 aderant
4875 4047 5057 4100 clerici
5088 4061 5211 4100 ma-

3654 4155 3753 4193 nus
3778 4154 3901 4193 suas
3928 4139 3978 4191 in
4008 4154 4221 4190 manum
4253 4153 4425 4191 meam
4455 4138 4731 4200 dederunt,
4771 4147 4823 4191 et
4867 4137 4977 4190 hac
5020 4135 5212 4190 eadem

3655 4226 4224 4281 excommunicationis
4280 4233 4330 4278 et
4354 4226 4709 4279 anathematis
4737 4224 4896 4277 verba
4941 4224 5209 4276 dixerunt.

3655 4317 3854 4371 Deinde
3876 4317 4105 4370 accessit
4127 4316 4437 4385 Arnulphus
4468 4333 4630 4384 nepos
4651 4314 5054 4382 archiepiscopi,
5112 4315 5212 4366 ho-

3654 4418 3839 4461 nestus
3867 4408 4111 4462 videlicet
4130 4410 4431 4474 etprudens
4456 4407 4703 4469 clericus,
4734 4407 4882 4473 Olljtts
4905 4420 5061 4456 unam
5091 4416 5210 4456 ma-

3655 4512 3779 4550 num
3803 4499 4237 4566 archiepiscopus
4263 4500 4448 4558 tenuit,
4484 4498 4702 4550 alteram
4747 4498 4857 4564 ipse
4890 4510 5048 4562 super
5087 4510 5215 4549 san-

3654 4598 3797 4641 ctum
3826 4587 4171 4656 Evangelium
4202 4587 4399 4655 posuit,
4437 4596 4490 4638 et
4511 4587 4727 4655 iuravit,
4763 4586 4975 4638 dicens:
5030 4584 5215 4637 Domi-

3657 4693 3757 4731 nus
3789 4692 3937 4730 meus
3967 4675 4123 4729 Wido
4161 4676 4615 4745 archiepiscopus,
4645 4676 4731 4744 qui
4758 4676 4842 4727 hic
4888 4684 4986 4736 est,
5013 4675 5082 4727 ab
5112 4676 5213 4727 ho-

3656 4766 3741 4817 die
3769 4766 3818 4818 in
3851 4774 4029 4827 antea,
4059 4773 4113 4817 ct
4140 4765 4279 4832 quod
4309 4765 4554 4833 promisit
4588 4765 4651 4817 de
4702 4764 4942 4816 castitate
4992 4762 5214 4815 clerico-

3657 4873 3794 4919 rum,
3832 4856 4058 4910 fideliter
4091 4856 4421 4909 ohservabit:
4462 4866 4513 4907 et
4537 4856 4748 4923 insuper
4774 4867 5038 4921 nunquam
5087 4866 5215 4905 con-

3656 4944 3889 4998 secrahit
3920 4942 4144 5009 alicuius
4171 4944 4374 4996 ordinis
4405 4943 4654 4996 clericum
4686 4956 4788 4994 sum
4811 4940 5053 4994 ditecesis
5073 4954 5211 5008 prae.

3654 5046 3734 5087 tcr
3762 5034 4072 5097 monachos,
4111 5049 4267 5100 quem
4316 5041 4439 5086 ante
4469 5032 4850 5101 promotionem
4899 5044 5001 5081 non
5049 5027 5216 5081 faciet

3648 5127 3851 5194 iurare,
3891 5123 4030 5195 quod
4065 5124 4115 5176 in
4147 5126 4245 5177 hoc
4292 5121 4563 5176 breviculo
4599 5122 4854 5190 scriptum
4879 5129 4981 5173 est.
5005 5116 5098 5174 Sic
5127 5133 5215 5172 me

3656 5219 3793 5274 Deus
3822 5218 4054 5284 adiuvet,
4086 5226 4139 5268 et
4170 5216 4268 5269 ista
4293 5224 4475 5269 sancta
4505 5211 4809 5283 livangeiia.

3761 5306 4030 5359 Indiculus
4061 5306 4370 5358 sacramenti
4391 5320 4568 5357 eorum
4586 5305 4675 5373 qui
4692 5312 5070 5374 promerentur.

3727 5397 3828 5451 Pro
3861 5396 4213 5463 suscipiendis
4239 5394 4617 5449 ecclesiasticis
4662 5393 4926 5464 gradibus,
4975 5394 5090 5447 sive
5119 5408 5213 5462 per

3656 5503 3758 5553 me,
3790 5489 3903 5541 sive
3928 5501 4023 5556 per
4050 5480 4364 5538 submi‘ssam
4385 5499 4687 5554 personam,
4709 5498 4798 5537 seu
4831 5498 4922 5551 per
4941 5481 5212 5549 quodith

3656 5578 3949 5647 ingenium,
4001 5590 4172 5642 neque
4220 5575 4363 5637 dedi,
4418 5588 4589 5643 neque
4645 5573 4880 5643 promisi,
4913 5584 5083 5638 neqne
5122 5585 5212 5638 ρετ

3653 5666 4035 5735 promissioncs
4055 5667 4275 5718 daturus
4300 5679 4415 5717 sum
4446 5664 4664 5734 aliquid.
4694 5664 4782 5719 Sic
4833 5677 4915 5717 me
4941 5663 5077 5716 Deus
5116 5662 5208 5713 ad-

3645 5759 3814 5826 iuvet,
3845 5766 3900 5814 et
3925 5755 3997 5812 ita
4025 5764 4207 5811 sancta
4236 5755 4549 5827 Evangelia.
