5392 6516
914 366 982 423 9τ
1918 356 2165 416 OPUSC.
2205 355 2269 413 V.
2306 386 2377 397 -—
2410 353 2639 411 AC'I‘US
2676 356 3248 418 MEDIOLANENSIS.
4154 375 4222 430 93

1355 452 1664 509 Pmnilentia
1692 449 2086 519 archiepiscopi.

984 546 1100 602 Hoc
1135 544 1281 601 facto
1310 544 1562 600 dominus
1590 540 2035 611 archiepiscopds
2080 538 2227 594 illico
2258 539 2312 592 in
2356 536 2506 606 pavi-

914 650 1155 696 mentum
1178 653 1304 693 cum
1329 637 1477 694 omni
1503 631 2199 703 humilitateprosternitur,
2216 637 2270 684 et
2297 628 2504 699 injungi

911 733 1012 788 sibi
1041 730 1417 802 paenitentiam
1440 742 1539 799 pro
1571 725 1881 781 venalitatis
1914 723 2075 793 hujus
2102 722 2339 778 nefando
2356 736 2505 776 com-

911 824 1115 879 mercio
1142 824 1506 893 deprecatur:
1544 816 1696 887 cujus
1726 817 1976 872 videlicet
2014 813 2237 870 sceleris
2278 812 2405 867 licet
2450 812 2502 865 in

912 915 1002 971 illa
1028 914 1265 973 Ecclesia
1290 927 1395 967 non
1425 912 1540 981 ipse
1570 911 1777 979 primus
1808 907 2079 963 exstiterit
2114 916 2341 969 auctor;
2398 917 2502 956 non

910 994 1095 1062 tamen
1121 1016 1182 1060 ut
1208 1003 1414 1067 debuit,
1447 1002 1623 1056 fuerat
1663 1000 2016 1068 exstirpator.
2045 995 2275 1050 Centum
2319 993 2505 1062 itaque

907 1112 1171 1155 annorum
1194 1095 1294 1151 sibi
1316 1094 1691 1164 pmnitentiam
1758 1090 1971 1155 indicit,
2011 1088 2122 1160 83
2171 1085 2503 1155 redemptio-

906 1201 1139 1259 nemque
1161 1186 1277 1257 ejus
1304 1193 1541 1238 taxatam
1567 1199 1663 1253 per
1684 1195 2127 1251 unumquemque
2153 1194 2357 1234 annum
2404 1193 2502 1249 pe-

904 1280 1076 1336 cunia:
1098 1276 1402 1348 quantitate
1430 1274 1679 1344 praefixit.

926 1368 1321 1440 Jusjurandum
1344 1363 1721 1435 archiepiscopi
1747 1371 1796 1417 et
1838 1361 2018 1432 populi
2047 1377 2151 1415 non
2189 1361 2472 1416 diversum.

976 1459 1097 1516 Mox
1122 1457 1381 1528 majorem
1407 1454 1695 1511 ecclesiam
1737 1453 1899 1508 simul
1940 1453 2193 1524 ingressi,
2236 1452 2503 1522 pulpitum

901 1551 1266 1609 ascendimus.
1298 1549 1450 1605 Tunc
1483 1562 1667 1604 coram
1692 1545 1913 1616 copioso
1932 1545 2130 1615 populo
2157 1544 2417 1605 civitatis,
2448 1552 2506 1599 et

898 1644 1069 1708 clero,
1097 1642 1355 1697 clericum
1379 1654 1558 1703 suum,
1590 1637 1750 1693 tactis
1776 1637 2141 1691 sacrosanctis
2171 1635 2500 1707 Evangeliis,

892 1735 1085 1807 jurare
1107 1733 1231 1797 feci,
1263 1732 1409 1801 quod
1442 1731 1555 1800 ipse
1581 1729 2025 1798 archiepiscopus
2052 1727 2224 1782 donec
2277 1727 2499 1783 advive-

2542 454 2590 511 Α
2619 447 2711 516 qui
2743 447 2916 503 solum
2945 450 3257 506 constitutae
3285 466 3315 505 a
3340 451 3559 508 diabolo
3579 453 3693 526 84
3722 456 3923 526 regula:
3954 473 4222 515 canonum

2610 538 2901 605 dederunt,
2927 539 3001 593 ita
3033 548 3095 594 ut
3144 542 3389 597 nonnulli
3416 556 3605 599 eorum
3640 547 3733 601 vix
3784 558 4069 618 peccatmn
4120 554 4224 609 huc

2610 643 2734 684 esse
2762 640 3179 701 cognoscerent,
3230 635 3474 703 quinque
3524 651 3796 693 annorum
3832 644 4220 709 paenitentiam

2610 729 2962 790 acceperunt.
2988 720 3103 776 Hoc
3125 723 3288 778 modo
3317 734 3375 780 ut
3397 728 3543 781 omni
3575 738 3843 800 tempore,
3880 746 4097 804 testate,
4139 741 4221 793 si-

2609 808 2721 861 nml
2744 820 2800 864 et
2826 810 3029 877 hieme,
3055 813 3190 868 duos
3213 814 3350 880 dies,
3378 815 3589 874 duabus
3609 830 3792 877 autem
3816 828 3944 881 anni
3977 828 4227 895 Quadra-

2609 901 2851 972 gesimis,
2885 903 3129 959 Natalem
3162 907 3433 975 videlicet,
3466 920 3520 966 et
3548 923 3799 970 sanctum
3825 919 4034 976 Pascha
4072 939 4215 993 pra:-

2609 994 2950 1060 cedentibus,
2983 1007 3093 1053 tres
3114 998 3231 1054 dies
3257 1016 3356 1071 per
3377 1003 3778 1062 hebdomadam
3799 1010 4118 1080 jejunarent
4163 1018 4217 1072 in

2608 1097 2748 1151 pane
2769 1094 2825 1140 et
2850 1100 3011 1157 aqua.
3032 1087 3236 1143 Eorum
3265 1100 3469 1159 autem,
3494 1097 3584 1165 qui
3616 1098 3737 1167 plus
3763 1100 4053 1173 dederunt,
4089 1122 4216 1178 sep-

2610 1185 2715 1229 tem
2740 1192 3010 1233 annorum
3044 1189 3131 1235 est
3151 1183 3497 1253 poenitentia,
3523 1188 3627 1245 sub
3661 1193 3852 1248 eadem
3894 1196 4110 1253 scilicet
4131 1199 4219 1268 je-

2601 1263 2741 1334 junii
2794 1269 3105 1335 quantitate
3170 1272 3426 1328 distincta
3481 1292 3496 1341 ;
3574 1289 3809 1349 postque
3870 1263 4216 1354 septenniunt

2606 1358 2847 1427 quandiu
2887 1362 3143 1427 vixerint,
3198 1374 3415 1421 sextam
3462 1367 3659 1426 feriam
3702 1374 4052 1444 jejunabant.
4108 1382 4216 1449 Qui

2607 1456 2787 1503 autem
2810 1448 3062 1520 jejunare
3083 1451 3243 1508 facile
3260 1471 3369 1510 non
3392 1468 3589 1527 potest,
3621 1478 3789 1519 unum
3816 1482 3883 1522 ex
3910 1470 3995 1527 his
4022 1448 4217 1530 diebus

2607 1553 2702 1609 per
2731 1555 2948 1597 omnem
2981 1543 3377 1613 hebdomadam
3402 1551 3675 1609 redimere
3700 1555 3980 1615 licentiam
4024 1563 4215 1631 habet,

2608 1631 2683 1685 ita
2707 1640 2765 1686 ut
2792 1649 2958 1687 unum
2983 1634 3304 1707 psalterium
3336 1641 3654 1709 meditetur,
3690 1657 3783 1700 aut
3818 1652 4055 1707 medium
4089 1671 4215 1712 cum

2608 1722 2998 1794 quinquaginta
3022 1728 3334 1793 metanmis,
3365 1739 3457 1784 aut
3488 1747 3655 1787 unum
3680 1750 3977 1805 pauperem
4003 1754 4213 1812 pascat,

897 1834 1007 1890 ret,
1035 1825 1088 1878 in
1116 1832 1379 1893 quantum
1431 1828 1615 1895 posset
1659 1820 1925 1890 (excepta
1971 1834 2196 1874 suorum
2228 1818 2496 1875 bonorum
2530 1810 2573 1869 Β
2601 1819 2657 1865 et
2680 1810 2806 1867 lotis
2828 1815 3058 1883 pedibus
3081 1832 3365 1874 nummum
3410 1824 3672 1894 porrigat.
3712 1827 3825 1883 lloc
3854 1810 4079 1901 insuper
4118 1836 4218 1890 du-

894 1916 1139 1979 daticne,
1163 1914 1208 1969 si
1236 1912 1434 1981 nollet)
1464 1911 1597 1966 istas
1617 1911 1770 1975 duas,
1803 1909 2195 1965 Nicoiaitarum
2241 1908 2497 1965 videlicet

892 2022 961 2060 ac
987 2004 1422 2060 Simoniacorum
1448 2002 1709 2067 haereses,
1737 2001 1888 2057 omni
1930 2001 2112 2056 studio
2142 2002 2379 2072 totisque
2409 2002 2492 2055 vi-

891 2098 1043 2152 ribus
1064 2096 1275 2151 sincere
1298 2110 1362 2151 ac
1392 2094 1627 2149 fideliter
1655 2095 1961 2164 exstirpare
1994 2095 2389 2150 contenderet:
2416 2096 2492 2152 ita

890 2199 951 2242 ut
980 2202 1154 2257 neque
1191 2185 1531 2258 presbytero,
1582 2199 1758 2256 neque
1786 2186 2036 2252 diacono,
2067 2201 2246 2256 neque
2270 2187 2491 2243 subdia—

887 2295 1051 2344 eono,
1073 2278 1328 2333 feminam
1358 2293 1480 2333 cum
1507 2278 1674 2349 gradu
1695 2276 1857 2333 simul
1887 2277 2090 2333 habere
2121 2278 2487 2347 permitteret:

887 2386 920 2425 a
944 2368 1288 2426 conferendis
1314 2369 1480 2423 etiam
1504 2368 1889 2423 ecclesiasticis
1914 2368 2274 2422 sacramentis
2318 2381 2487 2421 vena-

888 2458 1059 2514 litatis
1088 2473 1250 2514 omne
1298 2456 1687 2513 commercium
1713 2455 1954 2512 funditus
1980 2457 2313 2526 prohiberet.
2346 2455 2489 2524 ldip-

886 2567 1010 2606 sum
1050 2547 1432 2619 jusjurandum
1472 2557 1663 2605 contra
1714 2546 2060 2601 Simoniacos
2107 2546 2487 2601 etNicolaitas

885 2641 1222 2711 permaxima
1250 2655 1380 2710 pars
1404 2638 1586 2708 populi
1623 2653 1727 2693 non
1761 2639 1921 2693 modo
1952 2638 2149 2703 civilis,
2180 2640 2275 2694 sed
2303 2648 2358 2692 et
2391 2654 2485 2694 su-

884 2730 1118 2786 burbani
1156 2729 1269 2800 jam
1323 2729 1565 2793 dederat,
1625 2744 1858 2798 quorum
1913 2728 2166 2783 videlicet
2193 2730 2486 2784 multitudo

884 2820 1271 2884 millenarium,
1301 2828 1360 2873 ut
1390 2817 1583 2885 fertur,
1616 2835 1903 2874 numerum
1936 2821 2259 2874 excedebat.
2291 2820 2387 2876 His
2411 2822 2484 2875 ita

881 2912 1071 2981 gestis,
1107 2911 1574 2981 eousideratisque
1597 2920 1911 2966 sanctorum
1935 2911 2155 2965 Patrum
2172 2913 2481 2977 sententiis,

881 3015 1020 3070 quos
1042 3003 1294 3071 superius
1319 3002 1761 3067 memoravimus,
1793 3002 2157 3072 aliorumque,
2196 3019 2334 3072 quos
2365 3014 2483 3059 stu-

880 3092 970 3145 dio
1000 3090 1282 3146 brevitatis
1309 3093 1615 3159 omisimus,
1648 3093 1823 3147 visum
1855 3101 1939 3147 est
1983 3094 2163 3157 nobis,
2197 3102 2253 3147 ut
2286 3106 2479 3149 omnes

2601 1904 2753 1957 mino
2782 1905 3199 1978 archiepiscopo
3228 1912 3587 1979 promittente
3611 1919 3756 1985 quod
3781 1934 3975 1977 omnes
4006 1927 4214 1980 oratio-

2599 1997 2683 2050 nis
2712 2011 2875 2053 causa
2897 2000 3085 2068 procul
3103 2001 3220 2071 ipse
3242 2004 3525 2074 dirigeret,
3542 2008 3657 2063 sive
3672 2010 3926 2069 videlicet
3954 2015 4209 2086 Romam,

2596 2088 2711 2143 sive
2731 2087 3041 2156 Turonum;
3074 2091 3189 2161 ipse
3212 2102 3397 2148 autem
3450 2097 3901 2171 archiepiscopus
3928 2106 4210 2175 profectu-

2596 2194 2716 2232 rum
2740 2195 2800 2235 se
2823 2181 2889 2235 ad
2914 2180 2973 2235 Β.
2999 2181 3187 2239 Jacobi
3217 2188 3586 2255 venerabilem
3618 2193 3906 2261 tumulum,
3932 2199 4024 2266 qui
4049 2201 4211 2256 estin

2597 2272 2874 2342 Hispania.
2906 2276 3252 2345 disponebat.

2663 2365 2760 2421 llis
2795 2368 2977 2437 itaque
3008 2369 3101 2422 tali
3150 2371 3311 2426 modo
3344 2374 3733 2443 reconciliatis,
3766 2378 4048 2438 decretum
4095 2398 4206 2453 est,

2592 2466 2652 2510 ut
2680 2471 2788 2511 non
2840 2473 2965 2513 mox
2991 2459 3195 2529 passim
3226 2464 3484 2519 omnibus
3526 2468 3786 2524 reddetur
3816 2469 4076 2541 cilicium,
4111 2480 4209 2534 sed

2592 2549 2677 2602 his
2704 2549 2994 2616 duntaxat,
3019 2552 3114 2622 qui
3145 2562 3199 2608 et
3218 2552 3419 2611 litteris
3451 2560 3673 2623 eruditi,
3698 2569 3756 2616 et
3784 2565 3945 2631 casti,
3998 2576 4054 2621 et
4092 2586 4207 2623 mo—

2589 2653 2709 2691 rum
2756 2642 3026 2709 gravitate
3069 2641 3387 2699 videremur
3442 2646 3692 2715 honesti;
3748 2656 3965 2711 czeteris
4019 2670 4206 2716 autem

2587 2730 2884 2798 sailiceret,
2914 2734 3057 2802 quod
3080 2745 3283 2790 sancta:
3303 2737 3562 2794 Ecclesia:
3586 2750 3683 2811 per
3709 2744 3946 2800 divinam
3970 2753 4208 2820 gratiam

2587 2827 2769 2874 essent
2799 2837 2993 2878 rursus
3024 2824 3238 2888 inserti,
3268 2841 3297 2880 a
3330 2843 3439 2898 qua
3466 2842 3699 2888 eatenus
3738 2831 3957 2892 fuerant
4007 2840 4206 2897 divina:

2587 2913 2873 2968 sententiae
2901 2913 3042 2971 falce
3071 2919 3305 2986 prmeisi.
3356 2920 3435 2976 Illi
3466 2924 3631 2979 etiam
3680 2926 3807 2997 ipsi,
3847 2932 4049 3000 quibus
4108 2937 4206 2992 mi-

2586 3006 2859 3063 nistrandi
2885 3008 3107 3065 licentia
3139 3013 3407 3081 redditur,
3445 3032 3552 3072 non
3575 3034 3643 3073 ex
3676 3022 3819 3076 male
3842 3039 4084 3081 mercati
4112 3044 4204 3086 ve-

2587 3095 2688 3149 teri
2740 3098 3089 3154 ordinatione
3136 3103 3204 3156 ad
3234 3106 3497 3162 amissum
3529 3125 3860 3180 reparantur
3909 3117 4145 3175 cilicium
4181 3138 4195 3174 :

881 3181 953 3235 illi
980 3182 1184 3237 clerici.
1219 3190 1438 3251 accepta
1469 3184 1811 3253 poenitentia,
1870 3184 2014 3237 inter
2055 3184 2343 3238 missarum
2386 3199 2479 3238 sc-
2509 3177 2553 3238 C
2586 3188 2679 3244 sed
2708 3205 2774 3244 ex
2801 3190 2888 3246 illa
2921 3196 3103 3262 potius
3154 3196 3301 3251 beati
3348 3177 3723 3269 apostolo—rum
3771 3210 4039 3280 principis
4083 3212 4203 3267 eili-

881 3272 1081 3326 lcmnia
1112 3272 1618 3339 reconciliarentur,
1674 3283 1995 3329 ornamenta
2026 3276 2091 3329 de
2139 3290 2303 3329 manu
2358 3277 2477 3346 epi-

876 3362 1025 3430 scopi
1058 3363 1403 3430 recipientes,
1435 3364 1576 3418 sicut
1614 3363 1924 3418 Fulbertum
1950 3366 2281 3435 episcopum,
2316 3381 2480 3437 supra

876 3454 1243 3517 narravimus,
1262 3455 1477 3510 dedisse
1493 3456 1777 3510 consilium
1798 3476 1810 3517 ;
1828 3458 1933 3511 hoc
1951 3466 2129 3511 tamen
2147 3459 2318 3527 prius,
2336 3461 2478 3528 quod

875 3543 1017 3598 infra
1065 3547 1325 3615 scriptum
1373 3555 1479 3612 est,
1532 3556 1657 3601 ante
1697 3556 1946 3601 sanctum
1994 3548 2170 3602 altare
2214 3548 2477 3619 legentes.

1300 3635 1693 3706 Jusjurandum
1714 3636 2045 3691 clericorum.

950 3732 1064 3803 Ego
1093 3733 1348 3788 Arialdus
1373 3735 1547 3789 dictus
1577 3736 1838 3789 diaconus
1865 3735 1929 3788 de
1968 3734 2171 3805 capella
2216 3734 2478 3791 Mediola-

872 3824 1041 3878 nensi.
1088 3823 1481 3894 arc'iiepisc0pi
1513 3824 1614 3879 hac
1644 3826 1937 3893 scriptura,
1971 3839 2137 3893 quam
2162 3840 2324 3879 manu
2352 3841 2474 3881 mea

870 3915 1090 3985 scripsi,
1127 3914 1385 3985 profiteor
1409 3930 1493 3969 me
1523 3930 1643 3969 eam
1678 3917 1834 3970 Iidem
1866 3925 2071 3981 tenere,
2097 3931 2263 3985 quam
2287 3931 2475 3972 sacro-

870 4017 1061 4063 sancta
1088 4016 1295 4078 septem
1318 4008 1547 4063 concilia
1570 4009 1904 4080 evangeliea,
1932 4018 1985 4063 et
2030 4009 2328 4080 apostolica
2373 4025 2472 4064 au-

869 4098 1123 4153 ctoritate
1178 4098 1485 4162 ﬁrmarunt,
1523 4107 1577 4153 et
1625 4116 1791 4171 quam
1838 4101 2139 4155 beatissimi
2185 4100 2471 4171 pontiﬁces

868 4190 1101 4245 Romani
1134 4192 1199 4245 ad
1224 4192 1471 4245 diversos
1511 4190 1636 4246 data
1692 4191 2083 4262 praedicatione
2117 4190 2471 4250 lucidissima:

867 4282 1118 4336 veritatis
1138 4290 1527 4350 exposuerunt.
1553 4282 1971 4337 Anatltematizo
1997 4299 2215 4353 quoque
2242 4299 2471 4355 genera—

867 4372 996 4427 liter
1020 4389 1209 4428 omnes
1235 4374 1488 4439 haereses,
1513 4373 1833 4430 extollentes
1859 4389 1916 4429 se
1931 4375 2191 4431 adversus
2220 4391 2467 4435 sanctam

866 4466 1188 4520 catholicam
1218 4477 1271 4520 et
1324 4466 1672 4536 apostolicam
1707 4467 2024 4535 Ecclesium,
2057 4478 2111 4522 et
2161 4471 2468 4539 specialiter

870 4572 1001 4612 vero
1035 4566 1198 4627 atque
1226 4558 1546 4612 nominatim
1576 4558 1939 4615 Simoniacam
1965 4562 2236 4628 haeresim,
2261 4580 2380 4634 qua:
2406 4564 2460 4619 in
2495 4534 2541 4591 υ

866 4646 1037 4715 ipsam
1069 4646 1367 4711 Ecclesiam
1391 4658 1615 4703 conatur
1659 4650 2004 4706 introducere
2034 4668 2315 4707 sacrorum
2373 4670 2459 4708 or-

865 4737 1080 4803 dinum,
1135 4739 1250 4793 sive
1308 4738 1605 4796 ciliciorum
1666 4742 2007 4797 maledictam
2076 4747 2455 4803 venalitatem:

865 4828 1065 4883 deinde
1109 4829 1496 4885 Nicolaitarum
1523 4847 1678 4902 :eque
1732 4835 2150 4891 abominabilem
2181 4838 2455 4906 bmrcsim,

864 4932 990 4991 quae
1016 4920 1359 4990 impudenter
1382 4922 1545 4977 latrat
1576 4923 1919 4981 sacrialtaris
1942 4926 2221 4983 ministros
2237 4931 2454 4986 debere.

865 5008 948 5065 vel
970 5024 1129 5079 posse
1154 5011 1381 5067 licenter
1409 5016 1487 5069 uti
1519 5016 1858 5087 conjugibus,
1879 5021 2146 5088 quomodo
2170 5030 2221 5076 et
2252 5022 2417 5077 laiccs
2445 5040 2458 5077 :

866 5101 1011 5153 unde
1046 5101 1175 5170 quia
1206 5103 1292 5157 bis
1321 5105 1511 5160 diebus
1539 5106 1623 5161 ba:
1680 5109 1801 5161 duae
1836 5110 2091 5174 bzcreses,
2125 5114 2335 5168 scilicet
2375 5116 2460 5169 Si-

864 5192 1239 5247 ntouiacorum
1269 5203 1325 5249 et
1348 5194 1755 5262 Nicolaitarum,
1800 5202 2019 5269 gravius
2040 5202 2336 5260 Ecclesium
2365 5206 2457 5261 Dei

863 5292 1067 5338 vexant
1092 5293 1146 5339 et
1197 5286 1540 5356 impugnant;
1576 5288 1916 5347 Sitnoniacos
1955 5307 2165 5359 omnes,
2215 5306 2270 5349 et
2302 5295 2454 5351 Nico-

860 5375 1024 5429 laitas
1056 5391 1178 5431 cum
1225 5379 1588 5447 dogmatibus,
1634 5382 1947 5439 auctoribus
1987 5387 2457 5457 scctaloribusque

861 5468 979 5521 suis
1004 5476 1209 5522 aeterno
1259 5472 1605 5526 anathemate
1650 5476 1839 5544 dignos
1862 5491 1981 5531 esse
2009 5482 2320 5547 pronuntio,
2362 5481 2453 5551 ju-

864 5573 994 5613 rans
1016 5574 1113 5628 per
1146 5572 1388 5615 sanctam
1412 5566 1691 5618 omousicn
1723 5568 2063 5624 Trinitatem.

1307 5650 1621 5709 Pwuitenlia
1649 5658 1976 5714 clericorum.

941 5740 1261 5798 Pmuitentia
1290 5756 1469 5801 autem
1495 5746 1814 5805 clericorum
1841 5751 2072 5810 talisest.
2106 5754 2146 5808 li
2171 5754 2450 5825 nimirum,

2586 3283 2876 3339 cacissima
2927 3289 3282 3356 auctoritate,
3310 3306 3418 3361 qua
3464 3296 3515 3348 in
3562 3297 3780 3354 beatum
3828 3302 4200 3373 Apollinarem

2586 3385 2807 3444 repente
2828 3390 2959 3432 usus
2978 3386 3083 3445 est,
3118 3381 3306 3436 dicens
3331 3398 3344 3435 :
3371 3383 3563 3456 Surge,
3593 3389 3790 3460 inquit,
3814 3397 4000 3465 accipe
4026 3398 4203 3470 Spiri-

2585 3475 2695 3521 tum
2720 3479 2995 3537 sancturn,
3025 3472 3296 3543 simulque
3318 3480 3720 3546 pontificatum.

2653 3556 2794 3613 Ecce
2813 3574 3031 3615 omnem
3063 3562 3408 3620 discretionis
3459 3569 3604 3626 illius
3632 3575 3881 3631 ordinem
3913 3582 4058 3647 apud
4089 3583 4201 3641 Me-

2581 3647 2954 3707 diolanensem
2983 3652 3176 3708 urbem
3224 3656 3495 3725 habitum,
3529 3661 3768 3720 breviter
3796 3673 4151 3738 exposcis-us
4178 3695 4191 3731 :

2579 3739 2757 3796 adhuc
2786 3751 2967 3797 tamen
2997 3754 3177 3800 utrum
3208 3750 3355 3802 sedis
3385 3755 3698 3820 apostolica:
3721 3757 3927 3826 judicio
3950 3762 4186 3831 placeat,

2578 3830 2970 3901 ignoravimus.
3006 3833 3115 3890 Nos
3142 3838 3312 3902 enim,
3340 3841 3383 3893 si
3419 3842 3550 3909 quid
3575 3847 3904 3915 erravimus,
3936 3830 4006 3907 ad
4042 3830 4196 3913 Petri

2578 3923 2951 3995 magisterium
2988 3928 3295 4000 corrigendi
3348 3930 3585 3989 libenter
3640 3940 4057 4009 aceedimus,ct
4108 3965 4194 4005 rc-

2579 4018 2919 4074 tractationis
2941 4022 3297 4091 opprobriqu
3326 4041 3432 4079 non
3465 4042 3738 4085 veremur.
3773 4031 3899 4090 "me
3925 4047 4008 4092 est
4040 4039 4189 4097 enim

2575 4109 2689 4174 illa,
2714 4121 2771 4166 ut
2802 4113 2877 4168 ita
2910 4112 3124 4185 loquar,
3161 4115 3372 4172 oilicina
3420 4120 3633 4183 fabrilis
3677 4125 3765 4179 cui
3820 4128 4081 4186 nimirum
4115 4134 4183 4199 is,

2576 4202 2666 4270 qui
2699 4202 2837 4259 fabri
2874 4205 3159 4263 dicebatur
3188 4209 3331 4265 iilius
3358 4213 3632 4282 prmsidet,
3662 4218 3728 4272 ad
3758 4221 3912 4291 cujus
3938 4226 4191 4294 regulam

2574 4295 2755 4349 omnis
2785 4297 2984 4352 merito
3016 4309 3233 4355 moneta
3264 4302 3574 4360 reducitur:
3612 4309 3680 4362 ad
3703 4309 3857 4379 cujus
3894 4317 4189 4374 rectitudi-

2574 4386 2659 4442 nis
2686 4385 2883 4442 lineam
2912 4390 3173 4461 quidquid
3208 4395 3416 4463 uspiam
3463 4396 3816 4468 depravatum
3872 4406 4054 4475 fuerit,
4090 4428 4185 4468 re-

2571 4474 2859 4533 formatur.
2890 4479 3084 4547 Utrum
3107 4482 3289 4539 autem
3314 4500 3415 4557 ego
3437 4488 3488 4542 in
3504 4494 3948 4554 reconciliatione
3966 4474 4182 4559 illorum

2568 4572 2891 4637 erraverim,
2938 4575 3141 4631 nescio.
3196 4575 3370 4632 Unum
3420 4588 3602 4637 autem
3645 4600 3739 4655 per
3791 4592 4190 4661 omnipotentis

2567 4661 2661 4716 Dei
2700 4663 3042 4720 clementiam
3069 4681 3252 4736 spero,
3282 4663 3407 4739 quia
3438 4680 3561 4741 post
3605 4684 3681 4730 tot
3700 4677 4040 4745 jurationum
4078 4702 4180 4753 ge-

2566 4768 2718 4817 nera,
2750 4754 2947 4823 quibus
2975 4756 3419 4829 archiepiscopus
3446 4764 3564 4818 hare
3587 4769 3861 4836 promissa
3912 4773 4179 4845 llrmavit,

2567 4854 2684 4913 post
2718 4856 3066 4901 sacramenta
3096 4858 3201 4903 tam
3234 4852 3552 4923 multipiicis
3602 4860 3781 4928 populi
3812 4878 3910 4931 per
3932 4864 4180 4940 Evange-

2568 4941 2697 4994 lium
2725 4942 2873 5008 data,
2900 4946 3354 5014 postjuramenta
3386 4960 3537 5006 certe
3571 4956 3814 5010 omnium
3848 4959 4182 5019 clericorum

2572 5040 2697 5086 ante
2720 5042 2965 5089 sanctum
2994 5036 3164 5091 altare
3198 5036 3415 5104 litteris,
3462 5051 3517 5095 et
3545 5045 3769 5114 proprio
3812 5064 3908 5103 ore
3936 5052 4178 5121 prolata,

2570 5131 2813 5192 utrmque
2841 5125 2957 5179 istae
2983 5125 3218 5182 Increses
3244 5130 3323 5183 sic
3352 5128 3403 5183 in
3431 5131 3518 5185 illa
3544 5132 3785 5190 Ecclesia
3808 5150 3935 5193 sunt
3965 5157 4061 5211 per
4089 5161 4180 5199 ar-

2567 5226 2820 5285 gumenta
2848 5216 3084 5286 providae
3112 5220 3463 5277 coercitionis
3489 5224 3710 5291 attritas,
3746 5244 3803 5282 ut
3825 5244 4046 5287 auctore
4065 5233 4180 5291 Deo

2566 5308 2767 5361 nostris
2799 5308 3135 5378 temporibus
3185 5326 3293 5365 non
3342 5313 3451 5367 sint
3492 5315 3559 5369 ad
3597 5318 3835 5374 rediviva
3866 5327 4173 5380 certamina

2565 5412 2797 5464 reparan
2820 5400 2901 5453 las.
2936 5399 3245 5468 Apostolica
3272 5410 3451 5457 tamen
3482 5408 3640 5461 sedes
3672 5409 3788 5464 ba-c
3815 5412 3957 5481 apud
4001 5428 4061 5467 se
4089 5431 4177 5468 rc-

2565 5490 2845 5545 tractaudi
2870 5489 3156 5544 discutiat:
3190 5500 3243 5545 et
3271 5503 3453 5547 utrum
3499 5506 3701 5565 puncto
3731 5515 3799 5553 an
3836 5498 3963 5554 lima
4008 5502 4174 5572 digna

2564 5577 2693 5644 sint,
2724 5593 2790 5634 ex
2824 5582 3167 5637 auctoritatis
3190 5598 3301 5638 suae
3329 5599 3560 5641 censura
3589 5588 3868 5645 decernat.

2883 5713 2968 5771 Sit
2988 5730 3175 5772 nomen
3210 5718 3421 5774 Domini
3454 5722 3800 5779 benedictum.
