5392 6560
165 41 3011 134 h’

2019 389 2087 445 εο
2442 389 2502 444 S.
2542 386 2747 445 PETRI
2785 384 3069 443 DAMIANI
3107 382 3261 442 OPP.
3298 381 3535 443 TOIUS
3575 379 3705 439 SEU
3742 378 3922 439 PARS
3959 378 4046 436 Ill.
4087 408 4148 421 ~—

3151 382 3261 442 PP.
3298 381 3535 443 TOIUS
3575 379 3705 439 SEU
3742 378 3922 439 PARS
3959 378 4046 436 Ill.
4087 408 4155 421 -—
4190 376 4555 437 OPUSCULA
4592 377 4828 434 VABIA.
5199 377 5280 429 100

2029 613 2324 629 *—

2724 749 2973 821 ⁸⁵’⁸⁶
3054 766 3229 878 ΟΡ
3250 763 3496 878 USC
3517 762 3903 875 ULUM
3994 761 4613 877 SEXTUM.

2170 993 2400 1056 LIBER
2442 992 2579 1064 om
2624 987 3144 1051 APPELLATUR
3188 984 3766 1046 GRATISSIMUS.
3820 986 3920 1044 an
3967 984 4382 1047 HENRICUM
4423 985 5144 1051 ARCHIEPISCOPUM

3354 1087 3454 1144 BA
3471 1082 3934 1147 VENNATEM.

2025 1408 2423 1465 Αιιοιιιιεειτιιιι.
2455 1437 2523 1449 -
2547 1407 2602 1464 1η
2633 1408 2734 1490 hoc
2770 1414 3001 1490 tractatu
3043 1405 3247 1490 prolixe
3274 1406 3506 1490 ostendit
3539 1423 3644 1459 non
3676 1422 3938 1467 csse-eos.
3970 1407 4060 1490 qui
4090 1422 4121 1460 a
4149 1407 4473 1490 Simoniacis
4516 1408 4780 1490 episcopis
4805 1413 5123 1490 cgnsecratj
5153 1423 5283 1476 sunt,

2098 1482 2289 1533 iterum
2320 1480 2759 1532 consecrandos:
2797 1478 2936 1543 quod
2997 1475 3178 1529 multis
3210 1478 3508 1528 rationibus
3554 1488 3607 1530 et
3653 1488 3961 1529 sanctorum
4008 1476 4224 1530 Patrum
4265 1475 4672 1534 auctoritatibus
4697 1475 5040 1538 'conlirmat.
5075 1475 5286 1538 Contro¥

2097 1551 2268 1602 versia
2313 1559 2489 1601 autem
2526 1559 2653 1600 tunc
2691 1548 2946 1618 temporis
2973 1562 3132 1618 super
3163 1547 3260 1598 hac
3288 1550 3583 1614 qumstioue
3612 1546 3921 1598 vertebatur
3975 1548 4025 1601 in
4071 1548 4297 1602 concilio
4325 1549 4737 1616 episcoporum;
4781 1561 5077 1618 propterea
5114 1553 5287 1607 scribit

2094 1620 2195 1673 hoc
2225 1620 2339 1671 loco
2375 1620 2439 1670 ad
2473 1617 2933 1688 archiepiscopum
2973 1615 3354 1688 Ratcltttalem.
3390 1628 3445 1668 ut
3478 1617 3632 1668 simul
3664 1632 3783 1669 cum
3831 1618 3949 1668 aliis
3997 1617 4097 1688 hoc
4147 1615 4388 1670 Romano
4435 1615 4671 1687 pontifici
4724 1615 5080 1688 persuadeat,
5120 1637 5188 1677 ne
5218 1624 5285 1673 in.

2094 1700 2277 1760 sontes
2304 1688 2462 1741 simul
2498 1703 2618 1740 cum
2650 1686 2826 1739 noxiis
2856 1699 3011 1753 poma
3042 1686 3405 1748 atlicerentur,
3437 1688 3695 1755 depositis
3725 1688 3931 1741 scilicet
3959 1686 4026 1740 ab
4052 1686 4443 1742 ecclesiasticis
4477 1686 4756 1744 ordinibus
4782 1729 4797 1753 ,
4834 1706 4973 1760 quos
5031 1686 5155 1746 sine
5194 1692 5284 1744 ulla

2095 1758 2457 1829 negotiatione
2484 1765 2823 1827 acceperant.

2400 1936 2671 1991 VERSUS
2706 1937 2789 1990 DE
2822 1935 3229 1991 SIMONHCIS.

2021 2032 2275 2088 lncudem
2306 2030 2543 2084 Simonis
2572 2029 2801 2091 fabrilis,
2834 2040 2885 2082 et
2917 2040 3072 2081 antra
3107 2042 3333 2083 mene-ue

2027 2123 2260 2178 Damnat
2290 2120 2574 2191 pestiferas
2601 2122 2740 2175 Deus
2765 2123 3054 2174 everteudo
3083 2124 3371 2175 cathedras
3398 2141 3409 2173 :

2027 2213 2162 2269 Nam
2194 2223 2377 2280 postea
2407 2212 2545 2264 latro
2572 2227 2666 2278 per
2690 2211 3004 2263 diverticula
3044 2213 3198 2277 rupit,

2027 2303 2218 2359 Pcrvia
2248 2305 2483 2373 gratuito
2512 2311 2695 2371 pastor
2722 2303 2852 2370 petit
2873 2304 3007 2355 ostia
3037 2320 3244 2371 gressu.

2024 2394 2125 2448 Ast
2152 2394 2238 2447 ubi
2274 2408 2594 2461 mangonum
2625 2392 2887 2446 scelerata
2920 2396 3131 2460 negotia
3161 2396 3375 2452 desunt,

2028 2482 2136 2537 Nec
2165 2499 2380 2552 gravem
2408 2483 2699 2536 corbonam
2731 2492 2906 2550 turget
2939 2484 3121 2535 venale
3156 2485 3440 2535 talentum.

2028 2573 2148 2629 Non
2177 2576 2466 2628 distractor
2491 2575 2664 2635 obest,
2699 2574 2821 2641 quia
2856 2590 2959 2625 non
2997 2576 3319 2626 commercia
3352 2575 3586 2627 sordent.

2029 2665 2161 2719 Nam
2197 2667 2322 2733 quid
2351 2666 2608 2718 nummati
2640 2676 2911 2732 nequeunt
2942 2664 3027 2717 ubi
3066 2666 3255 2717 lardere
3287 2667 3488 2716 nummi
3516 2665 3537 2716 ?

2026 2756 2137 2811 Ιιιιο
2165 2756 2291 2825 quid
2321 2756 2564 2808 arboreis
2590 2771 2748 2807 manu
2776 2755 2917 2807 obsit
2947 2755 3189 2822 qualnla
3225 2755 3454 2822 plantis?

2027 2848 2182 2918 Smpe
2210 2847 2544 2901 salutiferam
2580 2850 2821 2902 medicus
2845 2851 2990 2900 dedit
3017 2864 3158 2915 :eger
3189 2850 3394 2917 origani
3415 2891 3427 2911 ,

2027 2938 2342 3007 Mancipites
2368 2938 2626 3007 pugilem,
2657 2939 2784 2991 czcci
2814 2953 3046 3006 genuere
3081 2940 3373 2999 videntem,

2028 3030 2244 3084 Clcnica
2272 3044 2552 3098 procerum
2581 3028 2784 3098 peperit
2820 3029 2957 3081 male
2990 3030 3127 3082 fmda
3155 3038 3461 3092 venustum,

2026 3119 2137 3173 Nec
2168 3120 2377 3173 soboles
2406 3120 2559 3172 noxis
2585 3128 2667 3172 est
2700 3119 2994 3173 addicenda
3029 3122 3302 3187 paternis;

2028 3211 2265 3278 Quisque
2301 3226 2394 3262 sua
2428 3211 2705 3278 premitur,
2735 3211 2863 3264 socii
2896 3227 2990 3264 nec
3022 3213 3136 3265 labe
3167 3222 3400 3266 tenetur.

2103 3302 2328 3355 Domino
2383 3301 2621 3355 "ENRICO
2678 3302 2973 3356 venerabili
3030 3302 3411 3357 Ravennaticzc
3461 3307 3606 3359 sedis
3640 3286 3681 3344 Β

2032 3392 2281 3453 antistiti,
2312 3391 2526 3446 PETttus
2559 3392 2987 3446 tivilican'crucis
3024 3393 3224 3447 Christi
3279 3395 3611 3448 humillimus

2032 3500 2242 3546 servus,
2271 3485 2497 3538 salutem
2530 3484 2581 3538 iu
2613 3486 2866 3554 idipsum.

2103 3573 2202 3639 Qui
2234 3574 2633 3635 sacerdotium,
2665 3585 2884 3628 auctore
2916 3575 3025 3629 Deo
3054 3577 3262 3631 novitcr
3286 3578 3568 3646 suscepisti
3597 3620 3608 3641 ,

2037 3667 2240 3720 nullum
2270 3666 2361 3718 tibi
2394 3666 2636 3734 inprimis
2676 3665 3006 3720 offerendum
3039 3683 3252 3728 munus,
3285 3684 3445 3735 quam
3472 3671 3609 3735 quod

2036 3756 2104 3810 de
2137 3756 2505 3809 sacerdotibus
2548 3754 2748 3807 factum
2793 3764 2913 3818 est,
2958 3758 3345 3824 congruentius
3385 3759 3610 3810 credidi.

2037 3845 2111 3899 De
2143 3846 2207 3898 iis
2239 3845 2439 3912 itaque,
2473 3844 2563 3912 qui
2605 3844 2769 3912 gratis
2814 3854 2939 3897 sunt
2987 3862 3015 3897 a
3062 3829 3385 3899 Simoniacis
3426 3864 3613 3902 conse-

2036 3938 2195 3998 crati,
2222 3944 2424 4004 quanta
2469 3934 2580 4002 jam
2616 3950 2711 4002 per
2738 3935 3024 3992 triennium
3062 3938 3111 3991 in
3157 3939 3326 3992 tribus
3358 3938 3616 3994 Romanis

2039 4026 2282 4082 conciliis
2313 4025 2472 4078 fuerit
2500 4025 2838 4093 disceptatio,
2868 4042 3141 4096 quamque
3169 4030 3421 4098 perplexa
3456 4040 3616 4098 atque

2042 4115 2263 4170 confusa
2300 4114 2579 4168 dubietas:
2609 4124 2665 4168 et
2697 4113 2746 4167 in
2792 4115 2856 4168 iis
2888 4116 3130 4183 partibus
3168 4117 3406 4184 quotidie
3443 4122 3614 4175 venti—

2041 4206 2218 4272 letur,
2268 4206 2611 4260 sanctitatem
2658 4216 2892 4261 vestram
2939 4208 3159 4262 latuisse
3204 4225 3308 4263 non
3342 4211 3613 4277 arbitror;

2041 4298 2370 4368 pmsertim,
2422 4312 2544 4350 cum
2596 4308 2875 4352 crescente
2918 4297 3282 4357 ﬂuctuationis
3334 4301 3614 4370 ambiguo.

2042 4399 2266 4443 eatenus
2294 4388 2366 4440 sit
2395 4403 2737 4456 processum,
2767 4398 2825 4441 ιιι
2856 4390 3136 4443 nonnullos
3167 4402 3376 4446 constet
3413 4393 3622 4459 cpisco-

2040 4492 2137 4549 pos
2172 4477 2237 4531 ab
2282 4476 2385 4529 illis
2430 4477 2708 4532 ordinatos
2755 4477 2983 4532 clericos
3026 4480 3203 4534 denuo
3250 4497 3615 4536 consecrasse.

2043 4566 2194 4624 Unde
2243 4567 2372 4620 mihi
2423 4568 2664 4636 plerique
2708 4566 2901 4621 fratres
2941 4570 3172 4638 quadam
3225 4574 3619 4640 prarsumptivze

2044 4659 2323 4713 charitatis
2350 4658 2605 4712 instantia
2638 4658 2976 4714 familiariter
3002 4662 3246 4730 exigunt,
3275 4673 3327 4715 et
3360 4663 3612 4722 violenta.
3646 4642 3689 4700 C

2045 4758 2105 4803 ut
2132 4749 2205 4803 ita
2234 4748 2425 4811 fatear,
2460 4749 2847 4818 supplicatione
2879 4752 3239 4820 compellunt;
3286 4762 3340 4805 ut
3372 4755 3422 4806 in
3458 4763 3618 4807 tanta:

2047 4838 2385 4894 necessitatis
2421 4839 2647 4893 articulo
2689 4840 2996 4905 subvenire,
3048 4842 3130 4897 vel
3177 4844 3616 4913 compendiOsum

2044 4933 2171 5002 quid
2212 4934 2494 4987 scribendo
2535 4948 2641 4986 non
2686 4935 2884 5004 pigeat,
2915 4943 3077 5004 atque
3110 4936 3239 5005 quid
3280 4937 3408 4989 mihi
3461 4953 3622 5005 super

2045 5021 2146 5077 hac
2202 5024 2467 5076 sententia
2520 5023 2807 5088 videatur,
2863 5041 3145 5094 exponam.
3199 5027 3348 5093 Quod
3400 5031 3615 5097 quidem

2046 5115 2247 5169 diutius
2275 5116 2594 5179 detrectavi,
2618 5127 2842 5184 sperans
2864 5134 2946 5171 me
2968 5120 3216 5173 videlicet
3248 5136 3276 5175 a
3305 5122 3620 5175 beatissimo

2047 5207 2197 5275 prius
2228 5207 2533 5275 apostolica:
2582 5208 2726 5261 sedis
2769 5210 3011 5263 antistite
3057 5211 3329 5267 licentiam
3371 5223 3622 5281 acceptu-

2049 5313 2208 5351 rum:
2251 5297 2351 5351 hac
2398 5298 2659 5367 siquidem
2689 5301 3014 5355 transiturus
3053 5302 3103 5355 iu
3137 5306 3382 5370 proximo
3415 5306 3621 5358 fereba-

2048 5399 2151 5444 tur.
2196 5390 2288 5445 Sic
2320 5406 2554 5460 namque
2597 5391 2862 5459 integrum
2908 5395 3265 5450 decernebam
3292 5397 3621 5451 ecclesiasti-

2048 5496 2167 5536 cam
2198 5482 2491 5550 quamlibet
2535 5492 2769 5538 tractare
2799 5486 3103 5547 materiam,
3131 5486 3172 5540 si
3202 5488 3267 5540 ab
3294 5487 3407 5556 ipso
3436 5487 3623 5540 Eccle-

2049 5575 2141 5628 size
2168 5575 2412 5645 principe
2440 5576 2702 5629 tractandi
2734 5577 2862 5630 mihi
2889 5579 3183 5632 auctoritas
3210 5580 3491 5647 aspiraret.
3520 5579 3622 5631 Sed

2053 5681 2172 5720 cum
2206 5667 2338 5721 mihi
2375 5677 2679 5735 recurreret
2712 5668 2761 5722 in
2792 5671 3106 5724 memoriam
3128 5711 3142 5733 ,
3183 5670 3305 5739 quia
3330 5670 3441 5740 jam
3468 5685 3624 5724 vene-

2057 5757 2240 5813 rabilis
2270 5773 2404 5830 papa
2429 5760 2480 5813 in
2510 5768 2780 5829 postrema
2812 5761 3019 5831 synodo
3040 5775 3229 5821 omnes
3253 5761 3533 5834 episcopos
3559 5775 3624 5816 ex

3632 1944 3678 2003 Α
3708 1936 3888 1989 divina
3916 1936 4275 1992 obtestatione
4307 1943 4572 2011 rogaverEt
4596 1981 4611 2006 ,
4652 1950 4918 2012 quatenus
4951 1940 5050 1994 Dei
5086 1940 5284 1994 miseri-

3709 2030 3948 2081 cordiam
3996 2030 4045 2081 iu
4096 2044 4381 2085 commune
4427 2031 4815 2100 deposcerent;
4862 2034 5090 2100 utquid
5137 2050 5287 2103 super

3711 2120 3811 2172 hoc
3838 2121 4153 2188 scrupuloso
4184 2123 4398 2191 negotio
4426 2124 4817 2178 decernemlum
4848 2134 5017 2186 esset,
5051 2126 5285 2178 nutanti-

3712 2208 3809 2261 bus
3875 2210 4186 2273 revelaret;
4264 2213 4380 2281 ejus
4430 2229 4514 2267 me
4569 2215 4860 2268 arbitratus
4918 2216 5288 2271 obsecundare

3709 2315 3931 2367 prorsus
3969 2302 4214 2368 imperio,
4261 2305 4302 2356 si
4353 2303 4433 2357 vel
4479 2305 4702 2368 orando,
4736 2306 4814 2358 vei
4861 2306 5160 2360 scribendo
5191 2318 5289 2359 tam

3709 2392 3978 2447 tliﬂicilem
4032 2395 4239 2448 nodum'
4261 2399 4327 2450 de
4376 2398 4612 2452 Ecclesia
4646 2401 4877 2463 solvere.
4906 2416 5149 2470 superna
5184 2403 5291 2455 ιιιιι.

3708 2495 3955 2536 (escentc
3981 2486 4174 2550 gratia,
4229 2488 4542 2553 potuissem.
4570 2488 4904 2558 Quapropter
4948 2492 5001 2542 iu
5046 2492 5196 2543 illum
5234 2493 5289 2545 ﬂ-

3710 2574 3900 2625 dcliter
3952 2590 4180 2643 sperans
4219 2579 4308 2644 qui
4352 2580 4525 2647 aperit
4564 2579 4779 2641 librum,
4827 2591 4880 2633 et
4924 2581 5094 2635 solvit
5121 2585 5294 2652 signa-

3710 2665 3827 2718 cula
3856 2666 3967 2733 i‘jus
4000 2668 4341 2737 (Apoc.viii),
4376 2671 4643 2724 solvenda:
4666 2672 4820 2739 hujus
4843 2675 5168 2741 quastionis
5200 2679 5294 2730 iter

3710 2757 4021 2820 aggrediar;
4055 2766 4108 2809 et
4155 2759 4277 2826 quia
4321 2762 4472 2829 capia
4505 2761 4715 2815 dicendi
4763 2778 4865 2815 non
4902 2766 5175 2832 suppetit,
5210 2767 5293 2817 de-

3711 2846 3896 2909 Ictum:
3946 2848 4076 2902 mihi
4124 2849 4443 2904 obedientize
4486 2853 4662 2905 studio
4691 2893 4705 2916 ,
4751 2853 4838 2921 qui
4889 2854 5038 2922 loqui
5092 2856 5293 2920 nescio,

3712 2939 3932 2989 nutibus
3959 2938 4146 2990 saltem
4178 2940 4378 3007 gestire
4407 2943 4647 2994 tentabo.

4149 3047 4256 3118 37
4296 3049 4523 3103 CAPUT
4563 3049 4846 3104 ριιιιιυιι.

3714 3158 3865 3223 Quod
3917 3158 4154 3212 Christus
4186 3202 4199 3220 ,
4242 3164 4335 3213 etsi
4386 3179 4475 3229 per
4521 3162 4692 3229 plures
4749 3179 4844 3213 sua
4899 3164 5038 3215 dona
5098 3166 5292 3218 discer-

3782 3242 3889 3288 nat.
3951 3233 4003 3281 in
4040 3231 4150 3312 ipso
4193 3243 4363 3284 tamen
4409 3235 4574 3285 omnis
4613 3233 4792 3301 gratia:
4843 3231 5119 3300 plenitudo
5180 3251 5293 3303 per-

3784 3316 3829 3350 ιιι
3838 3318 3965 3353 οπερ
3976 3311 3989 3349 τ
3999 3341 4010 3351 .

3786 3389 4006 3443 Constat
4037 3390 4189 3458 plane
4227 3392 4574 3445 mediatorem
4608 3392 4719 3454 Dei,
4745 3406 4796 3446 et
4822 3393 5100 3446 honinum
5132 3394 5287 3447 Chri~

3716 3491 3859 3534 stum
3885 3482 4066 3534 Jesnin
4100 3482 4394 3535 Ecclesiam
4432 3499 4584 3537 suout
4627 3485 4703 3536 sic
4740 3483 5018 3537 ordinasse
5061 3485 5134 3536 ab
5174 3487 5285 3553 ipso

3720 3571 4106 3638 redemptionis
4154 3571 4402 3625 humanm
4453 3573 4774 3639 primordio;
4809 3582 4866 3625 ιιι
4911 3583 4965 3625 et
5013 3590 5112 3643 per
5144 3578 5294 3629 mini-

3719 3672 3862 3713 stros
3912 3662 4059 3713 verbi
4105 3662 4185 3715 sui
4222 3663 4608 3716 charismatum
4645 3664 4778 3716 dona
4811 3664 5199 3733 distingueret,
5243 3678 5290 3718 et

3721 3760 3896 3803 tamen
3949 3751 4000 3802 in
4051 3754 4227 3819 seipso
4273 3753 4510 3805 omnium
4568 3756 4854 3822 gratiarum
4904 3756 5290 3823 plenitudinem

3721 3843 4088 3910 principaliter
4123 3843 4400 3899 retineret.
4438 3843 4570 3897 Nam
4600 3844 4644 3898 is
4695 3846 4783 3913 qui
4831 3849 4958 3898 dicit
4997 3850 5290 3916 apostolis.

3727 3954 3742 3982 ι
3772 3932 4042 3986 Habemus
4065 3936 4373 3987 thesaurum
4401 3935 4558 3988 istum
4588 3936 4638 3989 in
4662 3937 4801 3990 vasis
4827 3937 5146 4008 ﬁctilibus“
5178 3939 5289 3993 Cor.

3723 4028 3879 4091 Iv);i
3951 4024 4090 4079 idem
4140 4027 4301 4078 etiam
4355 4025 4680 4089 conﬁtetur;
4740 4027 4911 4092 «Quia
4964 4029 5016 4080 iu
5080 4041 5293 4095 pectore

3721 4115 3848 4170 Jesu
3892 4125 4014 4169 sunt
4055 4132 4241 4169 omnes
4276 4117 4512 4170 thesauri
4546 4118 4817 4186 sapientia:
4847 4117 5147 4172 absconditi
5177 4118 5292 4186 (ϐου

3723 4207 3847 4258 loss.
3880 4208 3959 4276 ιι).
3980 4225 3995 4255 ι
4024 4205 4078 4259 Si
4112 4216 4287 4259 autem
4323 4206 4372 4260 in
4401 4218 4615 4275 pectore
4656 4206 4783 4263 Jesu
4833 4223 5022 4263 omnes
5055 4212 5290 4265 thesauri

3725 4308 3869 4360 sunt,
3902 4306 3955 4351 et
3990 4297 4118 4351 nihil
4146 4299 4442 4366 excipitur;
4472 4299 4596 4368 quid
4628 4313 4752 4368 ergo
4780 4298 5128 4367 relinquitur,
5156 4306 5292 4369 quod

3727 4389 3777 4440 in
3817 4387 3960 4439 vasis
4003 4385 4279 4440 hominum
4330 4385 4583 4440 ﬁctilibus
4627 4386 4982 4440 recondatur?
5011 4384 5119 4441 Sed
5154 4393 5293 4455 quod

3727 4478 3813 4530 ille
3848 4488 4013 4531 totum
4043 4476 4360 4531 naturaliter
4403 4477 4660 4544 possidet,
4706 4478 4804 4530 hoc
4839 4477 4910 4531 illi
4937 4492 5032 4546 per
5065 4481 5291 4544 gratiam

3727 4568 4138 4638 participatione
4199 4567 4340 4620 illius
4377 4568 4532 4636 juxta
4603 4582 4883 4622 mensuras
4934 4569 5157 4621 habent.
5225 4570 5294 4623 De

3725 4660 3827 4712 illis
3856 4659 3999 4712 enim
4030 4658 4262 4712 dicitur:
4312 4678 4327 4709 ι
4350 4657 4482 4724 Quia
4511 4669 4764 4727 operatur
4787 4675 4921 4711 unus
4964 4668 5125 4730 atque
5153 4660 5291 4715 idem

3723 4751 3980 4818 Spiritus,
4015 4750 4259 4803 dividens
4297 4751 4520 4819 singulis
4551 4760 4706 4820 prout
4732 4752 4840 4803 vult
4870 4750 4918 4819 (Ι
4942 4750 5068 4805 Cor.
5102 4755 5243 4819 xu);
5274 4772 5289 4801 ι

3724 4851 3779 4895 at
3811 4844 3875 4895 de
3904 4843 4175 4911 unigenito
4200 4842 4335 4896 Filio
4357 4843 4486 4896 dicit
4518 4841 4753 4898 Joannes
4791 4843 5061 4913 Baptista:
5109 4863 5128 4896 ι
5156 4843 5291 4899 Non.

3728 4932 3920 5000 inquit,
3954 4931 4019 4984 ad
4059 4947 4364 4985 mensuram
4411 4932 4502 4986 dat
4551 4932 4690 4987 Deus
4734 4933 5045 5003 Spiritum.-
5092 4934 5155 4988 Et
5203 4937 5294 4988 ite—

3725 5041 3891 5076 rum:
3957 5043 3975 5074 ι
4020 5024 4094 5079 De
4157 5024 4488 5095 plenitudine
4553 5025 4670 5097 ejus
4732 5040 4916 5080 omnes
4982 5026 5291 5095 accepimus

3723 5114 3905 5183 (Joan.
3931 5116 4021 5180 ι).ι

3796 5207 3926 5271 Quia
3955 5220 4082 5275 ergo
4109 5206 4175 5260 ab
4209 5204 4298 5259 illo
4340 5220 4446 5259 uno
4495 5205 4642 5261 fonte
4670 5222 4855 5261 omnes
4881 5205 5003 5274 justi
5035 5206 5290 5262 hauriunt

3727 5298 3867 5351 unde
3895 5298 4108 5360 vivant;
4141 5298 4204 5350 ad
4233 5297 4381 5350 illum
4428 5312 4648 5354 iteceSSe
4675 5308 4756 5352 est
4780 5337 4795 5362 ,
4843 5312 5051 5365 semper
5091 5301 5287 5365 gratias

3730 5391 3956 5459 agendo,
3986 5399 4264 5444 recurrant
4289 5407 4302 5453 ;
4331 5404 4429 5445 nec
4451 5404 4695 5459 supernae
4723 5391 4906 5470 gratia:
4929 5391 5068 5444 dona
5098 5393 5169 5445 ab
5188 5393 5288 5444 alio

3732 5496 3787 5534 se
3816 5495 3973 5549 posse
3995 5482 4272 5550 percipere
4295 5483 4535 5547 credant,
4564 5484 4665 5538 nisi
4695 5484 4807 5551 ipso
4832 5484 5109 5551 largiente,
5137 5500 5166 5537 a
5189 5500 5286 5551 quo

3733 5573 3845 5627 lucc
3877 5581 4081 5625 certum
4124 5583 4208 5627 est
4246 5588 4517 5627 emanare.
4551 5573 4652 5640 Qui
4685 5574 4827 5627 enim
4869 5573 5029 5627 divini
5077 5574 5285 5627 iuminis

3734 5681 3838 5719 non
3872 5663 4001 5730 Deo,
4031 5666 4123 5719 sed
4173 5665 4374 5720 homini
4421 5680 4479 5720 se
4526 5665 4790 5725 debitores
4819 5665 5150 5733 existimant,
5178 5674 5285 5718 tau.

3735 5773 3898 5828 quam
3929 5772 3959 5812 a
3979 5756 4069 5815 sui
4091 5755 4255 5813 fontis
4294 5757 4606 5828 irrigatione
4629 5758 4838 5823 siccati,
4862 5770 5078 5813 necesse
5103 5765 5205 5820 est,
5233 5765 5285 5807 ιιι
