5392 6508
933 383 1026 440 l0!

1698 373 1945 435 OPUSC.
1989 370 2073 428 Vl.
2112 397 2184 412 —-
2220 359 2426 423 LIBER
2465 358 2585 429 QUI
2622 358 2901 420 Dle'l'UR
2936 362 3429 422 GRA’I'ISSIIIUS.

4118 365 4224 427 illi

928 498 1247 561 deﬁcientes
1273 507 1555 559 arescant;
1586 508 1688 550 nee
1711 494 1765 548 in
1789 490 2097 562 semetipsis
2119 487 2303 542 valent
2331 484 2517 544 ﬂuere,
2546 479 2599 541 Δ
2626 493 2751 533 cum
2795 479 2963 535 dicit:
3023 499 3041 532 ι
3067 480 3145 537 [te
3194 480 3250 535 in
3304 482 3493 536 orbem
3540 478 3855 535 universum
3882 520 3897 543 ,
3948 480 4226 553 baptizata

928 589 1056 645 dum
1103 590 1170 644 ab
1222 588 1469 660 originali
1522 583 1861 660 plenitudine
1908 581 2077 636 fontis
2120 578 2523 634 obliviscuntur

928 680 1229 736 ubertatem
1266 654 1380 735 suae
1426 654 1781 749 vegetationis
1818 674 2060 728 haurire.
2095 670 2249 737 Unde
2287 685 2395 723 non
2438 669 2521 722 in-

927 784 1166 841 congrue
1214 784 1311 838 per
1354 754 1700 823 Salomonem
1750 765 1989 820 dicitur:
2030 781 2048 813 ι
2073 760 2291 825 Omnia,
2319 760 2515 829 inquit,

925 860 1150 916 ﬂumina
1174 862 1377 915 intrant
1406 860 1460 914 in
1493 874 1664 923 mare,
1686 867 1741 912 et
1769 872 1920 913 mare
1950 870 2056 910 non
2091 854 2359 909 redundat
2384 870 2397 907 :
2450 852 2518 906 ad

928 953 1107 1009 locum
1137 953 1278 1005 unde
1310 959 1532 1012 exeunt,
1561 951 1782 1005 ﬂumina
1816 955 2199 1011 revertuntur,
2230 956 2291 999 ut
2320 945 2516 999 iterum

926 1043 1097 1101 ﬂuant
1137 1039 1336 1113 (Eccle.
1367 1043 1462 1115 1).»
1509 1042 1664 1098 Hune
1700 1056 2012 1105 excursum,
2047 1048 2210 1111 atque
2236 1053 2517 1094 recursum

926 1128 1286 1206 spiritualium
1339 1126 1623 1189 ﬂumirium
1670 1133 1900 1206 mystice
1955 1132 2133 1210 Lucas
2180 1130 2515 1201 evangelista

924 1225 1202 1287 describit,
1226 1241 1347 1280 cum
1388 1226 1464 1279 ait
1493 1243 1506 1279 :
1550 1244 1568 1277 ι
1590 1225 1750 1291 Quia,
1774 1224 2093 1280 convocatis
2117 1222 2276 1278 Jesus
2314 1223 2516 1277 duode—

922 1319 1031 1375 clm
1082 1316 1371 1387 apostolis,
1422 1316 1570 1373 dedit
1618 1316 1723 1371 illis
1774 1316 2029 1369 virtutem
2086 1322 2142 1369 et
2186 1322 2512 1385 potestatem

922 1423 1083 1480 super
1102 1410 1283 1463 omnia
1306 1408 1592 1471 daemonia,
1635 1417 1690 1462 et
1729 1416 1789 1461 ut
1823 1406 2113 1479 languores
2140 1392 2416 1468 curarent,
2457 1408 2515 1458 et

922 1499 1073 1572 misi}
1116 1499 1234 1553 illos
1270 1483 1565 1571 praedicare
1600 1513 1823 1568 regnum
1877 1498 1972 1553 Dei
2024 1496 2175 1563 (Luc.
2209 1495 2338 1568 is)»
2372 1495 2513 1550 Ecce

920 1606 1176 1661 egressus
1203 1590 1482 1645 ﬂuminum
1510 1611 1525 1659 ;
1576 1606 1641 1644 ac
1661 1588 2005 1661 postmodum
2035 1587 2253 1670 subdit:
2293 1606 2311 1639 ε
2336 1586 2400 1642 Ει
2422 1603 2508 1641 re-

918 1683 1061 1737 versi
1091 1682 1317 1752 apostoli
1352 1692 1714 1735 narraverunt
1767 1680 1839 1735 illi
1888 1693 2226 1750 qumcunque
2267 1676 2513 1733 fecerunt

919 1761 1133 1843 (Ibid).
1166 1792 1184 1824 ι
1213 1773 1355 1827 Ecce
1384 1773 1615 1827 reditum
1644 1771 1947 1826 ﬂuminum.
1977 1787 1996 1820 ι
2020 1769 2100 1824 Ad
2142 1769 2319 1823 loeum
2354 1782 2505 1838 ergo,

916 1863 1059 1918 unde
1084 1871 1306 1926 exeunt,
1338 1861 1557 1915 ﬂumina
1588 1868 1965 1922 revertuntur;
1988 1878 2006 1908 ι
2046 1857 2172 1927 quia
2201 1856 2360 1911 electi
2390 1856 2507 1925 qui-
2538 1830 2586 1891 Β

914 1970 1023 2027 que
1054 1956 1130 2009 illi
1169 1970 1228 2010 se
1250 1956 1519 2009 debitores
1540 1968 1661 2008 esse
1692 1969 1797 2007 non
1830 1934 2135 2022 ambigunt,
2164 1965 2193 2003 a
2224 1964 2333 2018 quo
2358 1947 2505 2002 vide-

911 2046 1039 2102 licet
1062 2047 1356 2101 hauserant
1387 2060 1546 2099 omne
1580 2044 1724 2114 quod
1750 2043 2107 2113 spiritualiter
2127 2040 2321 2095 ﬂuunt.
2350 2038 2505 2096 Unde

911 2145 969 2193 et
1017 2136 1214 2190 Paulus
1259 2136 1373 2189 ait:
1434 2135 1779 2189 «Divisiones
1830 2149 1960 2188 vero
2006 2134 2306 2203 gratiarum
2352 2140 2501 2197 sunt,

908 2229 1055 2284 idem
1083 2236 1263 2282 autem
1293 2227 1569 2298 Spiritus;
1610 2240 1665 2282 et
1713 2226 2011 2281 divisiones
2038 2225 2501 2279 ministrationum

907 2330 1060 2388 sunt,
1085 2322 1230 2375 idem
1260 2333 1441 2375 autem
1472 2310 1765 2385 Dominus;
1809 2330 1863 2374 et
1908 2320 2203 2373 divisiones
2231 2321 2475 2387 operatio

908 2430 1039 2469 num
1083 2422 1229 2477 sunt,
1273 2413 1411 2467 idem
1446 2429 1572 2467 vero
1604 2414 1764 2475 Deus,
1808 2412 1898 2482 qui
1930 2421 2185 2483 operatur
2221 2412 2402 2465 omnia
2446 2412 2499 2465 in

905 2504 1210 2558 omnibus»
1268 2502 1471 2572 Nempe
1514 2519 1635 2557 cum
1689 2504 1923 2573 primum
1977 2513 2141 2572 ponat
2191 2502 2493 2573 Spiritum,

908 2593 1105 2648 deinde
1132 2594 1420 2663 subjungat
1453 2594 1760 2655 Dominum,
1793 2585 2069 2662 postremo
2097 2592 2285 2656 Deum,
2319 2602 2501 2648 osten-

907 2681 990 2736 dit
1010 2693 1250 2736 sanctam
1268 2682 1614 2747 Trinitatem,
1630 2698 1795 2737 unum
1812 2682 2018 2735 scilicet
2044 2683 2234 2745 Deum,
2252 2683 2496 2736 omnium

906 2777 1208 2847 gratiarum
1253 2792 1375 2832 esse
1426 2777 1799 2831 indubitanter
1831 2786 2134 2831 auctorem.
2192 2776 2309 2844 Ipse
2350 2776 2494 2828 enim

906 2882 1004 2922 sua
1032 2867 1172 2920 dona
1200 2866 1497 2927 distribuit,
1532 2868 1623 2935 qui
1654 2866 1991 2935 singulorum
2033 2866 2250 2929 merita,
2274 2876 2327 2919 et
2368 2879 2495 2934 ope-

906 2973 1026 3012 rum
1048 2958 1389 3012 diversitates
1420 2959 1629 3013 occulta
1659 2957 1969 3027 provisione
1998 2957 2281 3011 discernit.

1456 3073 1572 3142 ss
1606 3071 1835 3126 CAPUT
1873 3070 1931 3124 ll.

2622 587 2815 627 omnes
2855 574 2909 627 in
2953 575 3174 629 nomine
3202 573 3405 638 Patris,
3445 582 3502 629 et
3532 572 3677 639 Filii,
3700 584 3755 628 et
3779 573 4017 645 Spiritus
4045 577 4224 633 sancti

2625 662 2842 733 (Matth.
2871 667 3098 731 xxvm);
3128 685 3145 717 ι
3178 667 3461 721 evidenter
3488 666 3758 730 ostendit,
3799 668 3928 736 quia
3958 682 4063 721 non
4092 650 4221 738 ipsi,

2623 755 2716 809 sed
2767 755 3076 824 illeprocul
3126 757 3290 812 dubio
3340 757 3689 827 baptismatis
3741 764 3933 812 auctor
3978 767 4121 822 erat,
4165 758 4220 813 in

2620 845 2781 915 cujus
2830 846 2906 901 illi
2970 848 3187 903 nomine
3240 848 3606 919 baptizabant.
3669 847 3823 903 Unde
3878 861 3935 904 et
3981 848 4222 905 Joannes

2620 939 2861 1011 Baptista
2915 936 3112 997 dicit:
3147 960 3165 992 ι
3196 941 3298 1008 Qui
3338 957 3426 997 me
3470 941 3615 995 misit
3646 941 3923 1010 baptizare
3956 943 4011 996 in
4051 957 4218 1011 aqua,

2619 1031 2710 1086 ille
2740 1032 2870 1086 mihi
2912 1034 3089 1088 dixit:
3132 1032 3309 1102 Super
3360 1048 3521 1103 quem
3575 1032 3778 1088 videris
3828 1032 4089 1105 Spiritum
4131 1035 4222 1090 de-

2618 1122 2989 1186 scendentem,
3022 1132 3079 1178 et
3108 1134 3416 1178 manentem
3454 1137 3619 1191 super
3652 1137 3777 1177 eum
3799 1164 3813 1187 ,
3852 1123 3943 1178 hic
3983 1132 4090 1187 est,
4122 1124 4219 1195 qui

2616 1212 2859 1284 baptizat
2884 1212 3065 1284 (Joan.
3100 1215 3231 1281 ιη.»
3278 1213 3345 1268 Et
3374 1223 3552 1284 tamen
3600 1213 3935 1281 evangelista
3971 1211 4214 1275 Joannes

2617 1307 2726 1363 ait:
2762 1328 2779 1356 ί
2802 1306 3122 1374 Quanquam
3160 1306 3318 1362 Jesus
3346 1322 3454 1360 non
3486 1306 3813 1376 baptizaret,
3840 1307 3934 1361 sed
3962 1306 4214 1377 discipuli

2615 1396 2787 1467 ejus.)
2820 1398 2961 1453 Ecce
2991 1398 3250 1452 Dominus
3282 1414 3387 1451 non
3417 1393 3681 1468 baptizat,
3708 1406 3764 1451 et
3812 1406 3995 1453 tamen
4028 1397 4094 1452 de
4122 1397 4217 1453 illo

2613 1490 2849 1545 dicitur:
2899 1489 3038 1545 «Hic
3080 1499 3194 1555 est,
3246 1491 3337 1560 qui
3388 1492 3674 1560 baptizat;
3717 1510 3735 1543 ι
3782 1490 3908 1560 quia
3964 1490 4217 1561 quisquis

2613 1581 2925 1651 baptizandi
2956 1584 3177 1639 exhibet
3202 1584 3586 1647 ministerium,
3622 1583 3709 1636 ille
3737 1591 3916 1637 tamen
3949 1591 4215 1653 operatur

2612 1673 2829 1731 virtutis
2851 1676 3056 1729 intima:
3086 1682 3509 1730 sacramentum.

3233 1785 3462 1843 CAPUT
3511 1784 3598 1842 ΙΙΙ.

2686 1878 2839 1945 Quod
2870 1880 3004 1933 sicut
3050 1895 3187 1933 unus
3216 1889 3292 1933 est
3323 1918 3337 1943 ,
3377 1880 3468 1948 qui
3499 1878 3768 1945 baptizat;
3804 1876 3879 1929 ita
3905 1892 4041 1930 turus
4071 1875 4211 1932 idem

2610 1960 2708 2015 est,
2731 1953 2822 2021 qui
2862 1950 3225 2019 principaliter
3249 1960 3541 2002 consecrat.

2683 2040 2741 2097 Si
2772 2042 2895 2112 quis
2934 2052 3112 2095 autem
3154 2040 3286 2094 mihi
3332 2038 3582 2093 fertassis
3612 2038 3853 2107 objicia,
3903 2038 4049 2093 aliud
4087 2052 4214 2096 esse

2606 2133 2934 2204 baptismum
2966 2132 3218 2186 humana:
3262 2129 3715 2201 regenerationis,
3749 2127 3895 2182 aliud
3919 2142 4215 2183 conscen-

2609 2226 2772 2280 tionis
2825 2224 3211 2279 ecclesiastica:
3262 2222 3620 2293 dignitatem;
3682 2235 3782 2275 nos
3837 2219 4099 2289 quidquid
4156 2219 4212 2274 in

2608 2318 2710 2373 hac.
2740 2328 2893 2389 parte
2922 2318 2987 2371 de
3014 2315 3284 2386 baptismo
3311 2312 3604 2374 credimus.
3647 2320 3818 2365 totum
3852 2310 4207 2365 nihilominus

2606 2411 2753 2465 etde
2780 2407 3192 2463 consecratione
3228 2406 3516 2459 sentimus.
3555 2402 3691 2458 Nam
3738 2418 3860 2457 cum
3907 2403 4211 2471 baptismus

2606 2503 2771 2558 t0tius
2796 2500 3153 2557 ecclesiastici
3182 2498 3513 2553 sacramenti
3558 2498 3712 2567 origo
3758 2500 3857 2561 sit,
3900 2506 4065 2565 atque
4095 2498 4205 2566 pri-

2601 2595 2893 2657 mordium,
2924 2594 3067 2649 sicut
3092 2592 3391 2661 baptismus
3420 2588 3513 2645 Dei
3544 2599 3631 2643 est
3676 2597 3732 2644 et
3774 2605 3882 2643 non
3946 2588 4205 2651 hominis,

2600 2688 2676 2743 ita
2729 2686 2984 2739 nimirum
3046 2684 3224 2739 omnis
3278 2680 3651 2737 ecclesiastica
3706 2680 4049 2735 eomecratio
4124 2680 4203 2735 illi

2599 2776 2909 2847 specialiter
2936 2775 3222 2845 competit,
3260 2789 3290 2827 a
3328 2787 3437 2841 quo
3467 2772 3710 2825 omnium
3761 2770 4203 2827 benedictionum

2597 2868 2711 2940 89
2733 2866 3012 2937 plenitudo
3034 2863 3309 2935 proﬂuxit.
3349 2863 3425 2916 De
3452 2877 3559 2931 quo
3591 2861 3842 2914 videlicet
3868 2860 4163 2929 Apostolus
4187 2878 4200 2915 :

2604 2981 2622 3012 ι
2664 2961 2766 3026 Qui
2795 2958 3073 3013 benedixit
3115 2972 3235 3027 nos,
3266 2954 3460 3024 inquit,
3489 2952 3638 3007 omni
3675 2952 4055 3008 benedictione
4081 2950 4198 3020 spi-

2599 3025 2780 3107 rituali
2839 3052 2891 3104 in
2937 3049 3251 3103 eualcstibus
3283 3044 3500 3115 (Ep/tes.
3556 3045 3614 3113 ι).
3642 3064 3659 3094 ι
3696 3042 3883 3113 Neque
3925 3044 4070 3097 enim
4116 3025 4211 3099 vel

976 3162 1131 3239 Quod
1179 3165 1423 3217 sacerdos
1470 3166 1697 3218 exterius
1740 3165 2038 3227 ministrat,
2096 3163 2186 3217 sed
2226 3162 2370 3219 Deus
2408 3162 2488 3217 iu-
2518 3172 2569 3239 α
2600 3144 2715 3214 ipse
2747 3143 3089 3239 balﬁis'f‘l‘sf.

2096 3163 2186 3217 κά
2226 3162 2370 3219 De“,
2408 3162 2488 3217 in.
2518 3172 2569 3239 α
2600 3144 2715 3214 ipse
2747 3143 3071 3210 baptismus,
3113 3140 3195 3192 vel
3247 3152 3472 3207 prorsus
3501 3136 3683 3204 aliqua
3714 3136 4055 3188 consecratio
4085 3150 4200 3189 ma-

902 3236 1177 3289 uisibiliter
1218 3246 1507 3287 consecrat.

974 3328 1310 3397 Quapropter
1357 3328 1515 3395 plena
1561 3328 1664 3381 fide
1711 3328 2040 3385 credendum
2086 3336 2191 3391 est,
2230 3328 2374 3395 quod
2417 3328 2496 3381 sic

902 3420 1167 3475 ministris
1192 3420 1305 3475 suis
1326 3419 1576 3474 Christus
1622 3418 2008 3473 ecclesiasticae
2057 3419 2494 3474 consecrationis

902 3508 1113 3578 delegat
1141 3507 1400 3573 oﬂieium,
1426 3519 1481 3562 ut
1509 3517 1685 3561 tamen
1711 3509 1851 3576 apud
1882 3524 1942 3562 se
1972 3508 2213 3561 omnium
2238 3508 2492 3561 ordinum

901 3600 1178 3653 contineat
1209 3598 1583 3667 principaliter
1615 3612 2020 3651 sacramentum
2048 3614 2061 3659 ;
2105 3596 2291 3665 sicque
2320 3597 2494 3651 servis

902 3688 1259 3759 promovendi
1296 3701 1589 3741 conservus
1616 3686 1979 3739 ministerium
2010 3694 2279 3756 prterogat
2302 3726 2317 3749 ,
2348 3696 2405 3738 ut
2439 3687 2491 3740 in

903 3774 1173 3835 neminem
1207 3780 1379 3848 ipsum
1404 3778 1759 3833 consecrandi
1787 3776 1899 3843 jus,
1934 3778 2297 3845 virtutemque
2327 3786 2494 3831 trans-

901 3868 1113 3923 fundat.
1146 3870 1299 3923 Licet
1326 3868 1468 3922 enim
1511 3867 1795 3936 poutitices
1842 3882 1937 3937 per
1982 3864 2233 3933 iniuncta:
2262 3866 2495 3920 admini-

902 3960 1189 4015 strationis
1238 3957 1471 4013 oﬂicium
1515 3972 1838 4013 consecrare
1886 3958 2215 4023 vidcantur;
2258 3958 2351 4011 sed
2404 3958 2492 4011 ille

900 4051 1169 4105 veraciter
1195 4060 1499 4113 censecrat,
1532 4050 1621 4118 qui
1661 4047 1923 4117 Spiritum
1954 4058 2204 4102 sanctum
2247 4048 2491 4101 invisibi-

900 4141 1026 4195 liter
1069 4143 1177 4194 dat.
1227 4142 1379 4195 Alius
1428 4156 1661 4209 namque
1702 4150 1804 4204 est,
1848 4141 1941 4211 qui
1983 4150 2143 4206 orat;
2187 4140 2345 4207 alius,
2398 4141 2489 4210 qui

899 4232 1142 4288 exaudit.
1173 4232 1326 4287 Alter
1354 4233 1462 4298 ille,
1488 4234 1579 4302 qui
1607 4234 1741 4302 petit
1767 4250 1781 4297 ;
1823 4234 1980 4295 alter,
2014 4236 2104 4302 qui
2136 4234 2491 4302 petitionibus

900 4328 1111 4381 annuit.
1136 4325 1268 4393 Quis
1292 4340 1376 4381 est
1400 4327 1571 4393 enim,
1616 4328 1707 4396 qui
1735 4342 1793 4380 se
1818 4327 1977 4381 Petro
1998 4334 2051 4381 et
2072 4326 2265 4381 Joanui
2293 4328 2489 4381 audeat

896 4421 1250 4489 comparare?
1282 4421 1347 4474 Et
1371 4430 1547 4474 tamen
1578 4421 1643 4474 de
1674 4420 1805 4489 ipsis
1831 4420 2066 4475 dicitur:
2111 4438 2128 4471 ‹
2156 4420 2288 4485 Quia
2335 4418 2486 4473 missi

2600 3248 2768 3309 gnum
2800 3231 3007 3299 aliquid
3037 3230 3334 3291 diceretur,
3370 3225 3471 3278 nisi
3501 3225 3699 3278 intuitu
3741 3223 3981 3291 Spiritus
4007 3224 4201 3288 sancti,

2600 3325 2695 3394 qui
2747 3338 2845 3391 per
2893 3320 3155 3375 exercitia
3209 3318 3297 3372 illa
3354 3318 3629 3371 tribuitur.
3668 3314 3828 3379 Nam,
3875 3324 3941 3368 ut
3983 3315 4203 3381 dicitur,

2598 3415 2728 3483 quid
2775 3422 2858 3466 est
2908 3426 3068 3479 aqua,
3106 3408 3204 3462 nisi
3251 3408 3425 3475 aqua?
3459 3406 3564 3459 Sed
3616 3405 3828 3459 accedit
3875 3406 4099 3459 verbum
4136 3405 4205 3460 ad

2597 3504 2943 3564 elementum,
2967 3511 3022 3554 et
3056 3499 3423 3553 descendente
3450 3494 3677 3565 Spiritu,
3698 3495 4205 3551 ﬂtsacrantentum.

2667 3597 2799 3651 Cum
2833 3610 2963 3664 ergo
3002 3594 3055 3646 in
3088 3602 3320 3661 utroque
3363 3590 3817 3645 sanctificationis
3864 3606 4067 3660 genere
4100 3590 4206 3646 hoe

2598 3690 2669 3745 sit
2713 3699 2883 3742 totum
2926 3696 3090 3755 atque
3144 3686 3515 3755 magnificum,
3555 3684 3698 3752 quod
3744 3683 3861 3739 sive
3894 3684 3962 3737 ab
3995 3684 4081 3751 iis,
4110 3686 4205 3755 qui

2598 3783 2979 3851 baptizantur,
3015 3779 3129 3832 sive
3171 3778 3240 3831 ab
3272 3778 3355 3842 iis,
3394 3780 3483 3848 qui
3510 3779 3929 3843 consecrantur,
3965 3776 4203 3847 Spiritus

2597 3886 2821 3932 sanctus
2868 3874 3171 3943 accipitur,
3221 3873 3365 3925 sicut
3404 3886 3511 3925 non
3560 3870 3809 3927 humanae
3856 3871 4068 3937 virtuti,
4114 3872 4200 3929 vel

2596 3968 2878 4040 potestati,
2926 3968 3019 4022 sed
3069 3967 3279 4020 auctori
3315 3961 3426 4019 Deo
3479 3963 3783 4033 baptismus
3812 3966 4146 4025 adscribitur
4181 3984 4197 4022 :

2596 4060 2667 4113 ita
2698 4058 3049 4113 nihilominus
3076 4066 3130 4110 et
3156 4055 3413 4125 qurelibct
3440 4055 3813 4111 ecclesiastica
3847 4057 4200 4127 consecratio

2596 4153 2661 4207 ad
2692 4152 2840 4204 illum
2869 4165 2966 4221 per
2995 4142 3197 4212 omnia,
3231 4162 3455 4204 necesse
3476 4157 3581 4217 est,
3616 4146 3905 4210 referatur,
3928 4130 4202 4218 operante

2596 4244 2865 4312 siquidem
2894 4243 2947 4294 in
2971 4241 3217 4308 utrisque
3250 4240 3567 4295 multiformi
3595 4241 3769 4309 gratia
3798 4241 3925 4305 Dei;
3958 4250 4088 4295 etut
4121 4241 4195 4297 illi

2595 4335 2990 4390 absolutionem
3037 4332 3323 4386 obtineant
3362 4341 3739 4400 peccatorum,
3772 4342 3829 4386 et
3872 4333 3959 4386 isti
4005 4348 4200 4401 prove-

2593 4426 2793 4480 hantur
2816 4425 2881 4477 ad
2906 4423 3269 4493 spiritualium
3292 4422 3514 4477 ordines
3553 4424 3897 4493 dignitatum.
3928 4423 4005 4476 illi
4047 4426 4198 4481 exuti

898 4512 1202 4566 Samariam
1228 4553 1241 4575 ι
1294 4514 1633 4581 ἰιηροιιεηιες
1681 4528 1877 4566 manus
1927 4512 2021 4576 iis.
2077 4512 2169 4579 (illi
2224 4512 2483 4581 Ιιδριὶῑειιὶ
2516 4524 2567 4585 D
2592 4529 2831 4574 veterem
2861 4533 2985 4573 cum
3016 4516 3227 4570 actibus
3255 4516 3484 4579 erroris,
3518 4531 3719 4570 novum
3753 4516 3979 4572 induant
4023 4519 4203 4574 homi-

895 4600 1135 4667 fuerant,
1162 4614 1458 4657 oraverunt
1488 4619 1584 4672 pro
1611 4603 1765 4673 ipsis,
1803 4613 1855 4657 et
1896 4603 1971 4655 illi
2010 4612 2340 4672 acceperunt
2367 4602 2488 4671 Spi-

896 4701 1062 4755 ritum
1087 4708 1335 4752 sanetum
1372 4698 1509 4765 (Act.
1536 4700 1675 4767 vni).
1716 4716 1733 4747 ι
1773 4696 1889 4751 Non
1918 4711 2048 4765 ergo
2090 4711 2277 4749 eorum
2325 4695 2489 4767 largi-

896 4803 1032 4857 tate,
1062 4793 1156 4847 sed
1185 4792 1508 4851 ministerio,
1535 4806 1598 4843 ac
1621 4790 1845 4859 proinde
1869 4804 1975 4842 ttOn
2003 4788 2108 4841 illis
2135 4788 2483 4851 donantibus,

894 4886 991 4941 sed
1040 4884 1361 4946 orantibus,
1409 4880 1644 4949 Spiritus
1696 4889 1917 4934 sanctus
1971 4894 2136 4947 super
2197 4880 2486 4933 credentes

894 4974 1122 5043 illapsus
1149 4983 1232 5028 est
1257 4973 1443 5043 (Hebr.
1472 4974 1569 5039 ut).
1613 4971 1766 5025 Unus
1807 4982 1889 5025 est
1917 4972 2062 5025 enim
2098 4970 2354 5025 sacerdos
2378 4987 2484 5024 nta-

892 5079 1055 5135 gnus,
1094 5079 1231 5117 unus
1271 5062 1510 5132 pontifex
1542 5077 1791 5115 summus
1817 5104 1830 5125 ,
1876 5061 1965 5131 qui
2018 5059 2261 5113 introivit
2291 5060 2484 5123 semel,

891 5173 1001 5212 non
1035 5159 1085 5210 in
1107 5155 1361 5227 qualibet
1396 5165 1582 5209 sancta
1612 5163 1943 5215 sanctorum,
1969 5152 2060 5205 sed
2096 5152 2146 5204 in
2171 5152 2346 5219 ipsum
2374 5166 2477 5205 ca:-

890 5249 1027 5310 lum,
1062 5258 1120 5301 ut
1147 5256 1407 5317 appareat
1440 5246 1609 5300 vultui
1640 5246 1730 5300 Dei
1753 5260 1853 5313 pro
1877 5244 2051 5297 nobis.
2086 5243 2164 5297 Ex
2192 5257 2300 5311 quo
2331 5243 2480 5295 vide-

889 5341 1037 5400 licet,
1080 5349 1334 5408 tanqnant
1382 5339 1613 5405 quodam
1646 5336 1880 5399 vertice,
1910 5350 2071 5388 omne
2105 5332 2478 5387 Sacerdotium

886 5445 991 5503 per
1034 5429 1288 5484 Ecclesia:
1337 5428 1573 5480 .nembra
1621 5423 1969 5488 diffunditur;
2003 5439 2183 5486 omne,
2216 5423 2357 5491 quod
2394 5438 2483 5476 sa-

888 5539 1048 5580 crum
1070 5532 1169 5586 est,
1203 5522 1547 5576 iueﬂ‘abiliter
1578 5529 1927 5592 propagatur.
1968 5520 2120 5575 Unde
2160 5534 2283 5573 eum
2322 5519 2482 5573 disci-

888 5615 1049 5690 pulos
1076 5616 1141 5667 ad
1164 5612 1546 5683 baptizandum
1577 5611 1761 5674 misit,
1811 5625 1918 5664 non
1950 5610 2001 5663 in
2028 5623 2123 5664 eos
2154 5610 2479 5663 sacramenti

890 5713 1147 5767 virtutem
1206 5706 1522 5767 transtulit.
1574 5706 1670 5761 sed
1719 5703 2086 5760 obedientiam
2139 5702 2370 5767 indidit;
2425 5712 2481 5758 et

890 5817 999 5858 non
1030 5807 1279 5855 auctores
1318 5795 1571 5866 baptismi
1620 5795 1711 5851 sed
1765 5793 2046 5850 ministros
2091 5788 2295 5847 eﬂ‘ecit.
2343 5790 2477 5845 Nam

2595 4628 2751 4676 nem;
2783 4611 2873 4665 isll
2901 4619 3156 4679 tanquam
3191 4609 3513 4664 sacerdotes
3554 4608 3645 4663 Dei
3699 4610 3995 4666 induantur
4032 4610 4196 4679 justi-

2595 4702 2690 4756 tia.
2720 4702 2798 4754 llli
2841 4701 2995 4771 quasi
3026 4700 3187 4753 modo
3214 4700 3381 4770 geniti
3417 4698 3652 4754 infantes
3683 4700 4038 4756 rationabiles
4070 4700 4191 4759 sine

2592 4796 2715 4850 dolo
2743 4794 2826 4847 lac
2859 4794 3277 4863 concupiscant;
3317 4791 3402 4845 isti
3440 4802 3498 4845 ut
3525 4792 3847 4860 perveniant
3888 4792 3939 4845 in
3970 4808 4193 4849 mensu-

2593 4902 2708 4939 ram
2739 4887 2916 4940 mtatis
2944 4884 3299 4955 plenitudinis
3329 4883 3555 4937 Christi.
3584 4882 3856 4952 Operatur
3892 4883 3945 4936 in
3981 4884 4109 4950 illis,
4136 4894 4194 4941 ut

2595 4979 2727 5031 liant
2758 4976 2851 5030 filii
2883 4976 3212 5046 ad0ptionis,
3251 4976 3303 5028 in
3349 4975 3466 5029 istis
3495 4983 3676 5029 autem
3708 4983 3763 5027 ut
3815 4976 3916 5029 sin'
3955 4976 4191 5033 minis'ri

2590 5082 2644 5125 et
2680 5071 3083 5139 dispensatores
3114 5067 3539 5121 ministeriorum
3578 5066 3690 5125 Dei.
3720 5066 3799 5120 llli
3830 5083 4064 5139 namque
4090 5085 4191 5139 per

2593 5160 2856 5230 Spiritum
2891 5168 3250 5214 renascuntur
3283 5172 3297 5211 :
3334 5157 3419 5211 isti
3454 5158 3645 5211 eodem
3692 5157 4021 5225 disponente
4064 5158 4190 5228 Spi-

2594 5254 2718 5311 ritu,
2744 5252 2881 5321 jam,
2912 5261 2969 5304 ut
2995 5250 3133 5303 ﬁlios
3158 5250 3250 5303 Dei
3282 5258 3561 5318 generem,
3583 5248 4187 5320 prmferuntquphes.

2588 5361 2672 5406 tv;
2706 5341 2907 5396 Coloss.
2944 5356 3037 5401 ut;
3075 5338 3221 5393 Psat.
3268 5354 3461 5403 cum;
3502 5338 3529 5391 1
3568 5337 3713 5392 Petr.
3762 5355 3831 5404 n;
3876 5337 4067 5408 Epiros.
4103 5356 4189 5409 tv;

2595 5432 2743 5487 Rom.
2778 5448 2907 5497 vut;
2935 5430 3114 5484 Galut.
3150 5446 3233 5495 tv;
3276 5428 3468 5497 Eplies.
3500 5446 3551 5489 t;
3586 5428 3612 5483 Ι
3651 5428 3774 5483 Cor.
3810 5431 3906 5498 tv).

3199 5522 3428 5578 CAPUT
3468 5522 3561 5576 Π.

2586 5617 2742 5684 Quod
2775 5620 3031 5673 Dominus
3062 5634 3181 5671 cum
3215 5617 3470 5699 baptisma
3499 5616 3659 5669 simul
3682 5628 3729 5673 et
3756 5616 4187 5686 sucerdotiijura

3254 5698 3501 5757 surrepit.

2655 5781 2881 5838 Sincera
2942 5780 3107 5852 igitur
3154 5788 3316 5849 atque
3364 5777 3575 5848 integra
3632 5778 3765 5832 fides
3814 5778 3995 5844 habet,
4037 5778 4185 5850 quod
