5392 6532
924 416 1012 473 1⁸05

1661 405 1904 464 orusc.
1952 404 2035 458 Vl.
2075 433 2145 444 -
2184 399 2387 457 LIBER
2427 398 2543 466 QUI
2585 394 2861 452 eici'ren
2904 354 3394 449 GRA’l'ISSlMUS.

4044 387 4175 442 106

922 522 1185 593 diligenter
1219 518 1523 589 inspicitur,
1566 531 1667 570 nec
1705 518 1823 587 ipsa
1870 514 2107 569 Simonis
2142 512 2274 566 ﬁdes
2326 512 2480 565 inno-
2506 511 2557 568 Α
2585 505 2771 569 lutein,
2801 502 2923 557 aliis
2972 503 3189 572 quidem
3246 502 3573 573 proveniunt
3623 501 3691 556 ad
3743 501 4173 557 damnationem.

921 629 1030 670 cens
1058 613 1327 668 invenitur
1357 631 1369 666 :
1408 630 1427 663 ι
1470 608 1728 675 Pecunia,
1763 608 1957 677 inquit,
1992 616 2080 659 tua
2118 614 2295 660 tecum
2325 603 2397 658 sit
2424 602 2477 656 in

920 705 1279 775 perditionem,
1329 704 1420 774 qui
1468 702 1667 756 donum
1720 700 1814 754 Dei
1860 697 2187 754 existimasti
2250 695 2479 767 pecunia

919 795 1164 865 possideri
1201 794 1337 865 (Act.
1368 792 1513 864 vni).
1544 810 1562 843 ι
1614 788 1750 845 Nam
1782 804 1905 845 cum
1956 789 2109 853 dicit,
2158 786 2481 843 existimasti

920 887 1101 942 donum
1147 885 1244 939 Dei
1293 883 1521 954 pecunia
1565 882 1864 953 possideri,
1916 882 2198 937 evidenter
2246 878 2485 934 ostendit

921 980 1061 1036 talem
1093 988 1222 1033 tunc
1250 975 1415 1031 fuisse
1446 975 1685 1031 Simonis
1727 975 1886 1030 [idem
1910 1014 1923 1038 ,
1950 984 2012 1029 ut
2036 974 2081 1029 si
2117 974 2354 1043 pretium
2389 972 2486 1027 da-

919 1079 1009 1136 ret,
1056 1084 1160 1124 non
1205 1068 1477 1123 immerito
1513 1066 1581 1121 ad
1627 1065 1875 1121 facienda
1913 1063 2176 1120 miracula
2221 1063 2481 1134 Spiritum

917 1167 1147 1216 sanctum
1191 1158 1495 1230 negotiatus
1528 1156 1819 1227 acciperet.

1504 1249 1735 1307 CAPUT
1786 1248 1877 1305 Vl.

980 1344 1125 1409 Quod
1155 1344 1439 1409 ordinatio,
1474 1344 1519 1398 si
1553 1344 1619 1397 sit
1660 1343 1939 1408 catholica,
1980 1342 2047 1397 sit
2076 1342 2232 1397 etiam
2274 1350 2411 1395 rata.

978 1433 1211 1490 Moderni
1256 1443 1436 1489 autem
1461 1434 1720 1504 temporis
1752 1432 2071 1499 Simoniaci,
2102 1435 2226 1504 quia
2255 1434 2488 1488 miracu-

914 1527 972 1582 lis
1012 1541 1067 1582 se
1097 1527 1395 1583 clarescere
1425 1541 1586 1597 posse
1620 1542 1727 1581 non
1775 1535 2026 1597 sperant,
2079 1541 2186 1581 non
2221 1525 2485 1594 Spiritum

912 1629 1166 1679 sanctum.
1201 1634 1307 1675 non
1348 1616 1463 1687 ejus
1495 1619 1633 1674 dona
1686 1618 1997 1674 desiderant
2026 1636 2039 1671 :
2073 1620 2166 1673 sed
2208 1606 2486 1671 obtinendi

912 1712 1235 1781 principatus
1267 1710 1560 1766 ambitione
1592 1710 1864 1775 succensi,
1904 1710 1971 1763 ad
2004 1709 2218 1764 culmen
2254 1716 2489 1762 tantum-

910 1803 1059 1858 modo
1089 1803 1366 1871 dignitatis
1396 1802 1670 1857 anhelant.
1698 1800 1883 1871 Itaque
1926 1810 2186 1871 quantum
2232 1801 2299 1854 ad
2328 1800 2489 1854 fidem

2584 597 2639 651 ld
2691 605 2891 659 tamen,
2936 596 3080 664 quod
3136 598 3315 659 datur,
3358 596 3582 651 omnino
3628 596 3831 650 bonum
3880 604 3990 659 est;
4054 594 4181 649 licet

2585 705 2709 744 reus
2764 690 2834 743 sit
2867 688 2955 742 ille
2995 689 3085 757 qui
3142 688 3355 757 accipit.
3420 686 3605 757 Neque
3656 687 3801 743 enim
3840 688 4017 743 bonus
4057 701 4177 741 mc-

2586 783 2739 837 dicus
2790 797 3060 837 venenum
3106 780 3424 851 prepinaret
3468 791 3691 851 :egroto.
3739 779 3994 849 Nunquid
4032 779 4183 835 enim

2587 873 2829 928 buccella
2886 871 2997 937 illa,
3040 886 3203 946 quam
3250 871 3403 926 Judae
3451 872 3711 926 Dominus
3747 872 4010 943 porrexit,
4043 871 4189 926 bona

2588 984 2694 1023 non
2728 967 2865 1022 fuit?
2921 966 3027 1022 Sed
3058 967 3201 1037 quod
3237 975 3357 1022 erat
3404 980 3569 1021 causa
3620 966 3830 1031 salutis,
3876 965 3952 1020 illi
3980 965 4190 1021 factum

2587 1070 2670 1117 est
2702 1061 2931 1115 materia
2975 1060 3341 1115 damnationis
3371 1077 3384 1112 :
3413 1059 3539 1128 quia
3569 1058 3992 1114 instrumentum
4036 1057 4189 1128 pacis

2589 1167 2697 1207 non
2723 1160 2953 1221 pacatus
2989 1151 3220 1220 accepit.
3250 1151 3444 1205 Cuncti
3469 1149 3633 1203 etiam
3663 1149 3868 1219 liquido
3908 1150 4185 1217 novimus,

2590 1245 2717 1314 quia
2765 1243 3090 1314 mysterium
3125 1242 3509 1306 Eucharistiae,
3558 1243 3700 1311 quod
3740 1246 3805 1297 de
3833 1255 4191 1300 sacrosancto

2590 1335 2749 1389 altari
2782 1337 2897 1389 sive
2934 1334 3089 1404 justi,
3137 1334 3252 1389 sive
3283 1343 3605 1404 peceatores
3636 1336 3956 1407 accipimus,
4001 1339 4195 1408 utique

2589 1429 2793 1483 bonum
2820 1437 2924 1483 est.
2968 1426 3078 1483 Nec
3129 1427 3305 1483 bonus
3350 1426 3565 1493 melius,
3616 1444 3717 1484 nec
3763 1431 3942 1486 malus
3991 1432 4197 1501 accipit

2591 1520 2765 1591 pejus.
2824 1519 2890 1575 Et
2944 1528 3126 1574 tamen
3180 1518 3314 1573 dicit
3356 1518 3647 1588 Apostolus
3689 1535 3704 1574 :
3746 1522 3883 1588 Quia
3936 1523 4197 1594 indignus

2598 1632 2616 1665 ‹
2648 1613 2912 1685 judicium
2950 1612 3055 1667 sibi
3088 1612 3406 1677 manducal,
3452 1622 3507 1668 et
3546 1612 3701 1678 bibit,
3738 1628 3843 1669 non
3893 1603 4198 1683 dijudicans

2593 1719 2791 1774 corpus
2826 1702 3041 1757 Domini
3074 1702 3124 1774 (I
3150 1702 3274 1757 Cor.
3298 1703 3401 1773 x1).
3442 1721 3461 1755 ι
3501 1702 3558 1758 Si
3587 1718 3717 1776 ergo
3744 1713 3798 1759 et
3828 1705 3961 1761 illud
3993 1722 4196 1777 corpus

2595 1796 2807 1851 Domini
2834 1803 2921 1851 est
2969 1796 3113 1865 quod
3166 1793 3420 1867 indignus
3451 1796 3667 1867 accipit,
3714 1798 4062 1868 perspicuum
4113 1809 4201 1856 est

911 1892 1091 1963 integri
1123 1902 1267 1959 sunt,
1300 1901 1504 1947 tantum
1536 1906 1665 1946 vero
1696 1891 1761 1945 ad
1794 1901 2023 1945 monetae
2070 1890 2285 1945 fabrilia
2310 1889 2487 1944 Simo—
2520 1898 2564 1959 Β
2593 1890 2717 1959 quia
2747 1904 2835 1944 res
2861 1890 3003 1943 bona
3041 1888 3184 1943 malo
3208 1889 3440 1944 vertitur
3464 1890 3519 1944 in
3552 1891 3871 1960 perniciem,
3903 1908 4023 1964 quae
4050 1893 4196 1950 bono

908 1982 1070 2039 niaca:
1093 1983 1453 2039 damnationis
1475 1984 1683 2054 laqueis
1714 1985 2084 2038 innectuntur.
2109 1981 2281 2052 Hujus
2304 1990 2484 2037 autem

912 2078 1124 2134 haeresis
1157 2081 1261 2134 duo
1306 2079 1559 2150 leguntur
1589 2087 1880 2145 auctores,
1926 2077 2065 2133 alter
2111 2078 2211 2133 sub
2250 2078 2486 2148 prophe-

911 2168 1010 2223 tica
1056 2167 1163 2239 (IV
1204 2168 1328 2240 Reg.
1376 2170 1466 2240 v),
1502 2168 1640 2224 alter
1687 2170 1787 2224 sub
1819 2168 2116 2238 apostolica
2169 2167 2489 2238 pestilenter

907 2260 1184 2317 emersisse
1221 2261 1466 2317 doctrina
1516 2262 1654 2333 (Act.
1700 2261 1862 2331 Vill):
1908 2260 2040 2317 Gezi
2069 2261 2352 2325 nimirum,
2396 2260 2486 2331 qui

908 2353 1159 2424 magister
1185 2368 1304 2409 esse
1337 2354 1689 2409 vendentium
1723 2372 1735 2407 :
1769 2352 1958 2408 Simon
1993 2368 2232 2423 quoque,
2266 2354 2358 2422 qui
2388 2368 2486 2407 au-

906 2454 1019 2499 ctor
1044 2444 1261 2499 videtur
1302 2456 1424 2499 esse
1468 2452 1795 2513 emptorum.
1832 2444 2034 2497 Horum
2065 2443 2227 2513 igitur
2257 2451 2491 2498 sectato-

907 2550 993 2591 res
1019 2536 1158 2590 sicut
1184 2551 1290 2591 non
1320 2544 1447 2591 sunt
1472 2536 1525 2589 in
1562 2550 1751 2590 errore
1792 2535 2015 2596 diversi,
2054 2536 2126 2589 ita
2168 2549 2269 2589 nec
2302 2536 2353 2589 in
2400 2535 2491 2590 da-

904 2628 1176 2682 mnatione
1216 2627 1473 2688 discreti:
1515 2627 1714 2697 quibus
1746 2635 1928 2681 tamen
1979 2626 2026 2680 si
2071 2624 2339 2682 catholica
2394 2624 2490 2681 ﬁat

901 2719 1190 2784 ordinatio,
1240 2734 1408 2775 sacrae
1453 2719 1730 2790 dignitatis
1789 2718 2049 2785 cilicium,
2099 2719 2165 2773 ad
2198 2720 2339 2789 quod
2378 2734 2488 2775 non

902 2819 1172 2867 merentes
1226 2812 1513 2878 accedunt,
1562 2810 1803 2882 perfecte
1855 2810 2179 2880 suscipiunt.
2236 2810 2489 2879 Ejusdem

900 2916 1134 2973 namque
1153 2902 1373 2959 virtutis
1397 2912 1482 2958 est
1511 2901 1751 2973 Spiritus
1779 2911 2019 2966 sanctus,
2053 2915 2175 2955 cum
2217 2898 2335 2969 ejus
2368 2916 2493 2971 gra-

901 2992 975 3046 tia
1010 2993 1278 3059 venditur,
1328 2993 1479 3062 cujus
1523 3001 1610 3049 est
1660 3001 1715 3047 et
1756 3008 1879 3048 cum
1935 2991 2105 3063 gratis
2143 2991 2341 3046 datur:
2390 3006 2492 3047 nec

898 3091 1121 3153 propter
1159 3084 1531 3153 perversitatis
1573 3084 1826 3138 humanae
1879 3073 2267 3138 commercium
2308 3078 2491 3137 divina

895 3174 1156 3242 potentia.
1186 3175 1417 3245 propriae
1469 3178 1756 3246 potestatis
1823 3176 1931 3245 92
1988 3176 2168 3246 perdit
2216 3174 2487 3231 ell'ectum.

2594 1983 2785 2052 utique
2833 1982 3051 2052 provisa
3104 1990 3189 2038 est
3240 1982 3309 2038 ad
3369 1984 3600 2039 salutem
3646 2002 3661 2037 τ
3708 2000 3809 2040 nec
3874 1994 4054 2042 tamen
4107 1993 4197 2042 r'cs

2595 2075 2736 2130 mala
2766 2084 2850 2129 est
2874 2075 3122 2142 dicenda,
3151 2075 3282 2146 quia
3310 2084 3503 2145 nocet;
3551 2093 3655 2133 nec
3680 2078 3803 2134 ideo
3846 2094 3969 2135 esse
4012 2094 4205 2135 sacra-

2593 2175 2836 2220 mentum
2887 2166 3072 2231 desiit,
3105 2166 3232 2236 quia
3273 2168 3645 2223 exsecrandus
3681 2169 3893 2239 accepit
3925 2188 3937 2222 :
3979 2170 4073 2225 sed
4102 2185 4200 2240 po-

2595 2260 2702 2315 tius
2743 2258 3095 2313 asserendum
3126 2258 3364 2328 estquia
3409 2258 3631 2329 indigno
3686 2260 3875 2313 eadem
3930 2275 4019 2314 res
4052 2258 4203 2316 facta

2591 2359 2675 2406 est
2703 2350 2919 2406 occasio
2946 2349 3160 2414 mortis,
3208 2364 3328 2417 quae
3355 2350 3513 2405 bonis
3554 2360 3847 2419 procurata
3887 2358 3971 2405 est
3999 2351 4066 2405 ad
4110 2366 4203 2405 re-

2593 2442 2835 2496 medium
2868 2440 3080 2495 salutis.
3121 2438 3500 2494 Indubitanter
3528 2442 3694 2510 igitur
3742 2442 4073 2498 credendum
4116 2452 4207 2501 est

2592 2533 2737 2602 quod
2782 2534 2827 2587 si
2868 2531 3215 2609 consecratio
3261 2532 3553 2601 cujuslibet
3583 2534 3942 2590 ecclesiastici
3989 2535 4203 2591 ordinis

2593 2625 2735 2680 intra
2778 2624 3103 2680 catholicam
3149 2624 3247 2679 ﬁat
3275 2624 3600 2691 Ecclesiam,
3630 2627 3682 2681 in
3708 2629 3919 2684 unitate
3943 2630 4206 2685 tidelicet

2590 2716 2911 2772 orthodoxae
2952 2715 3100 2781 lldei,
3133 2724 3192 2770 ut
3239 2716 3295 2771 in
3346 2725 3578 2787 utroque
3621 2719 3881 2774 nimirum
3932 2730 4081 2776 recta
4127 2721 4207 2777 sit

2592 2808 2760 2874 fides;
2796 2808 3061 2878 quidquid
3090 2808 3235 2863 bono
3259 2824 3358 2878 per
3378 2811 3582 2865 bonum
3617 2812 3869 2878 traditur,
3898 2813 4002 2870 hoc
4032 2814 4208 2871 etiam

2593 2897 2734 2953 malo
2774 2912 2874 2968 per
2918 2897 3120 2952 malum
3156 2898 3454 2954 ellicaciter
3482 2901 3815 2956 exhibetur:
3852 2903 3981 2973 quia
4023 2919 4207 2960 sacra-

2593 2996 2837 3042 mentum
2865 2987 2971 3043 hoc
3006 3004 3111 3043 non
3151 2989 3522 3044 ministrantis
3546 2989 3631 3047 vel
3678 2990 4043 3047 ministraturi
4069 3008 4209 3063 pen-

2595 3078 2688 3133 det
2717 3094 2784 3133 ex
2815 3079 3011 3134 merito
3032 3120 3047 3141 .
3081 3080 3176 3135 sed
3219 3096 3286 3135 ex
3339 3081 3530 3135 ordine
3572 3081 3958 3138 ecclesiasticae
3988 3083 4210 3140 institu-

2599 3170 2763 3225 tionis
2812 3179 2866 3225 et
2900 3171 3243 3231 invocatione
3285 3159 3452 3227 divini
3507 3175 3762 3245 nominis.
3816 3175 3885 3230 Et
3938 3178 4206 3247 quoniam

896 3264 1067 3321 Plane
1100 3276 1154 3321 et
1185 3266 1435 3324 Salvator
1461 3275 1642 3323 noster
1671 3282 1792 3321 eum
1821 3267 2077 3321 venditus
2113 3275 2279 3331 esset,
2307 3274 2362 3320 et
2399 3280 2493 3335 pe-
2522 3262 2568 3326 C
2601 3261 2743 3317 sicut
2783 3278 2926 3317 unus
2955 3271 3058 3327 est,
3090 3262 3179 3332 qui
3208 3264 3452 3332 baptizat
3471 3306 3485 3332 ,
3529 3267 3601 3320 ita
3631 3268 3820 3337 procul
3847 3269 4012 3326 dubio
4040 3288 4209 3343 unus,

896 3356 1263 3413 stilentissimi
1290 3358 1479 3414 talenti
1504 3374 1714 3414 summa
1744 3358 2042 3427 proditoris
2076 3358 2189 3429 jam
2228 3371 2488 3413 crumena

902 3458 1173 3520 turgeret,
1221 3450 1363 3505 inter
1410 3451 1556 3521 ipsas
1604 3458 2015 3521 persecutorum
2062 3464 2257 3505 manus
2303 3452 2493 3520 praeci-

897 3558 1023 3597 sam
1062 3558 1218 3599 servo
1259 3543 1466 3598 Malcho
1510 3542 1809 3597 auriculam
1854 3542 2033 3597 reddit
2079 3541 2261 3612 (Joan.
2327 3556 2488 3606 xviii;

903 3633 1042 3688 Luc.
1098 3651 1272 3702 xxui;
1344 3634 1533 3689 Matt/4.
1589 3650 1781 3700 xxvii;
1841 3633 2013 3687 Marc.
2069 3633 2241 3705 xv;).
2306 3634 2492 3702 Itaque

893 3732 1118 3794 quanta:
1147 3740 1307 3795 super
1348 3740 1441 3781 eos
1483 3725 1702 3779 virtutis
1747 3734 1912 3789 esset,
1957 3738 2185 3794 quorum
2239 3725 2492 3779 manibus

891 3814 1234 3883 snlijacebat,
1275 3826 1460 3886 aperte
1498 3816 1840 3873 monstravit.
1891 3815 2045 3882 Quod
2100 3824 2282 3870 autem
2340 3814 2493 3887 flagi-

894 3904 1034 3957 tanti
1067 3902 1263 3960 llerodi
1294 3906 1555 3962 miracula
1601 3922 1709 3961 non
1753 3906 2018 3971 exhibuit,
2071 3906 2494 3977 dispensationis

890 3993 1182 4061 fuitratio,
1221 4013 1327 4053 non
1368 3998 1600 4055 defectio
1649 4000 1960 4070 potestatis.
2025 3999 2160 4054 Erat
2216 3999 2364 4054 enim
2423 3998 2490 4063 is,

889 4088 993 4157 qui
1041 4089 1283 4158 optabat,
1327 4091 1771 4164 indignus;nam
1817 4093 1887 4157 ei,
1934 4108 1965 4148 a
2008 4110 2115 4163 quo
2148 4094 2491 4164 sperabatur,

889 4195 1008 4233 non
1034 4181 1220 4236 deerat
1248 4185 1532 4251 potestatis
1553 4183 1779 4240 effectus
1826 4184 2083 4252 Porroet
2115 4187 2168 4240 in
2194 4202 2357 4241 cruce
2379 4202 2497 4242 sus-

890 4284 1104 4339 pensus
1149 4281 1433 4343 postquam
1472 4275 1720 4345 spiritum
1749 4276 2006 4342 reddidit,
2042 4277 2168 4331 dum
2211 4288 2357 4332 terra
2382 4294 2497 4333 mo-

888 4368 1083 4426 vetur,
1114 4361 1240 4416 dum
1268 4363 1348 4418 sol
1382 4363 1728 4433 obscuratur,
1758 4367 1864 4421 veli
1918 4367 2143 4437 insuper
2178 4368 2319 4423 facta
2353 4367 2494 4421 divi-

889 4450 1008 4515 sio,
1041 4451 1235 4508 scissio
1281 4453 1538 4525 lapidum,
1574 4458 1913 4513 resurrectio
1945 4468 2316 4524 mortuorum;
2364 4472 2498 4513 cnn-

888 4557 988 4603 cta
1021 4548 1137 4605 haec
1175 4549 1377 4621 liquido
1418 4560 1712 4621 testantur,
1750 4557 1893 4625 quod
1939 4570 2049 4610 non
2081 4554 2357 4610 inferioris
2396 4570 2495 4625 po—

891 4643 1091 4699 tentiae
1138 4642 1303 4699 fuerit
1350 4644 1493 4700 inter
1553 4646 1817 4718 supplicia
1876 4647 2111 4717 positus,
2159 4664 2323 4719 quam
2354 4664 2495 4703 ltlUlC
2526 4672 2576 4732 ι)

885 4735 1157 4791 videlicet
1219 4737 1272 4789 in
1333 4737 1553 4792 dextera
1610 4748 1854 4808 paternae
1903 4738 2089 4809 gloriae
2148 4738 2490 4795 sublimatus.

888 4827 1107 4883 Eodem
1139 4830 1319 4901 itaque
1348 4832 1507 4886 modo
1532 4831 1697 4885 etiam
1729 4834 1794 4887 de
1822 4832 2027 4902 Spiritu
2050 4840 2240 4887 sancto
2267 4833 2495 4887 creden—

885 4921 1036 4975 dum
1061 4930 1145 4975 est
1173 4940 1183 4974 :
1226 4922 1351 4993 quia
1394 4923 1556 4979 unius
1584 4925 1804 4981 virtutis
1834 4934 1938 4993 est,
1982 4936 2038 4981 ct
2066 4942 2189 4982 cum
2214 4927 2495 4982 venalitati

886 5013 1305 5084 quodammodo
1334 5017 1613 5088 subjacere
1661 5018 1924 5085 cernitur,
1976 5027 2032 5075 et
2082 5036 2205 5076 cum
2258 5021 2493 5091 gratuita

885 5120 1100 5161 manus
1134 5108 1475 5177 impositione
1518 5113 1808 5179 praebetur.
1844 5111 1999 5168 Sicut
2048 5115 2215 5186 igitur
2255 5113 2494 5169 Redem-

884 5205 1032 5269 ptor
1063 5209 1248 5253 noster
1274 5200 1398 5254 dum
1435 5203 1777 5270 venderetur,
1825 5204 1948 5259 dum
1995 5214 2295 5276 pateretur,
2339 5225 2367 5261 a
2397 5222 2495 5262 sua

882 5304 1015 5346 non
1048 5292 1222 5359 potuit
1252 5291 1533 5361 majestate
1572 5295 1803 5352 deﬁcere
1836 5296 2019 5368 (Joan.
2060 5298 2203 5370 xm),
2228 5299 2301 5353 ita
2331 5300 2494 5353 etiam

884 5380 1150 5451 Spiritus
1181 5393 1400 5440 sanctus
1428 5384 1554 5442 licet
1576 5387 1881 5443 amaritudo
1908 5389 2218 5446 venalitatis
2243 5390 2493 5461 obrepat,

881 5470 1249 5540 dispendium
1277 5482 1453 5530 tamen
1480 5477 1586 5546 pati
1611 5478 1842 5549 propriae
1856 5478 2073 5533 virtutis
2092 5478 2324 5549 ignorat.
2345 5480 2498 5534 Licet

879 5563 1056 5619 enim
1106 5565 1361 5622 sacerdos
1412 5566 1638 5636 quilibet
1678 5570 1928 5625 videatur
1972 5571 2189 5639 operari
2235 5570 2494 5635 exterius,

879 5650 1002 5710 sed
1044 5650 1158 5720 ipse
1184 5651 1449 5720 Christus,
1482 5656 1575 5725 qui
1616 5672 1775 5714 verus
1820 5658 2105 5723 Sacerdos,
2158 5670 2211 5715 et
2255 5676 2498 5717 summus

876 5751 994 5801 est
1047 5741 1319 5811 Pontifex,
1365 5748 1743 5805 accedentibus
1789 5752 1856 5806 ad
1886 5752 2131 5808 diversos
2176 5754 2354 5808 exitus
2403 5768 2499 5809 sua

882 5836 1060 5896 dona
1087 5834 1385 5907 dispensat.
1433 5838 1563 5905 Quze
1598 5840 1855 5897 nimirum
1884 5841 2028 5911 aliis,
2068 5842 2289 5914 quidem
2321 5844 2387 5899 ad
2416 5859 2501 5899 sa-

1316 5932 1595 5998 l’nnoc.
1639 5938 1883 6006 CXLV.

2562 3346 2568 3353 ’
2598 3353 2850 3422 idemque
2876 3354 2969 3425 qui
2999 3363 3317 3421 consecrat;
3351 3356 3455 3410 hoc
3481 3366 3583 3421 est,
3612 3357 3761 3429 larga
3805 3358 4011 3416 Christi
4050 3360 4209 3419 beni-

2597 3448 2804 3517 gnitate
2848 3446 3108 3501 tribuitur
3147 3448 3292 3516 quod
3320 3448 3386 3513 is,
3422 3450 3515 3519 qui
3548 3452 3771 3521 accipit,
3801 3468 3909 3508 non
3940 3465 4209 3513 meretur.

2604 3555 2621 3589 ι
2659 3538 2760 3605 Qui
2805 3539 2949 3593 enim
2997 3538 3129 3592 oriri
3176 3537 3308 3593 facit
3341 3539 3510 3595 solem
3565 3558 3721 3596 suum
3773 3559 3937 3615 super
3969 3545 4077 3617 93
4108 3545 4209 3603 bo-

2596 3646 2697 3687 nos
2748 3640 2803 3686 et
2855 3630 3058 3696 malos,‘
3106 3640 3160 3687 et
3211 3632 3348 3703 pluit
3404 3649 3569 3704 super
3621 3636 3799 3707 justos
3855 3648 3910 3694 et
3968 3638 4208 3708 injustos

2599 3722 2817 3795 (Manli.
2852 3723 2939 3795 v),
2976 3741 2993 3774 ι
3030 3722 3162 3793 quid
3188 3724 3389 3779 mirum
3422 3726 3468 3780 si
3512 3726 3739 3783 imbrem
3770 3732 3960 3801 gratim
4008 3748 4119 3787 sua:
4150 3741 4210 3787 et

2599 3814 2653 3869 in
2684 3830 2974 3870 arenosum
3000 3815 3151 3870 littus
3181 3814 3463 3872 effundat?
3506 3818 3645 3887 Quid
3690 3838 3912 3890 novum,
3962 3826 4003 3879 si
4035 3826 4208 3883 etiam

2598 3907 2746 3976 ipsos
2786 3924 3053 3963 cmcorum
3102 3909 3290 3965 oculos
3338 3911 3647 3981 splendoris
3676 3915 3759 3969 sui
3796 3917 3963 3972 radiis
3998 3918 4210 3974 feriat?

2604 3998 2671 4055 Ut
2703 4009 2757 4056 et
2784 4001 2887 4070 ipsi
2934 4001 3129 4057 merito
3174 4011 3399 4058 cantare
3446 4004 3676 4075 possint,
3720 4009 3862 4077 quod
3891 4009 4080 4065 inl'elix
4113 4010 4209 4069 ille

2598 4094 2821 4150 Balaam
2857 4114 2869 4149 :
2909 4115 2927 4147 ‹
2962 4095 3110 4150 Dixit
3153 4095 3339 4163 homo,
3369 4096 3565 4168 inquit,
3613 4100 3767 4169 cujus
3806 4102 4091 4159 obturatus
4121 4113 4213 4161 est

2598 4187 2826 4243 oculus:
2871 4186 3007 4244 dixit
3043 4187 3259 4244 auditor
3288 4204 3601 4246 sermonum
3632 4193 3751 4259 Dei,
3795 4197 3886 4265 qui
3928 4198 4077 4252 novit
4102 4198 4205 4253 do-

2601 4282 2837 4336 ctrinam
2883 4279 3111 4335 Altissir.
3210 4290 3265 4335 et
3301 4281 3568 4339 visionem
3607 4284 4007 4357 Omnipotentis
4036 4290 4211 4359 videt,

2600 4372 2692 4443 qui
2712 4372 2912 4427 cadens
2943 4380 3160 4441 apertos
3184 4372 3352 4429 habet
3378 4376 3564 4432 oculos
3589 4375 3781 4449 (Num.
3829 4381 4001 4453 xxw).
4028 4402 4047 4435 ι

3206 4488 3433 4545 CAPUT
3474 4490 3583 4546 Vll.

2605 4578 2759 4645 Quod
2790 4580 3016 4635 Balaam
3067 4580 3401 4664 Simoniaca:
3451 4582 3576 4651 fuit,
3609 4594 3669 4664 _et_
3708 4595 3881 4639 tamen
3924 4586 4212 4656 prop/retia:

3103 4656 3344 4723 spiritum
3380 4670 3485 4707 non
3514 4656 3710 4709 amisit.

2676 4738 2836 4804 Ecce,
2868 4739 3011 4795 unde
3038 4740 3125 4794 hic
3155 4738 3401 4793 avaritiae
3427 4738 3568 4795 filius
3598 4747 3745 4795 tanta
3774 4743 3954 4812 potuit
3981 4760 4208 4817 magna-

2604 4829 2674 4885 lia
2703 4846 2947 4897 eernere,
2972 4841 3027 4887 et
3067 4832 3495 4902 redemptionem
3530 4836 3712 4890 mundi
3742 4837 4056 4909 longissime
4078 4849 4209 4911 post

2604 4922 2841 4978 futuram
2874 4932 2983 4978 tam
3019 4937 3291 4993 expresse,
3347 4934 3454 4980 tam
3483 4926 3657 4983 lucide
3690 4931 3964 4997 nuntiare,
4000 4934 4043 4988 si
4077 4934 4208 5005 Spi-

2602 5015 2741 5071 ritus
2790 5018 2963 5073 sancti
3004 5019 3346 5088 guaesentiam
3397 5036 3504 5074 non
3550 5022 3808 5078 haberet?
3854 5025 4007 5079 Sicut
4058 5028 4210 5085 enim

2605 5109 2853 5178 egregius
2891 5110 3082 5165 doctor
3119 5111 3193 5164 ait
3225 5129 3237 5163 :
3279 5110 3410 5178 Quis
3439 5113 3590 5167 novit
3620 5128 3739 5183 qua:
3781 5127 3907 5170 sunt
3944 5116 4207 5183 hominis,

2606 5202 2708 5256 nisi
2728 5202 3223 5272 spiritusliominis,
3251 5205 3341 5274 qui
3370 5205 3424 5259 in
3444 5204 3559 5276 ipso
3582 5208 3701 5261 est?
3726 5207 3778 5278 (I
3802 5206 3924 5261 Cor.
3952 5209 4034 5278 ιι).
4056 5210 4132 5265 Ita
4152 5218 4211 5267 et

2606 5308 2726 5363 quae
2742 5293 2834 5347 Dei
2853 5303 3003 5360 sunt,
3020 5308 3180 5349 nemo
3196 5297 3347 5352 novit
3366 5297 3468 5351 nisi
3488 5296 3725 5368 Spiritus
3742 5300 3866 5366 Dei;
3897 5304 4208 5371 praesertim

2604 5400 2729 5441 cum
2764 5388 2956 5441 eadem
3002 5386 3285 5457 Scriptura
3317 5388 3463 5444 dicat
3496 5386 3567 5441 ε’(
3600 5390 3738 5457 Quia
3779 5392 4020 5448 irruente
4050 5394 4105 5448 in
4146 5408 4214 5451 se

2604 5476 2809 5547 Spiritu
2850 5478 2968 5547 Dei,
3016 5489 3292 5550 assumpta
3335 5481 3590 5551 parabola
3636 5484 3713 5538 ait
3740 5482 3931 5553 (Nam.
3960 5488 4138 5559 xxiv),
4180 5508 4208 5542 ι

2602 5570 2859 5627 videlicet
2879 5572 3023 5641 quod
3050 5572 3209 5628 modo
3235 5575 3635 5643 praemisimus;
3660 5575 3912 5641 dicimus,
3941 5578 4084 5646 quod
4106 5593 4209 5648 per

2606 5661 2975 5718 Simoniacum
3003 5663 3203 5718 donum
3235 5664 3471 5733 Spiritus
3495 5668 3671 5722 sancti
3702 5683 3809 5722 non
3836 5669 4017 5723 datur.
4059 5670 4213 5726 Nun-

2602 5754 2733 5826 quid
2773 5772 2879 5812 non
2922 5755 2974 5811 in
3035 5756 3257 5812 Balaam
3300 5758 3406 5813 isto
3447 5758 3757 5815 Simoniaca
3816 5762 4043 5819 hieresis
4090 5761 4209 5832 jam

2608 5862 2732 5909 tunc
2763 5854 2993 5926 viguisse
3025 5851 3412 5922 cognoscitur?
3442 5850 3693 5923 Nunquid
3728 5870 3831 5910 non
3866 5842 4039 5911 sancti
4080 5857 4207 5930 Spi.

3682 5944 3718 6005 [ι.
