5392 6586
2035 470 2139 529 107

2030 691 2157 736 nem
2183 676 2339 747 pretii
2362 674 2658 729 hariolatus
2684 673 2765 726 sui
2801 672 3147 735 depromebat
3170 671 3481 724 oraculum?
3512 670 3599 723 Sic

2031 767 2176 824 enim
2213 767 2489 837 Scriptura
2526 772 2756 818 testatur
2804 763 2930 832 quia
2974 762 3214 817 seniores
3255 760 3406 812 Moab
3450 775 3602 828 roga-

2030 858 2160 912 bant
2186 871 2329 921 eum,
2368 875 2385 907 ε
2421 855 2687 913 habentes
2716 853 2945 923 pretium
2976 852 3319 905 divinationis
3352 851 3402 903 in
3435 850 3602 902 mani-

2031 947 2132 1004 bus
2155 946 2342 1017 (Num.
2371 945 2532 1015 xxn).
2564 964 2581 996 ι
2616 944 2681 998 Ει
2707 960 2894 999 rursus
2923 960 3020 1014 per
3049 943 3181 996 alios
3208 942 3423 995 nuntios
3457 940 3604 994 misit

2031 1042 2095 1095 ad
2131 1052 2275 1100 eum,
2309 1038 2504 1107 inquit,
2561 1036 2722 1091 Balac
2765 1036 2904 1091 illius
2941 1035 3167 1104 Sephor,
3210 1035 3394 1086 dicens
3424 1050 3434 1083 :
3475 1052 3491 1082 ι
3528 1031 3603 1085 Ne

2030 1130 2300 1187 cuncteris
2326 1128 2511 1183 venire
2540 1127 2603 1181 ad
2627 1143 2739 1191 me;
2764 1138 3007 1197 paratum
3035 1124 3208 1178 habeo
3234 1124 3498 1176 honorare
3532 1131 3601 1186 te,

2030 1228 2082 1274 et
2104 1218 2360 1289 quidquid
2387 1218 2639 1280 volueris,
2666 1216 2805 1269 dabo
2837 1214 2928 1268 tibi
2957 1212 3168 1283 (lbid.).
3211 1231 3228 1261 ι
3262 1212 3460 1265 Amore
3484 1211 3603 1279 qui-

2029 1311 2149 1367 dem
2174 1310 2415 1379 pecunia:
2442 1321 2731 1363 succensus
2756 1305 3036 1365 :estuabat,
3065 1312 3119 1356 et
3147 1312 3326 1356 tamen
3357 1316 3450 1371 per
3479 1315 3601 1354 eum

2030 1399 2263 1469 Spiritus
2289 1409 2507 1453 sanctus
2533 1394 2794 1464 profunda
2825 1394 3085 1464 mysteria
3123 1393 3458 1461 loquebatur.
3497 1390 3599 1443 Ba-

2027 1490 2166 1543 laam
2199 1490 2442 1556 denique,
2476 1495 2529 1541 et
2557 1486 2747 1549 Balac,
2776 1492 3001 1551 uterque
3032 1482 3139 1537 Deo
3171 1480 3450 1537 manifeste
3479 1496 3605 1533 con-

2031 1582 2248 1643 trarius,
2292 1589 2517 1646 uterque
2560 1576 2654 1629 Dei
2692 1575 2889 1644 populo
2927 1573 3198 1627 exstitisse
3240 1572 3495 1641 probatur
3527 1570 3607 1623 in-

2025 1668 2213 1731 festus,
2254 1667 2561 1732 donumque
2593 1664 2785 1718 divina:
2831 1664 3017 1732 gratiae
3068 1661 3207 1714 alter
3251 1675 3446 1722 emere,
3473 1659 3609 1711 alter

2023 1757 2308 1812 venditare
2351 1753 2700 1809 nihilominus
2745 1752 3056 1821 gestiebat:
3091 1758 3328 1802 attamen
3378 1748 3607 1816 prophe-

2024 1849 2145 1901 tica‘.
2196 1828 2538 1900 revelationis
2590 1857 2866 1905 arcanum,
2914 1850 2969 1894 et
3012 1841 3113 1893 iste
3159 1849 3312 1893 extra
3353 1840 3605 1891 meritum

2023 1937 2267 2008 protulit,
2300 1948 2352 1991 et
2394 1934 2480 1989 ille
2517 1935 2706 2004 utique
2743 1932 2991 2003 indignus
3042 1931 3245 1985 audivit
3279 1949 3289 1983 :
3322 1941 3503 2000 atque,
3548 1938 3607 1983 ut
3636 1946 3680 2004 Β

2027 2030 2197 2098 magis
2228 2028 2527 2095 largitatem
2568 2025 2733 2077 divini
2775 2022 3013 2076 muneris
3058 2021 3407 2085 admiremur,
3443 2020 3603 2074 male-

2028 2122 2207 2175 dicere
2240 2119 2509 2172 nitebatur
2531 2115 2768 2179 Balaam,
2806 2124 2860 2168 et
2899 2123 3074 2168 tamen
3113 2115 3309 2167 invitus
3333 2129 3361 2168 e
3390 2122 3605 2167 contra-

2029 2209 2110 2263 rio
2156 2208 2551 2263 benedicebat:
2597 2223 2614 2254 ι
2652 2206 2730 2258 Ad
2780 2204 3229 2266 benedicendum,
3277 2205 3469 2274 inquit,
3515 2206 3604 2258 ad—

2027 2301 2216 2353 ductus
2263 2313 2415 2360 sum,
2468 2294 2899 2350 benedictionem
2948 2294 3236 2362 prohibere
3295 2310 3400 2347 non
3452 2293 3604 2347 valeo

2031 2389 2218 2459 (Num.
2248 2388 2423 2455 xxtn).
2458 2406 2476 2438 »
2517 2386 2754 2441 Cbamus
2780 2387 2976 2455 quippe
3025 2385 3217 2439 divina:
3268 2385 3485 2438 virtutis
3522 2384 3600 2438 ori

2030 2483 2142 2552 ejus
2178 2491 2294 2536 erat
2337 2481 2574 2547 innixus,
2622 2494 2721 2533 nec
2773 2487 2988 2549 poterat
3037 2477 3293 2531 aliorsum
3344 2478 3601 2546 impetum

2028 2574 2222 2645 lingua:
2243 2573 2493 2641 dirigere,
2526 2571 2631 2624 nisi
2666 2584 2773 2639 quo
2799 2568 3033 2640 Spiritus
3064 2578 3282 2622 sanctus
3310 2568 3600 2637 praesidens

2029 2663 2349 2718 intorsisset.
2373 2662 2505 2716 Cum
2527 2660 2803 2715 voluntate
2819 2660 3081 2730 siquidem
3105 2659 3285 2730 lingua
3307 2661 3598 2729 pugnabat,

2028 2766 2083 2812 et
2109 2755 2463 2811 turbulentam
2491 2753 2838 2824 salsuginem,
2863 2768 3025 2823 quam
3057 2769 3209 2809 mens
3237 2754 3600 2824 predamnata

2028 2855 2367 2917 conceperat,
2417 2861 2511 2915 per
2557 2846 2668 2902 oris
2704 2845 2915 2901 alveum
2956 2844 3172 2901 eﬂluere
3221 2862 3325 2901 non
3368 2847 3598 2902 valebat.

2030 2938 2180 2996 Unde
2208 2938 2459 3008 quoniam
2484 2938 2626 2992 sicut
2648 2935 2948 3008 petebatur,
2975 2937 3207 3008 jaculari
3251 2938 3304 2991 in
3347 2940 3601 3008 populum

2029 3031 2117 3088 Dei
2150 3031 2432 3085 maledicta
2481 3046 2587 3084 non
2629 3029 2820 3099 potuit,
2861 3030 2929 3084 ad
2976 3029 3307 3100 deceptionis
3351 3046 3409 3084 se
3451 3046 3603 3102 argu-

2023 3131 2204 3176 menta
2229 3121 2514 3186 convertit,
2545 3134 2609 3173 ac
2645 3117 3049 3174 Madianitidum
3095 3134 3276 3174 coram
3318 3121 3398 3174 eis
3431 3120 3600 3176 offen-

2024 3210 2260 3265 diculum
2289 3210 2483 3279 posuit.
2529 3208 2586 3264 Si
2626 3223 2754 3280 ergo
2784 3208 2893 3275 ille,
2935 3211 3028 3279 qui
3066 3210 3229 3264 etiam
3277 3210 3600 3267 maledicere

2023 3299 2296 3366 concupit,
2337 3312 2673 3367 nequaquam
2722 3306 2899 3351 tamen
2944 3306 3001 3350 ut
3045 3298 3368 3352 maledicere
3394 3310 3596 3367 posset,
3627 3281 3672 3345 C
3696 3295 3848 3365 juxta
3908 3296 4065 3350 fidem
4122 3295 4358 3351 historiae.
4423 3296 4680 3350 vidissent
4748 3311 4867 3351 cum
4920 3310 4983 3350 eo
5037 3297 5266 3369 prophe-

2024 3389 2290 3453 obtinuit;
2320 3388 2448 3459 quid
2479 3387 2581 3441 nisi
2616 3387 2719 3441 hoc
2746 3387 2920 3457 ipsum
2954 3389 3156 3442 sehtire
3186 3390 3249 3443 de
3281 3387 3601 3444 Simoniacis

2022 3477 2221 3542 valeat,
2268 3476 2358 3531 ubi
2407 3482 2556 3532 certe
2605 3492 2756 3531 mens
2805 3474 2927 3531 eum
2983 3476 3177 3548 lingua:
3227 3476 3603 3534 benedictione

2025 3568 2358 3624 concordat?
2406 3567 2512 3622 Sed
2557 3568 2649 3638 qui
2707 3569 3036 3638 prophetica:
3102 3569 3379 3640 dignitatis
3429 3569 3600 3626 officio

2025 3659 2389 3714 irreverenter
2426 3659 2623 3713 abusus
2660 3668 2761 3723 est,
2801 3674 2908 3728 quo
2939 3659 3150 3713 tandem
3185 3660 3390 3715 collatae
3415 3664 3601 3731 gratiae

2023 3752 2435 3825 praerogativam
2487 3750 2598 3824 94
2652 3750 2757 3805 ﬁne
2805 3751 3101 3806 conclusit?
3149 3750 3280 3805 Nam
3343 3762 3463 3823 post
3522 3755 3603 3808 di-

2024 3855 2233 3918 gestum
2279 3843 2555 3899 lsraelitici
2602 3844 2777 3915 populi
2825 3844 3103 3898 victoriam
3157 3843 3435 3914 Scriptura
3478 3862 3602 3901 mox

2022 3935 2228 3999 intulit,
2252 3935 2432 3990 dicens
2466 3952 2479 3988 ε
2509 3950 2527 3985 t
2566 3933 2782 3988 Balaam
2821 3949 3033 4003 quoque
3060 3934 3225 3988 filium
3261 3935 3398 3990 Beor
3438 3937 3604 3991 inter-

2023 4024 2270 4084 fecerunt
2298 4025 2472 4096 gladio
2498 4023 2688 4096 (Num.
2717 4025 2887 4095 xxxi).
2920 4044 2938 4076 ›
2973 4025 3063 4080 Sic
3087 4026 3340 4081 nimirum
3372 4027 3485 4082 sive
3518 4026 3602 4081 Si-

2026 4117 2278 4178 moniaci,
2304 4132 2398 4170 seu
2421 4116 2641 4184 quilibet
2667 4116 2939 4171 criminosi
2964 4116 3321 4185 suscipiendis
3347 4132 3405 4172 se
3429 4117 3593 4172 eccle-

2028 4204 2267 4260 siasticis
2314 4204 2627 4258 ministeriis
2672 4204 2941 4273 applicant
2983 4222 2997 4258 :
3038 4215 3094 4259 et
3137 4206 3335 4260 donum
3386 4206 3599 4276 quidem

2028 4310 2272 4366 supernae
2300 4294 2485 4364 gratiae
2524 4307 2588 4348 ex
2629 4293 2961 4364 benignitate
3000 4294 3277 4363 largitoris
3307 4297 3599 4363 accipiunt,

2020 4393 2082 4439 et
2105 4385 2322 4454 dignum
2366 4392 2542 4438 tamen
2588 4383 2790 4453 prOprii
2840 4399 3097 4439 excessus
3136 4385 3460 4455 stipendium
3493 4401 3599 4440 non

2027 4476 2280 4529 evadunt.
2308 4473 2421 4528 Hoc
2454 4474 2595 4528 enim
2637 4472 2742 4528 illis
2771 4475 2999 4529 vertitur
3031 4475 3084 4529 in
3116 4477 3434 4544 perniciem,
3461 4478 3601 4546 quod

2025 4566 2201 4636 dignis
2229 4564 2497 4632 provisum
2545 4571 2629 4617 est
2666 4564 2734 4618 ad
2775 4564 3022 4620 salutem.
3053 4566 3229 4635 Atque
3270 4567 3393 4621 inde
3434 4566 3506 4620 illi
3546 4568 3600 4621 in

2020 4630 2241 4719 veterum
2269 4655 2455 4709 mortis
2491 4654 2787 4723 periculum
2827 4663 3109 4720 corruunt,
3142 4630 3293 4710 unde
3332 4666 3387 4711 et
3416 4656 3502 4710 alii
3532 4656 3597 4710 ad
3628 4630 3680 4690 D

2029 4747 2352 4816 capessenda
2375 4745 2498 4800 vitae
2520 4745 2736 4815 prmmia
2760 4746 3002 4814 vegetius
3021 4748 3420 4802 convalescunt.
3441 4747 3599 4803 Certe

2026 4840 2116 4906 qui
2152 4836 2293 4890 illam
2319 4851 2484 4891 sacrae
2509 4836 2801 4906 Scriptura:
2830 4838 3100 4907 paginam.
3134 4853 3253 4907 quae
3283 4839 3350 4893 de
3377 4839 3599 4909 praefato

2024 4928 2242 4981 Balaam
2274 4927 2527 4996 loquitur,
2569 4927 2724 4980 oculo
2769 4927 3022 4997 vigilante
3055 4929 3346 4997 percurrit,
3376 4928 3599 4983 nullate-

2021 5038 2129 5077 nus
2176 5023 2382 5078 dubitat
2427 5023 2569 5077 hunc
2613 5022 2878 5078 infelicem
2926 5025 3121 5090 virum,
3174 5035 3233 5079 ut
3277 5040 3463 5081 revera
3505 5043 3600 5096 per

2026 5114 2206 5167 omnia
2250 5107 2632 5175 Sim'oniacum,
2686 5123 2912 5186 excepto
2967 5117 3107 5183 quod
3155 5117 3340 5173 Simon
3376 5118 3600 5172 necdum

2025 5204 2224 5269 fuerat,
2253 5218 2318 5257 ex
2341 5220 2445 5272 quo
2469 5206 2784 5261 detestabile
2807 5207 2934 5261 illud
2955 5216 3296 5263 mutuaretur
3316 5225 3600 5278 agnomen,

2018 5305 2080 5350 et
2124 5295 2414 5365 prophetiae
2463 5296 2572 5348 suae
2630 5298 2857 5366 gratiam
2912 5298 3155 5353 venalem
3212 5300 3499 5366 habuisse,
3550 5311 3605 5356 et

2026 5393 2211 5439 tamen
2252 5400 2347 5455 per
2390 5385 2532 5440 hunc
2579 5385 3014 5444 manifestissime
3055 5388 3314 5459 Spiritum
3360 5401 3605 5447 sanctum

2021 5473 2198 5531 fuisse
2223 5475 2456 5532 lecutum
2487 5495 2500 5530 :
2532 5486 2710 5548 atque,
2740 5480 2879 5548 quod
2912 5496 3017 5534 non
3058 5482 3236 5537 minus
3281 5484 3600 5553 stupendum

2028 5575 2134 5628 est,
2159 5582 2277 5620 cum
2298 5566 2409 5635 jam
2437 5582 2529 5622 cor
2553 5566 2670 5635 ejus
2697 5569 3150 5640 concupiscentia:
3184 5572 3395 5642 ignibus
3421 5588 3602 5628 urere-

2032 5665 2144 5715 tur,
2190 5657 2330 5710 Deus
2377 5654 2476 5712 sibi
2528 5658 2876 5716 nihilominus
2929 5676 3024 5730 per
3075 5663 3251 5726 diem,
3299 5670 3462 5734 atque
3510 5677 3604 5733 per

2031 5759 2242 5804 noctem
2286 5748 2497 5805 locutus
2520 5750 2674 5821 quasi
2707 5751 3046 5808 familiariter
3085 5753 3371 5810 invenitur.
3417 5757 3480 5811 Et
3536 5773 3604 5811 ne

2034 5837 2280 5896 fortassis
2316 5839 2517 5896 idcirco
2553 5839 2811 5910 Spiritum
2846 5852 3089 5899 sanctum
3132 5844 3309 5902 minus
3350 5846 3602 5903 habuisse

2472 472 2532 529 S.
2571 472 2775 528 PETRI
2799 468 3089 529 'DAMlANI
3133 469 3284 526 OPP.
3323 470 3558 526 TOHUS
3597 467 3730 525 SEU
3768 467 3944 525 PARS
3981 469 4065 524 ΙΙΙ.
4099 500 4168 512 -
4205 469 4563 527 OPUSCULA
4605 470 4832 526 VARIA.

2032 585 2170 642 ritus
2203 584 2427 656 gratiam
2460 584 2687 637 vendere
2721 581 3038 644 conabatur,
3065 595 3186 634 cum
3216 581 3279 632 ad
3307 578 3614 647 promissio-
3642 583 3686 640 Α
3717 578 3987 640 credatur,
4022 579 4144 647 quia
4181 593 4276 650 per
4301 577 4513 648 Moysen
4542 579 4837 648 appellatur
4859 578 5115 644 hariolus,
5139 581 5250 651 vigi-

5253 1686 5255 1698 l

5253 1705 5256 1714 ι

5253 1861 5257 1872 ι

5253 1956 5256 1968 λ
5375 1677 5392 1987 Ι

5253 1976 5256 1984 γ

5045 2959 5260 3027 ,ορηιμ
5377 2805 5392 3064 ι

5042 3135 5104 3173 .m
5142 3117 5263 3174 Saul
5379 3064 5392 3225 I

5042 4947 5079 4996 Β,
5130 4934 5277 4986 maio

5384 4897 5392 5171 ι

5049 5128 5276 5171 recente

5274 5238 5276 5251 ι
5384 5171 5392 5350 |

5270 5498 5272 5528 ᾧ

5042 5770 5105 5808 ω
5157 5770 5265 5805 non

5042 5840 5154 5910 ηις,
5182 5836 5264 5892 τοι

3705 663 3875 720 lanter
3916 667 4154 736 ejusdem
4199 670 4437 723 historia:
4480 669 4640 722 verba
4695 684 4964 739 percurre,
5003 680 5058 726 et
5086 671 5249 724 eodem

3704 755 3896 826 Moyse
3917 760 4196 828 perspicue
4221 767 4469 823 testante,
4500 761 4733 829 reperies
4761 778 4772 812 :
4802 760 4935 828 Quia
4957 775 5083 816 eum
5108 761 5251 814 vidis-

3706 858 3784 900 set
3832 845 3996 902 Israel
4042 849 4092 902 in
4137 849 4380 902 tentoriis
4425 858 4876 915 commorantem,
4921 851 5163 919 protinus
5209 854 5250 904 in

3705 939 3851 992 illum
3888 939 3979 994 Dei
4026 941 4257 1011 Spiritus
4299 942 4454 994 irruit
4487 942 4672 1008 (Num.
4699 944 4873 1013 xxiv),
4904 953 4957 997 et
4994 953 5052 997 ut
5089 959 5251 998 revera

3705 1029 4018 1099 prophetam
4052 1031 4102 1084 in
4134 1031 4400 1084 vaticiniis
4428 1046 4553 1085 mox
4579 1033 4852 1086 oraculum
4887 1034 5155 1088 excitavit.
5201 1033 5252 1086 Et

3705 1118 3942 1174 hariolus
3965 1133 4092 1188 ergo
4123 1120 4417 1190 appellatur
4445 1131 4497 1175 et
4532 1123 4789 1192 propheta
4818 1133 4930 1189 est;
4966 1123 5090 1193 quia
5113 1138 5252 1192 quem

3706 1213 3771 1266 ad
3806 1213 4174 1281 propheticam
4217 1213 4532 1281 dignitatem
4573 1216 4740 1283 gratia
4771 1230 4993 1283 superna
5018 1230 5254 1284 provexe-

3704 1313 3818 1366 rat,
3871 1305 4126 1355 obscazno
4175 1301 4469 1357 hariolatus
4519 1305 4732 1357 nomine
4778 1304 4983 1373 propria
5036 1305 5254 1372 pravitas

3706 1393 4041 1461 deturpabat.
4092 1391 4189 1445 Ubi
4237 1394 4681 1447 considerandum
4724 1405 4836 1457 est,
4867 1408 5025 1463 quam
5055 1393 5257 1464 profun-

3707 1485 3831 1536 dtnn
3875 1485 3972 1545 sit,
4017 1493 4175 1550 atque
4224 1484 4416 1538 subtile
4459 1484 4552 1538 Dei
4594 1484 4850 1555 judicium
4896 1499 4910 1537 :
4962 1485 5067 1538 i'mo
5111 1499 5255 1554 quam

3708 1571 3961 1626 terribilis
4005 1572 4074 1624 sit
4119 1572 4254 1625 Deus
4304 1572 4356 1625 in
4414 1572 4651 1627 consiliis
4699 1587 4858 1642 super
4909 1572 5045 1627 ﬁlios
5098 1574 5255 1627 homi~

3707 1678 3833 1715 num
3875 1661 4052 1730 (Prol.
4095 1664 4266 1729 1.xv);
4318 1677 4438 1716 cum
4499 1662 4747 1718 videlicet
4803 1663 5120 1717 miserabilis
5179 1664 5256 1719 ille

3708 1755 3789 1806 vir
3829 1769 4001 1822 neque
4050 1764 4267 1823 propter
4316 1763 4499 1808 reatus
4549 1756 4628 1809 sui
4669 1755 4977 1824 nequitiam,
5016 1755 5253 1824 gratiam.

3710 1860 3869 1912 quam
3909 1844 4070 1900 semel
4102 1844 4442 1912 acquisierat,
4475 1844 4703 1914 perdidit
4734 1864 4746 1897 :
4782 1854 4834 1900 et
4858 1855 5029 1898 tamen
5052 1857 5257 1913 propter

3710 1937 3876 2006 ipsam
3921 1938 4173 2006 gratiam,
4219 1951 4378 2005 quam
4427 1937 4736 2004 usurpabat,
4775 1936 5044 2002 indignus,
5079 1936 5256 1989 divina

3705 2025 3926 2078 ultionis
3951 2025 4274 2079 sententiam
4310 2024 4578 2079 declinare
4606 2040 4709 2079 non
4747 2025 4938 2095 potuit.
4981 2023 5117 2090 Quid
5143 2039 5257 2094 ergo

3706 2121 3901 2174 mirum
3944 2122 3988 2175 si
4037 2122 4374 2189 omnipotens
4425 2121 4581 2185 Deus,
4632 2122 4722 2191 qui
4766 2135 4974 2190 semper
5010 2130 5089 2175 est
5127 2123 5259 2192 quod

3706 2222 3805 2276 est,
3836 2223 3890 2266 et
3918 2216 4111 2267 mutari
4140 2229 4243 2268 non
4273 2215 4438 2278 novit,
4472 2213 4814 2267 nihilominus
4853 2214 5024 2268 adhuc
5048 2214 5257 2282 antiqua

3706 2303 3971 2356 examinis
4023 2303 4104 2356 sui
4147 2301 4269 2370 jura
4319 2303 4604 2367 custodiat,
4660 2310 4713 2356 et
4764 2304 5000 2357 eamdem
5045 2312 5260 2357 assueta

3706 2392 4041 2446 discretionis
4095 2392 4328 2462 regulam
4379 2400 4586 2457 teneat;
4641 2402 4700 2447 ut
4754 2393 4891 2461 quod
4945 2392 4996 2445 in
5049 2390 5259 2445 Balaam

3704 2479 3849 2543 fecit,
3905 2480 4169 2549 hodieque
4216 2482 4267 2534 in
4311 2482 4423 2536 suis
4475 2481 4734 2536 similibus
4783 2496 4882 2535 non
4936 2480 5261 2536 dissimiliter

3702 2580 3957 2641 Operetur
3985 2590 3997 2623 :
4031 2583 4296 2641 quatenus
4326 2580 4380 2626 et
4408 2586 4506 2641 pro
4537 2569 4778 2643 larg‘itate
4807 2570 5104 2628 clementiae
5131 2573 5261 2627 dona

3704 2676 3798 2717 sua
3852 2664 4108 2732 indignis,
4166 2672 4221 2719 et
4268 2679 4366 2734 pro
4415 2678 4640 2719 censura
4682 2664 4904 2758 jgstitia‘.
4952 2665 5127 2734 dignae
5177 2680 5263 2719 eos

3705 2752 3925 2808 ultionis
3955 2754 4424 2809 animadversione
4450 2752 4722 2824 percellat;

3706 2954 3858 3021 Quod
3875 2956 4147 3025 reprobum
4165 2863 4513 3034 Saufei:
4543 2864 4848 3036 Etlelilitious
4873 2956 4981 3010 suis
5007 2959 5260 3027 propheta

4164 3041 4254 3078 cus
4284 3036 4495 3111 spiritus
4529 3035 4810 3095 occupavit.

3770 3119 3900 3173 Illud
3931 3134 4143 3189 quoque
4187 3116 4471 3172 obscurum
4514 3133 4620 3172 non
4660 3125 4762 3181 est,
4805 3116 4944 3187 quod
4979 3132 5104 3173 cum
5142 3117 5263 3174 Saul

3702 3205 3987 3261 direxisset
4012 3205 4231 3260 lictores
4287 3205 4354 3260 ad
4398 3205 4709 3275 rapiendum
4761 3204 4947 3270 David,
4981 3215 5146 3277 atque
5193 3207 5264 3261 illi

3704 3401 3880 3443 tarum
3931 3388 4339 3442 vaticinantium
4399 3402 4669 3453 cuneum,
4731 3395 4787 3443 et
4843 3385 5059 3442 Samuel
5122 3398 5267 3442 atauo

3704 3490 3810 3534 tem
3868 3492 4026 3548 super
4052 3492 4168 3540 eos,
4224 3474 4398 3530 factus
4433 3485 4515 3531 est
4555 3477 4712 3530 etiam
4771 3476 4824 3530 in
4876 3474 4979 3529 illis
5027 3474 5267 3547 Spiritus

3703 3568 3945 3632 Domini,
3999 3575 4053 3621 et
4103 3567 4424 3637 prophetare
4479 3574 4756 3636 coeperunt
4806 3583 4819 3619 :
4868 3580 5095 3636 cumque
5143 3565 5265 3620 Saul

3703 3659 3939 3713 secundo
4006 3667 4059 3712 et
4132 3658 4286 3712 tertio
4345 3656 4509 3720 alios,
4574 3665 4732 3725 atque
4810 3656 4938 3711 alios
4992 3657 5264 3722 mitteret,

3703 3764 3757 3808 et
3779 3755 3896 3809 illos
3920 3752 4263 3808 nihilominus
4285 3751 4628 3826 pmpheticus
4650 3748 4756 3821 95
4781 3748 5009 3820 Spiritus
5033 3750 5264 3805 invasis-

3705 3854 3802 3906 set,
3832 3844 4071 3906 tandem,
4098 3852 4156 3896 ut
4177 3842 4455 3910 Scriptura
4482 3839 4766 3908 testatur(l
4791 3838 4912 3910 Reg.
4940 3838 5073 3909 xrx,)
5100 3841 5266 3894 iratus

3706 3935 3817 4004 ipse
3848 3933 3977 3988 Saul
4006 3933 4138 3987 abiit
4179 3932 4232 3986 in
4276 3931 4539 3985 Ramatha
4571 3949 4582 3984 :
4612 3929 4711 3986 sed
4750 3938 5030 4000 antequam
5077 3946 5267 4000 perve-

3704 4026 3889 4087 nisset,
3923 4022 4095 4076 factus
4123 4031 4205 4076 est
4235 4021 4396 4076 etiam
4426 4034 4585 4090 super
4623 4033 4746 4074 eum
4790 4018 5019 4090 Spiritus
5062 4019 5184 4082 Dei,
5219 4028 5268 4073 et

3703 4114 4044 4184 pr0phetavit
4093 4122 4199 4166 tota
4247 4111 4333 4166 die
4371 4110 4544 4166 nudus
4577 4125 4698 4165 cum
4727 4110 4930 4164 caeteris
4954 4124 5141 4164 coram
5174 4108 5270 4164 Sa-

3703 4205 3865 4259 muel.
3927 4203 4062 4271 Quid
4099 4218 4227 4274 ergo
4262 4202 4453 4256 mirum
4499 4201 4543 4257 si
4587 4199 4825 4271 perversi
4855 4200 5100 4255 homines
5130 4201 5265 4255 dona

3705 4293 3819 4362 Dei,
3850 4296 4045 4365 quibus
4076 4288 4272 4364 indigni
4313 4301 4454 4358 sunt,
4488 4292 4554 4347 ad
4592 4291 4860 4348 cumulum
4898 4306 5007 4345 suae
5042 4291 5270 4345 damna-

3705 4388 3867 4443 tionis
3917 4387 4212 4458 accipiant;
4272 4402 4394 4441 cum
4442 4394 4496 4440 et
4547 4384 4695 4439 Sauli
4740 4384 4856 4449 isti,
4912 4398 5069 4454 quem
5124 4383 5270 4440 Deus

3705 4479 3987 4548 abjecerat,
4020 4493 4176 4548 quem
4199 4476 4310 4545 jam
4337 4478 4541 4532 daemon
4581 4479 4784 4545 agitare
4809 4478 5103 4545 saepissime
5142 4492 5273 4534 eon-

3707 4580 3973 4636 sueverat,
4011 4585 4116 4625 non
4160 4570 4316 4625 modo
4350 4569 4605 4640 Spiritum
4637 4569 4730 4625 Dei
4767 4571 4831 4623 ad
4873 4571 5062 4625 horam
5093 4573 5274 4626 suscio

3706 4676 3855 4729 pere,
3914 4660 4007 4714 sed
4049 4660 4209 4713 etiam
4261 4673 4380 4713 cum
4438 4660 4549 4714 suis
4590 4658 4775 4713 oﬂiclis
4826 4674 5145 4719 concessum
5208 4662 5276 4714 sit

3707 4750 3907 4804 diutius
3937 4749 4289 4817 prophetare?
4314 4748 4605 4805 lracundim
4644 4763 4831 4819 nempe
4872 4748 4995 4803 felle
5024 4764 5275 4805 commo-

3707 4851 3814 4906 tus,
3847 4852 3896 4895 et
3929 4841 4111 4896 livoris
4148 4841 4308 4895 simul
4337 4850 4390 4896 et
4416 4843 4525 4898 odii
4553 4850 4672 4897 erat
4715 4841 4905 4897 ardore
4933 4856 5272 4898 sucmnsus:

3707 4941 3887 4999 atque,
3917 4939 3974 4984 ut
4004 4945 4107 4984 non
4145 4931 4342 4985 diutius
4382 4932 4655 4998 immorer,
4697 4931 4806 4986 Deo
4856 4945 5079 4996 vacuus,
5130 4934 5277 4986 malo

3706 5022 3915 5092 Spiritui
3964 5021 4139 5077 fuerat
4186 5023 4611 5078 irrevocabiliter
4657 5022 4983 5092 mancipatus
5026 5040 5039 5076 :
5087 5034 5275 5077 tamen

3703 5132 3824 5170 eum
3866 5116 3933 5171 ad
3960 5115 4133 5172 locum
4183 5118 4332 5172 chori
4376 5118 4717 5172 vaticinantis
4761 5118 5006 5181 accessit,
5049 5128 5276 5186 repente

3703 5222 3865 5278 super
3891 5222 4012 5262 eum
4052 5207 4262 5263 divinus
4300 5207 4533 5279 Spiritus
4565 5208 4738 5269 irruit.
4785 5219 4838 5261 et
4874 5207 5018 5261 velut
5058 5208 5276 5277 apposi-

3709 5306 3818 5351 tam
3874 5297 4151 5352 materiam
4206 5298 4341 5369 iguis
4378 5296 4619 5353 insiliens
4653 5297 4948 5369 occupavit.
4986 5295 5111 5353 Non
5138 5312 5274 5368 ergo

3707 5386 4020 5443 incredibile
4047 5387 4217 5443 videri
4261 5388 4438 5454 debet,
4468 5390 4513 5443 si
4556 5390 4609 5444 in
4650 5399 4829 5446 sancta
4857 5388 5123 5453 Ecclesia,
5147 5404 5271 5459 qua:

3704 5477 3890 5548 procul
3925 5476 4087 5533 dubio
4130 5479 4354 5534 thronus
4395 5479 4515 5545 Dei,
4568 5480 4858 5535 sacrarium
4901 5488 4980 5534 est
5031 5478 5272 5551 Spiritus

3705 5570 3899 5634 sancti,
3927 5570 4269 5641 omniumque
4293 5570 4591 5626 cmlestium
4613 5573 4992 5627 charismatum
5018 5582 5270 5641 recepta-

3706 5662 3908 5726 culum,
3941 5661 4069 5716 illud
4112 5663 4298 5733 gratia:
4326 5673 4718 5718 sacramentum
4756 5673 4809 5718 et
4847 5663 5100 5734 indignus
5127 5662 5269 5715 acci-

3707 5753 3837 5822 piat,
3873 5752 3959 5808 cui
4003 5766 4097 5822 per
4134 5753 4508 5819 intentionem,
4554 5753 4638 5809 vel
4679 5754 4801 5809 vitae
4851 5754 5105 5809 meritum
5156 5765 5265 5805 non

3707 5844 4000 5901 concordat
4029 5860 4043 5897 :
4079 5842 4352 5911 nimirum.
4383 5844 4512 5918 quia
4549 5860 4657 5902 non
4683 5841 4859 5902 dantis
4896 5840 5154 5910 luminis,
5182 5836 5264 5892 vd
