5392 6520
964 370 1063 429 109

1744 361 1989 419 OPUSC.
2028 359 2117 418 Vl.
2155 388 2231 404 —
2258 358 2462 416 LIBER
2500 358 2618 428 QUI
2658 356 2940 417 DlClTUR
2975 356 3464 417 GRATISSIMUS.

4127 357 4231 415 illi

963 479 1271 552 accipientis
1304 486 1387 533 est
1428 476 1704 540 meritum,
1755 476 1847 530 sed
1892 474 2087 530 summi
2132 472 2406 543 largitoris
2451 481 2535 527 est
2562 476 2609 535 Α
2640 489 2834 528 novam
2862 474 3063 529 mttndo
3092 474 3289 545 ingerit
3318 473 3697 544 quaestionem,
3721 483 3777 530 et
3801 474 4102 545 perspicuae
4125 475 4235 539 luci

960 574 1299 630 beneficium.
1341 570 1457 625 Non
1508 569 1650 623 enim
1704 567 1899 637 legitur
1940 585 1954 620 :
1990 566 2124 632 Quia
2157 565 2411 634 Spiritus,
2445 565 2534 619 ubi

961 663 1173 733 dignum
1216 672 1296 717 est
1355 662 1555 730 spirat;
1602 659 1694 712 sed
1743 658 1924 727 potius
1973 658 2173 711 dictum
2219 666 2345 711 est:
2380 668 2400 707 ι
2436 656 2534 711 Ubi

958 756 1090 820 vult,
1107 753 1471 825 spirat(Joan.
1494 750 1581 823 ιιι)
1606 768 1650 816 ;ι
1677 760 1737 804 ιιι
1756 749 1997 819 profecto
2023 749 2315 819 spiritualis
2338 749 2530 819 gratia,

959 863 1075 919 quae
1119 863 1185 902 ex
1226 845 1593 901 ecclesiastica
1644 843 1982 898 institutione
2032 841 2305 902 tribuitur,
2342 840 2536 896 divinae

956 937 1131 1007 potius
1159 934 1444 999 voluntati,
1470 948 1629 1002 quam
1655 933 1906 987 humanis
1949 931 2156 986 meritis
2205 931 2530 985 ascribatur.

956 1031 1241 1087 Enimvero
1269 1028 1508 1098 Spiritus
1543 1037 1765 1083 sanctus
1796 1042 1900 1081 non
1938 1040 2034 1096 pro
2078 1024 2286 1080 meritis
2321 1038 2535 1093 semper

955 1124 1117 1187 venit,
1146 1121 1237 1176 sed
1266 1135 1362 1191 pro
1389 1121 1597 1175 meritis
1639 1121 1690 1173 in
1728 1119 1989 1189 quolibet,
2022 1118 2090 1189 ad
2125 1115 2351 1172 salutem
2384 1114 2533 1169 vitle-

956 1217 1096 1280 licet,
1130 1231 1343 1286 semper
1394 1222 1597 1268 manet.
1640 1212 1777 1267 Hinc
1822 1221 1906 1266 est
1949 1210 2078 1264 illud
2127 1210 2269 1278 quod
2321 1207 2534 1262 Veritas

954 1312 1082 1368 dicit
1108 1326 1123 1365 :
1157 1330 1176 1362 ι
1213 1310 1270 1365 Si
1294 1310 1436 1381 quis,
1465 1308 1661 1378 inquit,
1689 1305 1863 1377 diligit
1891 1319 1997 1369 me,
2022 1318 2328 1359 sermonem
2356 1317 2534 1355 meum

953 1406 1223 1471 servabit,
1274 1414 1330 1459 et
1378 1404 1539 1458 Pater
1590 1416 1743 1457 meus
1787 1399 1963 1469 diligit
2006 1413 2155 1462 eum,
2209 1405 2263 1451 et
2306 1396 2370 1449 ad
2410 1410 2533 1450 eum

951 1497 1248 1561 veniemus,
1277 1505 1333 1550 et
1357 1495 1694 1550 mansionem
1725 1492 1865 1562 apud
1895 1506 2017 1544 eum
2051 1489 2313 1543 faciemus
2346 1486 2529 1557 (Joan.

952 1587 1083 1657 xxv).
1122 1607 1139 1640 ι
1189 1587 1291 1654 Qui
1349 1585 1491 1640 enim
1539 1586 1591 1638 in
1643 1584 1956 1638 dilectorem
2005 1596 2193 1643 suum,
2246 1587 2532 1647 postquam

952 1690 1232 1735 venturum
1266 1694 1322 1733 se
1361 1693 1479 1733 esse
1522 1677 1794 1747 promisit,
1844 1674 2178 1729 mansionem
2211 1685 2425 1739 quoque
2458 1670 2533 1723 fa-

952 1780 1161 1827 cturum
1187 1770 1435 1840 protinus
1459 1768 1691 1831 addidit;
1721 1774 1871 1835 patet
1892 1765 2151 1835 profecto,
2180 1763 2305 1832 quia
2332 1763 2384 1815 in
2411 1761 2532 1815 aliis

2639 565 2758 635 plus
2782 566 3128 630 intendendo,
3166 566 3451 636 minusque
3476 566 3729 629 videndo,
3772 576 4003 622 conatur
4032 569 4234 625 inferre

2638 656 2946 728 caliginem.
2976 657 3278 724 Quomodo,
3322 657 3592 727 inquiunt,
3636 658 3810 729 gratia
3849 660 4023 713 sancti
4070 658 4233 731 Spiri-

2640 756 2725 801 tus
2752 746 2835 802 vel
2865 763 2962 818 per
2998 749 3169 803 malos
3207 749 3385 814 datur,
3418 748 3499 802 vel
3531 764 3561 802 a
3591 750 3749 803 malis
3782 750 4095 819 accipitur?
4121 767 4233 807 non

2638 840 3001 903 attendentes,
3040 840 3164 909 quia
3210 839 3386 909 gratia
3434 841 3607 895 sancti
3653 840 3890 913 Spiritus
3936 843 4052 912 ipse
4099 845 4235 900 ordo

2636 928 3021 984 ecclesiasticas
3069 924 3345 1001 dignitatis
3400 931 3666 1002 accipitur
3707 949 3721 985 :
3764 950 3924 1003 quem
3983 936 4238 993 videlicet

2638 1020 2751 1075 sive
2778 1021 3031 1091 indignus
3055 1021 3314 1092 praebeat,
3348 1023 3464 1079 sive
3487 1024 3737 1096 indignus
3778 1026 4030 1097 accipiat,
4062 1026 4235 1101 Spiri-

2640 1119 2724 1164 tus
2754 1120 2996 1177 sanctus,
3037 1113 3127 1182 qui
3173 1112 3428 1168 Ecclesiae
3467 1129 3579 1168 sure
3606 1114 3727 1183 jura
3767 1117 4025 1187 disponit,
4055 1131 4236 1175 ratum

2636 1217 2755 1257 esse
2800 1204 3061 1261 decernit.
3114 1204 3185 1261 Ut
3236 1205 3381 1261 enim
3433 1206 3507 1260 ait
3550 1206 3611 1259 Β.
3650 1206 4016 1281 Hieronymus
4066 1209 4234 1280 (lib.t

2636 1295 2880 1349 adversus
2908 1294 3270 1370 Iovinianum)
3301 1316 3313 1352 :
3345 1317 3363 1349 ε
3392 1298 3713 1369 Episcopus,
3734 1303 4024 1373 presbyter
4044 1311 4101 1358 et
4118 1304 4239 1357 dia-

2634 1399 2802 1440 conus
2824 1402 2929 1440 non
2960 1397 3089 1441 sunt
3113 1388 3432 1444 meritorum
3467 1391 3708 1456 nomina,
3736 1392 3833 1447 sed
3861 1392 4185 1450 otliciorum.
4210 1414 4229 1447 ι

2638 1472 2917 1544 Tanquam
2949 1477 2995 1531 si
3023 1478 3109 1532 vel
3132 1479 3382 1540 tribunus
3413 1480 3529 1550 ipse
3579 1482 3814 1552 degener
3838 1483 3928 1549 sit,
3960 1484 4045 1539 vel
4071 1486 4235 1557 dege-

2635 1581 2820 1620 nerem
2846 1570 3156 1638 quempiam
3197 1572 3264 1626 ad
3295 1571 3505 1627 militia:
3526 1587 3638 1628 suae
3666 1575 3913 1632 ordinem
3946 1578 4233 1648 provehat,

2632 1657 2702 1710 ad
2734 1660 3163 1739 conservandum
3196 1670 3374 1717 tamen
3407 1663 3613 1719 militiae
3637 1682 3750 1721 suae
3781 1668 4030 1724 ordinem
4063 1670 4237 1741 impc-

2635 1755 2784 1800 rator
2815 1763 2996 1815 omne,
3036 1751 3180 1821 quod
3214 1752 3416 1809 factum
3457 1765 3561 1822 est,
3612 1756 3827 1813 firmum
3875 1776 3996 1817 esse
4031 1766 4235 1819 consti-

952 1862 1335 1926 habitatDeus;
1366 1861 1419 1915 in
1447 1859 1567 1914 aliis
1598 1859 1922 1929 hospitatur.
1956 1856 2092 1910 Huic
2114 1856 2277 1925 etiam
2312 1853 2437 1907 illud
2461 1852 2534 1906 si-
2562 1844 2609 1904 Β
2641 1840 2772 1903 lu“;
2808 1855 2906 1894 nec
2935 1842 3080 1895 enim
3111 1843 3378 1900 tribunitii
3412 1845 3554 1916 juris
3592 1857 3792 1905 statuta
3833 1852 4111 1921 convellit,
4138 1857 4232 1928 qui

949 1954 1073 2009 mile
1105 1962 1189 2009 est
1219 1952 1361 2023 quod
1395 1952 1471 2006 ait
1505 1970 1517 2006 :
1549 1970 1567 2001 ‹
1598 1949 1771 2021 Super
1794 1964 1975 2017 quem,
2000 1946 2193 2016 inquit,
2229 1944 2533 2014 requiescet

951 2047 1187 2116 Spiritus
1214 2060 1387 2107 meus,
1410 2043 1510 2098 nisi
1533 2040 1988 2112 superhumilem,
2006 2038 2336 2108 etquietum,
2354 2045 2407 2089 et
2430 2044 2533 2089 tre-

951 2146 1181 2192 mentem
1196 2149 1470 2191 sermones
1485 2132 1666 2187 meos?
1680 2150 1696 2182 ι
1720 2129 1851 2199 (Ιεα.
1874 2130 2040 2195 vat.)
2057 2128 2185 2183 Acsi
2202 2126 2533 2197 palentcrdi-

950 2234 1035 2282 cat
1061 2240 1075 2279 :
1100 2225 1165 2280 Et
1191 2239 1352 2294 super
1373 2224 1506 2277 alios
1527 2222 1742 2291 quidem
1772 2223 1968 2284 veniet,
1988 2223 2081 2275 sed
2110 2232 2270 2287 super
2292 2219 2433 2272 hunc
2458 2216 2534 2270 vi-

949 2317 1138 2374 delicet
1158 2317 1482 2385 requiescet.
1515 2315 1639 2384 quia
1662 2314 1856 2383 dignus
1882 2320 1981 2365 est.
2012 2308 2145 2363 Nam
2169 2309 2309 2364 sicut
2331 2316 2382 2363 et
2409 2316 2533 2361 ante

950 2427 1048 2468 nos
1068 2413 1267 2466 dictum
1295 2419 1395 2474 est,
1428 2408 1664 2477 Spiritus
1690 2415 1908 2461 sanctus
1933 2404 2074 2460 sicut
2098 2403 2437 2466 conciliatus,
2481 2411 2535 2457 et

844 2492 847 2493 ν
948 2500 1193 2571 placatus
1267 2498 1508 2570 requiem
1570 2490 1793 2567 praestat
1850 2496 2071 2550 mitibus
2133 2500 2187 2549 et
2242 2493 2535 2548 humilibus

948 2592 1157 2647 corde:
1188 2590 1260 2645 ita
1303 2587 1637 2651 contrarius,
1692 2594 1747 2640 et
1798 2585 2058 2639 adversus
2110 2584 2430 2647 immitibus,
2472 2596 2535 2636 ac

947 2681 1194 2752 superbis
1237 2678 1663 2750 inquietudinem
1709 2677 1969 2746 exagitat,
2010 2691 2172 2744 quam
2217 2675 2423 2730 scilicet
2453 2674 2534 2726 in-

946 2773 1315 2847 quietudinem
1341 2772 1615 2843 sciniphes
1642 2771 1743 2825 illae
1775 2770 2108 2825 brevissime
2129 2768 2531 2840 significabant,

946 2867 1048 2923 sub
1094 2864 1290 2934 quibus
1334 2863 1474 2931 magi
1522 2860 1824 2916 Pharaonis
1864 2858 2197 2923 defecerunt,
2240 2859 2483 2914 dicentes
2518 2876 2531 2912 :

950 2978 969 3013 ι
1004 2957 1212 3024 Digitus
1242 2954 1333 3009 Dei
1360 2962 1443 3009 est
1475 2952 1564 3007 hic
1588 2952 1786 3024 (Exod.
1819 2952 1969 3021 vni);
2002 2971 2020 3003 ι
2056 2951 2287 3005 fatentes
2317 2951 2419 3005 sibi
2442 2950 2537 3005 ad-

941 3044 1164 3109 versum
1195 3063 1315 3105 esse
1354 3047 1615 3118 Spiritum
1658 3054 1928 3111 sanctum,
1965 3048 2054 3115 qui
2091 3053 2211 3099 erat
2240 3044 2290 3097 in
2334 3043 2533 3115 Moyse.

943 3142 1510 3214 Aptenimirumtertio
1531 3141 1773 3208 loco,ubi
1794 3139 2098 3210 sciniphum
2120 3137 2275 3211 plaga
2299 3139 2534 3208 ponitur»

2636 1929 2807 1998 ipsum
2854 1933 3150 2000 tribunum,
3204 1952 3366 2005 quem
3407 1942 3637 1996 necdum
3686 1959 3716 1997 a
3770 1948 3972 2015 proprii
4023 1951 4233 2004 ordinis

2632 2022 2893 2090 dignitate
2935 2026 3149 2094 dcjecit,
3193 2030 3287 2083 sed
3332 2030 3532 2084 dicitur
3565 2047 3596 2085 e
3634 2034 3869 2100 diverso,
3897 2052 4026 2093 ecce
4056 2039 4233 2094 Evan-

2632 2116 2827 2183 gelium
2870 2118 3067 2171 clamat
3110 2138 3122 2173 :
3160 2138 3179 2171 ς
3213 2120 3313 2187 Qui
3364 2138 3472 2178 non
3518 2126 3688 2181 intrat
3726 2144 3823 2197 per
3868 2131 4091 2195 ostium,
4137 2134 4232 2187 sed

2636 2207 2933 2276 ingreditur
2977 2210 3213 2275 aliunde,
3253 2212 3341 2268 ille
3376 2213 3465 2269 fur
3503 2226 3589 2271 est
3627 2226 3681 2272 et
3712 2219 3849 2274 latro
3877 2221 4060 2289 (Joan.
4094 2225 4173 2292 x).
4207 2244 4226 2277 ι

2633 2294 2785 2361 Esto,
2810 2307 2868 2351 ut
2895 2299 2999 2366 ille,
3032 2302 3124 2369 qui
3162 2302 3378 2359 aliunde
3420 2304 3790 2364 clandestinus
3824 2311 4065 2384 irrepsit,
4097 2315 4232 2371 l‘urti

2634 2396 2689 2441 et
2741 2388 3013 2445 latrocinii
3060 2404 3375 2450 constanter
3423 2410 3720 2469 arguatur;
3758 2417 3847 2457 me
3892 2413 4091 2472 tamen,
4137 2409 4232 2478 qui

2634 2496 2731 2550 per
2774 2484 2973 2543 ostium
3034 2486 3348 2554 intromisit,
3396 2492 3482 2545 sui
3530 2495 3719 2563 procul
3772 2496 3935 2553 dubio
3986 2500 4233 2557 criminis

2636 2576 2953 2644 participem
2982 2594 3088 2633 non
3118 2580 3319 2636 ell‘ecit.
3349 2581 3442 2639 llle
3469 2584 3655 2655 itaque
3681 2592 3978 2659 perpetrati
4009 2594 4232 2650 sceleris

2636 2666 2955 2735 supplicium
2994 2668 3127 2739 luat,
3160 2672 3453 2729 dummodo
3488 2691 3575 2730 me
3612 2676 3775 2734 alieni
3824 2691 4010 2737 reatus
4038 2684 4235 2753 prazju-

2638 2755 2835 2811 dicium
2876 2774 2982 2813 non
3014 2760 3272 2827 involvat,
3306 2779 3406 2820 nec
3429 2766 3663 2824 alterius
3681 2784 3771 2825 me
3797 2771 4053 2829 exhibeat
4074 2777 4233 2847 culpa

2639 2850 3019 2916 damnabilem,
3044 2871 3204 2924 quem
3228 2859 3461 2930 propriae
3482 2860 3806 2921 innocentiae
3823 2868 4035 2937 puritas
4055 2873 4237 2928 reddit

2640 2943 2955 3039 iminunem.
2989 2949 3159 3006 Porro
3188 2952 3253 3008 de
3278 2968 3367 3021 eo,
3395 2956 3539 3025 qttod
3578 2957 3796 3027 dicitur,
3828 2963 4084 3031 quoniam
4110 2983 4235 3039 gra-

2641 3036 2769 3089 tiam
2810 3040 2983 3094 sancti
3034 3041 3269 3111 Spiritus
3319 3045 3575 3117 indignus
3628 3048 3791 3107 homo
3843 3055 4093 3124 accipere
4117 3036 4233 3116 vne-

2640 3140 2831 3197 queat;
2876 3144 3090 3199 constat
3126 3137 3313 3205 procul
3359 3140 3545 3207 dubio,
3576 3147 3703 3213 quia
3750 3162 3947 3218 corpus
3988 3150 4229 3219 Domini,

945 3203 1181 3305 sbirims
1196 3242 1435 3297 sanctus,
1465 3232 1556 3303 qui
1579 3203 1735 3286 term
1752 3230 1908 3286 estin
1930 3203 2401 3285 ἑδηοιατιητῖηίίθιρ
2418 3244 2538 3297 ρετ.
2566 3203 2612 3265 C
2644 3221 2783 3289 quod
2811 3222 2863 3276 in
2891 3226 3063 3280 sacris
3102 3203 3365 3284 altaribus
3404 3244 3502 3299 per
3534 3203 3709 3290 sancti
3740 3203 4231 3298 sacerdotis:

896 3390 899 3393 _
944 3341 1099 3393 sons,
1118 3326 1369 3396 inquietis
1386 3325 1693 3380 hominibus
1704 3321 1869 3378 fuisse
1881 3322 2184 3377 contrarius
2196 3321 2528 3392 perhibetur.

944 3416 1095 3473 Hanc
1132 3417 1559 3488 inquietudinem
1590 3422 1847 3484 expertus
1891 3421 1975 3468 est
2013 3411 2175 3477 Jehu,
2223 3410 2313 3480 qui
2352 3411 2532 3465 divino

928 3509 1062 3566 ‘selo
1089 3508 1299 3572 ductus,
1332 3508 1396 3562 ad
1426 3507 1763 3561 ulciscendos
1794 3505 2010 3574 quidem
2048 3502 2144 3556 Dei
2179 3502 2450 3565 inimicos,
2476 3509 2531 3555 ct

951 3599 1219 3673 prmcipue
1250 3600 1484 3657 cultores
1512 3597 1660 3662 Baal,
1684 3596 2037 3651 vehementer
2068 3594 2345 3649 incanduit
2372 3612 2385 3647 :
2416 3594 2531 3662 ipse

951 3701 1129 3746 tamen
1168 3706 1290 3753 cos,
1342 3703 1478 3759 quos
1516 3686 1805 3743 Jeroboam
1854 3686 2111 3749 coluerat,
2148 3684 2277 3738 deos
2331 3697 2527 3738 aureos

946 3796 1051 3837 non
1081 3778 1299 3851 reliquit
1322 3779 1372 3850 (I
1388 3778 1428 3831 γ
1457 3777 1587 3849 Reg.
1616 3776 1695 3846 x).

1479 3888 1590 3960 96
1626 3886 1853 3943 CAPUT
1893 3885 1985 3942 IX.

947 3983 1087 4053 Quid
1138 3986 1371 4039 doctores
1428 3983 1493 4053 de
1539 3982 1825 4051 baptismo,
1880 3992 1927 4035 et
1987 3979 2248 4034 Dominici
2292 3979 2526 4044 corporis

1420 4052 1759 4108 Eucltaristia
1789 4054 2035 4107 sentiant.

1016 4150 1111 4215 (i,
1152 4162 1207 4218 q.
1252 4149 1315 4214 l,
1344 4162 1393 4202 c.
1434 4143 1521 4201 Sic
1560 4156 1765 4209 autem,
1811 4153 1919 4199 etc.
1973 4159 2089 4214 seq.
2118 4142 2357 4215 Nonne.)
2399 4142 2525 4197 Tria

942 4242 1185 4315 profecto
1254 4240 1526 4311 praecipua
1604 4246 1942 4294 sacramenta
2024 4238 2076 4291 in
2150 4247 2336 4293 sancta
2410 4236 2522 4293 l‘re—

939 4314 1271 4407 quentantur
1298 4333 1563 4398 Ecclesia,
1602 4333 1926 4402 baptismum
1961 4330 2242 4393 videlicet,
2273 4314 2555 4400 corporis:

939 4440 1158 4498 quoque
1185 4435 1240 4480 et
1277 4426 1554 4495 sanguinis
1602 4422 1865 4478 Dominici
1904 4422 2140 4477 salutare
2177 4422 2519 4493 mysterium,

942 4527 1000 4575 et
1047 4518 1313 4575 ordinatio
1362 4516 1700 4571 clericorum.
1758 4516 1827 4570 Et
1875 4517 1941 4570 de
1984 4515 2255 4584 baptismo
2302 4515 2519 4584 quidem

2634 3319 2789 3365 catur
2826 3312 3080 3377 alliciunt,
3116 3329 3376 3389 concepta
3416 3326 3589 3378 sancti
3622 3324 3857 3396 Spiritus
3892 3332 4110 3398 virtute,
4147 3335 4231 3389 vi—

2630 3401 2899 3469 vificatur,
2934 3412 2988 3459 et
3025 3409 3435 3477 Sanctiﬁcatur;
3486 3420 3545 3467 ut
3582 3430 3681 3470 nos
3719 3418 4002 3477 viviﬁeare
4027 3422 4228 3489 valeat,

2632 3500 2687 3545 et
2743 3494 3107 3551 sanetiﬁcare.
3165 3496 3319 3555 Sicut
3373 3502 3428 3555 itt
3476 3504 3610 3572 ipsis
3657 3513 3983 3567 venerandis
4034 3514 4230 3571 missa-

2631 3602 2748 3639 rum
2780 3591 3007 3645 secretis
3031 3590 3233 3650 dicitttr
3262 3611 3275 3648 :
3304 3591 3410 3649 Per
3428 3614 3580 3667 quem
3609 3601 3721 3656 hac
3750 3606 3950 3672 omnia,
3978 3607 4224 3677 Domine,

2629 3696 2830 3750 semper
2886 3682 3020 3767 bona
3071 3702 3238 3753 creas,
3282 3691 3606 3759 sancti/ans,
3638 3694 3894 3763 uiuiﬁcus,
3937 3699 4220 3758 benedicis.

2629 3769 2813 3842 Neque
2871 3774 3027 3828 enim
3065 3776 3222 3832 aliter
3277 3778 3555 3837 viviﬁcare
3610 3798 3771 3854 posse
3821 3788 4062 3845 creditur
4116 3794 4223 3849 nisi

2626 3876 2723 3931 per
2774 3863 3037 3934 Spiritum
3088 3876 3372 3935 sanctum;
3430 3887 3586 3939 cum,
3636 3884 3871 3933 testante
3897 3879 4007 3952 97
4056 3880 4225 3938 Veri-

2628 3962 2738 4008 tate
2771 3954 2953 4026 (Joan.
2984 3957 3085 4029 vi),
3126 3956 3379 4030 Spiritus
3427 3963 3519 4029 sit,
3564 3966 3655 4034 qui
3700 3968 3963 4025 viviﬁcat.
4021 3972 4220 4040 Quaero

2627 4059 2777 4115 ergo,
2807 4060 2931 4101 cum
2983 4057 3206 4105 sanctus
3254 4052 3511 4109 sacerdos
3548 4056 3772 4119 cceleste
3825 4060 3957 4116 illud
3997 4078 4219 4131 munus,

2626 4137 2769 4204 quod
2826 4138 3025 4195 virtute
3079 4141 3253 4197 sancti
3317 4141 3554 4215 Spiritus
3605 4148 3937 4208 viviticatum
4006 4164 4110 4220 est,
4167 4166 4226 4214 et

2625 4228 3041 4297 sanctiﬁcatum,
3067 4244 3253 4303 atque,
3276 4243 3337 4289 ut
3363 4235 3943 4311 confidenterdoquar,
3972 4246 4220 4316 ejusdem

2623 4320 2789 4377 divini
2824 4321 3060 4393 Spiritus
3108 4328 3283 4397 gratia
3324 4332 3595 4387 veraciter
3644 4334 3899 4405 plenum,
3952 4340 4222 4397 scelerato

2624 4413 2765 4469 forte
2790 4415 3011 4471 cuilibet
3036 4421 3284 4491 porrigit,
3343 4425 3604 4493 numquid
3656 4437 3941 4497 propterea
3987 4432 4223 4503 Spiritus

2626 4514 2847 4563 sanctus
2896 4510 3237 4589 Dominicum
3309 4530 3506 4586 corpus
3562 4518 3785 4587 deserit,
3853 4531 3908 4577 et
3960 4532 4221 4597 tanquam

942 4610 1007 4667 Β.
1038 4605 1367 4681 Augustitius
1406 4608 1458 4662 in
1502 4606 1834 4677 expositione
1880 4605 2105 4661 Joannis
2143 4606 2518 4676 evangelistae;
2553 4590 2601 4649 D
2629 4603 2937 4671 squalorem
2962 4608 3162 4662 sordidi
3198 4608 3340 4663 vasis
3390 4622 3683 4668 nauseatus
3731 4616 4008 4671 abscedit?
4038 4590 4145 4674 Sed
4173 4622 4222 4675 si

941 4702 1014 4758 de
1040 4700 1375 4756 Eucharistia
1403 4715 1533 4755 vero
1562 4700 1827 4756 Dominici
1862 4700 2107 4770 corporis
2149 4701 2202 4755 in
2244 4700 2383 4755 libro
2426 4715 2523 4755 suo

940 4790 1274 4848 Paschasius
1311 4790 1382 4845 ita
1427 4790 1764 4845 concorditer
1803 4792 2105 4861 disputant,
2136 4794 2195 4845 ut
2224 4806 2399 4861 neque
2428 4807 2524 4860 per

938 4882 1115 4937 bonos
1157 4879 1465 4936 sacerdotes
1503 4878 1726 4936 meliora
1767 4880 1851 4934 illa
1904 4881 2181 4952 mysteria,
2224 4897 2396 4950 neque
2426 4898 2523 4952 per

942 4972 1121 5028 malos
1168 4973 1285 5029 ﬁeri
1328 4971 1545 5043 pejora,
1602 4980 1886 5031 testentur.
1935 4972 2201 5028 Nimirum
2260 4974 2372 5028 sive
2426 4988 2523 5043 per

942 5060 1114 5127 fures,
1147 5064 1258 5117 sive
1292 5078 1388 5132 per
1424 5064 1713 5129 adulteros,
1758 5078 1871 5119 sive
1911 5066 2074 5120 etiam
2103 5080 2200 5135 per
2227 5066 2527 5121 homicidas

940 5154 1065 5211 haec
1108 5164 1447 5210 sacramenta
1498 5155 1666 5221 ﬁant,
1714 5155 1788 5211 nil
1840 5171 2062 5226 prorsus
2108 5158 2177 5213 ab
2228 5158 2346 5222 his,
2406 5172 2528 5227 quae

941 5250 1119 5305 sancti
1150 5250 1399 5306 dedicant
1420 5250 1751 5316 sacerdotes,
1778 5251 2049 5322 mysteriis
2075 5250 2358 5317 diﬂerant;
2383 5251 2525 5321 quod

944 5342 1040 5413 qni
1071 5343 1342 5414 praedictis
1367 5342 1520 5398 libris
1546 5358 1767 5413 operam
1802 5344 1974 5409 dedit,
2007 5344 2340 5398 enucleatius
2371 5343 2529 5398 abso-

944 5432 1119 5489 lutum
1139 5448 1259 5490 esse
1282 5449 1390 5489 non
1418 5434 1659 5505 ambigit.
1690 5434 1863 5503 Super
1888 5434 2320 5489 ordinationibus
2344 5444 2522 5488 autem

946 5524 1265 5580 clericorurn
1288 5524 1543 5595 frequens
1564 5524 1764 5581 idcirco
1790 5526 2082 5595 disputatio
2109 5540 2213 5579 non
2235 5527 2522 5597 processit,

945 5617 1076 5689 quia
1121 5616 1329 5673 duobus
1368 5616 1471 5672 illis
1513 5616 1865 5672 sacramentis
1914 5617 2191 5672 evidenter
2242 5618 2527 5688 expositis,

945 5706 1231 5765 haesitandi
1285 5707 1353 5763 de
1398 5706 1557 5763 tertio
1601 5706 1778 5763 locum
1830 5706 2076 5763 dubietas
2112 5722 2219 5763 non
2269 5707 2524 5764 invenit:

944 5817 1097 5863 nunc
1140 5811 1321 5860 autem
1345 5801 1566 5862 modum
1602 5801 1872 5859 excedens
1904 5800 2191 5858 curiositas
2221 5798 2523 5871 hominum,

2627 4695 2701 4749 ita
2730 4705 2835 4761 est,
2883 4700 3156 4767 quomodo
3180 4717 3370 4757 verum
3416 4713 3520 4769 est,
3577 4708 3720 4775 quod
3752 4723 3851 4777 per
3899 4708 4221 4780 Apostolum

2626 4787 2862 4843 dicitur:
2894 4788 3031 4856 Quia
3081 4792 3300 4865 indigne
3349 4797 3678 4868 percipiens,
3729 4817 3749 4851 ς
3797 4796 4066 4868 judicium
4115 4806 4223 4861 sibi

2628 4882 2935 4946 manducat.
2965 4893 3019 4938 et
3040 4884 3197 4952 bibit,
3231 4902 3338 4942 non
3363 4888 3666 4959 dijudieans
3692 4907 3893 4963 corpus
3922 4894 4175 4953 Domini?
4197 4918 4217 4951 ι

2625 4974 2677 5045 (1
2703 4976 2821 5031 Cor.
2858 4977 2944 5049 ιι.)
2996 4980 3053 5034 Si
3103 4982 3249 5036 enim
3297 4982 3621 5039 abscedente
3681 4984 3907 5056 Spiritu,
3939 5005 4045 5045 non
4087 4991 4218 5046 illud

2621 5064 2733 5134 jam
2766 5084 2962 5138 corpus
3011 5069 3245 5136 Domini,
3286 5073 3379 5128 sed
3416 5074 3737 5145 simpliciter
3773 5080 4078 5137 communis
4134 5091 4223 5138 est

2629 5156 2805 5225 panis,
2838 5172 2943 5211 non
2980 5159 3171 5213 incidit
3209 5161 3262 5214 in
3309 5161 3596 5231 judicium,
3628 5166 3718 5234 qui
3776 5167 3984 5223 nullum
4015 5170 4221 5241 accipit

2630 5258 3065 5305 sacramentum:
3094 5252 3239 5321 quod
3260 5253 3305 5307 si
3334 5255 3631 5311 absurdum
3663 5258 3878 5313 videtur
3906 5270 3960 5315 et
3995 5263 4220 5331 impium

2630 5349 2850 5411 propter
2911 5342 3133 5412 indigne
3183 5344 3565 5416 suscipientes,
3630 5358 3880 5405 sanctum
3955 5350 4222 5421 Spiritum

2630 5447 2660 5484 a
2689 5431 2893 5486 Christi
2948 5448 3177 5503 corpore
3223 5450 3509 5506 separare;
3562 5456 3669 5496 non
3721 5441 3918 5495 durum
3968 5442 4224 5501 videatur

2630 5526 2802 5581 malos
2824 5526 2987 5582 etiam
3039 5529 3287 5585 homines
3334 5532 3400 5586 ad
3430 5532 3623 5605 dignos
3666 5536 3984 5593 meritorum
4038 5539 4223 5597 exitus

2630 5620 2893 5690 Spiritum
2924 5631 3171 5678 sanctum
3197 5640 3359 5695 posse
3386 5629 3682 5698 suscipere.
3716 5627 3854 5685 Hinc
3880 5640 3965 5686 est
3989 5633 4133 5701 quod
4157 5631 4221 5689 Β.

2628 5712 2962 5785 Augustinus
3002 5717 3080 5789 (ί,
3105 5732 3161 5789 q.
3220 5716 3456 5789 illum)
3494 5719 3550 5774 in
3595 5721 3936 5791 expositione
3962 5722 4223 5795 Epistolas

2631 5801 2690 5862 8.
2721 5801 2949 5863 Joannis
2989 5806 3220 5880 apostoli
3277 5808 3357 5865 sic
3384 5808 3646 5881 loquitur,
3678 5811 3907 5869 dicens:
3945 5831 3965 5867 ι
4002 5814 4221 5878 Habere
