5392 6528
949 393 1046 448 115

1685 391 1928 449 OPUSC.
1972 392 2056 449 V'l.
2099 424 2168 436 α-
2206 393 2409 449 LIBER
2452 393 2568 462 QUI
2610 394 2891 453 DICITUR
2930 395 3414 457 GRATISSIMUS.

4113 397 4215 455 114

946 515 1200 585 Caipham
1226 516 1387 572 unius
1420 523 1625 571 tantum
1658 514 1784 570 anni
1816 514 2189 586 pontiﬁcatum
2218 516 2288 571 ab
2313 514 2525 571 llerode
2551 518 2601 577 Λ
2630 518 2826 588 ipsum.
2880 517 3034 588 Smpc
3078 534 3314 589 namque
3344 519 3506 584 Deus,
3559 527 3615 573 ut
3668 519 3873 574 dictum
3900 528 4003 585 est,
4026 527 4081 574 et
4111 520 4218 576 illis

946 609 1115 679 pretio
1165 609 1480 664 redemisse.
1534 606 1690 673 Nam,
1754 617 1815 661 ut
1872 608 1948 662 ita
2003 608 2217 678 loquar,
2261 607 2314 662 in
2358 622 2522 661 manu

947 700 1069 755 caeci
1097 701 1331 769 positum
1369 707 1453 755 est
1480 698 1684 762 lumen,
1726 714 1835 755 non
1864 699 2009 769 quod
2045 699 2137 753 ille
2162 698 2521 769 conspiceret,

946 790 1035 846 sed
1065 792 1207 860 quod
1236 790 1360 845 aliis
1388 790 1747 845 ministraret.
1794 789 1912 845 Non
1949 790 2094 847 enim
2122 807 2191 847 ex
2218 790 2412 847 merito
2435 790 2525 847 ille

946 883 1315 955 propheticum
1346 882 1619 952 spiritum,
1649 883 1745 938 sed
1795 897 1863 939 ex
1902 883 2230 948 ministerio,
2259 898 2369 954 quo
2398 883 2523 938 fun—

945 976 1192 1047 gebatur,
1222 975 1450 1045 accepit.
1482 974 1730 1045 Regnum
1781 989 2034 1045 namque,
2060 983 2116 1029 et
2157 974 2526 1031 sacerdotium

945 1082 974 1121 a
998 1068 1106 1122 Deo
1127 1066 1474 1138 cognoscitur
1505 1066 1811 1121 institutum
1857 1084 1869 1118 :
1905 1074 1960 1120 et
2005 1066 2128 1121 ideo
2169 1066 2297 1122 licet
2348 1066 2525 1122 admi-

944 1158 1251 1213 nistratoris
1286 1172 1514 1226 persona
1548 1170 1770 1227 prorsus
1800 1155 2113 1215 inveniatur
2140 1156 2378 1227 indigna,
2406 1156 2526 1212 οῦ]-

946 1249 1085 1305 cituu
1143 1259 1343 1314 tamen,
1394 1250 1537 1318 quod
1583 1248 1771 1317 utique
1823 1247 2027 1305 bonum
2060 1256 2163 1315 est,
2213 1257 2529 1319 competens

945 1340 1232 1409 aliquando
1275 1341 1451 1411 gratia
1499 1340 1811 1395 comitatur.
1854 1338 1994 1395 Hinc
2045 1348 2129 1395 est
2177 1341 2347 1406 enim,
2385 1338 2530 1410 quod

943 1432 1460 1499 Nabuchodonosor,
1490 1439 1777 1503 postquam
1804 1439 1919 1488 tres
1937 1446 2140 1503 pueros
2174 1432 2230 1487 in
2255 1432 2531 1487 caminum

942 1525 1090 1581 misit
1134 1525 1392 1591 incendii,
1424 1524 1672 1595 quamvis
1724 1522 1815 1578 alii
1845 1522 2029 1594 plures
2068 1524 2341 1587 adessent,
2385 1522 2533 1579 solus

934 1624 1122 1673 tamen
1158 1622 1434 1685 quartum,
1465 1614 1619 1684 cujus
1650 1614 1859 1684 species
1886 1622 2007 1669 erat
2031 1612 2227 1669 similis
2246 1612 2385 1668 Filio
2412 1612 2531 1681 Dei,

943 1707 1255 1775 conspicere
1274 1704 1619 1775 potuit(Dan.
1642 1704 1751 1776 tu).
1768 1703 1900 1759 Nam
1924 1703 2160 1774 Spiritus
2172 1712 2392 1760 sanctus
2405 1718 2535 1760 ocu-

942 1797 1021 1853 los
1043 1796 1241 1853 utentis
1260 1795 1375 1865 ejus
1391 1796 1668 1866 aperuisse
1693 1795 1999 1852 credendus
2018 1804 2123 1861 est,
2140 1804 2219 1861 ut,
2234 1796 2375 1865 quod
2398 1794 2533 1850 alios

942 1889 1164 1955 latebat,
1194 1888 1341 1944 solus
1364 1888 1654 1959 aspiceret,
1677 1897 1731 1943 et
1764 1888 1905 1958 quod
1944 1888 2177 1961 aspexit,
2201 1887 2343 1943 ultro
2363 1888 2530 1943 etiam

942 1979 1268 2049 agnovisset.
1298 1978 1437 2035 Hine
1476 1978 1691 2035 Pharao
1730 1980 2001 2035 somnium
2031 1979 2183 2045 vidit,
2235 1992 2336 2050 per
2386 1976 2532 2049 quod

941 2078 1182 2125 Ventura:
1235 2068 1546 2134 sterilitati,
1604 2084 1675 2126 ne
1724 2068 1883 2124 famis
1924 2057 2211 2139 impatiens
2264 2068 2532 2140 Egyptus

941 2160 1333 2234 proﬂigaretur,
1404 2161 1644 2217 occurrit
1669 2159 1825 2232 (Gen.
1853 2161 1982 2233 xu).
2030 2161 2167 2217 Hinc
2216 2161 2533 2218 Abimelech

942 2254 1138 2309 divinas
1181 2253 1519 2311 allocutionis
1569 2244 1851 2310 oraculum
1902 2254 2123 2320 meruit,
2154 2262 2211 2310 et
2251 2263 2313 2309 ut
2339 2253 2533 2310 Saram

941 2346 1061 2399 viro
1080 2344 1350 2411 redderet,
1371 2359 1437 2399 ne
1453 2353 1674 2416 repente
1699 2352 2002 2400 moreretur
2022 2343 2395 2415 audivit(Gen.
2414 2344 2530 2418 xx).

944 2436 1120 2508 Reges
1149 2437 1294 2492 enim
1326 2445 1383 2492 et
1424 2437 1733 2493 sacerdotes
1784 2436 1913 2492 licet
1937 2437 2183 2492 nonnulli
2221 2451 2410 2493 eorum
2441 2453 2531 2493 re-

944 2528 1100 2600 probi
1131 2530 1242 2584 sint
1266 2543 1364 2600 per
1393 2528 1647 2585 notabilis
1681 2528 1806 2584 vitae
1831 2529 2086 2584 meritum
2106 2570 2121 2594 ,
2156 2529 2229 2585 dii
2273 2539 2453 2586 tamen
2479 2539 2536 2587 et

942 2621 1132 2676 christi
1173 2620 1277 2676 dici
1328 2621 1672 2691 reperiuntur
1718 2629 1941 2691 propter
1981 2623 2190 2692 accepti
2243 2623 2535 2678 ministerii

941 2722 1363 2768 sacramentum.
1388 2711 1524 2767 Hinc
1548 2720 1631 2767 est
1652 2712 1793 2781 quod
1815 2727 2005 2767 servus
2028 2711 2288 2768 Hebraeus
2316 2714 2422 2769 diis
2441 2728 2536 2783 ap-

936 2804 1131 2876 plicari
1163 2820 1229 2859 ex
1248 2804 1367 2875 lege
1386 2804 1717 2874 praecipitur,
1738 2804 1841 2858 hoc
1862 2811 1965 2867 est,
1994 2804 2369 2860 sacerdotibus
2394 2820 2535 2875 pra:-

940 2897 1149 2953 sentari
1177 2895 1373 2967 (Exod.
1396 2895 1534 2967 xxi).
1559 2895 1698 2951 Hine
1718 2894 1844 2950 alibi
1866 2893 2066 2949 dicitur
2090 2912 2104 2949 :
2138 2913 2156 2946 ‹
2181 2894 2259 2951 Ne
2280 2896 2536 2953 detrahas

945 2988 1055 3042 (liis
1083 2987 1281 3059 (Exod.
1310 2986 1469 3057 nn),
1512 3005 1531 3034 ι
1565 2986 1618 3042 id
1652 2994 1756 3052 est,
1781 3000 1848 3041 ne
1877 2986 2251 3043 sacerdotibus
2286 2988 2529 3059 deroges.

942 3081 1085 3137 lline
1114 3080 1266 3146 Saul,
1294 3095 1417 3135 eum
1446 3080 1557 3150 jam
1608 3080 1791 3135 divina
1838 3080 2107 3133 sententia
2170 3079 2369 3149 regalis
2412 3081 2535 3136 solii

941 3171 1139 3227 fuisset
1184 3186 1309 3226 arce
1362 3170 1635 3240 dejeetus,
1688 3171 2041 3226 nihilominus
2075 3171 2253 3227 adhuc
2299 3172 2537 3229 ehristus

942 3264 1161 3319 Domini
1218 3279 1389 3333 usque
1426 3235 1502 3318 ad
1556 3235 1763 3319 obitum
1804 3264 2083 3319 dicebatur
2135 3262 2189 3332 (Ι
2227 3262 2352 3334 Reg.
2382 3280 2529 3330 xxiv,
2557 3235 2608 3299 θ

942 3353 1122 3425 xxvi).
1156 3353 1212 3408 ln
1246 3354 1359 3423 lege
1402 3367 1615 3424 quoque
1654 3354 1992 3424 praecipitur,
2031 3362 2094 3409 ut
2138 3368 2301 3410 omne
2328 3355 2532 3425 primo-

944 3444 1185 3515 genitum
1233 3443 1519 3498 masculini
1548 3458 1708 3499 sexus
1750 3452 1998 3499 sanctum
2039 3444 2269 3499 Domino
2312 3459 2537 3501 voeare-

946 3542 1041 3590 tur
1063 3534 1258 3606 (Exod.
1294 3533 1455 3605 xxii).
1490 3533 1597 3589 Sed
1650 3534 1697 3588 si
1728 3533 1983 3588 meritum
2015 3534 2273 3606 cujusque
2302 3535 2533 3607 diligen-

948 3635 1034 3681 ter
1053 3630 1370 3691 altenditur,
1396 3623 1641 3695 nunquid
1672 3624 1813 3680 Esau
1836 3624 2195 3693 sanetusjure
2221 3628 2537 3682 vocabitur?

947 3720 1028 3774 De
1056 3735 1162 3789 quo
1202 3719 1455 3773 nimirum
1504 3718 1683 3774 divina
1729 3732 1862 3773 voce
1897 3718 2097 3774 dicitur
2128 3735 2144 3773 :
2194 3736 2213 3772 ‹
2241 3719 2386 3775 Esau
2410 3721 2536 3777 odio

944 3812 1114 3869 habui
1174 3812 1519 3883 (Malae/1.1;
1583 3811 1735 3866 Rom.
1793 3812 1893 3882 ιι).
1938 3831 1958 3865 ι
2020 3810 2272 3883 Nunquid
2321 3815 2537 3871 Amnon

946 3914 1173 3960 sanctus
1198 3905 1320 3971 erit,
1349 3906 1441 3975 qui
1483 3903 1609 3960 dum
1653 3904 1707 3959 in
1737 3905 1941 3960 sororis
1988 3906 2333 3962 concubitum
2362 3907 2538 3978 impua

947 4005 1148 4059 denter
1198 4002 1424 4069 exarsit,
1477 4000 1664 4055 fratris
1725 4000 1961 4056 Absalon
2022 4000 2256 4071 gladium
2305 4002 2536 4058 ultorem

946 4093 1206 4149 videlicet
1231 4092 1520 4149 incestuosi
1571 4092 1814 4146 criminis
1856 4092 2075 4161 proprio
2122 4093 2383 4162 sanguine
2422 4108 2537 4147 ma-

946 4184 1194 4242 defecit?
1225 4185 1312 4257 (ll
1349 4184 1475 4256 Reg.
1504 4183 1652 4253 xm.)
1685 4181 1939 4253 Nunquid
1968 4181 2264 4246 Manasses,
2296 4183 2538 4253 nunquid

946 4277 1220 4335 Oebozias
1261 4286 1407 4333 recte
1453 4276 1629 4332 sancti
1662 4276 1765 4331 diei
1810 4283 2056 4344 possunt,
2102 4289 2334 4345 quorum
2376 4274 2535 4341 alter,

948 4367 1237 4438 Scriptura
1267 4374 1422 4433 teste,
1476 4381 1690 4422 omnem
1739 4367 1862 4421 coeli
1928 4365 2176 4420 militiam
2237 4365 2401 4422 coluit
2428 4364 2536 4438 (IV

946 4456 1088 4528 Reg.
1118 4459 1257 4528 ut),
1282 4456 1439 4518 alter.
1476 4456 1602 4512 dum
1652 4455 1953 4512 Beelzebub
1991 4455 2153 4511 deum
2189 4454 2433 4511 Aeearon
2472 4457 2539 4517 de

2628 612 2891 683 Spiritum
2914 629 3073 669 suum
3100 628 3167 669 ex
3192 614 3440 685 largitate
3468 629 3581 669 sua:
3606 612 3905 669 clementia:
3924 619 4215 683 prmrogat,

2626 720 2764 776 quos
2795 714 2974 761 tamen
3002 720 3099 775 per
3118 706 3374 760 meritum
3399 720 3578 775 pravae
3609 702 4036 761 conversationis
4062 703 4218 772 igno-

2625 806 2730 854 rat.
2772 799 2853 853 An
2899 812 3008 853 non
3038 805 3094 852 et
3121 796 3194 851 illi
3240 796 3505 867 Spiritum
3552 796 3648 851 Dei
3694 795 4065 851 indubitanter
4114 795 4219 848 hac

2625 890 2879 955 buerant,
2920 888 3010 958 qui
3033 887 3315 943 venientes
3342 894 3470 943 ante
3495 886 3731 942 tribunal
3776 886 3984 943 Judieis
4013 885 4218 941 clama-

2624 977 2800 1031 bunt:
2838 995 2858 1029 ‹
2899 975 3147 1042 Domine,
3177 991 3357 1034 nonne
3389 977 3443 1032 in
3473 976 3694 1032 nomine
3731 982 3825 1031 tuo
3862 975 4218 1046 prophetavi-

2626 1082 2771 1133 mus,
2820 1073 2876 1122 et
2927 1066 2984 1121 in
3022 1068 3241 1121 nomine
3267 1074 3360 1121 tuo
3410 1066 3673 1121 daemonia
3724 1065 4004 1137 ejecimus,
4054 1072 4109 1121 et
4162 1064 4221 1122 in

2627 1156 2845 1211 nomine
2874 1163 2968 1211 tuo
3002 1156 3231 1211 virtutes
3270 1154 3470 1211 multas
3510 1154 3774 1211 fecimus?
3802 1176 3821 1208 ι
3858 1153 4085 1225 (Matth.
4118 1170 4239 1221 vit,

2626 1246 2740 1318 22).
2797 1244 3005 1313 Quibus
3045 1247 3299 1303 videlicet
3358 1247 3505 1304 illico
3534 1248 3894 1319 respondetur
3936 1264 3949 1300 :
3981 1267 4001 1300 ‹
4038 1248 4225 1305 Disce-

2630 1337 2743 1391 dite
2768 1352 2798 1390 a
2827 1352 2934 1403 me,
2974 1337 3212 1407 operarii
3248 1338 3570 1407 iniquitatis,
3612 1337 3796 1394 nescio
3838 1352 3935 1394 vos
3983 1336 4172 1409 (Ibid).
4198 1355 4218 1390 ι

2631 1426 2733 1494 Qui
2766 1427 3042 1493 nimirum,
3076 1429 3203 1483 dum
3219 1443 3277 1485 se
3299 1438 3355 1485 et
3379 1430 3680 1499 prophetiae
3700 1430 3951 1501 spiritum
3965 1430 4226 1486 habuisse

2634 1526 2923 1586 testantur,
2954 1528 3009 1573 et
3029 1528 3213 1576 tamen
3250 1521 3577 1592 repulsionis
3601 1523 3925 1579 sententiam
3965 1523 4225 1588 subeunt,

2634 1617 2887 1683 patenter
2910 1612 3239 1678 ostenditur,
3274 1614 3405 1684 quia
3438 1614 3493 1668 in
3542 1615 3866 1685 quibusdam
3896 1629 4073 1685 neque
4101 1629 4227 1683 pro-

2634 1710 2758 1773 pter
2794 1702 3123 1774 pravitatem
3167 1704 3292 1759 vitie
3338 1702 3575 1776 Spiritus
3623 1714 3847 1761 sanctus
3874 1704 4223 1769 excluditur,

2638 1809 2811 1868 neque
2856 1806 3077 1866 prepter
3105 1794 3368 1865 Spiritum
3421 1805 3670 1853 sanetum
3711 1812 3820 1868 quo
3862 1798 4230 1854 irreverenter

2558 1865 2607 1928 Β
2636 1867 2792 1941 abusi
2821 1865 2972 1951 sunt,
3002 1886 3114 1941 vita
3140 1886 3466 1943 damnabilis
3500 1865 3815 1944 excusatur.
3866 1886 4019 1944 Sient
4056 1890 4228 1954 enim,

2638 1983 2871 2032 testante
2921 1976 3150 2032 Domino
3191 1994 3205 2033 :
3239 1996 3259 2030 ι
3296 1976 3487 2035 Nescis
3536 1978 3681 2035 unde
3720 1978 3959 2049 Spiritus
4021 1979 4227 2045 veniat,

2636 2074 2731 2121 aut
2751 2081 2860 2137 quo
2881 2068 3046 2123 vadat
3066 2066 3251 2138 (Joan.
3276 2068 3386 2139 tn),
3406 2088 3428 2123 ι
3460 2068 3540 2124 sle
3560 2069 3727 2123 etiam
3750 2069 3894 2125 seire
3914 2082 4022 2124 non
4044 2077 4228 2140 potes,

2636 2175 2736 2215 cur
2760 2159 3056 2230 aliquando
3077 2168 3135 2217 et
3167 2160 3222 2216 in
3248 2162 3511 2233 reprobos
3536 2161 3784 2217 homines
3807 2160 4032 2228 veniat,
4063 2170 4227 2231 atque

2635 2265 2733 2322 per
2760 2265 2854 2307 eos
2894 2266 3007 2307 suae
3044 2251 3339 2308 voluntatis
3362 2251 3631 2320 judicium
3658 2260 3893 2323 promat.
3938 2250 4074 2307 Nam
4102 2266 4231 2307 cum

2635 2346 2929 2416 Apostolus
2968 2344 3114 2402 dicat
3163 2364 3178 2399 :
3234 2365 3253 2400 ‹
3292 2345 3430 2413 Quia
3477 2344 3775 2415 spiritualis
3822 2344 3984 2400 homo
4022 2342 4234 2412 iudicat

2638 2438 2844 2503 omnia,
2877 2448 2932 2494 et
2953 2454 2980 2492 a
3014 2438 3230 2493 nemine
3253 2434 3532 2507 iudicatur
3559 2435 3613 2508 (Ι
3651 2436 3774 2492 Cor.
3806 2437 3903 2507 tt);
3942 2455 3960 2487 ι
3991 2435 4114 2506 quis
4146 2434 4235 2504 ju-

2638 2528 2783 2583 dicet
2811 2528 2988 2598 ipsum
3018 2526 3281 2599 Spiritum
3321 2536 3593 2593 sanetum,
3623 2526 3669 2582 si
3706 2535 3762 2582 et
3796 2526 3853 2582 in
3894 2542 4093 2598 pravos
4119 2541 4229 2582 non

2638 2617 2932 2674 abhorreat
2962 2633 3163 2673 arcana
3186 2617 3420 2687 quadam
3447 2658 3462 2683 ,
3492 2633 3655 2689 quam
3683 2617 3801 2689 ipse
3826 2619 3997 2685 novit,
4024 2619 4233 2675 disere-

2638 2706 2787 2763 tione
2815 2708 3146 2764 descendere
3198 2725 3211 2762 :
3246 2708 3339 2779 qui
3382 2708 3546 2764 etiam
3594 2709 4009 2766 eoessentialem
4050 2717 4108 2767 et
4144 2724 4237 2767 co-

2638 2809 2900 2855 aeternum
2929 2801 3033 2855 sibi
3074 2801 3169 2855 Dei
3197 2800 3393 2856 Filium
3421 2801 3594 2857 noluit
3630 2817 3699 2858 ex
3738 2804 4027 2875 impiorum
4056 2803 4237 2861 mani-

2636 2888 2740 2943 bus
2764 2887 3043 2943 liberare?
3082 2888 3238 2944 Unde
3287 2904 3386 2959 per
3416 2889 3763 2948 Salomonem
3789 2893 3987 2949 dicitur
4023 2912 4037 2947 :
4081 2913 4101 2946 ι
4135 2893 4237 2949 Be—

2638 2980 2837 3052 nignus
2864 2987 2946 3037 est
2970 2981 3116 3035 enim
3146 2979 3383 3050 Spiritus
3426 2985 3727 3054 sapientiae,
3759 2995 3815 3042 et
3841 3002 3947 3042 non
3984 2987 4238 3045 liberabit

2637 3072 2988 3128 maledictum
3034 3089 3065 3127 a
3099 3074 3258 3129 labiis
3302 3076 3415 3131 suis
3445 3075 3594 3147 (Sap.
3628 3078 3690 3149 ι).
3732 3097 3751 3131 ι
3782 3079 4054 3151 Benignus
4082 3098 4236 3137 nam-

2640 3180 2746 3236 que
2780 3167 3015 3236 Spiritus
3044 3177 3268 3224 sanctus
3299 3184 3538 3240 congrue
3566 3170 3784 3240 dicitur,
3807 3173 3934 3243 quia
3966 3175 4104 3228 mala
4129 3190 4239 3231 me-

2641 3259 2887 3315 rentibus
2928 3260 3069 3316 bona
3102 3260 3374 3327 retribuit,
3422 3271 3477 3317 et
3507 3262 3699 3335 dignis
3739 3266 4000 3336 supplicio
4047 3269 4237 3339 gratiae

2642 3365 2755 3407 sua:
2772 3367 2972 3407 munus
3004 3353 3265 3421 impertit.
3294 3354 3427 3420 Quis
3468 3364 3650 3410 autem
3678 3356 3784 3413 hoc
3813 3358 3932 3414 loco
3964 3360 4239 3417 maledicti

2642 3445 2884 3511 nomine,
2905 3445 3007 3500 nisi
3036 3444 3365 3516 Redemptor
3391 3459 3573 3502 noster
3602 3450 3761 3505 debet
3783 3450 4029 3523 intelligi,
4062 3454 4153 3522 qui
4180 3463 4240 3509 ut

2642 3554 2742 3595 nos
2768 3555 2798 3594 a
2822 3539 3221 3596 maledictionis
3252 3542 3467 3597 vinculo
3488 3543 3742 3610 solveret,
3773 3545 3885 3616 ipse
3910 3562 4013 3599 non
4034 3548 4241 3616 respuit

2642 3631 3111 3686 maledictionibus
3173 3631 3501 3701 subiacere?
3555 3633 3708 3689 Unde
3751 3644 3807 3689 et
3864 3635 4063 3691 Paulus
4105 3638 4242 3692 dicit

2642 3722 2845 3794 (Galat.
2864 3723 2946 3793 in)
2966 3738 2979 3775 :
3001 3742 3018 3775 (
3041 3722 3289 3779 Christus
3314 3740 3411 3779 nos
3435 3726 3666 3780 redemit
3683 3726 3751 3783 de
3770 3726 4059 3784 maledicto
4080 3728 4236 3801 legis,

2641 3813 2818 3870 factus
2878 3830 2978 3885 pro
3032 3816 3188 3871 nobis
3237 3816 3620 3882 maledictum,
3670 3818 3797 3888 quia
3842 3821 4103 3888 scriptum
4156 3832 4241 3877 est

2642 3905 2825 3977 (Deut.
2853 3903 2970 3976 xxx)
3010 3922 3022 3958 :
3055 3904 3372 3961 Maledictus
3398 3908 3596 3973 omnis,
3628 3908 3718 3977 qui
3745 3911 3943 3978 pendet
3966 3910 4019 3964 in
4048 3911 4192 3981 ligno
4220 3928 4234 3965 :

2642 3994 2787 4049 utin
2829 3995 3079 4067 gentibus
3123 3996 3427 4053 benedictio
3454 3998 3687 4054 Abrahre
3727 3999 3883 4056 ﬁeret
3918 4002 3972 4056 in
4018 4002 4238 4058 Christo

2640 4086 2791 4153 Jesu,
2824 4097 2884 4143 ut
2910 4087 3355 4158 pollicitationem
3413 4091 3648 4161 Spiritus
3695 4093 4029 4164 accipiamus
4056 4111 4153 4165 per
4183 4097 4241 4149 ti-

2642 4182 2789 4237 dem.
2827 4200 2846 4235 ι
2879 4181 3151 4253 Benignus
3193 4198 3323 4254 ergo
3351 4182 3587 4254 Spiritus
3612 4196 3834 4241 sanctus
3859 4201 3967 4242 non
3988 4186 4241 4243 liberavit

2641 4272 2991 4330 maledictum
3009 4289 3037 4327 a
3058 4273 3217 4329 labiis
3238 4275 3352 4331 suis
3380 4293 3394 4329 ε
3420 4278 3545 4345 quia
3575 4288 3772 4333 cuncta
3802 4278 4087 4337 dominica:
4114 4296 4233 4351 pas-

2644 4365 2812 4421 sionis
2863 4366 3166 4437 mortisque
3216 4369 3479 4439 supplicia
3497 4411 3511 4435 ,
3543 4386 3663 4441 qua:
3691 4372 3757 4429 de
3783 4372 4000 4431 Christo
4022 4391 4120 4446 per
4142 4392 4239 4432 ora

2640 4459 3029 4529 prophetarum
3091 4470 3217 4515 ante
3271 4464 3635 4531 praedixerat.
3690 4482 3933 4540 congruo
3996 4479 4241 4543 tempore

945 4550 1078 4606 vitae
1115 4548 1470 4605 diuturnitate
1515 4548 1805 4613 consuluit,
1854 4546 2165 4603 miserando
2200 4549 2345 4603 exitu
2371 4549 2742 4652 vitamDper
2801 4552 3193 4608 exhibitionem
3251 4569 3478 4625 operum
3545 4556 3839 4615 cl‘licaciter
3899 4561 4236 4634 adimplevit.

945 4641 1010 4697 in
1064 4640 1301 4711 perﬁdiae
1354 4654 1465 4695 suae
1510 4639 1889 4711 desperatione
1939 4640 2243 4695 conclusit?
2272 4639 2437 4711 (Ibid.
2470 4641 2535 4712 ι.)

941 4731 1115 4790 Aliud
1159 4746 1390 4802 namque
1439 4738 1524 4788 est
1559 4746 1627 4787 ex
1668 4731 1795 4786 vitae
1834 4731 2046 4787 meritis
2095 4739 2347 4787 sanetum
2394 4747 2536 4799 esse,

942 4822 1103 4882 aliud
1128 4838 1191 4879 ex
1226 4822 1528 4878 ministerio
1555 4820 1879 4877 conditionis
1908 4820 2037 4876 diei.

1456 4933 1615 5005 ιοο
1662 4930 1892 4989 CAPUT
1927 4932 2017 4987 XI.

947 5027 1085 5084 Non
1106 5029 1297 5081 mirum
1325 5028 1369 5081 si
1401 5027 1632 5098 Spiritus
1661 5035 1872 5098 sanctus
1900 5026 1965 5098 ait
1988 5026 2218 5096 indignis
2258 5028 2535 5098 accipitur,

1064 5114 1181 5152 cum
1207 5107 1255 5151 et
1291 5098 1384 5153 Dei
1416 5095 1593 5151 Filius
1618 5097 1684 5151 sit
1719 5096 1783 5149 ab
1810 5096 1984 5165 impiis
2012 5095 2428 5166 comprehensas.

1028 5186 1098 5243 Et
1117 5187 1420 5242 sanctitatis
1440 5186 1656 5257 quidem
1678 5186 1931 5241 meritum
1958 5187 2010 5241 in
2038 5186 2201 5241 alium
2234 5203 2340 5243 non
2367 5199 2543 5246 trans—

2648 4639 2999 4699 Tune'euim
3067 4644 3470 4714 quodammodo
3530 4664 3561 4702 a
3612 4650 3730 4705 suis
3781 4665 3903 4707 eum
3956 4651 4116 4709 labiis
4172 4654 4241 4709 li-

2647 4735 2901 4803 beraret,
2951 4737 2999 4793 si
3056 4740 3200 4809 quod
3259 4739 3326 4796 de
3383 4740 3473 4796 illo
3538 4743 3871 4814 propheticis
3933 4748 4242 4804 enuntiaret

2650 4826 2907 4891 oraculis,
2957 4841 3056 4897 per
3111 4843 3294 4884 rerum
3326 4831 3573 4887 ordinem
3626 4848 3733 4887 non
3789 4834 4083 4907 implesset.
4134 4839 4235 4894 Ubi

2651 4919 2991 4986 notandum,
3058 4934 3222 4990 quam
3282 4922 3586 4993 profunde,
3645 4940 3806 4994 quam
3870 4928 4098 4999 mystice
4159 4932 4202 4985 si

2642 5010 2754 5065 mul
2797 5012 2950 5082 101
3013 5023 3281 5085 congruat
3321 5015 3562 5073 doctoris
3609 5018 3893 5091 utriusque
3937 5024 4234 5079 sententia.

2645 5100 2800 5166 Quod
2845 5102 2989 5157 enim
3043 5120 3186 5159 unus
3225 5105 3380 5172 dixit,
3433 5108 3561 5177 quia
3598 5109 3821 5179 spiritus
3849 5125 3956 5166 non
3984 5112 4235 5170 liberabit

2650 5191 2999 5249 maledictum
3048 5210 3076 5247 a
3108 5194 3266 5250 labiis
3309 5196 3442 5263 suis,
3478 5199 3577 5253 hoc
3613 5208 3717 5265 est,
3750 5201 3895 5271 quod
3923 5201 4060 5259 alter
4089 5219 4237 5260 assc-

942 5279 1171 5343 fertur,
1222 5280 1354 5334 ordo
1410 5286 1588 5333 autem
1632 5276 1919 5333 ministerii
1998 5279 2049 5332 in
2118 5278 2323 5349 plures,
2379 5290 2539 5351 prout
2639 5283 2749 5337 ruit
2772 5283 3295 5353 utpollieitationem
3321 5286 3902 5360 Spiritusaccipiamus
3922 5309 4019 5364 per
4040 5295 4232 5363 iidem;

940 5372 1327 5432 ecclesiastica
1388 5371 1625 5442 postulat
1676 5371 1964 5436 institutio,
2019 5382 2383 5443 propagatur;
2445 5374 2539 5430 ubi
2642 5384 2803 5444 atque
2830 5378 3167 5433 utostendat
3196 5379 3281 5433 vir
3319 5382 3553 5450 sapiens,
3596 5385 3661 5438 de
3702 5399 3810 5454 quo
3838 5385 4128 5442 maledicto
4161 5388 4239 5443 lo-

944 5466 1223 5525 nimirum
1283 5479 1389 5520 non
1451 5464 1889 5528 discernendum,
1935 5465 2057 5534 quis
2121 5466 2545 5521 consecrationis
2644 5469 3772 5544 queretur,prtemissasententiaprotinus
3794 5475 4238 5549 addidituQuo-

941 5558 1196 5620 cilicium
1227 5558 1447 5623 habeat,
1471 5558 1564 5612 sed
1595 5557 1724 5627 quid
1754 5557 1970 5611 habeat.
1998 5556 2159 5611 Aliud
2201 5574 2433 5629 namque
2462 5568 2545 5614 est
2644 5560 2790 5613 niam
2814 5575 3004 5615 renum
3031 5560 3171 5617 illius
3192 5564 3346 5618 testis
3365 5572 3449 5619 est
3470 5564 3702 5631 Deus,et
3720 5567 3899 5622 cordis
3923 5566 4064 5624 illius
4083 5584 4239 5626 seru.

940 5651 1153 5725 gratiae
1202 5657 1622 5711 sacramentum,
1667 5647 1810 5701 aliud
1853 5646 1967 5715 ipsa
2012 5656 2096 5702 est
2139 5648 2310 5719 gratia
2362 5664 2546 5703 saera-
2647 5658 2792 5705 tator
2816 5659 2900 5705 est
2927 5665 3107 5718 verus,
3131 5652 3397 5723 etlinguae
3415 5652 3555 5709 illius
3575 5655 3959 5727 auditor(Sap.
3983 5657 4079 5727 t).i
4098 5660 4237 5728 Quia

944 5741 1154 5801 menti.
1187 5739 1463 5811 Siquidem
1480 5739 1707 5811 gratiam
1731 5738 1823 5792 dat
1849 5738 2193 5807 omnipotens
2214 5738 2354 5793 Deus
2380 5740 2545 5794 etiam
2650 5742 2795 5797 enim
2839 5741 3039 5809 Patris,
3088 5750 3143 5798 et
3184 5744 3310 5799 Filii
3356 5746 3736 5818 inseparabilis
3764 5758 3819 5802 et
3861 5752 4249 5810 eoesscntialis

942 5849 1063 5910 per
1092 5833 1287 5901 malos,
1319 5832 1449 5901 ipsis
1476 5838 1657 5887 autem
1686 5830 1915 5902 gratiam
1942 5844 2053 5888 non
2089 5829 2194 5886 nisi
2222 5844 2321 5902 per
2347 5838 2545 5889 semet-
2650 5840 2737 5898 est
2764 5832 2965 5905 unitas,
2988 5846 3181 5891 renum
3206 5833 3326 5892 Filii
3366 5838 3539 5906 testis,
3569 5847 3624 5894 et
3655 5839 3834 5896 cordis
3864 5839 3981 5909 ejus
4026 5849 4237 5897 seruta-
