5392 6570
0 0 3093 154 Ἠ

2031 498 2135 553 “5

2456 499 2514 555 8.
2552 497 2756 556 PETRI
2787 496 3072 554 DAIIANI
3106 498 3259 555 OPP.
3298 498 3531 556 TOMUS
3570 496 3703 557 εει]
3740 498 3919 556 PARS
3955 500 4041 556 ΙΙΙ.
4078 530 4148 543 -
4185 497 4546 558 OPUSCULA
4584 499 4815 556 VARIA.

5152 498 5239 555 ω

2029 616 2115 660 lor
2154 605 2273 674 jure
2300 606 2462 661 Pater
2490 606 2750 661 asseritur
2780 625 2793 659 :
2819 622 2972 675 cujus
3012 608 3265 663 nimirum
3309 611 3479 663 virtus
3539 614 3592 661 et
3620 608 3667 668 Β
3695 619 3753 662 ut
3783 609 3912 664 mihi
3964 611 4156 667 obesse
4199 611 4371 667 valeat
4415 611 4661 666 minister
4707 612 4900 676 malus,
4952 611 5041 666 ubi
5082 613 5243 680 procul

2027 699 2288 767 sapientia
2310 700 2421 767 ipse
2436 697 2603 752 Filius
2625 699 2769 752 nulla
2795 698 2863 755 ab
2880 715 2946 754 eo
2962 700 3200 754 creditur
3227 699 3589 768 inaequalitate

2027 789 2287 850 diversus,
2335 789 2478 844 nulla
2516 790 2775 859 probatur
2813 790 3155 861 abjunctione
3182 803 3435 846 semetus.
3462 790 3589 844 Lin-

2026 894 2140 952 suae
2176 869 2336 936 etiam
2385 880 2527 936 illius
2575 882 2790 936 auditor
2834 892 2934 943 est,
2982 884 3120 938 sicut
3165 882 3277 951 ipse
3325 889 3588 934 testatur:

2030 989 2048 1021 r
2071 969 2246 1032 Pater,
2272 956 2466 1040 inquit,
2492 972 2695 1041 gratias
2718 985 2818 1042 ago
2839 972 2960 1035 tibi,
2983 972 3230 1040 quoniam
3262 970 3455 1024 audisti
3485 985 3588 1035 me,

2024 1073 2119 1128 ego
2143 1068 2318 1114 autem
2346 1060 2577 1114 sciebam
2602 1061 2726 1131 quia
2750 1076 2962 1130 semper
2979 1074 3063 1113 me
3085 1058 3430 1127 audis(loan.
3457 1061 3585 1128 χι).›

2025 1148 2226 1205 idcirco
2268 1150 2431 1220 igitur
2482 1151 2703 1220 spiritus
2751 1167 2855 1204 non
2889 1151 3137 1205 liberavit
3188 1149 3528 1203 maledictum
3562 1165 3591 1202 a

2023 1240 2182 1296 labiis
2202 1239 2335 1304 suis,
2361 1237 2485 1310 quia
2512 1241 2650 1295 Deus
2679 1242 2848 1305 testis,
2878 1251 3040 1310 atque
3067 1249 3338 1295 scrutator
3362 1249 3443 1294 est
3473 1255 3591 1292 cor-

2024 1326 2109 1385 dis
2140 1330 2305 1396 illius,
2335 1341 2389 1385 et
2419 1330 2610 1401 lingua
2637 1324 2866 1385 auditor.
2900 1329 2975 1384 Ac
3006 1332 3048 1385 si
3078 1341 3328 1400 patenter
3355 1330 3586 1383 diceret:

2016 1419 2144 1476 ldeo
2171 1421 2265 1476 Dei
2294 1420 2459 1475 Filius
2489 1421 2751 1489 passionis
2777 1420 3034 1490 supplicia
3061 1421 3302 1491 pertulit,
3326 1420 3449 1490 quia
3479 1419 3593 1488 ipse

2014 1511 2208 1577 Filius,
2244 1512 2328 1566 cui
2358 1527 2480 1566 cum
2524 1510 2706 1578 Patre,
2734 1521 2787 1566 et
2812 1512 3001 1566 eodem
3035 1511 3240 1580 Spiritu
3269 1521 3460 1565 sancto
3486 1525 3591 1563 una

2012 1605 2279 1663 voluntas,
2312 1619 2417 1657 una
2449 1612 2533 1658 est
2562 1603 2925 1675 providentia,
2971 1600 3023 1658 id
3066 1602 3182 1657 ﬁeri
3228 1618 3325 1672 pro
3369 1601 3590 1655 humani

2014 1695 2229 1766 generis
2264 1694 2438 1749 salute
2466 1692 2723 1750 decrevit.
2754 1696 2831 1750 De
2852 1711 2959 1765 quo
2985 1695 3238 1748 nimirum
3264 1689 3550 1761 Apostolus
3574 1707 3586 1742 :

2016 1804 2034 1837 ι
2055 1786 2157 1854 Qui
2187 1783 2376 1842 dilexit
2403 1802 2506 1851 me,
2537 1787 2730 1858 inquit,
2760 1798 2815 1843 et
2852 1780 3071 1844 tradidit
3117 1787 3461 1854 semetipsum
3492 1799 3588 1852 pro

2008 1890 2095 1929 me
2123 1869 2323 1946 (Galat.
2371 1880 2490 1945 11).»
2543 1874 2611 1929 Ut
2666 1890 2795 1946 ergo
2841 1875 2906 1929 ad
2956 1877 3229 1944 proposita
3282 1873 3584 1935 redeamus,

3695 700 3858 756 dubio
3883 700 4056 755 bonus
4085 712 4168 756 est
4210 697 4489 766 Dominus,
4524 711 4616 756 aut
4656 700 4950 762 malitiosos
4973 716 5144 771 praseo
5165 701 5241 757 ubi

3694 799 3776 844 est
3804 790 4094 845 benevolus
4127 791 4311 858 judex.
4342 791 4456 845 Non
4501 793 4642 845 enim
4689 792 4972 845 exhorreat
4997 791 5240 858 columba,

3695 893 3798 931 non
3838 889 4063 933 nauseat
4104 880 4438 933 sordentium
4472 880 4859 948 quorumlibet.
4879 879 5239 944 ministerium,

3694 968 3818 1021 dum
3844 967 3953 1034 ille,
3984 969 4036 1023 in
4064 985 4222 1039 quem
4263 978 4371 1023 tota
4400 968 4700 1034 descendit,
4730 970 4876 1024 solus
4899 971 5236 1024 consecratio-

3695 1059 3777 1114 nis
3807 1068 3985 1114 teneat
4007 1061 4387 1130 principatum.
4420 1060 4522 1115 Per
4553 1059 4656 1115 hoc
4694 1063 4836 1115 enim
4864 1063 5046 1116 unitas
5073 1059 5238 1116 Eccle«

3694 1149 3787 1202 size
3813 1158 3938 1214 stat,
3975 1150 4099 1219 quia
4124 1150 4371 1205 Christus
4399 1150 4535 1221 apud
4557 1165 4614 1204 se
4638 1150 4982 1205 consecrandi
5015 1151 5241 1203 virtutem

3696 1240 3889 1302 tenuit,
3923 1250 3976 1294 et
4011 1241 4063 1294 in
4107 1242 4370 1296 neminem
4404 1242 4770 1295 ministrorum
4799 1240 5245 1294 consecrationem

3688 1327 3808 1395 jura
3863 1324 4167 1384 transfodit.
4202 1331 4333 1384 Nam
4381 1331 4424 1384 si
4473 1329 4807 1385 consecratio
4851 1344 4917 1383 ex
4965 1328 5245 1382 sacerdotis

3694 1421 3901 1480 merito.
3931 1421 4011 1475 vel
4045 1422 4245 1476 virtute
4269 1422 4608 1492 procederet,
4638 1422 4703 1477 ad
4722 1421 4992 1477 Christum
5021 1419 5245 1489 profecto

3695 1506 3992 1568 nullatenus
4028 1514 4340 1583 pertineret.
4373 1514 4478 1568 Sed
4512 1514 4757 1583 quamvis
4796 1511 5034 1582 pontifex
5068 1525 5247 1565 manus

3696 1603 3956 1670 imponat,
3981 1614 4034 1658 et
4061 1604 4455 1659 benedictionis
4483 1604 4646 1658 verba
4703 1618 4797 1673 per
4827 1602 5125 1672 injunctum
5154 1600 5245 1656 sibi

3695 1693 4050 1748 ministerium
4074 1693 4337 1764 proferat,
4373 1695 4617 1748 Christus
4647 1703 4729 1748 est
4757 1702 4923 1758 certe,
4954 1692 5046 1761 qui
5072 1703 5247 1744 conse-

3693 1790 3829 1842 crat,
3865 1794 3916 1835 et
3961 1798 4155 1836 arcana
4203 1783 4498 1852 majestatis
4535 1796 4647 1836 sua:
4694 1783 4888 1835 virtute
4936 1782 5244 1834 sanctiﬁcat.

3694 1867 3829 1924 liinc
3867 1881 3949 1925 est
3988 1865 4128 1941 quod
4162 1873 4228 1927 ad
4271 1871 4489 1943 Moysen
4518 1871 4698 1926 divina
4738 1887 4866 1925 voce
4904 1870 5239 1939 pnecipitur:

2007 1960 2134 2033 quid
2164 1964 2359 2018 mirum
2403 1961 2448 2018 si
2480 1963 2715 2034 Spiritus
2743 1975 2963 2021 sanctus
2989 1964 3281 2035 aliquando
3321 1965 3374 2018 in
3400 1977 3585 2031 repro-
3615 1950 3661 2010 Β
3695 1979 3713 2011 ι
3734 1960 3980 2032 Loquere
4004 1964 4206 2029 Aaron,
4238 1975 4291 2019 et
4337 1963 4460 2019 ﬁliis
4502 1964 4653 2032 ejus:
4678 1965 4755 2020 sic
4784 1963 5108 2018 benedicetis
5138 1965 5246 2019 ﬁliis

2005 2053 2104 2109 bos
2134 2054 2335 2118 veniat,
2365 2070 2489 2109 cum
2517 2066 2571 2109 et
2595 2049 2763 2110 Filius
2810 2054 3050 2122 ejusdem
3104 2070 3228 2108 cum
3259 2069 3324 2109 eo
3380 2063 3585 2108 natura:

2008 2153 2170 2214 atque
2194 2145 2448 2213 potentia:
2477 2146 2761 2215 impiorum
2792 2161 2850 2201 se
2875 2146 3119 2200 manibus
3147 2146 3384 2208 tradidit,
3410 2156 3459 2198 et
3480 2162 3582 2198 non

2009 2233 2179 2288 solum
2211 2248 2269 2287 se
2294 2248 2481 2287 eorum
2519 2222 2836 2291 verberibus
2876 2235 3033 2299 aﬁici,
3063 2236 3156 2290 sed
3182 2246 3237 2289 et
3267 2234 3453 2288 inferri
3479 2234 3582 2288 sibi

2007 2323 2198 2378 mortis
2230 2324 2492 2378 atrociam
2530 2339 2635 2378 non
2658 2321 3017 2393 contempsit?

2601 2433 2828 2490 CAPUT
2869 2433 2980 2488 Xll.

2009 2523 2162 2590 Quod
2191 2526 2387 2580 donum
2416 2525 2514 2580 Dei
2541 2527 3085 2649 nullalm‘inistrorum
3117 2528 3424 2596 contagione
3462 2529 3577 2598 pot-

2718 2614 2770 2649 ui
2800 2614 2882 2649 ur.

2718 2614 2882 2650 ιιηιιν.

2077 2687 2135 2741 Si
2166 2691 2309 2741 enim
2340 2688 2567 2743 visibilis
2597 2699 2727 2743 sons
2758 2698 2915 2760 hujus
2959 2690 3141 2744 radius
3178 2692 3356 2743 nullas
3392 2689 3581 2759 caligi-

2003 2791 2149 2833 nosa:
2174 2777 2460 2845 cujuslibet
2488 2778 2698 2833 scrobis
2728 2780 2980 2832 tenebras
3003 2780 3227 2847 patitur,
3247 2778 3407 2833 nullis
3437 2781 3582 2832 cloa-

2002 2883 2186 2923 carum
2218 2871 2466 2925 sordibus
2495 2872 2836 2940 inquinatur;
2866 2872 2992 2941 quid
3018 2871 3210 2924 mirum
3240 2872 3282 2924 si
3334 2888 3577 2925 summus

2001 2967 2056 3013 et
2080 2959 2581 3030 incircumscriptus
2622 2959 2856 3030 Spiritus
2906 2960 3188 3014 tenebrosa
3224 2960 3304 3014 vel
3361 2961 3574 3014 sordida

2002 3052 2358 3121 quorumdam
2387 3061 2605 3121 pectora
2638 3068 2734 3106 suo
2765 3052 3051 3121 splendore
3078 3052 3428 3121 perstringat.
3461 3052 3574 3119 ipse

2003 3151 2185 3196 tamen
2216 3141 2566 3197 nihilominus
2596 3143 2648 3195 in
2678 3142 2936 3194 munditia
2968 3155 3062 3194 sua
3093 3150 3146 3193 et
3177 3141 3413 3209 puritate
3456 3155 3575 3207 per-

2003 3243 2238 3294 maneat.
2272 3232 2648 3302 Cujuscunque
2686 3248 2813 3302 ergo
2859 3233 3104 3287 criminis
3137 3250 3261 3287 reus
3306 3235 3575 3287 exstiterit

3687 2050 3868 2117 lsraei,
3920 2065 3973 2107 et
4018 2054 4210 2109 dicetis
4261 2053 4693 2111 eis:Denedicat
4747 2056 4839 2110 tibi
4891 2054 5168 2120 Dominus,
5198 2066 5246 2111 et

3686 2145 3951 2197 custodiat
3981 2154 4031 2199 te
4056 2162 4068 2196 :
4095 2147 4341 2199 ostendat
4378 2145 4636 2204 Dominus
4663 2144 4853 2201 faciem
4875 2162 5024 2200 suam
5057 2146 5172 2210 tibi,
5200 2155 5245 2201 et

3686 2233 4008 2288 misereatur
4046 2237 4140 2289 tibi
4171 2251 4184 2288 :
4210 2236 4763 2293 convertatDominus
4782 2237 4979 2290 vultum
5007 2252 5163 2291 suum
5185 2238 5245 2291 ad

3689 2334 3759 2384 te,
3787 2335 3840 2375 et
3869 2326 3958 2377 det
3985 2326 4075 2378 tibi
4111 2342 4292 2394 pacem
4320 2324 4508 2396 (Num.
4534 2328 4642 2397 vt):
4675 2347 4693 2379 ι
4726 2343 4955 2397 moxque
4976 2326 5242 2396 subjungi-

3684 2422 3769 2465 tur
3801 2426 3815 2464 :
3851 2432 3867 2461 ι
3901 2414 4250 2479 invocabunt,
4276 2417 4471 2485 inquit,
4504 2433 4697 2473 nomen
4731 2434 4902 2471 meum
4933 2432 5093 2486 super
5118 2417 5244 2471 ﬁlios

3681 2500 3863 2565 Israel,
3914 2511 3966 2556 et
4003 2518 4102 2570 ego
4133 2503 4444 2559 benedicam
4495 2507 4574 2559 eis
4626 2506 4861 2575 (Ibid.).i
4898 2505 5241 2559 Sacerdotnm

3681 2608 3807 2662 ergo
3836 2604 3916 2646 est
3944 2596 4182 2649 divinum
4214 2613 4404 2650 nomen
4435 2614 4597 2667 super
4628 2614 4739 2661 eos,
4777 2599 4867 2665 qui
4893 2598 5244 2652 consecrandi

3683 2695 3829 2747 sunt,
3861 2687 4145 2752 invocare;
4178 2690 4268 2740 sed
4299 2689 4463 2756 ipsius
4495 2689 4584 2742 Dei
4619 2689 4889 2759 proprium
4916 2698 4996 2742 est
5026 2690 5246 2741 interius

3682 2779 4021 2832 benedicere.
4059 2779 4317 2834 Ministris
4347 2782 4521 2850 plane,
4556 2793 4790 2835 exterior
4830 2783 5245 2837 consecrationis

3680 2868 3812 2919 ordo
3844 2870 4117 2933 tribuitur,
4144 2871 4234 2923 sed
4261 2870 4357 2924 soli
4389 2870 4613 2924 Domino
4642 2871 4805 2940 ipsius
4830 2872 5246 2926 consecrationis

3679 2952 3916 3010 efﬁcacia
3969 2969 4292 3013 reservatur.
4333 2960 4480 3015 L'nde
4533 2972 4631 3024 est,
4691 2961 4827 3029 quod
4855 2961 4965 3030 ipse
5013 2961 5155 3013 dixit
5198 2962 5245 3013 in

3679 3047 3860 3101 Exodo
3890 3069 3900 3101 ;
3935 3070 3951 3100 ι
3982 3052 4093 3119 Ego
4141 3051 4418 3116 Dominus,
4470 3053 4559 3121 qui
4607 3052 4883 3107 sanctiﬁco
4922 3067 5017 3106 vos
5047 3050 5244 3121 (Em.

3678 3140 3884 3209 »μηδ
3936 3140 3991 3195 Si
4037 3144 4197 3210 igitur
4223 3145 4487 3198 Dominus“
4515 3154 4619 3205 est,
4664 3145 4754 3214 qui
4798 3142 5125 3207 sanctiﬁcat,
5155 3157 5247 3196 cur

3681 3230 3971 3284 timendum
4025 3248 4090 3286 ne
4146 3233 4433 3302 plectibilis
4499 3234 4809 3302 cujusquam
4871 3233 5013 3287 servi
5068 3242 5248 3287 reatus

2002 3316 2116 3391 ille,
2162 3325 2253 3394 qui
2300 3336 2624 3379 consecrat:
2658 3327 2910 3378 nimirum
2968 3324 3079 3379 sive
3130 3323 3410 3393 superbus,
3462 3325 3573 3376 sive
3602 3303 3645 3362 (ἶ
3676 3319 3934 3375 obsistat?

1999 3417 2327 3483 luxuriosus,
2370 3417 2482 3471 sive
2515 3417 2802 3480 homicida,
2842 3418 2955 3470 sive
2987 3417 3147 3468 etiam
3195 3417 3566 3479 Siinoniacus;

1999 3524 2115 3580 ipse
2160 3508 2375 3578 quidem
2424 3507 2658 3577 pollutus
2706 3518 2809 3571 est,
2857 3517 2911 3562 et
2957 3507 3135 3561 lethaii
3176 3505 3361 3577 procul
3414 3503 3571 3572 duilio

1999 3595 2145 3668 lepra
2174 3592 2459 3668 perfusus:
2485 3599 2577 3651 sed
2604 3598 2801 3651 donum
2820 3596 3090 3666 Dei,quod
3114 3598 3373 3666 pet-tilium
3398 3607 3570 3650 trans-

2001 3690 2065 3755 it,
2093 3689 2292 3744 nullius
2320 3688 2438 3742 labe
2488 3688 2765 3756 polluitur,
2812 3688 3010 3742 nullius
3052 3689 3374 3757 contagione
3407 3688 3568 3741 foeda-

2001 3789 2110 3836 tur.
2140 3779 2338 3834 Purum
2366 3795 2596 3848 namque
2627 3789 2710 3834 est
2756 3781 2897 3849 quod
2942 3796 3038 3848 per
3070 3779 3214 3833 illum
3249 3781 3386 3843 iluit,
3420 3798 3570 3833 num-

2002 3871 2127 3925 dum
2175 3879 2229 3924 et
2255 3868 2513 3938 liquidum
2542 3870 2607 3925 ad
2641 3880 2839 3924 terram
2868 3871 3095 3924 fertilem
3128 3873 3337 3925 transit.
3374 3871 3567 3926 Saucia

2000 3977 2230 4031 namque
2278 3960 2514 4015 Ecclesia
2561 3962 2751 4016 hortus
2807 3963 3142 4025 deliciarum,
3177 3975 3230 4017 et
3274 3964 3567 4033 spirituaiis

2001 4060 2085 4105 est
2122 4050 2425 4120 paradisus,
2475 4052 2860 4106 charismatum
2911 4053 3163 4106 videlicet
3212 4069 3564 4123 supernorum

2001 4134 2213 4195 ﬁuen’tis
2243 4140 2496 4211 irriguos.
2552 4139 2819 4196 Ponamus
2848 4157 2975 4212 ergo
3006 4155 3065 4196 ut
3106 4143 3228 4196 mali
3263 4147 3565 4199 sacerdotes

2002 4231 2392 4300 quodammodo
2424 4231 2616 4301 iapidei
2646 4233 2755 4286 sint
2781 4233 2990 4287 canales
3015 4247 3028 4285 :
3057 4233 3106 4286 in
3135 4232 3358 4302 lapideis
3388 4246 3563 4289 autem

2002 4312 2278 4374 canalibus
2330 4335 2465 4389 aqua
2506 4319 2582 4373 nil
2612 4321 2899 4390 germinat,
2927 4322 3088 4375 donet
3119 4338 3213 4387 per
3238 4337 3332 4376 eos
3376 4322 3564 4376 decur-

2001 4423 2148 4465 rens.
2181 4401 2234 4461 in
2265 4407 2517 4462 fecundas
2539 4424 2596 4463 se
2618 4408 2828 4463 areolas
2859 4409 3066 4462 fundat.
3096 4408 3246 4463 Licet
3281 4413 3422 4465 enim
3452 4412 3563 4481 piu-

2005 4512 2091 4552 res
2133 4499 2387 4566 reprobos
2432 4499 2745 4554 sacerdotes
2784 4500 3019 4553 seriatim
3074 4510 3370 4570 temporum
3420 4506 3563 4559 vices

2005 4588 2296 4650 attulerint,
2326 4588 2571 4642 videlicet
2593 4602 2647 4642 ut
2676 4601 2731 4645 et
2751 4600 3131 4645 consecrantes
3177 4604 3231 4644 et
3256 4595 3557 4646 consecrati

2003 4678 2152 4746 itaque
2175 4679 2511 4747 reperiantur
2537 4680 2773 4751 indigni;
2798 4681 2917 4734 fons
2945 4690 3121 4734 tamen
3151 4680 3238 4737 ille
3265 4683 3419 4736 vivus
3450 4700 3557 4738 non

2006 4759 2366 4834 restringitur,
2409 4770 2696 4838 quominus
2739 4784 2905 4839 usque
2948 4771 3015 4825 ad
3055 4769 3214 4824 ﬁnem
3262 4773 3438 4826 saeculi
3470 4790 3565 4842 per

2008 4870 2197 4913 nemus
2227 4858 2476 4914 Ecclesia:
2497 4860 2761 4929 proﬂuat;
2809 4871 2865 4915 ut
2890 4880 2995 4916 non
3023 4849 3165 4918 solus
3196 4865 3284 4918 ille
3311 4868 3559 4920 sacerdo-

2005 4946 2126 5000 talis
2155 4950 2307 5010 ordo,
2335 4949 2425 5003 sed
2453 4962 2506 5003 et
2535 4963 2720 5004 omnes
2742 4952 2793 5004 in
2818 4950 3030 5006 Christo
3054 4956 3224 5007 renati
3249 4955 3433 5009 salutis
3455 4972 3562 5012 sure

2005 5037 2249 5106 poculum
2291 5039 2558 5093 hauriant.
2599 5041 2753 5109 102
2798 5028 2900 5094 Per
2935 5044 3240 5097 sacerdotes
3288 5046 3552 5113 siquidem

2007 5126 2306 5196 bapti'smus
2331 5137 2384 5181 et
2405 5129 2638 5182 chrisma
2663 5129 2935 5195 tribuitur,
2960 5141 3012 5184 et
3035 5147 3193 5185 omne
3211 5133 3560 5189 ecclesiastici

2007 5216 2336 5268 sacramenti
2364 5217 2721 5270 ministerium
2748 5219 3051 5273 exhibetur.
3088 5219 3142 5274 Si
3167 5238 3292 5291 ergo
3317 5226 3561 5277 sacerdo-

2007 5317 2116 5360 tum
2171 5306 2411 5375 pravitas
2456 5308 2630 5362 divina
2678 5318 2862 5378 posset
2909 5311 3047 5364 dona
3103 5314 3421 5378 reprimere;
3457 5316 3561 5370 illis

2005 5406 2147 5450 certe
2187 5396 2682 5465 pnevaricantibus,
2732 5415 2951 5454 necesse
3003 5409 3123 5455 erat
3176 5411 3344 5456 totum
3392 5420 3558 5474 genus

2006 5485 2299 5539 humanum
2326 5501 2354 5537 a
2385 5484 2580 5539 divinis
2622 5487 2894 5543 beneﬁciis
2922 5490 3148 5544 resilire.
3194 5490 3344 5557 Quod
3376 5495 3418 5546 si
3455 5494 3559 5547 illis

2002 5576 2296 5637 stantibus,
2354 5576 2599 5630 homines
2644 5592 2864 5632 munera
2917 5595 3142 5648 superna
3195 5584 3557 5653 susciperent,

2002 5666 2300 5721 labentibus
2330 5674 2504 5720 autem
2530 5667 2826 5722 nullatenus
2848 5670 3225 5739 impetrarent,
3258 5679 3562 5731 necessario

1998 5755 2106 5824 jam
2138 5772 2240 5810 non
2278 5757 2404 5819 Deo,
2422 5758 2515 5812 sed
2544 5760 2911 5814 sacerdotibus
2936 5764 3118 5830 utique
3138 5779 3376 5829 causam,
3402 5776 3561 5834 atque

2004 5862 2217 5904 omnem
2243 5846 2348 5901 vim
2374 5847 2603 5920 propria:
2629 5849 2814 5905 salutis
2858 5851 3219 5919 ascriberent;
3275 5854 3367 5910 sed
3402 5856 3559 5921 absit,

3594 4641 3644 4701 D

4260 3412 4484 3468 CAPUT
4525 3413 4655 3466 Xlll.

3678 3500 3830 3564 Quod
3859 3503 3963 3554 sive
3987 3501 4143 3564 rerbi,
4190 3503 4293 3554 sive
4324 3503 4636 3554 sacramenti
4682 3501 4932 3565 minister,
4968 3498 5065 3552 Dei
5097 3502 5247 3553 donis

4170 3587 4271 3624 non
4296 3588 4361 3639 ιιο
4378 3574 4456 3624 sit
4486 3572 4744 3625 obsistere.

3741 3678 4102 3748 Conqueritur
4186 3691 4364 3736 autem
4432 3681 4760 3750 Apostolus,
4831 3680 4954 3749 quia
5017 3683 5242 3748 quidam

3674 3768 3789 3821 falsi
3824 3769 4015 3822 fratres
4047 3783 4263 3840 propter
4295 3774 4567 3835 invidiam,
4592 3782 4643 3826 et
4666 3775 5059 3826 contentionem
5086 3774 5247 3827 Chri-

3673 3872 3810 3912 stum
3873 3860 4231 3927 prurdiczireut
4284 3875 4389 3913 non
4447 3861 4656 3914 sincere
4707 3860 4936 3931 (Philip.
4993 3862 5065 3929 ι).
5137 3862 5242 3914 Sed

3671 3951 3796 4017 quid
3832 3952 3896 4003 ad
3933 3952 4082 4005 lucc?
4115 3952 4358 4020 Nunquid
4407 3953 4760 4022 prohibendos
4801 3968 4916 4006 esse
4962 3953 5242 4005 decernit?

3668 4042 3802 4094 Audi
3835 4052 3960 4111 ergo
3991 4045 4119 4113 quid
4169 4047 4410 4112 sequitur
4436 4062 4447 4097 :
4478 4064 4494 4094 ι
4519 4044 4652 4110 Quid
4681 4045 4841 4107 enim,
4877 4046 5069 4111 inquit,
5112 4045 5238 4098 dum

3668 4134 3813 4184 omni
3847 4135 4001 4187 modo
4031 4135 4143 4188 sive
4175 4150 4269 4204 per
4296 4138 4658 4200 occasionem,
4685 4138 4794 4190 sive
4827 4149 4922 4204 per
4948 4136 5237 4189 veritatem

3667 4222 3913 4277 Christus
3937 4226 4312 4289 annuntietur;
4345 4236 4397 4280 et
4428 4227 4478 4279 in
4527 4227 4625 4281 hoc
4651 4227 4871 4296 gaudeo,
4901 4226 4992 4279 sed
5021 4236 5078 4278 et
5102 4242 5237 4296 gauo

3668 4314 3802 4368 tlebo
3834 4314 4048 4385 (lbid.)i
4085 4316 4251 4371 Porro
4288 4329 4463 4371 autem
4495 4319 4653 4372 habet
4681 4317 4922 4372 Christus
4950 4318 5238 4371 ministros

3665 4405 3836 4467 verbi,
3897 4405 4056 4458 habet
4125 4406 4399 4461 ministros
4453 4408 4797 4461 nihilominus
4854 4410 5232 4461 sacramenti:

3664 4494 3943 4561 utriusque
3995 4493 4236 4562 profecto
4281 4496 4516 4548 muneris
4563 4497 4693 4549 alios
4733 4490 4911 4549 ﬁdeles
4945 4505 5002 4548 et
5029 4496 5234 4561 bonos;

3668 4583 3798 4635 alios
3828 4599 4054 4651 nequam
4104 4592 4156 4636 et
4188 4584 4446 4652 perﬁdos:
4472 4585 4562 4637 sed
4596 4600 4765 4652 neque
4784 4600 4811 4636 a
4833 4584 4985 4638 bonis
5012 4584 5235 4649 nieiius,

3667 4690 3765 4727 nec
3797 4691 3823 4725 a
3859 4674 4012 4728 malis
4039 4675 4299 4743 accipitur
4324 4675 4492 4744 pejus.
4528 4671 4753 4728 Ministri
4797 4674 5059 4742 siquidem
5105 4686 5240 4728 sunt

3666 4769 3883 4830 diversi,
3914 4768 4004 4820 sed
4030 4782 4190 4821 unum
4233 4777 4313 4822 est
4342 4770 4526 4838 utique
4568 4767 4707 4836 quod
4740 4766 5017 4837 praebetur.
5046 4767 5236 4822 Bonus

3665 4861 3820 4928 pliue
3851 4871 3931 4915 est
3960 4870 4146 4913 auctor
4180 4876 4486 4923 munerum,
4509 4869 4562 4913 et
4590 4859 4730 4928 quod
4754 4859 4860 4920 dat,
4891 4859 5064 4912 nullas
5097 4876 5239 4916 cmi-

3667 4953 3831 5004 trahit
3880 4951 4112 5004 maculas
4140 4965 4202 5004 ex
4234 4950 4492 5019 obsequio
4528 4950 4911 5003 ministrorum.
4937 4946 5086 5002 Pura
5111 4948 5238 5003 ﬂuit

3665 5059 3822 5105 vena,
3859 5051 3910 5094 et
3949 5042 4213 5109 superﬂuo
4244 5040 4453 5108 leprosa
4481 5054 4666 5092 manus
4695 5039 5025 5108 propinantis
5050 5048 5235 5092 attenv

3664 5138 3825 5200 ditur,
3857 5136 3944 5189 ubi
3972 5134 4191 5198 ciarum,
4222 5135 4373 5205 103
4398 5144 4558 5205 atque
4587 5136 4919 5204 perspicuum
4947 5144 5054 5198 est,
5078 5135 5235 5204 quod

3662 5227 3925 5279 hauritur.
3955 5224 4089 5291 Quid
4137 5227 4277 5278 enim
4328 5226 4390 5279 ad
4425 5237 4748 5279 momentum
4779 5226 4851 5279 rei
4882 5226 4993 5279 sive
5028 5226 5232 5288 bonus,

3659 5321 3769 5373 sive
3803 5319 3974 5371 malus
4007 5319 4076 5372 sit
4106 5318 4195 5385 qui
4231 5318 4517 5379 ministrat,
4552 5317 4834 5371 dummodo
4861 5332 4996 5369 unus
5054 5319 5235 5371 idem-

3660 5425 3765 5479 que
3820 5424 4030 5478 semper
4074 5410 4163 5470 sit,
4219 5411 4304 5477 qui
4355 5410 4468 5462 sive
4518 5407 4685 5469 verbi,
4737 5410 4844 5462 sive
4892 5409 5231 5461 sacramenti

3659 5501 3973 5569 principalis
4003 5509 4189 5552 auctor
4217 5501 4431 5554 existit?
4469 5501 4523 5554 ln
4557 5500 4866 5554 exhibe-udis
4892 5514 5025 5554 sane
5056 5503 5232 5554 mira-

3660 5590 3899 5643 culorum
3936 5590 4120 5657 signis,
4139 5590 4217 5643 vel
4242 5592 4291 5642 in
4319 5591 4607 5659 prOphetiaa
4634 5590 4882 5651 oraculis,
4915 5590 5028 5642 sive
5058 5592 5229 5643 etiam

3662 5681 3714 5732 in
3758 5679 4015 5732 habendis
4067 5678 4350 5732 virtutibus
4396 5679 4494 5748 pim
4539 5679 4805 5747 religionis
4834 5680 5002 5748 gratia
5044 5680 5228 5734 sancti

3663 5769 3893 5838 Spiritus
3918 5770 4193 5831 minuitur,
4223 5770 4304 5824 vel
4326 5783 4567 5841 augetur.
4599 5771 4746 5824 Sicut
4774 5785 4800 5823 a
4831 5771 5092 5838 magistro
5114 5770 5229 5823 Eli-

3662 5875 3783 5914 seus
3835 5860 4003 5928 petiit,
4042 5860 4257 5915 dicens:
4289 5882 4304 5914 r
4334 5860 4483 5925 Peto,
4535 5861 4726 5931 inquit,
4776 5871 4833 5914 ut
4883 5861 4973 5913 ﬁat
5021 5861 5223 5933 demet
