5392 6504
894 365 995 422 M7

1655 364 1899 424 OPUSC.
1941 365 2031 423 VI.
2072 396 2143 408 —
2182 365 2387 423 LIBER
2424 364 2542 434 QUI
2580 363 2859 421 DICITUR
2898 365 3391 424 GltATISSIMUS.

4070 372 4177 430 118

892 479 1113 548 spiritus
1145 479 1332 533 tuusin
1367 494 1450 535 me
1468 478 1520 551 (l
1538 478 1721 550 νῆες.
1757 482 1840 551 ιι).
1867 499 1885 531 ι
1916 479 2047 547 Qua:
2085 481 2341 535 nimirum
2370 495 2463 549 pe-
2494 482 2544 543 Α
2571 478 2759 547 spiritu
2812 487 2992 532 autem
3046 478 3218 551 Moysi
3260 480 3394 535 viris
3449 481 3665 538 dedisse
3712 482 3977 540 Dominus
4036 486 4179 543 dici-

894 570 1012 624 titio
1041 569 1095 623 in
1146 569 1308 625 Elisei
1339 570 1612 625 miraculis
1649 569 1865 638 impleta
1921 570 2088 625 fuisse
2116 571 2470 641 dignoscitur,

894 661 945 716 in
968 662 1163 729 quibus
1189 670 1336 717 certe
1356 670 1409 716 et
1437 660 1608 729 major
1631 662 1824 725 virtus,
1854 678 2013 731 quam
2041 663 2093 716 in
2123 662 2252 716 Elite
2279 662 2470 731 signis,

892 762 947 810 et
966 753 1159 824 duplex
1187 769 1443 809 numerus
1469 755 1741 810 invenitur
1766 774 1778 810 :
1806 756 1950 825 qttod
1972 757 2061 825 qui
2089 772 2274 812 eorum
2300 757 2471 811 histo-

894 846 1001 899 rias
1052 847 1291 901 studiose
1346 846 1676 909 considerat,
1715 864 1821 903 non
1878 849 2112 916 ignorat.
2160 850 2230 904 At
2274 866 2381 905 non
2417 850 2470 904 in

891 934 1192 990 oﬂiciorum
1224 935 1478 1006 gradibus
1510 935 1568 989 fit
1605 936 1707 989 ista
1754 938 2079 993 diversitas:
2108 954 2286 1008 neque
2326 939 2469 994 enim

895 1028 1031 1083 alius
1062 1029 1167 1083 alio
1214 1028 1386 1097 magis
1420 1037 1504 1082 est
1548 1029 1853 1099 presbyter,
1896 1030 2009 1083 sive
2058 1031 2335 1095 diaconus,
2370 1039 2474 1085 aut

892 1121 1166 1189 quodlibet
1224 1120 1436 1174 horum.
1487 1119 1599 1174 Illic
1649 1120 1807 1189 plane
1859 1121 1990 1175 fides
2041 1129 2204 1191 atque
2260 1122 2474 1177 devotio

895 1212 1213 1280 postulantis
1242 1210 1568 1277 attenditur;
1602 1212 1689 1265 hic
1717 1212 2055 1269 solummodo
2083 1213 2472 1269 ecclesiastica:

894 1302 1248 1357 institutionis
1279 1312 1531 1357 servatur
1555 1304 1706 1357 ordo.
1732 1304 2027 1360 Audiamus
2065 1306 2195 1376 quid
2219 1307 2284 1358 de
2315 1305 2473 1361 malis

894 1391 1334 1460 prmdicatoribus
1366 1392 1624 1446 Dominus
1674 1392 1849 1447 dicat:
1881 1412 1901 1444 ι
1930 1392 2105 1463 Super
2132 1394 2470 1461 cathedram,

894 1482 1089 1551 inquit,
1145 1483 1310 1553 Moysi
1344 1485 1599 1539 sederunt
1632 1483 1857 1551 Scribte,
1888 1495 1943 1539 et
1975 1486 2219 1542 Pharisei
2248 1505 2261 1542 :
2291 1488 2472 1543 omnia

892 1588 1221 1643 quaecunque
1243 1575 1477 1629 dixerint
1491 1575 1660 1637 vobis,
1678 1585 1893 1630 servate
1906 1586 1960 1631 et
1973 1574 2132 1632 facite
2148 1595 2161 1643 ;
2179 1578 2473 1632 secundum

894 1680 1019 1719 vero
1063 1680 1226 1737 opera
1284 1680 1471 1720 eorum
1529 1666 1694 1721 nolite
1752 1667 1930 1723 facere
1984 1667 2196 1739 (Matth.
2234 1670 2413 1740 χχιιι).
2448 1690 2466 1722 ι

893 1754 947 1808 Si
980 1771 1109 1825 ergo
1132 1756 1428 1811 sacerdotis
1450 1755 1735 1826 cujuslibet
1760 1760 2001 1826 pravitas
2023 1774 2129 1813 non
2159 1760 2473 1829 przejudicat

892 1848 1076 1911 verbo,
1102 1849 1243 1917 quod
1274 1864 1369 1918 per
1400 1848 1546 1902 illum
1580 1849 1922 1903 audientibus
1952 1852 2143 1917 datur;
2178 1866 2284 1921 quo
2316 1862 2471 1920 pacto
2503 1868 2547 1927 Β

806 1977 813 1985 .
891 1940 1079 1995 obesse
1124 1939 1304 1995 valeat
1353 1948 1694 1995 sacramento
1738 1942 1879 2008 quod
1934 1958 2039 1997 non
2098 1943 2339 2007 homine,
2380 1944 2473 1998 sed

892 2032 999 2086 Deo
1051 2042 1271 2087 auctore
1317 2031 1611 2086 tribuitur?
1644 2032 1881 2102 Uterque
1912 2034 2166 2086 nimirum
2213 2042 2267 2088 et
2309 2034 2355 2088 is
2382 2032 2475 2104 qui

892 2122 1168 2192 praedicat,
1192 2130 1244 2176 et
1281 2122 1368 2177 ille
1392 2123 1480 2192 qui
1510 2132 1814 2187 consecrat,
1852 2124 2191 2177 ministrator
2222 2133 2323 2188 est,
2367 2140 2473 2178 non

891 2213 1139 2267 donator.
1167 2212 1321 2268 Unde
1351 2212 1411 2266 ﬁt
1460 2213 1780 2283 plerumque
1810 2224 1867 2266 ut
1898 2230 2001 2267 una
2043 2213 2258 2282 quidem
2290 2216 2361 2268 sit
2384 2214 2475 2267 doc

891 2305 1055 2359 cteris
1100 2305 1301 2375 lingua,
1360 2306 1454 2359 sed
1500 2321 1605 2360 non
1640 2322 1746 2361 uno
1787 2306 1948 2361 modo
1977 2307 2115 2376 apud
2166 2306 2475 2361 auditorum

891 2407 1099 2451 mentes
1147 2396 1263 2466 ejus
1317 2395 1644 2452 fructificent
1692 2398 1880 2465 verba,
1936 2399 2061 2452 dum
2118 2398 2343 2452 alterius
2383 2414 2479 2452 cor

893 2487 1037 2541 velut
1062 2488 1270 2559 glaciali
1305 2486 1507 2558 frigore
1539 2498 1767 2557 torpeat,
1818 2488 2043 2543 alterius
2095 2504 2224 2544 vero
2254 2490 2478 2558 spiritus

891 2582 1077 2635 audito
1102 2582 1266 2635 verbo
1288 2596 1412 2633 mox
1437 2581 1601 2635 divini
1626 2581 1828 2635 amoris
1854 2582 1977 2652 igne
2009 2581 2293 2637 fervescat.
2324 2582 2481 2637 Unde

890 2686 1019 2740 ergo
1050 2671 1128 2737 fit,
1152 2671 1294 2740 quod
1324 2670 1507 2736 verba,
1529 2686 1649 2741 qua:
1677 2685 1742 2725 ex
1767 2687 1874 2726 uno
1899 2682 1993 2726 ore
2024 2674 2311 2743 prodeunt,
2339 2672 2477 2725 mul-

891 2770 1179 2832 torumque
1218 2777 1377 2817 aures
1426 2761 1732 2817 informiter
1776 2762 1993 2827 feriunt,
2041 2778 2143 2817 non
2178 2777 2283 2816 uno
2319 2762 2478 2817 modo

890 2852 961 2908 ad
992 2854 1235 2909 cordium
1280 2868 1478 2909 arcana
1523 2842 1871 2925 pertingant;
1918 2854 2020 2909 nisi
2050 2855 2173 2923 quia
2203 2853 2343 2908 alius
2372 2861 2474 2918 est,

888 2944 986 3015 qui
1023 2945 1366 3000 extrinsecus
1418 2960 1486 2999 ex
1533 2942 1709 2999 otiicio
1754 2945 1950 3015 lingua:
2002 2945 2307 3007 ministrat;
2341 2942 2478 2997 alius

888 3035 985 3105 qui
1023 3038 1240 3106 propria
1266 3036 1467 3103 virtute
1492 3051 1653 3092 voces
1688 3037 2035 3105 prtedicantis
2080 3051 2178 3105 per
2216 3035 2477 3091 interiora

890 3130 1205 3199 dispensat?
1260 3128 1385 3185 Sive
1413 3145 1541 3200 ergo
1570 3130 1623 3205 in
1661 3130 1948 3201 erogandis
1979 3126 2237 3185 doctrinae
2274 3130 2474 3197 verbis,

2580 579 2696 635 tur;
2746 579 2805 624 ut
2834 580 2888 625 et
2917 570 3283 637 ordinatores,
3334 580 3389 628 et
3434 574 3717 630 ordinatos
3765 592 3929 630 unum
3976 577 4181 637 debere

2576 663 2825 729 spiritum
2886 663 3089 719 habere
3143 652 3490 735 perspicuum
3545 669 3861 724 doceatur:
3904 681 4178 742 quatenus

2578 763 2815 809 rectores
2843 755 3100 811 Ecclesite
3148 771 3492 828 nequaquam
3521 760 3668 815 inter
3711 776 3771 817 se
3801 761 4019 819 diversa
4050 779 4179 820 sen-

2578 848 2735 912 tiant,
2764 848 2906 903 unde
2926 848 3244 913 schismata,
3262 851 3409 921 quod
3438 852 3597 917 absit,
3626 862 3721 908 aut
3745 856 3984 911 haereses
4008 858 4179 926 pesti-

2577 938 2753 994 lenter
2792 931 3105 1011 emergant;
3139 944 3234 997 sed
3265 958 3431 997 unum
3468 959 3660 1001 omnes
3704 950 4053 1005 concorditer
4082 950 4181 1007 do-

2576 1039 2755 1093 ceant,
2795 1040 2957 1099 atque
3003 1031 3059 1085 in
3091 1032 3299 1087 unitate
3336 1033 3560 1103 spiritus
3602 1037 3938 1094 unanimiter
3964 1042 4176 1097 vivant.

2574 1118 2749 1173 Porro
2766 1130 2967 1186 autem,
2986 1121 3127 1176 sicut
3141 1124 3481 1194 septuaginta
3506 1124 3605 1189 illi,
3621 1142 3756 1195 quos
3775 1127 4039 1185 Dominus
4055 1139 4180 1202 post

2575 1209 2849 1279 apostolos
2890 1211 3164 1265 ordinavit
3216 1211 3366 1282 (Luc.
3401 1214 3481 1281 χ),
3517 1216 3850 1287 totidemque
3893 1218 4010 1275 fere
4060 1222 4174 1284 isti,

2575 1315 2712 1370 quos
2729 1315 2852 1356 cum
2876 1300 3059 1372 Moyse
3077 1312 3388 1359 sustentare
3411 1304 3591 1379 populi
3615 1322 3754 1361 onus
3777 1308 3967 1373 voluit,
3992 1319 4176 1381 typum

2574 1391 2984 1461 praetendebant
3002 1394 3475 1465 presbyterorum;
3497 1396 3569 1450 ita
3588 1397 3941 1453 nihilominus
3964 1398 4178 1471 Moyses

2575 1479 2834 1548 primum,
2863 1488 2918 1534 et
2947 1491 3067 1550 post
3109 1487 3342 1554 apostoli
3390 1485 3713 1557 dignitatem
3754 1490 4007 1544 videntur
4035 1490 4179 1546 obti-

2576 1570 2760 1623 nuisse
2787 1571 3104 1639 pontificum
3140 1588 3154 1626 :
3184 1582 3235 1628 et
3263 1576 3401 1629 sicut
3443 1590 3621 1645 neque
3674 1575 3748 1630 illi
3797 1578 3865 1633 ab
3890 1579 4173 1647 apostolis.

2576 1671 2752 1727 neque
2786 1658 2873 1713 isti
2911 1674 2938 1713 a
2993 1646 3179 1731 Moyse
3211 1662 3476 1732 Spiritum
3509 1674 3759 1719 sanctum
3809 1646 4055 1738 accipere
4080 1684 4178 1740 po-

2576 1756 2830 1815 tuerunt;
2882 1749 2964 1804 sic
3009 1750 3176 1805 etiam
3211 1753 3277 1807 de
3302 1754 3595 1825 episcopis,
3629 1758 3953 1825 caaterisque
3986 1759 4170 1816 eccle-

2575 1838 2804 1894 siasticae
2825 1841 3104 1911 dignitatis
3125 1842 3410 1900 ordinibus
3429 1846 3617 1915 procul
3638 1848 3802 1904 dubio
3826 1850 4169 1905 sentiendum

2579 1939 2664 1986 est
2692 1948 2703 1984 :
2735 1926 2989 1987 nimirum
3039 1934 3167 2003 quia
3210 1952 3351 1991 unus
3390 1939 3737 2009 omnipotens
3765 1940 3934 2006 Deus,
3960 1943 4051 2011 qui
4082 1958 4178 1999 eos

2577 2038 2673 2093 per
2703 2023 2948 2081 diversos
2977 2026 3231 2081 ordinum
3276 2029 3476 2099 gradus
3512 2032 3904 2089 moderaminis
3938 2038 4023 2089 sui
4057 2036 4171 2093 dis~

2578 2116 2895 2184 pensatione
2923 2116 3201 2183 distinxit;
3235 2117 3385 2175 solus
3429 2122 3616 2189 etiam,
3666 2130 3825 2193 prout
3852 2126 3967 2194 ipse
3998 2127 4167 2193 novit,

2582 2203 2819 2275 Spiritus
2850 2207 2935 2261 sui
2980 2209 3209 2277 gratiam
3249 2210 3303 2263 in
3344 2226 3789 2282 unumquemque
3812 2213 4043 2270 diffudit.
4070 2215 4176 2272 Ne-

2581 2310 2684 2364 que
2708 2297 2851 2350 enim
2883 2296 2934 2350 in
2976 2296 3064 2352 illa
3117 2296 3353 2368 Spiritus
3400 2301 3619 2357 datione
3649 2304 3795 2358 aliud
3828 2307 3931 2361 sibi
3963 2306 4175 2378 Moyses

2581 2403 2837 2458 arrogare
2866 2390 3208 2461 privilegium
3238 2392 3435 2459 potuit,
3460 2409 3625 2463 quam
3657 2412 3687 2448 ι’
3714 2397 3799 2449 tod
3846 2398 3922 2451 illi
3959 2414 4063 2453 vox
4089 2399 4172 2454 di-

2582 2479 2705 2533 vina
2738 2481 3025 2550 praecepit;
3062 2482 3343 2547 nimirum,
3401 2493 3458 2537 ut
3490 2486 3635 2540 viros
3682 2488 3928 2559 eligeret,
3974 2504 4178 2559 eosque

2581 2569 2782 2624 ducens
2808 2570 2875 2624 ad
2904 2571 3102 2625 ostium
3132 2569 3487 2637 tabernaculi,
3518 2589 3641 2629 cum
3689 2576 3769 2630 eis
3815 2584 3986 2631 staret
4016 2596 4029 2630 :
4059 2578 4177 2635 haec

2581 2671 2663 2717 est
2694 2654 2904 2717 sumina
2956 2663 3138 2733 operis
3174 2662 3363 2735 Moysi.
3394 2664 3532 2733 Quid
3569 2684 3697 2739 ergo
3729 2686 3840 2724 suae
3872 2671 4089 2726 virtutis
4121 2672 4175 2726 in

2582 2755 2684 2808 hoc
2714 2754 2806 2808 Dei
2854 2770 3079 2809 munere
3108 2754 3323 2825 Moyses
3372 2771 3762 2828 recognoscere
3817 2760 4017 2828 potuit,
4048 2775 4173 2816 cum

2582 2845 2804 2914 insuper
2848 2853 2905 2899 et
2931 2844 3038 2899 duo
3079 2860 3146 2900 ex
3176 2846 3285 2912 his,
3318 2846 3410 2915 qui
3440 2846 3702 2918 descripti
3753 2848 3993 2915 fuerant,
4028 2850 4177 2906 Scri-

2580 2944 2737 3004 ptura
2768 2945 2924 2999 teste,
2959 2936 3012 2989 in
3050 2938 3247 2992 castris
3294 2938 3479 3007 positi,
3530 2940 3596 2994 ad
3629 2941 4034 2997 tabernaculum
4067 2960 4175 2999 non

2580 3035 2880 3081 venerunt:
2914 3036 2971 3082 et
3000 3037 3203 3094 tamen,
3230 3044 3295 3083 eo
3325 3030 3621 3095 nesciente,
3658 3047 3833 3101 teque,
3866 3043 3923 3087 ut
3956 3037 4171 3101 caeteri,

2585 3118 2845 3189 Spiritum
2900 3122 3296 3191 perceperunt?
3324 3120 3383 3176 In
3413 3137 3479 3176 eo
3507 3136 3659 3187 sane,
3703 3123 3846 3193 quod
3883 3125 3951 3180 de
3981 3127 4179 3195 spiritu

891 3219 1007 3275 sive
1041 3220 1095 3273 in
1124 3217 1508 3274 ecclesiasticis
1536 3217 1902 3282 conferendis,
1923 3232 2265 3287 nequaquam
2299 3234 2481 3272 sacer-
2507 3222 2551 3282 (ζ
2586 3209 2751 3280 Moysi
2805 3211 2915 3265 ιυιιί
2951 3211 3170 3277 dieitur.
3206 3224 3369 3284 atque
3397 3214 3518 3269 aliis
3545 3215 3683 3281 dari,
3716 3216 3919 3271 nullum
3966 3218 4180 3291 Moyses

893 3311 994 3366 dos
1035 3310 1147 3365 suis
1175 3309 1466 3364 virtutibus
1500 3311 1695 3374 utitur,
1724 3304 1816 3363 sed
1850 3308 2021 3363 solum
2049 3308 2364 3377 exsequitur
2397 3309 2478 3361 in-

885 3404 1091 3474 iuncta:
1134 3402 1623 3458 administrationis
1647 3402 1903 3470 oilicium,
1935 3417 2041 3472 quo
2074 3403 2277 3471 potitur
2303 3420 2319 3453 ι
2342 3401 2477 3455 alio-

890 3496 1023 3567 quin
1046 3495 1089 3549 si
1110 3512 1177 3550 ex
1199 3496 1392 3549 merito
1414 3496 1711 3551 sacerdotis
1732 3496 1833 3550 ista
1856 3494 2233 3563 procederent,
2263 3506 2479 3547 omnem

892 3585 1137 3657 profecto
1166 3584 1323 3641 fidem
1354 3585 1546 3640 divina:
1580 3586 1767 3656 gratiae
1804 3585 2116 3641 vacuarent.

1487 3696 1717 3753 CAPUT
1758 3695 1891 3751 XIV.

898 3788 1055 3856 Quod
1084 3787 1148 3843 de
1173 3788 1363 3859 spiritu
1388 3804 1483 3843 suo
1516 3805 1617 3843 non
1647 3806 1737 3857 per
1760 3806 1813 3841 se
1842 3788 2067 3857 Moyses,
2096 3787 2185 3840 sed
2214 3786 2358 3841 Deus
2387 3786 2481 3841 de—

1391 3860 1466 3912 dit
1487 3861 1815 3929 septuaginta
1838 3860 1982 3913 viris.

969 3952 1154 4023 Neque
1181 3951 1325 4007 enim
1353 3952 1515 4006 homo
1542 3950 1635 4005 dat
1672 3950 1816 4021 quod
1863 3950 2101 4005 divinum
2132 3957 2240 4015 est,
2270 3947 2361 4003 sed
2391 3947 2483 4017 qui

896 4044 1057 4100 malis
1086 4044 1224 4098 bene
1254 4043 1439 4107 utitur,
1467 4056 1608 4096 unus
1628 4050 1714 4096 est
1734 4041 1894 4104 Deus,
1920 4042 2009 4110 qui
2034 4041 2146 4094 sive
2170 4055 2268 4109 per
2288 4037 2479 4102 bonos,

895 4138 1009 4193 sive
1040 4137 1201 4191 etiam
1231 4150 1328 4206 per
1358 4135 1529 4199 malos
1551 4134 1698 4189 solus
1727 4149 1822 4188 sua
1856 4134 1994 4187 dona
2024 4132 2290 4203 largitur:
2320 4139 2483 4198 atque

898 4231 1020 4285 ideo
1048 4230 1243 4283 divina:
1260 4229 1448 4301 gratia:
1478 4230 1675 4283 donum
1705 4242 1882 4296 neque
1912 4242 1975 4280 ex
2011 4225 2277 4279 malorum
2313 4224 2485 4278 admi-

896 4321 1224 4377 nistratione
1250 4320 1531 4385 minuitur,
1560 4334 1733 4388 neque
1759 4332 1855 4387 per
1883 4320 2145 4371 bonorum
2178 4316 2487 4370 exsecutio-

896 4430 1021 4468 nem
1049 4428 1273 4482 prorsus
1318 4424 1564 4483 augetur.
1599 4412 1750 4478 Quod
1781 4412 2035 4465 nimirum
2085 4409 2368 4464 manifeste
2397 4424 2488 4463 co-

897 4507 1199 4577 gnoscitur,
1230 4507 1273 4560 si
1308 4505 1395 4560 ille
1422 4522 1592 4559 suum
1618 4513 1772 4559 tenor
1796 4504 2038 4559 historia:
2068 4504 2133 4557 ad
2165 4503 2483 4557 memoriam

2584 3301 2922 3369 dispendium
2974 3303 3057 3359 sui
3114 3304 3337 3375 spiritus
3382 3304 3667 3375 pertulisse
3704 3308 4006 3363 credendus
4053 3316 4176 3375 est;

2584 3396 2729 3448 velut
2771 3393 2837 3449 ab
2887 3396 3114 3451 ardente
3170 3396 3391 3452 lucerna
3438 3398 3621 3452 lumen
3642 3398 3903 3469 quaelibet
3948 3402 4179 3456 materia

2585 3500 2881 3555 mutuetur,
2911 3493 3057 3546 nullo
3088 3502 3311 3563 propter
3355 3494 3461 3550 hoc
3493 3493 3715 3549 lucerna
3767 3496 3972 3566 proprii
3995 3494 4179 3567 splen-

2586 3582 2734 3637 doris
2765 3582 3092 3638 detrimento
3124 3583 3410 3639 minuitur.

3180 3692 3412 3750 CAPUT
3451 3695 3567 3751 XV.

2588 3780 2741 3848 Quod
2776 3782 2814 3835 ii
2840 3783 2931 3853 qui
2958 3772 3301 3837 cons’ecraudi
3324 3785 3602 3851 accedunt,
3622 3787 3741 3858 jam
3762 3786 3988 3842 habeant
4012 3786 4185 3860 Spirio

3180 3864 3295 3907 tum
3324 3865 3585 3910 sanctum.

2657 3944 2816 3999 Enim
2870 3961 3001 4000 vero
3050 3946 3117 3999 ad
3152 3945 3325 4001 instar
3374 3956 3583 4016 septem
3628 3946 3898 4003 donorum
3945 3946 4185 4018 Spiritus

2587 4036 2787 4100 sancti,
2821 4044 3027 4106 septem
3060 4034 3417 4091 nihilominus
3442 4045 3569 4091 sunt
3595 4039 3821 4094 ordines
3846 4038 4180 4095 ecclesiasti-

2590 4146 2666 4185 cae
2720 4130 3004 4201 dignitatis
3038 4149 3050 4183 :
3081 4130 3225 4199 quod
3272 4139 3454 4185 autem
3504 4131 3589 4186 his
3643 4132 3897 4188 omnibus
3926 4132 4186 4203 gradibus

2589 4223 2767 4277 adhuc
2789 4231 2844 4277 et
2872 4221 2963 4275 alii
2994 4219 3380 4290 praeferuntur,
3414 4220 3667 4277 videlicet
3698 4232 3758 4277 ut
3786 4233 3913 4278 sunt
3944 4224 4181 4293 patriar-

2588 4313 2723 4380 cbze,
2774 4313 3189 4382 archiepiscopi,
3244 4312 3328 4368 vel
3373 4314 3633 4383 episcopi,
3682 4316 3750 4370 ab
3803 4315 3889 4370 his
3933 4330 4039 4369 non
4073 4325 4185 4369 tam

2590 4420 2760 4460 novus
2789 4404 2924 4459 ordo
2959 4404 3187 4473 suscipi,
3231 4419 3395 4475 quam
3442 4405 3496 4459 in
3527 4406 3718 4461 eodem
3752 4406 3853 4477 ipsi
3878 4406 4188 4462 sacerdotio

2589 4497 2838 4552 videntur
2867 4496 3223 4552 excellentius
3264 4497 3571 4552 sublimari.
3601 4496 3740 4553 Nam
3767 4514 3893 4554 cum
3926 4499 4189 4555 sacerdos

897 4605 1202 4652 revocetur.
1233 4596 1381 4651 Dixit
1415 4600 1560 4649 enim
1611 4596 1870 4649 Dominus
1914 4593 2082 4665 Moysi
2110 4612 2122 4647 :
2155 4616 2169 4637 ε
2198 4592 2482 4665 Congrega
2514 4607 2561 4665 ι)
2590 4589 2789 4643 idcirco
2814 4589 3045 4653 dicatur,
3065 4589 3192 4656 quia
3212 4603 3429 4643 sacrum
3454 4589 3563 4655 det,
3582 4590 3683 4645 hoc
3699 4598 3803 4655 est,
3827 4590 4079 4659 quiaDeo
4100 4607 4189 4647 sa-

897 4688 1033 4741 mibi
1058 4687 1398 4758 septuaginta
1428 4688 1576 4741 viros
1603 4688 1668 4741 de
1695 4686 1999 4741 senioribus
2042 4684 2233 4751 Israel,
2262 4701 2399 4756 quos
2429 4696 2481 4741 tu

901 4781 1040 4835 nosti
1079 4781 1219 4849 quod
1252 4796 1413 4835 senes
1455 4779 1635 4850 populi
1668 4780 1796 4843 sint,
1841 4794 1905 4831 ac
1940 4779 2205 4848 magistri,
2237 4788 2291 4833 et
2321 4779 2487 4833 duces

899 4884 1027 4934 eos.
1048 4870 1112 4923 ad
1168 4870 1368 4924 ostium
1426 4869 1761 4939 tabernaculi
1814 4868 2057 4936 foederis,
2101 4868 2375 4937 faciesque
2414 4869 2485 4922 ibi

898 4968 1048 5014 stare
1076 4969 1272 5024 tecum,
1302 4969 1356 5013 ut
1389 4960 1735 5034 descendam.
1762 4969 1818 5012 et
1855 4960 2044 5027 loquar
2090 4960 2185 5011 tibi
2214 4973 2227 5011 :
2252 4969 2309 5010 ct
2337 4957 2485 5012 aufe-

901 5065 1017 5103 ram
1050 5048 1114 5101 de
1137 5049 1327 5117 spiritu
1356 5058 1466 5113 tuo,
1497 5040 1655 5120 104
1676 5048 1993 5118 tradamque
2014 5050 2093 5103 eis
2136 5047 2324 5117 (Num.
2352 5051 2445 5115 χι).
2464 5068 2481 5096 ι

906 5141 1005 5196 Ubi
1034 5141 1345 5206 notandum,
1374 5144 1517 5211 quod
1556 5158 1660 5195 non
1693 5142 1787 5205 ait,
1812 5141 2025 5195 auferes
2056 5143 2119 5197 de
2144 5143 2337 5211 spiritu
2370 5150 2483 5207 tuo,

904 5233 1193 5299 tradesque
1223 5232 1335 5295 eis;
1388 5233 1480 5287 sed
1517 5232 1717 5301 potius,
1771 5231 2036 5293 auferam,
2066 5242 2117 5284 et
2148 5234 2391 5297 tradam;
2430 5241 2487 5286 ut

900 5324 1145 5396 profecto
1175 5324 1507 5389 ostenderet,
1554 5323 1678 5393 quia
1730 5340 1836 5378 non
1885 5324 2047 5378 homo
2083 5324 2286 5379 homini
2323 5325 2489 5392 Spiri-

905 5427 1020 5471 tum
1054 5425 1299 5470 sanctum
1335 5414 1499 5469 tradit
1528 5434 1541 5468 ι
1574 5415 1664 5469 sed
1694 5414 1842 5467 solus
1874 5414 1987 5483 ipse
2016 5424 2119 5477 est,
2152 5414 2274 5483 qui,
2326 5423 2486 5484 prout

904 5511 1041 5574 vult,
1073 5510 1257 5578 gratia:
1287 5524 1397 5562 sua:
1421 5508 1559 5561 dona
1591 5507 1882 5561 distribuit.
1914 5507 2065 5562 Unde
2104 5516 2160 5561 et
2182 5506 2341 5575 paulo
2368 5515 2488 5575 post

904 5603 1151 5657 subditur
1185 5620 1196 5655 :
1237 5625 1251 5649 ι
1286 5600 1675 5667 Descenditque
1735 5598 1991 5652 Dominus
2032 5615 2127 5668 per
2181 5599 2396 5662 nubem,
2436 5608 2491 5652 et

906 5691 1121 5745 locutus
1156 5701 1236 5744 est
1266 5690 1329 5742 ad
1360 5704 1507 5749 eum,
1555 5688 1807 5741 auferens
1843 5688 1907 5741 de
1960 5689 2173 5758 spiritu,
2229 5689 2319 5758 qui
2374 5697 2492 5743 erat

910 5786 966 5843 in
1029 5782 1228 5854 Moyse,
1276 5792 1331 5836 et
1385 5780 1520 5837 dans
1560 5781 1899 5852 septuaginta
1947 5781 2077 5836 viris
2100 5780 2311 5853 (Ibid.).
2357 5800 2374 5832 ι
2416 5778 2492 5836 De

2594 4681 2859 4737 crificium
2877 4681 3090 4745 offerat;
3108 4681 3239 4750 quid
3258 4682 3310 4735 in
3324 4680 3569 4736 Ecclesia
3585 4681 3896 4746 sublimius,
3912 4682 4041 4752 quid
4054 4683 4190 4738 emi-

2596 4774 2813 4826 nentios
2830 4773 3133 4827 sacerdotio
3148 4774 3348 4842 poterit
3369 4773 3624 4841 inveniri,
3654 4788 3749 4843 per
3770 4774 3913 4844 quod
3936 4774 4192 4830 videlicet

2597 4867 2914 4937 mysterium
2947 4866 3213 4921 Dominici
3246 4867 3492 4935 corporis
3520 4874 3575 4921 et
3625 4866 3906 4937 sanguinis
3930 4866 4211 4936 probatur

2596 4956 2819 5012 offerri?
2844 4957 2998 5012 Licet
3024 4958 3190 5028 igitur
3208 4958 3283 5011 illi
3306 4957 3629 5027 quibusdam
3657 4958 3956 5029 privilegiis
3980 4972 4077 5027 pro
4094 4973 4193 5013 suo

2596 5051 2825 5119 quisque
2858 5048 3015 5119 105
3037 5049 3340 5103 ministerio
3377 5049 3689 5119 specialiter
3724 5048 4029 5121 potiantur,
4063 5050 4191 5119 quia

2599 5151 2775 5194 tamen
2812 5142 2889 5203 id,
2914 5141 3055 5208 quod
3090 5141 3342 5195 omnibus
3391 5141 3566 5211 majus
3604 5149 3708 5204 est,
3744 5154 4034 5195 commune
4062 5153 4191 5194 cum

2596 5231 2820 5300 reliquis
2834 5231 3208 5285 sacerdotibus
3224 5232 3445 5297 habent,
3465 5245 3587 5285 cum
3602 5232 3681 5286 eis
3695 5234 3881 5297 etiam,
3902 5242 3955 5284 et
3970 5232 4066 5301 ipsi
4085 5247 4191 5286 non

2598 5320 2869 5377 immerito
2916 5322 3203 5377 sacerdotii
3248 5338 3445 5379 nomen
3484 5332 3667 5378 tenent
3706 5324 3854 5393 (dist.
3881 5323 3969 5387 2i,
4002 5340 4051 5378 c.
4078 5322 4192 5378 Cle-

2597 5413 2792 5485 ricos);
2828 5415 2895 5468 ad
2924 5416 3025 5469 hos
3050 5429 3245 5484 nempe
3272 5414 3474 5484 gradus
3501 5430 3623 5469 cum
3662 5414 3897 5469 ministri
3938 5414 4195 5469 Ecclesia:

2598 5506 2991 5571 [it-evehuntur,
3046 5521 3151 5560 non
3184 5506 3259 5559 ita
3290 5505 3545 5560 credendi
3594 5514 3723 5560 sunt
3760 5503 4023 5573 Spiritum
4070 5521 4197 5559 san-

2594 5601 2740 5647 ctum
2768 5596 2985 5649 novitcr
3008 5611 3070 5650 ac
3097 5605 3316 5665 repente
3344 5595 3639 5665 suscipere,
3671 5605 3729 5648 ut
3755 5594 3899 5663 ipsos
3929 5604 4190 5665 tanquam

2595 5696 2823 5741 cotenus
2862 5702 3065 5742 vacuas
3105 5688 3297 5743 domus
3328 5688 3417 5743 ille
3452 5703 3717 5758 supernus
3749 5688 4023 5742 habitator
4054 5697 4183 5743 tunc

2598 5783 2830 5857 primum
2880 5783 3105 5854 incipiat
3141 5782 3401 5850 visitare;
3445 5784 3538 5838 sed
3569 5784 3674 5839 hoc
3698 5783 3876 5854 potius
3902 5784 4084 5850 modo,
4132 5791 4193 5839 ut
