5392 6648
0 6367 1192 6534 -ν

109 35 3322 139 μ-

1984 434 2086 493 H9

2408 433 2462 488 S.
2509 431 2709 488 PETRI
2752 430 3028 484 DAMIANI
3066 427 3214 483 OPP.
3261 428 3491 484 'lOill’fi
3532 425 3661 481 Βιζῐί
3704 427 3883 485 PARS
3920 428 4003 484 Ill.
4043 460 4110 470 ——-
4147 428 4505 485 OPUSCUIA

3080 427 3214 483 ΜΨ.
3261 428 3491 484 τολιίτξς
3532 425 3661 481 SEU
3704 427 3883 485 PARS
3920 428 4003 484 ΙΙΙ.
4043 460 4110 470 —-
4147 428 4505 485 OPUSCUIA
4548 428 4777 485 VARIA.
5121 427 5209 482 190

1983 565 2123 620 quos
2147 549 2255 620 jam
2288 547 2576 611 inhabitat,
2618 561 2716 615 per
2743 546 3058 615 ampliorem
3107 547 3331 616 gratiam
3375 544 3437 594 ad
3488 542 3563 594 al-
3590 545 3640 602 Α
3669 557 3901 613 cumque
3924 545 4111 597 eadem
4140 545 4313 597 anima
4341 543 4644 597 nullatenus
4669 545 4735 598 sil
4760 544 4988 605 dit-cum,
5015 542 5208 596 diversa

1982 641 2139 698 tioris
2166 653 2377 709 quoque
2402 638 2601 708 gradus
2623 638 2960 691 incrementa
2993 639 3284 706 perducat;
3318 635 3553 702 alioquin

1982 730 2251 802 quomodo
2291 730 2413 798 quis
2438 729 2492 783 in
2519 729 2813 785 subeundis
2846 730 3143 784 honoribus
3172 729 3378 783 noviter
3409 726 3555 780 illum

1979 829 2167 893 posset
2211 820 2476 891 accipere,
2524 835 2646 874 cum
2697 829 2754 875 et
2802 821 2905 890 ipsi
2962 821 3160 892 gradus
3202 833 3297 889 per
3344 831 3557 873 morosa

1979 920 2283 982 temporum
2330 912 2613 967 intervalla
2656 913 2980 982 regulariter
3003 912 3356 967 conferantur
3391 909 3553 980 (dist.

1979 1003 2069 1067 75,
2120 1019 2173 1060 c.
2225 1002 2743 1074 Ordinationes):et
2787 1006 3107 1074 baptismus,
3163 1004 3248 1057 cui
3298 1002 3557 1073 primitiae

1981 1093 2208 1164 spiritus
2252 1092 2617 1158 ascribuntur,
2667 1093 2825 1164 longe
2873 1094 3022 1163 prius
3068 1100 3355 1161 susceptus
3393 1090 3559 1146 fuisse

1979 1183 2266 1240 videatur?
2303 1183 2436 1239 Nam
2490 1194 2546 1240 et
2589 1185 2641 1239 in
2685 1184 2943 1254 apostolis
2970 1184 3160 1238 eadem
3191 1199 3298 1239 non
3330 1183 3560 1254 ambigi-

1982 1286 2074 1331 tur
2114 1276 2368 1332 discretio
2409 1276 2575 1332 fuisse
2621 1285 2857 1342 servata,
2906 1276 3162 1330 videlicet
3192 1284 3251 1330 ut
3294 1274 3555 1345 Spiritum

1983 1378 2254 1435 sanctum,
2305 1385 2465 1439 quem
2491 1368 2601 1438 jam
2633 1369 2928 1436 habebant,
2975 1384 3167 1424 rursus
3214 1370 3554 1438 acciperent;

1986 1470 2042 1517 et
2074 1463 2140 1517 de
2169 1462 2343 1530 gratia
2371 1462 2438 1515 ad
2461 1461 2690 1532 gratiam
2723 1461 2838 1516 suis
2863 1462 3005 1515 aucti
3036 1460 3387 1531 provectibus
3412 1459 3557 1528 aspi-

1986 1565 2193 1605 rarent.
2224 1549 2387 1608 Salvo
2408 1552 2567 1621 plane
2590 1553 2872 1623 mysterio,
2901 1553 3042 1622 quod
3069 1553 3248 1607 divina
3275 1553 3558 1621 providen-

1982 1643 2056 1696 tia
2086 1643 2340 1713 primitus
2379 1643 2592 1699 occulte
2631 1645 2687 1698 in
2725 1658 2911 1699 eorum
2953 1643 3210 1700 cordibus
3244 1643 3560 1711 intelligitur

1979 1744 2226 1805 cperata,
2268 1736 2354 1790 bis
2397 1734 2682 1791 manifesto
2726 1740 2953 1790 munere
3003 1735 3265 1805 Spiritum
3307 1744 3557 1790 sanctum

1982 1828 2287 1895 suscepisse
2314 1826 2598 1895 leguntur:
2631 1827 2808 1896 primo
2838 1828 3046 1882 scilicet
3077 1835 3206 1881 tunc
3234 1843 3353 1881 cum
3380 1827 3560 1882 Domi-

3664 643 3839 687 tamen
3885 633 4108 702 singulis
4151 634 4408 688 membris
4453 633 4681 702 injungit
4723 632 4913 689 ofﬁcia.
4946 632 5038 688 Sic
5061 634 5209 687 etiam

3662 725 3894 796 Spiritus
3942 735 4160 781 sanctus
4191 725 4318 780 dum
4360 726 4621 780 universis
4667 726 4717 778 in
4763 725 4975 780 Christo
5020 726 5212 780 renatis

3661 817 3819 872 ﬁdem
3845 817 4051 882 tribuit,
4085 819 4238 887 quasi
4266 819 4426 872 vitam
4452 818 4662 873 cunctis
4688 817 4938 874 Ecclesiae
4966 818 5213 873 membris

3661 909 3915 973 infundit,
3949 910 4087 964 sicut
4121 910 4300 965 divina
4354 924 4484 964 voce
4513 907 4711 964 dicitur
4741 927 4753 962 :
4787 926 4804 959 ι
4833 907 5017 963 Justus
5043 916 5212 961 autem

3660 1016 3813 1057 meus
3847 1017 3913 1055 ex
3952 999 4056 1055 ﬁde
4096 990 4415 1071 vivit'(lleb.
4443 998 4518 1071 ι).
4552 1016 4570 1051 ι
4614 999 4747 1054 Cum
4777 1014 4905 1068 ergo
4943 995 5215 1052 nonnullos

3661 1097 3729 1150 ad
3793 1094 4176 1150 ecclesiastica:
4233 1093 4510 1164 dignitatis
4571 1091 4874 1146 ministeria
4938 1089 5213 1161 provehit,

3661 1186 3806 1242 velut
3850 1186 4175 1256 quibusdam
4232 1185 4601 1256 superioribus
4664 1182 4922 1238 membris
4972 1180 5215 1252 specialia

3656 1278 3799 1334 dona
3827 1278 4094 1333 concedit.
4118 1276 4386 1332 Prmterea
4408 1284 4589 1330 utrum
4616 1274 4774 1330 lucidi
4803 1273 4903 1328 sibi
4934 1273 5043 1327 sint
5062 1272 5214 1336 oeuli,

3659 1387 3896 1426 camuraa
3926 1371 3993 1443 [f.
4022 1370 4266 1443 sonores]
4298 1386 4479 1434 aures,
4511 1370 4627 1425 sive
4648 1370 4810 1424 etiam
4835 1384 5014 1430 nares,
5047 1369 5217 1422 anima

3660 1478 3766 1517 non
3792 1462 4083 1526 discernit;
4116 1461 4210 1516 sed
4239 1461 4353 1515 sive
4378 1460 4621 1523 honesta,
4651 1460 4764 1515 sive
4791 1458 4930 1514 foeda
4959 1459 5067 1514 sint
5091 1459 5216 1520 hac,

3659 1553 3863 1622 proprii
3891 1553 4030 1621 juris
4058 1550 4290 1606 oﬂicium
4322 1551 4518 1621 cuique
4558 1549 4853 1615 distribuit;
4907 1559 4963 1603 ut
4993 1549 5218 1618 quodam

3661 1642 3821 1696 modo
3868 1657 3971 1695 non
4024 1641 4444 1711 magnipendere
4483 1639 4751 1705 videatur,
4793 1638 5090 1707 cuiusmodi
5117 1639 5221 1707 ipsa

3663 1733 3773 1786 sint
3811 1732 4075 1795 membra,
4125 1733 4218 1786 sed
4247 1731 4361 1786 loca
4391 1732 4594 1801 potius,
4625 1729 4679 1785 in
4706 1729 4898 1799 quibus
4923 1737 5048 1783 sunt
5075 1737 5222 1782 natu-

3664 1826 3852 1877 raliter
3896 1824 4210 1877 constituta.
4256 1822 4331 1876 lta
4382 1836 4595 1892 quoque
4643 1820 4873 1890 Spiritus
4909 1826 5132 1874 sanctus
5163 1820 5222 1871 ad

1982 1932 2086 1971 nus
2132 1891 2441 1985 insufﬂavit,
2488 1927 2543 1974 et
2590 1891 2766 1974 dixit:
2801 1921 3084 1988 «Accipite
3130 1919 3390 1990 Spiritum
3436 1934 3560 1974 san-
3590 1891 4047 1971 Bconferendum
4091 1914 4387 1984 spiritualis
4434 1891 4620 1984 gratiae
4674 1923 5075 1969 sacramentum
5123 1927 5221 1966 non

1981 2014 2130 2059 ctum
2161 2006 2342 2075 (Joan.
2372 2007 2497 2077 xx);
2530 2027 2548 2059 ο
2581 2008 2820 2063 secundo
2847 2024 2968 2063 cum
3001 2024 3164 2078 super
3191 2023 3283 2064 eos
3308 2010 3358 2063 in
3393 2008 3559 2079 ﬁgura

1985 2092 2293 2163 linguarum
2338 2096 2477 2167 ignis
2516 2097 2765 2166 apparuit
2802 2098 2941 2168 (Act.
2973 2099 3057 2167 ιι).
3095 2100 3477 2153 Verumtamen
3507 2109 3560 2152 et

1986 2194 2113 2240 ante
2155 2184 2269 2240 haec
2315 2195 2422 2240 tam
2466 2188 2766 2257 perspicuae
2807 2190 3119 2244 donationis
3151 2191 3372 2255 indicia,
3416 2191 3559 2243 inter

1983 2275 2102 2347 ipsa
2131 2276 2383 2332 videlicet
2410 2279 2711 2334 vocationis
2741 2281 3035 2350 primordia
3087 2280 3351 2335 divinitus
3394 2280 3560 2348 inspi-

1983 2368 2091 2423 rati
2136 2367 2300 2424 fuisse
2334 2380 2648 2425 noscuntur.
2691 2370 2825 2425 Nam
2858 2373 3126 2440 quomodo
3166 2381 3385 2442 possent
3427 2388 3558 2426 cun-

1986 2468 2095 2524 cta,
2139 2474 2258 2529 qua:
2287 2460 2639 2529 corporaliter
2673 2462 3042 2523 intuebantur.
3077 2462 3332 2530 abjiccre,
3364 2478 3427 2516 ac
3458 2462 3557 2516 sub

1985 2550 2147 2605 unius
2174 2552 2323 2606 vocis
2349 2552 2574 2620 imperio
2601 2552 2666 2605 ad
2700 2551 2985 2606 invisibilia
3012 2553 3289 2618 festinare,
3324 2553 3424 2607 nisi
3448 2553 3558 2621 jam

1986 2638 2337 2695 interioribus
2377 2655 2560 2695 eorum
2589 2642 2759 2696 oculis
2790 2643 2960 2710 gratia
2996 2643 3233 2709 Spiritus
3265 2643 3436 2699 sancti
3479 2643 3559 2695 in-

1984 2731 2258 2787 fulsisset?
2285 2731 2437 2787 Unde
2462 2742 2516 2786 et
2541 2731 2738 2786 Paulus
2769 2733 2883 2787 ait:
2921 2752 2938 2784 ‹
2972 2733 3072 2799 Qui
3110 2732 3373 2801 Spiritum
3408 2732 3561 2786 Chri-

1988 2822 2058 2877 sti
2089 2836 2194 2876 non
2239 2821 2422 2887 habet,
2466 2822 2551 2876 hic
2594 2839 2699 2876 non
2733 2834 2815 2876 est
2842 2824 2958 2893 ejus
2991 2822 3165 2892 (Rom.
3199 2824 3355 2891 vin):
3390 2843 3407 2875 ι
3443 2839 3560 2891 quae

1984 2914 2245 2969 nimirum
2292 2914 2588 2984 apostolica
2635 2916 2906 2969 sententia
2953 2916 3081 2970 licet
3125 2916 3352 2969 necdum
3400 2915 3562 2969 fuerit

1989 3006 2220 3074 scripta,
2242 3004 2353 3072 jam
2380 3013 2560 3058 tamen
2588 3014 2705 3059 erat
2733 3005 2917 3074 procul
2960 3005 3125 3059 dubio
3167 3020 3315 3057 vera.
3350 3004 3560 3072 Nequa-

1985 3110 2149 3169 quam
2192 3110 2320 3166 ergo
2346 3105 2402 3149 ut
2431 3095 2629 3151 Christi
2658 3106 2859 3161 essent,
2900 3096 3105 3150 Christi
3136 3112 3191 3149 se
3222 3097 3558 3164 discipulatui

1986 3184 2369 3250 tradidissent,
2415 3186 2459 3240 si
2513 3187 2624 3255 jam
2675 3185 2907 3256 Spiritus
2965 3186 3084 3252 ejus
3130 3188 3396 3255 primitias
3456 3204 3558 3240 non

1986 3278 2274 3333 haberent.
2316 3252 2934 3347 Munus-itaque‘divinze
2962 3252 3248 3349 largitatis,
3283 3279 3420 3348 quod
3448 3279 3556 3346 jam
3587 3252 3630 3312 C

1986 3369 2238 3424 ﬁdelibus
2263 3369 2377 3424 suis
2400 3369 2642 3433 dederat,
2676 3371 2869 3425 iterum
2896 3381 3055 3440 atque
3085 3372 3276 3425 iterum
3301 3372 3471 3433 dedit,
3504 3381 3561 3426 ut

1986 3456 2181 3529 frigida
2229 3475 2392 3530 atque
2438 3463 2643 3515 arentia
2683 3463 2843 3516 corda
2875 3478 3031 3516 suum
3064 3480 3259 3517 munus
3290 3465 3557 3529 iterando,

1991 3559 2047 3603 et
2090 3549 2384 3606 ferventius
2434 3554 2827 3617 accenderent,
2874 3564 2928 3607 et
2978 3553 3289 3610 allluentius
3337 3556 3560 3610 inunda-

1990 3649 2134 3694 rent.
2171 3640 2259 3696 Sic
2284 3642 2563 3707 nimirum,
2604 3645 2680 3698 sic
2708 3643 2942 3697 humana
2973 3654 3189 3709 natura,
3240 3662 3357 3714 quze
3402 3647 3559 3715 longe

1988 3732 2163 3788 fuerat
2189 3735 2364 3791 noxiae
2397 3736 2682 3790 vetustatis
2711 3737 2960 3805 squalore
2998 3747 3339 3805 consumpta,
3370 3738 3434 3791 ad
3464 3738 3558 3790 ﬁo-

1987 3842 2101 3897 rem
2134 3842 2283 3882 novre
2312 3828 2432 3881 vitae
2463 3829 2657 3897 quibus
2686 3839 2804 3883 erat
2849 3830 3305 3884 incrementorum
3335 3845 3557 3899 proces-

1989 3919 2136 3971 sibus
2182 3918 2543 3973 reformanda.
2592 3918 2649 3974 Si
2693 3935 2823 3988 ergo
2865 3919 3160 3975 secundum
3200 3936 3283 3985 ea,
3317 3936 3435 3988 qure
3470 3936 3560 3974 su-

1987 4011 2171 4079 perius
2213 4012 2600 4081 comprehensa
2644 4021 2792 4077 sunt,
2845 4030 2952 4068 non
3000 4014 3160 4069 modo
3210 4013 3262 4066 in
3316 4013 3557 4067 inferiori

1991 4102 2230 4171 quolibet
2260 4104 2429 4174 gradu
2455 4106 2574 4173 quis
2602 4106 2880 4169 constitui,
2925 4106 3017 4160 sed
3050 4121 3116 4160 ne
3142 4105 3404 4173 baptizari
3433 4105 3558 4173 qui-

1991 4195 2115 4249 dem
2145 4195 2259 4250 sine
2286 4194 2488 4265 Spiritu
2514 4207 2702 4251 sancto
2728 4198 2931 4266 potuit;
2960 4196 3207 4266 quisquis
3237 4196 3301 4247 ad
3326 4196 3555 4250 cilicium

1992 4285 2328 4341 sacerdotale
2370 4287 2711 4355 provehitur,
2762 4302 2866 4340 non
2907 4287 3120 4341 noviter
3148 4284 3406 4355 Spiritum
3434 4301 3558 4339 san-

1990 4385 2161 4437 ctum,
2192 4376 2282 4430 sed
2308 4374 2424 4444 ejus
2447 4378 2655 4446 utique,
2687 4391 2845 4447 quem
2869 4377 2981 4446 jam
3008 4376 3192 4441 habet,
3231 4378 3453 4446 suscipit
3479 4377 3558 4429 in-

1989 4476 2346 4522 crementum.
2399 4468 2550 4526 Sicut
2575 4471 2720 4538 enim
2754 4484 2859 4523 una
2899 4470 3078 4523 anima
3108 4485 3206 4539 per
3227 4468 3406 4522 omnia
3432 4483 3555 4522 cor-

1990 4560 2140 4629 poris
2170 4561 2409 4614 membra
2441 4560 2793 4626 diffunditur;
2836 4563 2914 4616 sic
2936 4577 3043 4616 uno
3066 4562 3159 4616 Dei
3190 4560 3394 4630 Spiritu
3426 4575 3555 4613 san-

1986 4659 2076 4703 cto
2104 4650 2423 4706 universalis
2460 4651 2703 4707 Ecclesia
2742 4661 3040 4722 vegetatur.
3082 4651 3234 4707 Unde
3266 4661 3320 4704 ct
3357 4650 3554 4704 Paulus

1987 4738 2277 4796 Corinthiis
2312 4743 2443 4797 dicit
2471 4760 2486 4797 :
2521 4763 2539 4795 ι
2573 4744 2726 4800 Sicut
2762 4746 2907 4799 enim
2949 4759 3145 4813 corpus
3174 4760 3337 4797 unum
3369 4754 3469 4810 est,
3501 4753 3556 4799 et

1987 4830 2233 4886 membra
2274 4834 2440 4888 habet
2483 4840 2683 4901 multa;
2738 4836 2918 4890 omnia
2953 4844 3130 4890 autem
3163 4837 3405 4890 membra
3437 4851 3556 4891 cor-

1984 4920 2133 4987 poris
2154 4936 2274 4975 cum
2298 4923 2406 4978 sint
2434 4924 2621 4990 multa,
2653 4941 2817 4979 unum
2843 4937 3023 4981 tamen
3051 4942 3248 4995 corpus
3284 4937 3445 4991 sunt;
3481 4928 3553 4981 ita

1985 5019 2040 5061 et
2084 5009 2329 5066 Christus
2382 5013 2432 5082 (I
2474 5012 2595 5068 Cor.
2626 5016 2748 5084 ιιι).
2782 5037 2801 5068 ι
2848 5017 3060 5072 Etenim
3108 5019 3159 5072 in
3205 5035 3314 5073 uno
3360 5019 3551 5088 spiritu

1984 5113 2174 5155 omnes
2197 5115 2294 5155 nos
2317 5102 2373 5156 in
2402 5119 2564 5157 unum
2591 5120 2790 5175 corpus
2811 5106 3065 5177 baptizati
3094 5122 3297 5162 sumus.
3331 5109 3400 5161 At
3426 5123 3554 5162 vero

1983 5192 2165 5248 anima
2188 5209 2311 5249 cum
2333 5195 2404 5249 sit
2424 5212 2554 5262 una,
2579 5198 2758 5252 omnia
2781 5200 2997 5269 quidem
3028 5202 3269 5255 membra
3293 5201 3543 5265 viviﬁcat1

1987 5282 2083 5338 sed
2112 5298 2217 5337 non
2247 5298 2431 5350 unam,
2460 5287 2810 5357 eamdemque
2857 5290 2963 5344 vim
3013 5292 3272 5346 membris
3304 5292 3554 5346 omnibus

1986 5374 2362 5441 administrat;
2393 5377 2711 5446 quibusdam
2753 5395 2945 5450 nempe
2973 5383 3127 5451 quasi
3160 5383 3390 5452 quadam
3416 5400 3554 5456 prze-

1990 5465 2231 5533 rogativa
2282 5467 2545 5534 concedit,
2602 5470 2743 5537 quod
2790 5470 2913 5526 aliis
2945 5487 3050 5528 non
3089 5474 3368 5544 impertit:
3424 5493 3550 5531 nam

1987 5569 2109 5610 cum
2158 5556 2316 5627 106
2360 5567 2552 5613 caetera
2598 5560 2837 5617 membra
2883 5578 2979 5632 per
3023 5580 3141 5620 eam
3191 5569 3554 5623 communiter

1986 5646 2187 5713 vivant,
2220 5648 2407 5703 oculus
2435 5652 2503 5707 ab
2530 5668 2595 5707 ea
2623 5655 2975 5724 spiritualitcr
3001 5657 3214 5728 accipit,
3244 5675 3349 5713 non
3376 5661 3547 5717 solum

1988 5744 2045 5789 ut
2077 5740 2233 5802 vivat,
2281 5741 2372 5795 sed
2402 5743 2565 5797 etiam
2590 5753 2647 5798 ul
2673 5747 2886 5811 videat;
2931 5748 3080 5801 auris
3109 5759 3165 5803 ut
3198 5750 3421 5817 audiat;
3457 5768 3551 5806 cor

1990 5833 2047 5877 ut
2089 5827 2260 5894 sapiat
2303 5846 2317 5895 ;
2349 5832 2494 5887 naris
2529 5844 2586 5888 ut
2623 5830 2880 5895 olfaciat;
2931 5836 3110 5908 lingua
3160 5852 3216 5894 ut
3254 5840 3547 5911 loquatur;

3666 2018 3774 2060 tam
3812 2006 3932 2058 vitm
3963 2005 4238 2068 meritum,
4291 2019 4452 2074 quam
4497 2001 4718 2071 iniuncti
4759 2002 4954 2073 gradus
4998 2001 5225 2056 attendit

3664 2096 3897 2152 oﬁicium
3926 2112 3939 2159 ;
3985 2104 4040 2148 ut
4070 2110 4173 2148 non
4210 2107 4534 2165 magnopere
4565 2093 4630 2148 ad
4662 2100 4988 2148 momentum
5016 2092 5095 2145 rei
5128 2093 5222 2145 hu-

3658 2187 3748 2257 jus
3782 2186 4028 2251 attiucat,
4058 2186 4200 2254 quod
4230 2184 4480 2240 Ecclesia:
4504 2185 4742 2240 membra
4765 2182 5079 2238 deformiter
5100 2183 5224 2242 sint,

3662 2280 3955 2333 honestcve
4003 2277 4321 2346 composita,
4364 2276 4457 2331 sed
4483 2274 4536 2330 id
4567 2276 4741 2345 potius
4766 2275 4851 2327 uhi
4884 2273 4991 2326 sint
5015 2272 5222 2342 posita;

3662 2380 3716 2424 et
3752 2386 3780 2423 a
3813 2370 3970 2423 nobis
4004 2386 4108 2423 non
4135 2378 4242 2422 tam
4276 2368 4467 2421 merita
4495 2366 4604 2421 sint
4633 2365 5037 2426 consideranda,
5067 2379 5223 2432 quam

3663 2460 3797 2521 loca,
3834 2458 4131 2528 prmscrtim
4162 2472 4282 2512 eum
4309 2456 4594 2526 Apostolus
4618 2456 4759 2510 dicat
4786 2473 4797 2507 :
4828 2473 4846 2505 ι
4874 2452 5061 2507 Posuit
5089 2453 5222 2506 Deus

3663 2552 3930 2612 membra,
3998 2548 4421 2617 unumquodque
4462 2561 4645 2601 eorum
4693 2546 4744 2599 in
4793 2557 5035 2613 corpore,
5091 2544 5225 2596 sicut

3663 2643 3831 2697 voluit
3881 2642 3927 2712 (1
3959 2642 4077 2695 Cor.
4124 2643 4247 2711 xu).
4277 2660 4293 2691 ι
4333 2640 4437 2695 Sed
4472 2653 4612 2709 saepe
4645 2638 4923 2706 contingit,
4955 2645 5013 2689 ut
5054 2648 5223 2690 mem-

3663 2736 3758 2790 bra
3796 2736 3930 2804 ipsa,
3956 2734 4146 2803 quibus
4191 2734 4396 2803 potiora
4426 2746 4679 2786 sensuum
4720 2736 5090 2800 prterogantur
5117 2726 5221 2780 olli-

3663 2826 3765 2889 cia,
3800 2824 4126 2878 deformitati
4172 2822 4510 2891 reperiantur
4554 2820 4805 2884 obnoxia,
4854 2833 4974 2872 cum
5014 2818 5221 2872 ‘czetera

3664 2916 3872 2970 scilicet
3915 2914 4204 2984 conSpicua
4252 2913 4359 2967 sint
4410 2920 4691 2966 venustate
4734 2909 4947 2971 decora,
4988 2923 5110 2978 quae
5145 2909 5222 2960 ni-

3663 3008 3858 3059 mirum
3885 3007 4098 3059 illorum
4124 3004 4320 3060 ofﬁciis
4347 3002 4618 3059 communi
4657 3000 4812 3055 simul
4843 3000 5074 3054 utilitate
5106 3015 5224 3067 par-

3666 3098 3910 3166 ticipant,
3957 3113 4077 3150 cum
4120 3106 4298 3150 tamen
4347 3096 4399 3148 in
4432 3110 4487 3148 se
4518 3093 4719 3147 nullum
4762 3107 4980 3162 prorsus
5014 3107 5221 3145 nmvum

3666 3206 3848 3243 eorum
3914 3188 4273 3243 deformitatis
4339 3187 4642 3241 admittant.
4702 3184 4850 3240 Unde
4902 3185 5041 3239 idem
5098 3186 5225 3240 dicit

3664 3283 3947 3352 Apostolus
3996 3301 4008 3334 :
4071 3302 4088 3334 ι
4122 3282 4250 3348 Qua:
4298 3282 4578 3335 inhonesta
4628 3291 4752 3335 sunt
4804 3288 5008 3342 nostra,
5057 3278 5225 3332 abun-

3665 3376 3963 3429 dantiorem
4001 3375 4338 3428 honestatem
4365 3373 4561 3428 habent
4594 3372 4798 3443 (Ibid).
4830 3393 4845 3422 ι
4871 3371 4946 3426 lta
4983 3370 5227 3441 profecto

3664 3465 3846 3518 clerici
3913 3464 4054 3534 quod
4103 3462 4409 3532 specialiter
4458 3462 4693 3527 habent,
4749 3477 4853 3514 non
4903 3462 5073 3531 magis
5127 3462 5227 3515 sibi
5312 3490 5313 3493 η

3665 3571 3824 3623 quam
3856 3555 3973 3608 usui
4009 3553 4175 3608 totius
4199 3552 4451 3608 Ecclesiae
4477 3552 4833 3607 communiter
4863 3551 5060 3604 debent
5085 3569 5099 3602 :
5132 3552 5229 3605 sic-

3664 3666 3768 3718 que
3792 3648 3871 3710 ﬁt,
3909 3657 3966 3700 ut
3999 3647 4042 3701 si
4074 3646 4278 3716 indigni
4309 3647 4440 3711 sint,
4487 3653 4541 3700 et
4581 3644 4930 3714 privilegium,
4957 3658 5069 3714 quo
5092 3660 5230 3713 pra}.

3662 3740 3930 3803 feruntur,
3977 3738 4096 3791 aliis
4143 3737 4395 3801 debeant,
4438 3745 4491 3790 et
4538 3745 4717 3791 reatus
4757 3749 4860 3803 quo
4907 3746 5230 3804 premuntur

3655 3831 3917 3898 judicium
3959 3846 4061 3885 non
4112 3830 4361 3882 evadant.
4405 3828 4540 3882 Nam
4572 3828 4615 3882 si
4642 3842 4737 3896 pro
4766 3841 4822 3881 se
4853 3828 5228 3880 tantummodo

3663 3921 4022 3975 ministerium
4071 3918 4409 3974 sacerdotale
4460 3918 4819 3987 susciperent,
4872 3932 4979 3973 non
5031 3917 5129 3971 abs
5173 3932 5229 3971 rc

3662 4012 3907 4066 homines
3933 4011 3998 4065 de
4029 4010 4240 4066 illorum
4286 4011 4497 4065 meritis
4546 4010 4919 4079 disputare-nt;
4957 4011 5054 4064 sed
5097 4026 5229 4079 quo-

3662 4106 3807 4158 niam
3857 4119 3952 4174 pro
3995 4105 4265 4158 communi
4311 4103 4552 4158 omnium
4600 4103 4770 4158 salute
4816 4103 4986 4173 gratia
5016 4103 5107 4156 illa
5143 4104 5230 4156 tri-

3661 4197 3866 4258 huitur,
3909 4212 4012 4250 non
4062 4194 4447 4249 attendendum
4504 4194 4748 4263 qualibus
4785 4192 4964 4256 datur,
5003 4192 5101 4247 sed
5128 4207 5228 4261 pro

3661 4286 3857 4354 quibus
3904 4285 4082 4339 datur.
4137 4284 4308 4339 Porro
4355 4293 4533 4339 autem
4575 4281 4787 4338 Veritas
4833 4281 5011 4336 dicit:
5068 4300 5088 4332 ι
5118 4280 5229 4351 Ego

3661 4394 3780 4433 sum
3821 4378 3962 4442 vitis,
4023 4393 4120 4433 vos
4164 4377 4410 4447 palmites
4455 4374 4634 4447 (Joan.
4665 4374 4775 4444 xv).
4814 4392 4832 4424 ι
4872 4373 4953 4427 Ex
4980 4373 5086 4429 bac
5119 4374 5229 4426 vite

3663 4470 3859 4525 diversi
3908 4471 4171 4540 prodeunt
4216 4469 4502 4539 palmites,
4549 4468 4637 4523 alii
4677 4468 4887 4537 quidem
4935 4467 5227 4537 aliquando

3661 4561 3988 4629 praecidendi
4018 4601 4031 4625 ,
4089 4559 4179 4614 alii
4239 4560 4606 4630 germinandis
4653 4553 4911 4612 fructibus
4963 4568 5229 4627 perpetuo

3665 4649 3978 4706 reservandi
4006 4666 4020 4715 ;
4056 4650 4151 4705 sed
4195 4652 4288 4720 qui
4329 4649 4648 4720 prmcidendi
4681 4657 4823 4712 sunt,
4850 4647 5092 4716 quandiu
5121 4646 5225 4698 falx

3660 4740 3993 4810 evangelica,
4043 4738 4126 4795 vel
4174 4741 4436 4795 canonica
4473 4755 4582 4796 non
4620 4737 4927 4803 accesserit,
4968 4737 5228 4806 quidquid

3661 4829 3909 4895 aﬁ‘erunt,
3944 4846 3972 4883 a
4001 4831 4268 4886 bonorum
4309 4831 4587 4902 palmitum
4617 4829 4879 4887 fructibus
4902 4844 5008 4884 non
5041 4842 5228 4885 secer-

3666 4926 3834 4991 nitur,
3865 4924 3960 4980 sed
3989 4922 4360 4981 indill‘erenter
4382 4925 4628 4981 habetur.

4256 5038 4483 5096 CAPUT
4523 5037 4660 5094 XVI.

3662 5130 3739 5185 De
3784 5130 4110 5200 nequissimi:
4152 5130 4456 5269 episcopigf
4475 5145 4696 5211 quorum
4738 5139 4906 5184 tamen
4959 5131 5226 5182 ordinatio

4278 5211 4393 5254 rata
4453 5210 4604 5254 item.

4278 5211 4393 5254 rata
4429 5210 4604 5254 fuerit.

3731 5294 3869 5350 Hinc
3917 5303 4003 5348 est
4046 5294 4208 5358 enim,
4242 5295 4386 5364 quod
4417 5307 4605 5349 omnes
4636 5293 5020 5359 ordinationes,
5045 5311 5169 5364 qua:
5197 5310 5225 5347 a

3658 5385 3897 5451 Liberio,
3931 5384 4187 5440 haeretico
4210 5384 4479 5451 videlicet,
4509 5394 4563 5439 et
4586 5384 4861 5448 seditioso,
4896 5394 5020 5438 sunt
5046 5384 5222 5446 factm,

3659 5479 3713 5533 in
3763 5478 3845 5534 sui
3893 5486 4065 5532 status
4107 5487 4402 5532 noscuntur
4431 5476 4802 5532 immobilitate
4829 5484 5054 5531 servatae
5082 5476 5224 5547 (con-

3659 5569 3768 5623 sule
3794 5569 3990 5623 scholia
4012 5568 4081 5622 ad
4106 5569 4296 5623 calcem
4318 5568 4592 5638 opusculi).
4618 5569 4786 5623 Porro
4818 5567 5063 5623 Liberius
5100 5584 5221 5638 per-

3663 5660 3801 5714 ﬁdiae
3831 5659 4085 5729 deceptus
4130 5675 4333 5723 errore,
4371 5660 4587 5715 Ariana:
4613 5660 4801 5717 hmresi
4838 5660 5217 5731 subscripsisse

3659 5750 4017 5821 dignoscitur,
4060 5752 4214 5822 107
4238 5766 4302 5807 ac
4323 5765 4420 5822 per
4444 5751 4559 5821 ejus
4599 5754 5074 5824 transgressionem
5124 5770 5211 5808 ne.

3661 5841 3974 5898 fandissima
4020 5843 4222 5899 scelera
4275 5851 4403 5898 sunt
4450 5844 4735 5900 commissa
4769 5862 4780 5898 :
4809 5844 4959 5899 multi
5004 5857 5213 5917 quoque
