5392 6498
852 375 945 433 121

1613 363 1857 422 OPUSC.
1899 360 1985 417 Vi.
2025 390 2094 402 --
2119 358 2319 415 LIBER
2357 355 2476 427 QUI
2513 354 2791 414 DICITUR
2823 353 3320 418 GRAT'I'SSIMUS.

4037 344 4146 408 £29

849 489 1178 550 sacerdotes,
1228 493 1284 539 et
1331 488 1516 538 cler‘tci
1557 495 1652 550 per
1693 480 1811 548 ejus
1850 477 2111 532 malitiam
2159 483 2283 530 sunt
2312 491 2442 546 pcr-
2473 474 2521 536 Α
2553 483 2659 528 tem
2719 473 2962 539 invitus,
3025 472 3362 544 dispensatio
3425 471 3560 527 mihi
3636 468 3845 526 credita
3915 477 4004 526 est
4071 464 4140 540 (ι

849 583 1051 654 empti;
1089 576 1290 634 residui
1327 591 1455 632 vero
1483 573 1737 631 catholici
1765 587 1874 625 non
1907 571 1977 626 ab
2017 569 2299 632 Ecclesiis,
2341 568 2438 622 sed

850 678 1012 732 etiam
1037 671 1223 727 alocis
1270 669 1382 725 suis
1428 664 1706 739 prohibiti.
1745 661 1998 719 Liberius
2039 663 2228 732 itaque
2258 659 2437 714 factus

850 772 1118 838 apostata,
1165 777 1260 818 sex
1291 773 1558 816 annorum
1591 753 1767 826 spatia
1793 754 2098 826 supervixit
2131 771 2145 806 :
2172 751 2438 821 quidquid

853 865 1033 912 tamen
1063 869 1226 926 super
1256 849 1696 908 ordinationibus
1726 847 1855 918 egit,
1894 846 2063 900 ﬁxum
2091 854 2148 900 et
2174 852 2355 899 ratum
2381 843 2435 898 iu

852 948 932 1004 sui
977 945 1184 1016 vigoris
1223 940 1526 998 stabilitate
1568 937 1890 1009 permansit.
1921 935 2060 1002 Quid
2081 935 2149 990 de
2173 949 2312 1005 papa
2343 931 2436 986 Vi-

850 1037 980 1110 gilio
1006 1033 1219 1091 dicam?
1243 1032 1336 1104 qui
1363 1031 1619 1085 nimirum
1641 1029 1940 1084 sceleratus
1961 1036 2015 1082 et
2038 1027 2260 1096 impius,
2282 1024 2441 1096 quid-

853 1129 982 1200 quid
1008 1124 1314 1183 ordinando
1337 1121 1642 1187 constituit,
1674 1135 1836 1175 nemo
1867 1118 2184 1190 pontiﬁcum
2218 1130 2439 1172 cassare

851 1219 1214 1295 praesumpsit.
1259 1217 1428 1273 istum
1473 1217 1707 1285 denique
1746 1213 1968 1278 noveris
2015 1226 2135 1267 esse
2181 1209 2438 1282 Vigilium

850 1316 942 1387 qui
970 1313 1122 1384 prius
1143 1310 1423 1368 Bonifacio
1449 1323 1602 1379 papae
1634 1307 1853 1362 molitus
1891 1315 1975 1362 est
2019 1304 2266 1369 insidias,
2306 1319 2440 1374 qna-

850 1416 1008 1464 tenus
1042 1421 1108 1463 eo
1146 1405 1384 1468 vidente,
1419 1400 1773 1473 apostolicam
1803 1399 1987 1454 sedem
2011 1396 2309 1466 sacrilegus
2338 1393 2437 1449 ob-

849 1499 1089 1562 tineret;
1141 1495 1567 1551 sedresistcnte
1613 1500 1826 1556 senatu,
1873 1499 2105 1544 conatus
2143 1486 2362 1541 illicitos
2387 1494 2441 1547 et

849 1588 1089 1645 nefarios
1121 1585 1346 1656 implere
1372 1600 1475 1639 non
1505 1584 1700 1654 potuit.
1732 1581 2084 1637 Postmodum
2110 1595 2241 1634 vero
2265 1577 2441 1634 solitis

847 1677 1345 1738 machinationibus
1405 1676 1713 1747 Sylverium
1765 1690 1961 1745 papam
2014 1687 2313 1744 aggressus
2360 1678 2444 1725 est

847 1772 1147 1843 apostolica
1171 1771 1435 1840 dignitate
1462 1769 1702 1839 privare,
1733 1767 1875 1838 quod
1896 1766 1995 1820 ille
2026 1781 2148 1820 mox
2187 1764 2438 1819 animad-

2543 564 2665 621 Cor.
2726 564 2845 635 ix).
2897 583 2942 620 re
2977 562 3056 618 Ac
3111 563 3159 616 si
3211 562 3356 616 dicat
3418 580 3432 616 :
3490 560 3600 615 lllis
3673 559 3937 630 prodest,
4007 558 4136 630 quiv

2540 657 2645 711 bus
2696 656 2993 725 dispenso;
3045 667 3151 708 non
3197 652 3353 715 mihi,
3407 652 3500 722 qui
3533 650 3696 706 facio.
3758 648 3889 704 ldeo
3928 661 4147 719 queque

2544 747 2706 818 108
2735 747 2923 802 doctor
2960 744 3212 816 egregius
3257 743 3309 798 in
3358 741 3698 813 expositione
3729 740 3875 797 beati
3917 738 4148 796 Joannis

2540 841 2884 914 evangelista:
2938 841 3018 896 sic
3068 840 3354 910 loquitur:
3395 856 3414 890 ι
3454 835 3574 892 Jam
3623 853 3718 894 vos
3769 835 3960 892 mundi
4013 827 4149 889 estis

2538 943 2763 1004 propter
2787 933 3035 999 verbum,
3054 931 3197 1004 quod
3225 933 3436 990 locutus
3461 946 3582 986 sum
3609 930 3765 988 vobis
3788 929 3980 1002 (Joan.
3996 925 4145 999 xv)»

2540 1026 2720 1094 Quare
2776 1043 2885 1082 non
2931 1027 3040 1092 ait,
3094 1025 3280 1082 mundi
3339 1025 3472 1080 estis
3524 1032 3745 1095 propter
3796 1021 4148 1092 baptismum,

2539 1135 2647 1190 quo
2683 1118 2852 1176 abluti
2886 1120 3037 1184 estis,
3069 1120 3162 1175 sed
3190 1129 3413 1189 propter
3451 1117 3701 1182 verbum,
3736 1114 3880 1186 quod
3925 1113 4147 1168 locutus

2541 1228 2662 1269 sum
2693 1212 2846 1267 vobis
2883 1231 2896 1266 :
2942 1211 3047 1267 nisi
3080 1211 3210 1283 quia
3235 1219 3292 1266 et
3331 1210 3384 1265 in
3425 1223 3568 1288 aqua
3613 1208 3838 1264 verbum
3897 1203 4148 1262 mundat.

2541 1305 2778 1361 Detrahe
2810 1304 3058 1368 verbum.
3089 1314 3142 1360 et
3174 1303 3308 1375 quid
3345 1311 3432 1360 est
3486 1317 3656 1374 aqua,
3681 1301 3787 1357 nisi
3817 1299 4005 1370 aqua?
4045 1298 4153 1354 Ac-

2541 1399 2686 1454 cedit
2741 1398 2964 1454 verbum
3014 1399 3084 1452 ad
3127 1396 3487 1462 elementum,
3519 1403 3572 1451 et
3633 1393 3694 1450 ﬁt
3740 1398 4149 1450 sacramentum

2541 1491 2708 1547 etiam
2744 1493 2920 1562 ipsum
2956 1499 3213 1561 tanquam
3241 1488 3465 1545 visibile
3493 1487 3744 1544 verbum.
3793 1485 3932 1540 Nam
3961 1495 4017 1562 et
4043 1483 4150 1540 hoc

2542 1586 2731 1654 utique
2783 1585 3014 1649 dixerat,
3057 1584 3275 1654 quando
3323 1582 3714 1653 discipulorum
3762 1581 3928 1652 pedes
3969 1578 4152 1636 lavit:

2546 1696 2564 1730 ι
2599 1677 2699 1745 Qui
2731 1676 2872 1733 lotus
2901 1684 3004 1738 est.
3034 1691 3142 1731 non
3177 1675 3384 1747 indiget
3415 1674 3521 1730 nisi
3559 1682 3622 1728 ut
3655 1672 3821 1742 pedes
3853 1671 4017 1737 lavet,
4057 1667 4155 1725 sed

2542 1778 2629 1826 est
2673 1769 2908 1825 mundus
2965 1777 3109 1824 totus
3159 1767 3344 1839 (Joan.
3399 1766 3543 1836 vin).
3583 1785 3602 1818 ι
3639 1763 3798 1821 Unde
3852 1763 3956 1819 ista
4002 1769 4168 1818 tanta-

845 1871 1086 1927 vcrtcns,
1140 1858 1401 1932 synodale
1450 1859 1738 1914 concilium
1787 1857 2164 1928 congregavit,
2218 1855 2308 1909 ubi
2343 1871 2435 1908 au-
2471 1843 2514 1902 Β
2541 1859 2718 1914 virtus
2766 1873 2920 1929 aqua:
2970 1868 3076 1923 est,
3126 1866 3185 1912 ut
3235 1871 3432 1926 corpus
3482 1859 3690 1927 tangat,
3719 1864 3776 1912 et
3820 1868 3918 1911 cor
3969 1852 4159 1909 abluat

854 1958 1113 2014 ctoritatc
1163 1955 1398 2025 Spiritus
1447 1953 1664 2020 sancti,
1720 1963 1773 2009 et
1820 1951 2119 2022 apostolica
2169 1957 2438 2021 potestate

849 2064 999 2113 eum,
1031 2059 1091 2103 ut
1122 2061 1310 2102 revera
1344 2045 1718 2103 Simoniacum
1755 2055 1807 2100 et
1843 2047 2148 2100 invasorcm
2182 2043 2440 2098 Ecclesi:e

854 2142 1085 2197 vinculis
1149 2140 1442 2212 ablegavit.
1502 2138 1731 2210 Vigilius
1785 2150 2002 2202 tamen,
2063 2148 2123 2192 ut
2177 2139 2442 2209 sacrilega

842 2243 1030 2288 mente
1079 2239 1428 2301 conceperat,
1470 2245 1566 2301 per
1616 2228 1953 2300 imperialem
2001 2229 2300 2297 potentiam
2341 2229 2436 2282 da-

845 2329 1070 2390 tamque
1117 2320 1404 2390 pecuniam
1448 2329 1503 2374 ct
1532 2317 1792 2374 falsorum
1841 2318 2172 2373 adminiculo
2223 2327 2438 2373 testium

843 2413 1169 2484 praedictum
1194 2427 1391 2482 papam
1423 2409 1729 2483 Sylverium
1755 2411 2007 2481 nequiter
2033 2412 2435 2474 condemnavit,

841 2504 1185 2561 monachicis
1235 2504 1477 2558 veStibus
1525 2502 1723 2567 induit,
1763 2512 1817 2554 ct
1857 2501 1923 2554 ad
1961 2502 2182 2556 Pontias
2216 2501 2268 2557 in
2295 2503 2441 2558 exsi-

841 2597 975 2652 lium
1023 2595 1337 2661 destinavit,
1368 2601 1686 2650 sustentans
1717 2609 1840 2648 eum
1873 2609 2015 2663 pane
2047 2595 2436 2660 tribulationis,

842 2697 901 2742 et
944 2702 1085 2758 aqua
1135 2687 1442 2758 angustiae:
1478 2686 1661 2756 ibique
1707 2685 1838 2741 felix
1869 2701 2008 2756 papa
2042 2687 2130 2741 ille
2161 2687 2441 2743 confessor

841 2777 1048 2844 factus,
1079 2775 1368 2832 defunctus
1399 2791 1464 2831 ac
1491 2777 1735 2847 sepultus
1773 2787 1858 2832 est
1887 2795 1899 2830 :
1935 2777 2003 2832 ad
2050 2778 2205 2848 cujus
2257 2787 2441 2834 tumuo

841 2870 956 2924 lum
1016 2869 1264 2924 nonnulli
1320 2869 1662 2925 sanabantur
1707 2871 1930 2927 infirmi.
1982 2871 2207 2944 Vigilius
2258 2884 2437 2929 autem

842 2963 1024 3031 dignis
1067 2959 1434 3019 anathematis
1483 2963 1716 3019 nexibus
1757 2965 2020 3031 irretitus,
2057 2980 2184 3023 rcus
2216 2969 2440 3039 insuper

843 3052 1151 3120 homicidii,
1185 3051 1412 3108 nefariis
1443 3055 1666 3109 ausibus
1702 3071 1761 3109 se
1788 3071 1986 3125 papam
2015 3052 2273 3112 instituit.
2308 3057 2438 3124 Sed,

841 3160 877 3198 ο
910 3144 1344 3198 inaestimabilem
1390 3144 1586 3199 divinae
1626 3145 1928 3200 clementia:
1956 3148 2247 3217 pietatem!
2288 3147 2438 3219 Vigi-

841 3235 970 3287 lins.
1019 3233 1113 3302 qui
1161 3233 1275 3302 jam
1318 3233 1640 3302 deSpcratus
1669 3244 1788 3289 erat
1820 3236 1887 3289 ad
1918 3236 2148 3306 culpam,
2190 3249 2441 3294 servatur

839 3327 914 3381 ad
959 3326 1361 3395 paenitentiam,
1415 3326 1698 3381 Antimum
1737 3328 1949 3384 scilicet
1979 3333 2296 3386 haereticum
2340 3348 2438 3403 pa—

1021 3417 1176 3482 ’.ςιιιι,
1212 3433 1374 3488 quem
1413 3419 1771 3475 reconciliare
1810 3423 2198 3492 spoponderat,
2235 3425 2438 3480 inthro-

842 3511 1034 3564 nizarc
1100 3512 1274 3566 noluit
1316 3528 1332 3567 :
1381 3524 1666 3583 propterea
1713 3515 1874 3586 longo
1927 3517 2180 3573 detrusus
2244 3520 2439 3576 exsilio

838 3600 1088 3669 dirisque
1154 3600 1541 3658 afflictionibus
1609 3616 1959 3670 maceratus,
2035 3607 2196 3664 factis
2276 3612 2434 3681 digna

841 3697 1071 3766 recepit,
1123 3705 1178 3751 et
1215 3697 1294 3771 sic
1344 3698 1558 3752 demum
1603 3700 1794 3768 procul
1834 3717 1863 3756 a
1908 3702 2082 3772 patria
2144 3705 2434 3774 expulsus,

840 3785 1140 3842 defunctus
1181 3786 1391 3856 quievit
1437 3788 1490 3842 in
1547 3789 1798 3846 Domino.
1835 3789 2221 3849 Ordinationcs
2257 3805 2436 3849 tamen

837 3878 984 3947 ejus,
1024 3886 1080 3931 ut
1116 3878 1322 3933 dictum
1351 3889 1456 3946 est,
1484 3879 1537 3934 in
1567 3895 1662 3935 sua
1692 3881 1960 3952 perpetim
1991 3884 2292 3940 stabilitate
2320 3901 2438 3956 per-

839 3979 1186 4024 manserunt.
1227 3969 1355 4027 llaec
1402 3982 1608 4040 autem,
1653 3988 1775 4044 quae
1808 3975 1873 4030 de
1919 3973 2172 4046 Sylverio
2210 3975 2438 4047 Vigilia-

844 4076 956 4130 qne
1003 4062 1313 4128 retulimus,
1343 4065 1542 4132 partim
1577 4063 1630 4119 in
1663 4066 1906 4136 synodali
1939 4067 2161 4124 decreto
2191 4068 2436 4138 ejusdem

840 4149 1102 4224 Sylverii,
1135 4153 1334 4224 partim
1361 4154 1414 4208 in
1451 4155 1750 4222 pontiﬁcali
1790 4158 1980 4214 codice
2010 4159 2217 4231 digesta
2250 4161 2440 4233 legun-

842 4253 958 4299 tur.
991 4243 1052 4299 Si
1077 4259 1209 4316 ergo
1249 4259 1350 4302 nec
1398 4256 1511 4302 tam
1557 4245 1950 4319 ﬁagitiosorum
1975 4252 2292 4322 pontificum
2321 4262 2436 4308 sta-

839 4345 963 4393 tuta
1004 4349 1306 4402 cassantur,
1357 4355 1465 4409 quo
1496 4351 1658 4410 pacto
1688 4341 1963 4399 innocenti
2004 4344 2211 4400 homini
2259 4347 2438 4401 Simo-

834 4428 987 4484 niaei
1034 4444 1228 4485 manus
1269 4428 1528 4498 ofﬁciant,
1560 4447 1720 4503 quem
1761 4437 1982 4504 propria
2024 4439 2293 4493 sententia
2326 4454 2434 4495 non

835 4517 1210 4587 condemnat;
1253 4521 1529 4592 quomodo
1557 4522 1736 4578 aliena
1757 4526 2004 4595 pravitas
2033 4543 2062 4582 a
2094 4529 2276 4584 divina
2307 4547 2431 4602 gra-

838 4613 920 4667 tia
965 4621 1206 4682 separat,
1251 4628 1414 4683 quem
1463 4617 1682 4686 propria
1733 4617 1841 4672 vita
1894 4618 2007 4676 Deo
2049 4624 2440 4678 commendat?

835 4702 1086 4773 Spiritus
1115 4704 1261 4758 enim
1303 4708 1523 4761 sanctus
1566 4723 1663 4777 per
1685 4723 1810 4764 eum
1845 4710 2020 4778 datur,
2055 4728 2084 4766 a
2108 4729 2216 4784 quo
2246 4715 2434 4785 procul

835 4795 1011 4851 dubio
1065 4810 1173 4851 non
1226 4796 1483 4853 habetur.
1536 4796 1642 4853 Sed
1683 4809 1744 4854 ut
1793 4811 1995 4859 nostra:
2045 4804 2437 4864 imbecillitatis

837 4886 1077 4941 assertio
1125 4885 1285 4942 ﬁdem
1334 4887 1683 4945 audientibus
1733 4893 2000 4962 praebeat,
2047 4896 2239 4952 beatus
2267 4898 2432 4954 etiam

833 4977 1183 5047 Augustinus
1220 4978 1426 5051 (contra
1462 4977 1881 5058 Parmenionem
1911 4985 1948 5041 1.
1973 5002 2032 5054 tt,
2071 5002 2188 5059 cap.
2237 4992 2325 5064 11)
2366 4993 2433 5047 ad

833 5069 1086 5126 medium
1134 5069 1361 5128 idoneus
1400 5072 1729 5144 suffragator
1773 5077 2038 5144 accedat;
2085 5091 2276 5136 contra
2299 5082 2433 5137 Par-

833 5161 1162 5218 menianum
1202 5163 1347 5218 enim
1392 5164 1732 5222 Donatistam
1765 5169 1852 5224 his
1882 5169 2178 5242 alloquitur
2206 5175 2425 5230 verbis:

834 5254 1004 5321 Quod
1053 5263 1258 5320 autem,
1312 5255 1507 5326 inquit,
1560 5257 1615 5314 in
1665 5259 1803 5316 libro
1852 5260 2144 5331 Sapientia:
2185 5264 2424 5336 legitur:

835 5345 1083 5417 Spiritus
1134 5360 1357 5406 sanctus
1397 5349 1694 5422 disciplina:
1725 5352 1948 5426 effugiet
1984 5357 2193 5424 ﬁetmn,
2234 5367 2288 5413 et
2330 5374 2428 5412 au-

832 5439 988 5498 feret
1033 5455 1093 5496 se
1135 5457 1163 5495 a
1213 5441 1657 5512 cogitationibus,
1708 5461 1827 5517 qua:
1854 5457 1981 5502 sunt
2010 5449 2126 5504 sine
2154 5448 2432 5506 intellectu

833 5531 1005 5607 (Sep.
1037 5534 1110 5604 t);
1146 5534 1219 5589 ita
1263 5536 1667 5608 intelligendum
1698 5548 1804 5606 est,
1846 5549 1905 5596 ut
1933 5541 2072 5598 desit
2098 5543 2257 5599 saluti
2284 5544 2422 5612 ejus,

829 5625 1212 5684 ministerium
1258 5638 1438 5685 tamen
1471 5647 1579 5687 non
1612 5633 1851 5702 deserat,
1891 5637 2034 5707 quod
2060 5653 2158 5708 per
2180 5654 2302 5694 cum
2333 5655 2422 5693 sa-

827 5717 1012 5774 lutem
1056 5727 1313 5788 operatur
1353 5721 1607 5778 aliormn.
1665 5723 1818 5797 Unde
1843 5727 1921 5783 ait
1945 5729 2278 5800 Apostolus:
2316 5751 2334 5783 ‹
2367 5731 2424 5787 Si

828 5808 990 5867 enim
1028 5811 1213 5870 volens
1263 5813 1367 5871 hoc
1418 5813 1577 5885 facio,
1631 5821 1937 5880 mercedem
1993 5821 2202 5892 habeo;
2233 5824 2278 5882 si
2331 5841 2426 5880 au-

2544 1950 2648 2005 nisi
2681 1949 2914 2004 faciente
2943 1948 3152 2004 verbo?
3177 1946 3294 2002 Non
3326 1948 3456 2017 quia
3485 1946 3708 2012 dicitur,
3747 1945 3842 2009 sed
3869 1945 3995 2015 quia
4029 1958 4154 2000 cre-

2545 2043 2710 2098 ditur.
2741 2041 2878 2097 Nam
2903 2051 2957 2098 et
2989 2043 3041 2097 in
3073 2042 3191 2112 ipso
3210 2041 3381 2098 verbo
3402 2041 3548 2096 aliud
3566 2049 3652 2097 est
3670 2055 3837 2096 sonus
3859 2037 4154 2107 transiens,

2547 2134 2688 2188 aliud
2737 2135 2909 2189 virtus
2942 2149 3195 2199 manens,
3250 2134 3355 2189 hoc
3382 2141 3466 2188 est
3524 2134 3753 2189 verbum
3804 2131 3956 2198 ﬁdei,
4008 2130 4154 2200 quod

2545 2227 2926 2296 prtedic'amus,
2986 2227 3065 2281 ait
3111 2225 3452 2297 Apostolus:
3501 2240 3521 2278 ί
3564 2224 3708 2293 Quia
3760 2225 3810 2280 si
3870 2222 4155 2281 confessus

2545 2319 2718 2377 fueris
2751 2319 2804 2374 in
2837 2333 2932 2374 ore
2962 2328 3076 2383 tuo,
3108 2317 3236 2386 quia
3262 2317 3524 2373 Dominus
3546 2314 3807 2374 estJesus
3843 2357 3857 2371 .
3893 2323 3949 2371 et
3976 2315 4154 2372 credi-

2543 2411 2690 2466 deris
2752 2411 2805 2466 in
2863 2411 3028 2466 corde
3082 2419 3194 2476 tuo,
3228 2410 3359 2480 quia
3412 2409 3557 2466 Deus
3597 2408 3748 2464 illum
3799 2408 4088 2464 suscitavit
4121 2425 4154 2464 ι

2542 2502 2796 2568 mortuis,
2827 2502 3010 2558 salvus
3044 2503 3172 2558 eris.
3220 2502 3396 2559 Corde
3430 2501 3579 2558 enim
3607 2501 3855 2558 creditur
3879 2501 3946 2557 ad
3986 2499 4150 2571 justi-

2549 2596 2702 2662 tiam,
2726 2609 2834 2650 ore
2868 2603 3050 2650 autem
3079 2594 3355 2652 confessio
3394 2594 3456 2650 ﬁt
3493 2595 3562 2649 ad
3599 2594 3830 2651 salutem
3861 2593 4042 2666 (Rau.
4075 2611 4107 2648 x
4137 2611 4151 2662 ;

2542 2683 2654 2738 Isa.
2686 2685 2826 2755 vui).
2860 2704 2878 2737 ι
2938 2685 3088 2740 Unde
3121 2685 3173 2738 in
3207 2683 3432 2739 Actibus
3469 2683 3841 2754 apostolortrm
3910 2680 4108 2757 legitm
4137 2701 4151 2738 :

2552 2795 2570 2828 ι
2611 2776 2746 2832 Fide
2799 2778 3068 2833 mundans
3116 2780 3280 2832 corda
3328 2791 3517 2832 eorum
3572 2776 3711 2848 (Act.
3745 2776 3888 2847 mi).
3918 2794 3937 2828 ι
3994 2775 4062 2831 Et
4095 2778 4150 2832 in

2543 2868 2783 2938 Epistula
2817 2885 2914 2924 sua
2942 2869 3002 2924 Β.
3036 2869 3232 2925 Petrus
3264 2889 3275 2923 :
3323 2887 3341 2922 (
3375 2869 3467 2924 Sic
3492 2876 3546 2925 et
3574 2883 3697 2934 nos,
3739 2869 3938 2940 inquit,
3966 2869 4147 2939 bapti-

2541 2977 2658 3017 sma
2685 2960 2865 3016 salvos
2897 2961 3046 3028 facit,
3097 2978 3203 3017 non
3235 2962 3418 3016 carnis
3461 2961 3730 3031 depositio
3756 2959 4023 3027 sordimn,
4056 2961 4152 3016 sed

2542 3054 2891 3109 conscientiae
2944 3053 3100 3110 bona:
3149 3053 3509 3123 interrogatio
3557 3055 3611 3108 in
3659 3054 3830 3109 Deum
3883 3052 3947 3124 (Ι
3999 3051 4147 3108 Pctr.

2547 3145 2670 3214 tu);
2707 3165 2724 3196 ι
2763 3146 2863 3200 hoc
2889 3154 2974 3199 est
3004 3147 3229 3199 verbum
3272 3146 3418 3207 fidei,
3451 3145 3594 3215 quod
3628 3147 4009 3217 przcdicamus,
4042 3161 4151 3215 quo

2545 3236 2661 3291 sine
2689 3237 2872 3299 dubio,
2907 3245 2962 3289 ut
2994 3238 3261 3292 mundare
3285 3237 3480 3307 possit,
3510 3237 3866 3292 censceratur
3885 3247 3944 3292 ct
3963 3237 4150 3306 bapti-

2543 3343 2714 3384 smus.
2757 3328 3018 3383 .Cbristus
3051 3329 3251 3399 quippe
3305 3329 3590 3385 nobiscum
3627 3329 3783 3394 vitis,
3833 3344 3955 3384 cum
3987 3328 4152 3385 Patre

2543 3421 2799 3492 agricola,
2829 3422 3018 3476 dilexit
3064 3423 3382 3489 Ecclesium,
3438 3434 3493 3478 et
3521 3425 3877 3493 semetipsum
3924 3424 4150 3480 tradidit

2542 3529 2748 3584 proca.
2805 3514 2945 3583 Lege
3004 3515 3342 3584 Apostolum,
3391 3526 3445 3570 et
3496 3517 3618 3571 vide
3670 3515 3797 3585 quid
3840 3515 4147 3585 adjungat:

2547 3623 2564 3656 ι
2604 3603 2674 3659 Ut
2698 3619 2818 3666 eam
2846 3604 3238 3670 sanctiﬁcarct,
3266 3607 3458 3676 inquit,
3495 3608 3765 3662 inundans
3787 3621 3905 3660 eam
3933 3606 4153 3664 lavacro

2541 3711 2693 3767 aqua:
2719 3697 2772 3750 in
2803 3697 2970 3752 verbo
3001 3697 3220 3768 (ΕρΙιεδ.
3249 3699 3326 3769 v).
3364 3718 3382 3750 ι
3416 3698 3696 3753 Mundatio
3730 3699 3899 3770 igitur
3924 3696 4069 3754 ﬂuxo
4098 3709 4155 3756 et

2540 3791 2689 3845 labili
2718 3806 2824 3845 non
2867 3789 3202 3845 tribueretur
3246 3791 3540 3856 elemento,
3584 3791 3688 3845 nisi
3745 3790 4040 3846 adderetur
4092 3791 4148 3847 in

2539 3882 2726 3937 verbo.
2761 3881 2874 3937 lloc
2902 3881 3124 3936 verbum
3168 3882 3291 3936 ﬁdei
3338 3890 3548 3937 tantum
3579 3881 3726 3938 valet
3788 3882 3842 3936 iu
3882 3881 4147 3950 Ecclesia,

2539 3986 2603 4032 ut
2625 3991 2722 4047 per
2754 3977 2928 4047 ipsam
2961 3977 3302 4042 credentem,
3327 3975 3671 4043 offerentem,
3699 3975 4145 4044 benedicentcm,

2543 4069 2862 4140 tingentcm,
2887 4069 3053 4124 etiam
3085 4068 3356 4124 tantillum
3390 4069 3612 4125 mundet
3651 4067 3940 4134 infantem,
3971 4085 4144 4140 quan-

2542 4161 2743 4216 tumvis
2772 4161 3009 4216 nondum
3042 4161 3310 4216 valentem
3339 4161 3506 4216 corde
3530 4162 3754 4218 credere
3777 4163 3844 4217 ad
3869 4162 4143 4234 justitiam

2542 4258 2598 4306 ct
2631 4265 2727 4306 ore
2761 4249 3013 4322 confiteri
3045 4251 3112 4306 ad
3143 4251 3398 4307 salutem.
3429 4250 3627 4307 Totum
3657 4251 3761 4307 hoc
3799 4252 3860 4308 ﬁt
3900 4268 3997 4323 per
4023 4268 4149 4309 ver-

2541 4345 2692 4414 bum,
2738 4347 2804 4404 de
2835 4362 2943 4418 quo
2991 4347 3255 4404 Dominus
3283 4348 3400 4404 ait:
3453 4347 3612 4404 «tam
3653 4363 3751 4405 vos
3781 4337 3968 4405 mundi
4017 4352 4149 4408 estis

2540 4449 2764 4513 prepter
2781 4441 3029 4507 verbum,
3051 4443 3198 4513 quod
3230 4441 3447 4498 locutus
3463 4457 3582 4498 sum
3611 4440 3968 4513 vobis(Joan.
3986 4443 4107 4516 xu).
4122 4463 4142 4498 ι

2544 4535 2852 4590 Secundum
2887 4549 3015 4606 ergo
3067 4534 3214 4590 beati
3259 4533 3420 4605 hujus
3465 4535 3568 4590 viri
3627 4535 3984 4603 sententiam,
4033 4537 4143 4595 imo

2544 4629 2844 4682 secundum
2891 4627 3061 4698 ipsius
3091 4626 3478 4698 Redemptoris
3506 4628 3683 4684 nostri
3713 4627 4011 4684 salutarem
4048 4631 4146 4688 do-

2546 4716 2797 4781 ctrinam,
2856 4699 3188 4773 sacramenti
3239 4716 3500 4789 cujusque
3545 4719 3865 4790 mysterium
3913 4735 4025 4776 non
4072 4737 4143 4780 ex

2545 4810 2919 4866 consecrantis
2967 4817 3051 4864 est
3092 4809 3308 4876 merito,
3339 4809 3434 4865 sed
3480 4809 3534 4864 in
3575 4811 4018 4866 consecrationis
4055 4820 4144 4868 est

2544 4899 2744 4967 verbo;
2771 4909 2952 4957 utnon
2976 4915 3308 4972 magnopere
3328 4901 3700 4973 perpendatur
3717 4901 3846 4972 quid
3869 4903 3923 4958 in
3951 4918 4118 4962 cense
4132 4933 4146 4944 -

2543 4993 2789 5050 oratione
2833 5007 2929 5064 per
2953 4993 3210 5048 meritum
3258 4991 3464 5060 lateat;
3496 4994 3591 5049 sed
3619 4994 3750 5064 quid
3781 4994 3836 5050 in
3869 5009 4020 5066 eum,
4047 4995 4141 5067 qui

2539 5085 2943 5142 consecrandus
2969 5093 3073 5151 est,
3097 5100 3194 5155 per
3215 5085 3380 5140 verba
3403 5085 3719 5142 descendat.
3751 5086 3896 5142 idem
3923 5102 4142 5160 quoque

2538 5178 2739 5249 ipsein
2789 5178 3128 5248 expositione
3180 5178 3376 5234 decimi
3428 5177 3643 5251 psalmi,
3675 5179 3757 5235 sic
3799 5179 3910 5236 ait:
3952 5180 4142 5239 Justus

2539 5278 2722 5325 autem
2747 5269 2909 5341 quid?
2932 5268 2990 5325 Si
3006 5284 3101 5325 vos
3115 5267 3442 5325 Caecilianus
3470 5270 3717 5338 offendit,
3733 5270 3985 5328 Christus
4006 5274 4140 5345 quid

2541 5361 2694 5416 vobis
2715 5359 2877 5416 fecit?
2898 5360 2999 5428 Qui
3026 5361 3344 5416 traditorcm
3369 5377 3550 5429 suum,
3568 5377 3729 5432 quem
3749 5363 4022 5420 diabolum
4047 5381 4140 5422 no-

2541 5453 2787 5519 minavit,
2818 5453 2908 5523 qui
2938 5463 3065 5509 ante
3083 5454 3432 5510 traditionem
3460 5454 3672 5511 Domini
3701 5456 4006 5513 necloculis
4033 5459 4138 5515 Do-

2543 5545 2762 5602 minicis
2788 5546 2948 5601 tidem
2977 5546 3148 5615 potuit
3166 5548 3589 5615 cxhibcre,eum
3612 5551 3826 5606 caeteris
3854 5551 4136 5623 discipulis

2534 5637 2600 5691 ad
2616 5637 3015 5708 prmdicandum
3031 5651 3256 5711 regnum
3271 5637 3531 5694 cmlorum
3549 5640 3714 5708 misit;
3733 5652 3790 5696 ut
3803 5641 4138 5700 demonstra-

2535 5741 2619 5788 ret
2641 5733 2779 5787 dona
2799 5732 2891 5788 Dei
2916 5732 3202 5803 pervenire
3221 5733 3287 5790 ad
3310 5749 3428 5801 ees,
3447 5736 3538 5806 qui
3557 5751 3678 5793 cum
3697 5737 3799 5793 ﬁde
3821 5740 4129 5812 accipiunt;

2535 5825 2652 5884 etsi
2681 5825 2804 5883 talis
2832 5827 2924 5895 sit,
2950 5842 3047 5898 per
3067 5841 3228 5896 quem
3251 5829 3550 5899 accipiunt,
3573 5830 3748 5903 qualis
3773 5829 3942 5889 Judas
3967 5832 4092 5894 fuit.
