5392 6596
2626 570 2783 640 ιοθ
2819 571 3042 627 CAPUT
3082 572 3237 628 xvu.

2153 691 2232 747 De
2264 695 2541 779 Anatolio,
2576 706 2624 751 et
2660 697 3026 779 Polychronio,
3063 708 3151 773 qui
3189 719 3301 776 post
3328 711 3579 765 scelerata
3610 729 3725 779 ρης

2233 766 2434 887 mordza
2492 766 2616 821 bene
2676 766 2904 825 conversi
2954 766 3138 844 dignos
3189 766 3242 832 se
3291 780 3398 833 suis
3450 766 3717 836 ordinibus

2238 845 2376 887 esten
2415 847 2585 887 erunt.

2238 845 2585 890 ostenderunt.

2219 960 2326 1015 Cur
2353 978 2480 1033 ergo
2509 981 2645 1020 vana
2696 969 2973 1025 hominum
3025 978 3297 1032 temeritas
3336 979 3523 1046 ja’ctat,
3569 983 3715 1051 quod

2154 1055 2450 1112 innocentis
2472 1061 2797 1117 munditiam
2833 1065 3005 1120 aliena
3036 1069 3247 1122 valeant
3297 1071 3499 1128 lmdare
3529 1085 3715 1129 conta.

2150 1147 2234 1215 gia
2258 1165 2268 1198 :
2299 1158 2353 1201 et
2379 1163 2470 1203 eos
2492 1155 2884 1220 negotiatorum
2912 1159 3114 1213 crimen
3142 1162 3354 1226 obruat,
3381 1166 3471 1234 qui
3498 1178 3715 1223 contra-

2149 1244 2289 1292 ctum
2332 1242 2545 1308 penitus
2586 1248 2967 1314 negotiationis
3016 1251 3282 1320 ignorant,
3316 1268 3438 1310 cum
3467 1259 3520 1311 hi
3551 1274 3711 1329 saepe,

2145 1329 2237 1396 qui
2275 1330 2411 1384 male
2459 1346 2770 1403 cmperunt,
2817 1337 2951 1392 bene
2990 1351 3311 1397 consument
3347 1363 3360 1397 :
3402 1354 3456 1400 et
3496 1349 3711 1404 sinistra

2143 1419 2406 1491 principia
2432 1424 2497 1478 ad
2525 1424 2695 1479 bonos
2744 1416 2929 1482 exitus
2968 1432 3520 1504 enkndationis‘vita:
3555 1440 3714 1493 satis-

2149 1508 2379 1568 factione
2411 1517 2771 1583 proveniant?
2815 1519 2919 1574 Sed
2950 1530 3009 1574 ut
3032 1523 3173 1591 quod
3202 1537 3449 1580 sermone
3484 1527 3717 1598 proferi-

2139 1612 2274 1663 mus,
2309 1602 2584 1659 ﬁrmetnus
2623 1608 2887 1677 exemplo,
2935 1625 3040 1664 non
3082 1613 3369 1668 obscurum
3416 1629 3515 1682 est,
3567 1619 3710 1688 quod

2138 1688 2194 1744 S.
2220 1691 2473 1749 Flaviano
2502 1696 3096 1770 Constantinopolitano
3119 1707 3368 1774 episcopo
3389 1709 3457 1762 ob
3480 1711 3707 1765 catholi-

2138 1796 2256 1837 cam
2282 1783 2437 1839 tinem
2488 1788 2541 1841 in
2567 1790 2815 1844 exsilium
2862 1793 3149 1859 destinante,
3195 1796 3490 1862 Anatolius,
3533 1814 3597 1854 eo
3626 1802 3705 1856 vi-

2132 1882 2311 1938 vente,
2363 1875 2562 1931 inloco
2588 1878 2703 1948 ejus
2743 1880 2811 1933 ab
2853 1881 3124 1939 ltzereticis
3169 1887 3450 1943 ordinatus
3473 1899 3573 1944 est.
3620 1890 3700 1944 Ad

2580 457 2639 513 S.
2680 459 2882 515 PETRI
2918 459 3199 518 DAMIANI
3234 463 3386 520 OPP.
3430 464 3664 524 TOMUS
3705 468 3836 527 SEU
3879 469 4058 528 PARS
4088 472 4173 529 Ill.
4201 503 4266 515 —
4293 474 4653 534 OPUSCULA
4694 476 4917 535 VARIA.

191 42 4160 162 ὴ--ι--η-ᾕτι

5250 492 5314 545 ω

3745 586 4015 648 Aavarus
4060 587 4218 656 110
4265 590 4460 652 amisit,
4511 594 4843 659 postmodum
4873 592 5058 664 largus
5106 597 5246 655 factus
5280 614 5311 658 et

3823 680 4039 734 humilis
4070 681 4308 748 pristinae
4336 682 4434 736 sibi
4461 682 4735 752 dignitatis
4770 685 4962 740 infulas
4988 696 5250 758 reparavit.
5278 695 5311 748 Si

3820 786 3946 842 ergo
3968 771 4294 835 Anatolium,
4327 774 4438 842 qui,
4473 784 4529 826 ut
4574 775 4819 843 superius
4844 777 5046 833 dictum
5075 789 5173 846 est,
5198 793 5239 836 et
5264 786 5309 837 vi.

3821 873 3995 923 vente,
4024 877 4086 915 ac
4113 862 4334 931 depulso
4357 864 4628 933 episcopo,
4655 874 4709 918 et
4738 868 4805 920 ab
4851 867 5123 925 haereticis
5157 873 5314 944 insuper

3818 952 4096 1006 ordinatus
4130 965 4232 1017 est,
4268 965 4450 1010 sancta
4495 959 4830 1013 conversatio
4876 963 5051 1030 potuit
5098 979 5312 1032 excusare,

3817 1044 3858 1095 si
3890 1042 4302 1114 Polychronium
4352 1049 4630 1117 perspicue
4677 1050 5040 1109 Simoniacum
5073 1072 5168 1110 una
5193 1063 5314 1127 potuit

3815 1135 4153 1206 eleemosyna
4203 1138 4392 1192 honori
4437 1140 4666 1210 pristino
4714 1143 5018 1212 restituere,
5067 1163 5167 1216 quo
5206 1158 5312 1219 pacto

3815 1225 4030 1288 dicitur,
4059 1228 4181 1295 quia
4207 1241 4483 1297 promotus
4504 1247 4533 1285 a
4564 1231 4866 1291 Simoniaco
4889 1241 5126 1310 suscepti
5151 1241 5316 1297 honoris

3815 1308 4047 1364 fructum
4077 1311 4386 1367 nullatenus
4407 1328 4766 1386 consequetur
4787 1319 4810 1373 τ

4367 1406 4593 1464 CAPUT
4630 1407 4809 1466 XVIII.

3816 1494 3967 1560 Quod
3988 1512 4078 1564 per
4105 1497 4345 1568 indignos
4387 1500 4544 1584 etiam
4584 1504 4875 1629 setandem
4906 1524 5047 1580 sepe
5071 1511 5316 1566 exhibeam

4464 1587 4626 1628 mtrac
4682 1592 4736 1629 ι.

4464 1587 4736 1629 miracula.

3882 1657 3993 1713 lmo
4030 1660 4156 1729 quid
4188 1661 4402 1726 mirum,
4435 1665 4479 1719 si
4524 1681 4620 1736 per
4649 1668 4816 1725 malos
4839 1671 5116 1730 ministros
5133 1674 5316 1743 omnipo-

3812 1755 3930 1805 tens
3959 1749 4098 1805 Deus
4121 1752 4172 1805 in
4197 1752 4433 1809 Ecclesia
4478 1771 4571 1811 sua
4617 1763 4899 1831 propagari
4935 1763 5165 1818 oillcium
5190 1780 5319 1819 sacer-

3807 1841 3985 1896 dotale
4027 1845 4322 1912 permittat,
4351 1862 4470 1901 cum
4518 1864 4615 1919 per
4641 1852 4854 1918 eosdem
4905 1853 5071 1909 etiam
5116 1857 5316 1908 virtutum

2132 1935 2306 2030 quem'
2334 1976 2553 2022 sanctus
2597 1935 2733 2039 iam
2780 1971 2889 2025 Leo
3735 1958 3779 2017 Β
3806 1935 3958 2036 signa
3984 1935 4297 2039 frequenter
4319 1940 4586 2044 exhibeat,
4616 1959 4718 1999 non
4749 1945 4997 2001 videlicet
5015 1948 5089 2003 ob
5111 1949 5321 2044 religiose

2131 2055 2273 2108 enim
2308 2065 2397 2110 tuo
2420 2058 2590 2113 beata:
2620 2063 2893 2117 memoriae
2914 2064 3170 2120 Flaviano
3199 2079 3417 2138 propter
3442 2072 3707 2128 defensio-

2133 2157 2257 2202 nem
2307 2151 2584 2206 catholica:
2616 2154 2861 2209 veritatis
2912 2156 3101 2224 ejecta,
3141 2176 3244 2215 non
3291 2163 3561 2219 immerito
3591 2181 3708 2221 cre-

2134 2238 2381 2302 debatur,
2408 2242 2549 2309 quod
2580 2245 2918 2300 ordinatores
2960 2251 3031 2301 tui
3062 2261 3250 2304 contra
3280 2263 3591 2308 sanctorum
3617 2272 3710 2310 ca-

2130 2341 2331 2381 nonum
2386 2332 2678 2387 cousdtuta
2742 2336 3053 2391 viderentur
3094 2342 3174 2393 sui
3230 2343 3459 2396 similem
3512 2359 3706 2400 conse-

2131 2432 2349 2473 crasse:
2388 2422 2478 2474 sed
2505 2420 2674 2476 aﬂluit
2720 2427 3087 2482 misericordia
3118 2430 3211 2485 Dei
3260 2432 3312 2486 in
3344 2434 3444 2487 hoc
3475 2444 3527 2489 te
3574 2437 3703 2489 diri-

2132 2524 2285 2578 gens,
2339 2520 2495 2581 atque
2550 2516 2897 2580 conﬁrmans,
2929 2529 2989 2573 ut
3039 2521 3193 2576 malis
3241 2525 3521 2594 principiis
3566 2528 3703 2582 bene

2134 2603 2381 2667 utereris,
2411 2613 2463 2659 et
2494 2618 2600 2659 non
2635 2618 2686 2662 te
2710 2609 2915 2678 judicio
2950 2624 3282 2680 provectum,
3311 2619 3402 2671 sed
3434 2617 3527 2672 Dei
3556 2620 3708 2673 beni-

2131 2693 2337 2760 gnitate
2363 2706 2710 2752 monstrares.
2753 2699 2903 2766 Quod
2933 2716 3059 2758 vere
3090 2705 3163 2758 ita
3201 2710 3570 2775 accipiendum
3596 2719 3699 2775 est,

2132 2781 2174 2833 si
2213 2781 2350 2837 hanc
2392 2785 2558 2839 divini
2606 2790 2846 2844 muneris
2898 2793 3126 2860 gratiam
3174 2796 3312 2848 male
3366 2799 3703 2854 confessione

2123 2885 2226 2923 non
2254 2874 2465 2940 perdas.
2498 2874 2764 2932 Praeterea
2789 2882 2915 2948 quid
2939 2892 2994 2936 et
3019 2884 3083 2937 de
3113 2884 3473 2956 Polychronio
3505 2888 3700 2945 Hiero-

2125 2962 2447 3030 solymitano
2472 2964 2726 3021 videlicet
2755 2969 2944 3040 loquar
2984 2975 3274 3046 episcopo?
3320 2978 3416 3043 Qui
3462 2982 3700 3050 profecto

2130 3049 2271 3105 sicut
2298 3054 2348 3105 in
2388 3057 2550 3120 gestis
2573 3059 2973 3129 pontificalihps
3005 3065 3294 3131 invenitur,
3324 3049 3699 3126 dumilerusaé

2122 3137 2225 3193 lent
2258 3143 2485 3210 primam
2506 3149 2689 3202 sedem
2720 3151 2982 3220 superbus
3008 3169 3294 3221 assereret,
3322 3175 3696 3233 summumque

2121 3230 2430 3300 pontiﬁcem
2455 3251 2511 3289 se
2532 3243 2920 3296 contumaciter
2944 3247 3270 3312 perhiberet,
3302 3250 3350 3302 in
3378 3230 3696 3309 Simoniaco:

2270 3337 2337 3377 ue
2366 3324 2635 3382 haereseos
2683 3304 2996 3387 voratrinein
3037 3334 3219 3387 lansns
3243 3304 3357 3387 est:
3397 3342 3469 3387 ita
3725 3304 3769 3365 Ο
3800 3307 3926 3373 (ΨΜ
3953 3309 4115 3360 “iam
4156 3324 4220 3361 ⁸⁸
4250 3309 4389 3374 aliis’
4425 3326 4541 3379 quin
4566 3308 4704 3364 fama
4734 3312 4988 3381 vulgam’
5020 3315 5330 3383 promum“
5390 3325 5392 3387 Ι

2121 3335 2337 3390 quoque
2366 3335 2635 3382 hareseos
2683 3335 2996 3401 voragine"!
3037 3335 3219 3406 lapsus
3243 3347 3358 3403 est;
3396 3342 3470 3395 i‘a
3500 3353 3560 3395 ut
3595 3360 3693 3398 nec
3725 3335 3769 3365 υ
3800 3335 3926 3373 qutu
3953 3335 4115 3360 unum
4156 3335 4220 3361 ει
4250 3335 4389 3374 ulna,
4425 3335 4704 3413 quac-tatus:
4738 3335 4988 3416 vulgavit,
5020 3335 5329 3383 promuntur
5390 3335 5392 3440 ι

2121 3409 2342 3467 clericos
2370 3414 2485 3468 sine
2512 3419 2739 3473 pecunia
2769 3435 3129 3473 "mmmemL
3168 3444 3269 3473 mm
3315 3446 3378 3473 η
3411 3434 3691 3473 mimum
3798 3399 4001 3452 credat.
4025 3398 4170 3452 ltozo
4191 3416 4442 3468 namque,
4467 3417 4556 3470 qut
4581 3404 4770 3456 dicitur
4790 3415 5050 3473 magister
5069 3416 5328 3460 cantorum.
5390 3441 5392 3444 -

3796 3489 4118 3543 Florentium
4169 3490 4416 3545 Ecclesia:
4456 3494 4752 3563 presbyter,
4782 3492 4863 3547 vir
4897 3498 5144 3564 apprime
5173 3496 5331 3549 littera-
5390 3534 5392 3564 λ

2117 3409 2342 3467 clericos
2370 3414 2485 3468 sine
2512 3419 2739 3483 pecunia
2769 3435 3129 3491 promoveret,
3168 3444 3269 3482 nec
3315 3446 3381 3485 ex
3411 3434 3696 3503 cujuslibet

2120 3499 2454 3557 delicatione
2479 3505 2730 3564 Ecclesia:
2761 3512 2939 3568 minus
2966 3530 3128 3585 quam
3158 3517 3345 3573 decem
3377 3499 3490 3573 auri
3527 3522 3692 3577 libras

2120 3589 2258 3644 male
2314 3604 2582 3650 mercatus
2646 3585 2931 3669 acciperet.
3010 3603 3148 3671 Quid
3199 3607 3399 3676 plura?
3454 3610 3692 3668 Tandem

2123 3681 2306 3741 Sixtus
2336 3686 2590 3744 Romanae
2633 3692 2783 3747 sedis
2821 3695 3106 3765 episcopus
3158 3698 3385 3754 collecto
3439 3703 3690 3766 concilio,

2124 3789 2243 3827 cum
2288 3781 2625 3847 septuaginta
2677 3795 2770 3835 sex
2825 3785 3089 3854 episcopis
3137 3787 3416 3856 depulsum
3476 3795 3693 3860 propria

2116 3867 2243 3922 sede
2265 3869 2554 3936 damnavit,
2584 3873 2741 3943 eique
2768 3876 2868 3928 tria
2921 3876 3180 3934 duntaxat
3209 3880 3461 3943 Ecclesia
3492 3886 3693 3952 pradia

2033 4015 2047 4028 _
2126 3957 2523 4016 uSufructuario
2548 3962 2670 4031 jure
2692 3967 2990 4021 constituit.
3023 3968 3224 4025 Locum
3258 3979 3434 4029 tamen
3463 3973 3582 4044 ejus
3610 3976 3692 4029 in-

2124 4058 2322 4103 tactunt
2344 4053 2549 4105 servari
2579 4056 2855 4124 praecepit,
2886 4058 3281 4116 ordinationem
3311 4065 3608 4133 suspendit,
3638 4074 3690 4120 et

2118 4138 2429 4209 episcopum
2479 4146 2782 4210 quemdam,
2814 4145 3144 4204 Theodolum
3185 4153 3423 4217 nomine,
3470 4154 3522 4208 in
3560 4156 3690 4210 sede

2117 4225 2232 4295 ejus
2259 4229 2514 4284 vicarium
2542 4231 2849 4303 dereliquit.
2876 4236 3003 4291 Post
3030 4253 3245 4295 menses
3274 4250 3451 4296 autem
3476 4259 3688 4310 novem,

2116 4330 2234 4370 cum
2279 4318 2765 4391 Hierosolymitana
2795 4327 2986 4380 civitas
3015 4329 3173 4384 famis
3207 4331 3385 4400 inopia
3416 4348 3692 4402 premere.

2116 4415 2218 4470 tur,
2247 4407 2634 4480 Polychronius
2680 4418 2879 4484 praedia
2929 4420 3067 4489 ipsa,
3101 4437 3220 4490 quze
3251 4421 3474 4478 fruenda
3508 4440 3691 4494 perce-

2115 4507 2285 4563 perat,
2313 4501 2572 4563 vendidit,
2603 4519 2897 4575 eorumque
2938 4509 3169 4576 pretium
3217 4510 3462 4581 legaliter
3490 4528 3691 4583 paupe-

2118 4588 2264 4643 ribus
2314 4593 2577 4661 erogavit.
2622 4594 2774 4660 Quod
2824 4613 2945 4650 cum
3000 4598 3487 4673 Sixtus,episcopo
3527 4621 3689 4657 accu—

2118 4689 2289 4743 sante,
2321 4692 2375 4736 et
2403 4682 2548 4751 pium
2577 4686 2782 4740 crimen
2810 4689 3156 4757 impingentc,
3192 4708 3220 4743 a
3253 4691 3442 4747 Prisco
3459 4696 3686 4751 diacono

2123 4768 2398 4825 didicisset
2447 4775 2643 4843 (aiebat
2673 4779 2838 4843 enim,
2873 4781 2997 4848 quia
3027 4782 3279 4839 Ecclesiae
3310 4787 3442 4839 bona
3494 4789 3687 4841 distra-

2116 4858 2246 4915 here
2276 4860 2350 4916 illi
2376 4878 2479 4917 non
2529 4865 2701 4935 licuit,
2727 4884 2844 4936 quae
2878 4871 2944 4924 ad
2975 4881 3182 4942 tempus
3206 4878 3465 4929 duntaxat
3491 4879 3688 4933 utenda

2115 4952 2635 5021 suscepit),sanctns
2686 4973 2823 5027 papa
2871 4963 3088 5030 gavisus
3137 4975 3215 5018 est
3262 4967 3435 5027 valde.
3469 4980 3523 5020 et
3563 4982 3685 5021 mox

2119 5039 2489 5099 Valentiniano
2511 5045 2749 5117 Augusto
2772 5050 2915 5116 piutn
2950 5051 3459 5130 facinusintimavit.
3485 5055 3687 5111 Deinde

2115 5143 2435 5200 congregata
2468 5139 2687 5204 synodo,
2717 5139 2994 5196 Romanus
3040 5143 3276 5211 pontifex
3307 5144 3684 5201 Valentiniano

2115 5222 2315 5295 pariter
2341 5224 2670 5291 considente,
2704 5239 2932 5284 tractare
2955 5244 3255 5301 cmperuut,
3285 5237 3415 5303 quid
3430 5237 3595 5307 digne
3617 5235 3686 5293 de

2115 5307 2471 5380 Polychronio
2503 5314 2671 5377 ﬁeret,
2722 5317 2811 5385 qui
2844 5319 2895 5372 in
2930 5320 3041 5389 ipsa
3071 5320 3385 5390 dejectionis
3413 5340 3523 5379 suae
3552 5340 3685 5395 pau-

2115 5401 2261 5468 perie
2291 5412 2483 5456 cuncta
2512 5404 2861 5471 distribuens,
2905 5412 3266 5479 evangelicam
3310 5413 3522 5467 viduam
3575 5416 3682 5469 Re-

2121 5491 2412 5558 demptoris
2449 5509 2541 5547 ore
2589 5496 2859 5550 laudatam
2897 5497 3232 5554 laudabiliter
3271 5502 3510 5557 imitatus
3538 5511 3684 5560 esset

2119 5578 2308 5645 (Marc.
2367 5599 2474 5645 au;
2509 5583 2633 5639 Luc.
2669 5589 2805 5654 ut).
2864 5586 3194 5658 Competenti
3244 5593 3423 5658 itaque
3453 5610 3683 5651 censura

2121 5667 2388 5727 decretum
2418 5684 2533 5727 est:
2566 5661 2633 5728 Ut
2653 5676 2698 5729 is
2727 5692 2831 5730 non
2862 5677 3101 5734 viduaret
3122 5681 3210 5750 qui
3244 5682 3455 5735 viduam
3480 5684 3683 5739 victum

2121 5772 2272 5813 suum
2305 5764 2388 5831 pie
2410 5762 2701 5831 largiendo,
2735 5777 2948 5822 secutus
2969 5778 3069 5822 est.
3096 5768 3184 5824 Sic
3212 5771 3373 5841 igitur
3394 5770 3686 5842 Polychro-

2125 5850 2263 5921 nius,
2314 5855 2404 5926 qui
2454 5856 2610 5927 digne
2659 5861 2882 5931 gradum
2928 5877 3083 5920 suum
3113 5867 3265 5938 prius
3312 5868 3596 5941 superbus,
3628 5876 3685 5924 et

3810 2028 3932 2081 vitae
3977 2030 4250 2094 meritum,
4306 2031 4396 2084 sed
4442 2041 4658 2102 pr0pter
4698 2045 4972 2105 acceptum
5020 2039 5320 2094 sacerdotalis

3809 2119 4049 2187 mysterii
4109 2125 4553 2177 sacramentum?
4583 2124 4735 2191 Nam,
4778 2138 4836 2182 ut
4876 2144 4940 2183 ex
4992 2131 5172 2185 multis
5199 2146 5321 2200 pauca

3754 2242 3759 2245 »
3808 2210 4187 2279 perstringam,
4219 2211 4508 2268 Fesulanus
4550 2217 4850 2287 episcopus,
4881 2218 5219 2276 Raimbaldus
5253 2237 5320 2275 no-

3808 2302 3973 2366 mine,
4021 2314 4138 2356 crat
4169 2306 4605 2362 manifestissime
4635 2307 4988 2376 Simoniacus,
5022 2313 5147 2382 quia
5180 2312 5324 2367 videli-

3805 2403 3892 2447 cet
3922 2409 4025 2447 non
4057 2396 4230 2448 solum
4277 2398 4389 2466 ipsc
4421 2414 4520 2466 per
4547 2403 4829 2469 pecuniam
4873 2405 5211 2473 pontiﬁcatus
5247 2404 5323 2459 cul-

3806 2502 3927 2538 men
3952 2487 4205 2549 obtinuit,
4224 2489 4316 2542 sed
4339 2499 4393 2544 et
4419 2490 4504 2544 vix
4527 2492 4808 2560 aliquando
4830 2494 4999 2565 gratis
5016 2505 5111 2551 aut
5127 2498 5324 2562 clericos,

3807 2586 3896 2628 aut
3926 2578 4061 2631 ullas
4083 2581 4421 2634 consecravit
4450 2582 4732 2639 Ecclesias.
4759 2584 4870 2641 Huc
4896 2590 5204 2655 accedebat,
5222 2590 5323 2658 quod

3808 2681 4001 2737 praeter
4028 2671 4184 2735 alias,
4215 2688 4374 2726 unam
4427 2675 4655 2731 habebat
4702 2678 4910 2747 publice
4957 2696 5026 2737 ac
5057 2667 5327 2737 familiarius

3806 2762 4207 2826 adluerentem,
4256 2773 4311 2817 et
4363 2775 4614 2834 tanquam
4656 2767 4900 2837 legitima:
4940 2772 5326 2844 desponsationit

3806 2867 4052 2917 uxorem,
4085 2870 4311 2923 quorum
4365 2856 4460 2911 ﬁlii
4492 2868 4544 2912 et
4572 2860 4690 2914 lilia:
4718 2863 4891 2917 adhuc
4912 2864 5099 2932 plures
5136 2875 5327 2927 exstant,

3803 2952 3855 2995 et
3905 2944 4150 2999 foederati
4182 2944 4449 3016 conjugio,
4477 2958 4532 3002 ct
4578 2954 5043 3009 succrescentibus
5073 2953 5244 3010 liberis
5265 2969 5327 3006 cu-

3805 3034 4009 3088 mulati.
4070 3033 4171 3090 Per
4225 3038 4364 3091 hunc
4423 3040 4604 3109 itaque
4636 3042 4788 3096 talem
4822 3042 4968 3112 plura
5016 3046 5327 3115 perhibentur

3801 3126 4038 3179 exhibita
4093 3125 4258 3181 fuisse
4294 3129 4574 3194 miracula,
4615 3147 4679 3186 ex
4713 3120 4919 3200 quibus
4965 3135 5216 3191 videlicet
5247 3134 5330 3185 υτιὶα

3802 3229 3924 3268 cum
3971 3216 4057 3269 hic
4109 3214 4310 3271 referre
4358 3215 4603 3285 sufficiat,
4638 3231 4695 3275 ut
4745 3219 4933 3276 inuno
4974 3238 5133 3279 mens
5160 3224 5329 3291 colligat

3796 3579 3934 3634 libus
3963 3581 4154 3635 studiis
4181 3583 4443 3646 eruditus,
4480 3585 4533 3636 in
4575 3600 4764 3655 magno
4795 3585 5121 3642 clericorum
5153 3602 5330 3644 suorum

3794 3686 4082 3740 conventu,
4116 3685 4377 3745 priesente
4400 3691 4612 3747 quoque
4673 3679 5128 3737 reverendissimo
5156 3684 5331 3736 domina

3795 3763 4034 3818 Cerardo
4063 3782 4160 3819 suo
4189 3769 4453 3837 episcopo,
4494 3770 4592 3823 hoc
4622 3770 4749 3823 mihi
4794 3784 4887 3840 per
4924 3773 5181 3828 ordinem
5228 3783 5331 3825 retr

3797 3857 3859 3910 lit
3892 3873 3907 3910 :
3947 3858 4310 3924 Dmmoniaca,
4342 3860 4532 3928 inquit,
4566 3860 4848 3931 aliquando
4878 3863 5040 3919 ducta
5074 3876 5159 3919 est
5186 3866 5243 3919 ad
5269 3880 5334 3916 no-

3794 3946 3894 3999 stri
3933 3947 4272 4016 episcopatus
4319 3948 4622 4013 ecclesiam,
4671 3947 4809 4004 forte
4860 3960 4987 4006 tunc
5035 3952 5329 4008 inventioni:
5390 3953 5392 3968 '

3800 4035 4095 4090 Dominicm
4144 4036 4321 4092 crucis
4372 4038 4681 4093 solemnitas
4730 4041 5033 4109 agebatur;
5074 4059 5196 4097 cum
5242 4054 5332 4091 ver-*-

3796 4129 3862 4181 ad
3890 4127 4228 4183 oil‘ertorium
4260 4140 4572 4198 perventum
4598 4139 4758 4193 esset,
4777 4131 4916 4199 quod
4943 4134 5209 4188 nimirum
5238 4130 5331 4184 ὤας

3795 4227 3883 4272 tur
3907 4235 3919 4271 :
3956 4216 4187 4273 Veniens
4211 4220 4292 4273 vir
4318 4219 4782 4286 splendidissimus
4803 4221 4870 4274 ad
4896 4221 5327 4279 Constantinum;

3795 4311 3981 4365 nescio
4007 4328 4114 4380 quo
4144 4327 4268 4366 casu
4303 4322 4522 4382 repente
4551 4313 4759 4367 clericis
4791 4312 4992 4368 oblivio
5047 4318 5331 4371 modulatis-

3794 4403 3879 4454 nis
3907 4401 4165 4472 obrepsit.
4224 4402 4475 4457 Protinus
4520 4402 4606 4457 illa
4636 4413 4879 4472 tanquam
4930 4406 4985 4458 in
5045 4408 5331 4477 adjutorium

3796 4492 3962 4561 lapsis
4018 4508 4332 4555 accurrens,
4382 4493 4432 4546 in
4466 4494 4698 4547 medium
4743 4492 4938 4549 festina
4985 4500 5256 4566 prosiluit,
5298 4497 5332 4547 in

3795 4599 4056 4649 organum
4086 4599 4210 4636 mox
4243 4583 4703 4640 excellentissima:
4738 4586 4882 4639 vocis
4923 4592 5139 4657 erupit,
5172 4602 5220 4643 et
5258 4602 5333 4639 tam

3718 4646 3766 4705 ί)
3797 4674 4027 4737 naviter,
4068 4682 4124 4726 ut
4154 4689 4339 4728 names
4385 4674 4734 4737 mirarentur,
4759 4674 4936 4730 suavis
4989 4679 5237 4734 melodis:
5273 4689 5332 4729 re

3794 4767 3970 4835 gulam
4008 4766 4195 4819 tenuit.
4225 4766 4517 4835 Adjuratus
4572 4775 4747 4821 autem
4795 4767 5036 4833 daemon,
5072 4783 5134 4825 ut
5177 4772 5332 4825 exiret.

3795 4856 4095 4923 rrspondit,
4125 4856 4249 4924 quia
4280 4872 4308 4908 a
4336 4856 4563 4912 Romulo
4591 4859 4847 4912 duntaxat
4889 4858 5134 4918 deberet
5161 4860 5331 4931 expedi.
5390 4859 5392 4910 i

3795 4948 3904 5003 lloc
3955 4950 4233 5003 audientes
4265 4951 4475 5004 misera:
4526 4951 4766 5005 mulieris
4816 4952 5076 5017 comites,
5142 4972 5251 5009 mox
5290 4954 5333 5003 ad
5390 4943 5392 5000 ῗ

3795 5043 4115 5097 Ιίθδωθηθηι
4158 5053 4443 5111 properant
4476 5040 4793 5096 festinanter
4822 5042 5332 5115 Ecclesiamzibique

3790 5145 3917 5190 ante
3945 5134 4116 5188 altare
4146 5133 4204 5186 Β.
4242 5133 4451 5188 Romuli
4491 5134 4727 5187 divinam
4758 5135 5201 5196 misericordiam
5234 5154 5328 5210 pra~

3789 5228 4069 5282 Stoiantur.
4106 5225 4212 5280 Sed
4246 5238 4299 5282 et
4348 5227 4453 5283 illic
4505 5228 4789 5297 inqttisittts
4819 5228 5065 5297 dtemon,
5103 5232 5332 5305 respondit

3791 5334 3849 5375 se
3880 5318 4183 5373 nullatenus
4213 5317 4417 5386 egredi,
4450 5318 4550 5372 nisi
4579 5317 4919 5374 Raimbaldns
4943 5323 5234 5378 adveniret
5253 5325 5329 5390 θρί-

3789 5404 4002 5478 scepus.
4037 5408 4279 5478 Cumque
4319 5408 4571 5478 praefatus
4596 5410 4877 5480 episcOpus
4905 5414 5114 5471 venire
5164 5424 5327 5481 satage»

3757 5509 3889 5562 ,ret,
3944 5500 4156 5553 dicebat
4193 5499 4404 5554 interim
4440 5501 4684 5556 daemon:
4736 5501 4847 5564 Vae,
4897 5516 5043 5559 ecce
5092 5510 5328 5576 episcupa:

3787 5606 3929 5646 nunc
3974 5591 4218 5645 ascendit
4264 5607 4480 5660 equum,
4534 5608 4659 5647 ecce
4705 5592 4811 5649 illic
4859 5594 4911 5647 in
4954 5599 5063 5655 tali
5106 5601 5219 5656 loco
5253 5600 5325 5666 jam

3786 5691 3863 5735 est
3897 5700 3911 5734 ;
3943 5695 4069 5736 ecce
4095 5690 4220 5735 ante
4266 5682 4413 5737 illam
4463 5683 4543 5737 vel
4601 5683 4746 5738 illam
4794 5686 5024 5744 domum
5060 5697 5215 5748 modo
5245 5705 5311 5758 pd

3788 5772 4003 5837 transit,
4036 5782 4090 5826 et
4117 5772 4190 5826 illi
4215 5782 4464 5830 notantes
4494 5774 4608 5830 loca
4637 5778 4939 5845 probabant
4966 5795 5176 5841 cuncta
5201 5784 5263 5841 sic
5293 5797 5325 5834 sa

3785 5863 3988 5923 habere
4021 5867 4307 5938 veraciter,
4356 5868 4498 5930 sicut
4525 5867 4752 5923 mendax
4776 5870 5022 5941 spiritus
5066 5878 5322 5933 asserebat-
