5392 6498
837 365 936 423 128

1564 362 1811 424 OPUSC.
1848 365 1937 421 Vl.
1975 390 2045 405 --
2084 364 2286 421 LlBEli
2325 359 2445 432 QUI
2483 360 2765 422 DlCl'l'UR
2800 360 3292 421 GRATISSIHUS.

4001 362 4107 420 126

841 484 988 555 ιιι
1034 482 1271 540 Tandem
1319 483 1601 554 episcopus
1629 484 1875 548 veniens,
1906 484 2156 538 invocato
2195 484 2397 539 Christi
2426 486 2479 545 Α
2505 484 2646 539 idem
2671 483 2912 539 Marinus
2950 486 3233 556 presbyter
3254 484 3656 556 baptizaverat,
3688 481 3849 553 lupus
3899 484 4105 553 rapuit,

835 579 1068 645 nomine,
1089 580 1157 635 ab
1181 580 1401 635 obsesso
1428 592 1654 648 corpore
1685 576 1974 646 malignum
2004 578 2251 647 Spiritum
2280 593 2407 647 pro-

836 672 972 727 tinus
994 672 1219 741 expulit,
1250 682 1303 727 et
1332 670 1609 727 mulierem
1641 671 1706 725 ad
1752 672 1971 743 propria
2002 671 2229 727 liberam
2256 672 2409 726 inco-

836 762 1138 832 lumemque
1163 764 1390 817 remisit.

909 855 1107 909 Eodem
1130 870 1348 925 quoque
1372 863 1632 925 tempore,
1663 871 1786 910 cum
1815 856 2065 911 videlicet
2094 854 2407 912 Simoniaca

832 948 992 1017 pestis
1015 963 1113 1017 per
1142 956 1309 1002 totum
1350 962 1545 1017 corpus
1570 948 1825 1001 Ecclesia:
1849 948 2120 1003 lethaiiter
2142 956 2405 1017 serperet,

830 1041 1133 1109 passimque
1182 1055 1277 1109 per
1321 1055 1512 1095 omnes
1554 1039 1752 1110 gradus
1784 1040 2187 1095 ecclesiasticos
2238 1038 2407 1095 libere

827 1130 1131 1200 pullularet,
1186 1130 1424 1184 Marinus
1466 1131 1681 1199 quidam
1718 1130 2003 1201 presbyter
2053 1138 2195 1192 erst,
2246 1128 2405 1198 hujus

827 1223 1074 1278 videlicet
1112 1222 1419 1278 Eleuchadii
1453 1222 1882 1277 reverendissimi
1937 1222 2101 1291 atque
2128 1221 2405 1277 honestis-

826 1314 945 1370 simi
974 1315 1073 1368 viri
1110 1323 1282 1384 pater,
1319 1314 1409 1383 qui
1440 1314 1775 1367 monasterio
1823 1327 1964 1367 nunc
1991 1320 2188 1382 przeest
2234 1314 2405 1367 beata.-

825 1406 917 1462 Dei
940 1406 1229 1464 Genitricis
1265 1423 1584 1477 semperque
1614 1408 1851 1476 Virginis
1885 1405 2087 1474 Maria‘,
2110 1408 2262 1477 juxta
2296 1407 2403 1461 Fa-

822 1499 1052 1552 ventinaz
1079 1498 1227 1552 nrbls
1261 1498 1457 1560 muenia
1490 1498 1805 1551 constituto.
1851 1496 1951 1551 Hic.
1994 1498 2176 1567 itaque
2222 1496 2400 1565 hujus,

824 1602 978 1657 quem
1010 1587 1378 1657 przediximus,
1417 1587 1728 1642 Eleuchadii
1762 1596 1992 1641 matrem
2030 1586 2245 1656 publice
2282 1594 2403 1639 tan-

823 1692 981 1749 quam
1013 1680 1310 1751 legitimam
1336 1681 1613 1751 possidere
1639 1694 1745 1733 non
1776 1678 2398 1733 reverebatur-nxorem.

824 1770 956 1825 Huic
1005 1772 1320 1841 presbytero
1381 1770 1537 1838 plane
1580 1778 1783 1823 tantam
1835 1769 2011 1823 divina
2070 1766 2400 1835 dispensatio

820 1863 1124 1918 contulerat
1180 1864 1432 1933 gratiam,
1505 1872 1563 1916 ut
1617 1878 1739 1917 cmn
1792 1860 2181 1915 sanctificatam
2255 1874 2283 1913 a
2344 1875 2404 1916 se

821 1969 1016 2024 aquam
1045 1954 1287 2025 frugibus
1322 1954 1419 2025 per
1446 1970 1608 2025 agros
1653 1965 1988 2025 aspergeret,
2023 1966 2127 2006 non
2177 1952 2403 2007 ulterius

820 2046 1258 2110 vermiculdrum,
1288 2062 1395 2100 non
1424 2061 1733 2107 erucarum.
1769 2062 1875 2101 non
1910 2046 2142 2116 denique
2170 2045 2403 2099 locusm—

820 2151 937 2189 rutn
971 2134 1150 2206 fruges
1176 2137 1366 2191 itesura
1396 2138 1570 2207 pestis
1592 2138 1768 2206 aliqua
1802 2145 2129 2196 remaneret.
2156 2137 2249 2190 sed
2277 2150 2401 2191 mox

818 2226 1033 2297 agmine
1088 2228 1249 2293 facto,
1301 2245 1489 2285 omnes
1538 2229 1913 2291 abscederent,
1973 2238 2257 2297 postquam
2311 2242 2405 2282 eos

818 2336 972 2389 aquae
1002 2320 1361 2377 sanctificatio
1412 2323 1824 2391 conspersisset.
1871 2321 2176 2390 Aliquando
2223 2330 2405 2374 autem

816 2410 1055 2478 ejusdem
1107 2412 1296 2467 Marini
1329 2414 1629 2483 presbyteri
1686 2414 1955 2477 dominus,
1987 2411 2251 2466 Jeremias
2306 2428 2406 2467 no-

824 2518 988 2567 mine,
1032 2505 1293 2559 adversus
1351 2505 1602 2559 aemulum
1660 2519 1813 2558 suum
1876 2504 2091 2575 generis
2150 2502 2408 2557 amnitate

794 2592 1197 2667 propinquum.
1230 2596 1322 2650 sed
1356 2596 1633 2651 voluntate
1662 2609 1885 2665 Prorsus
1938 2595 2225 2649 adversum
2278 2601 2408 2664 gra-

819 2695 1072 2751 vissimas.
1102 2695 1393 2749 simultatis
1423 2693 1549 2747 odio
1587 2691 1888 2754 laborabat,
1922 2691 2012 2760 qui
2049 2690 2295 2744 videlicet
2327 2682 2407 2743 i'n-

822 2798 905 2841 ter
935 2794 1131 2841 caetera
1166 2786 1575 2840 inimicitiarum
1614 2785 1809 2839 timens
1843 2798 1910 2836 ne
1960 2783 2122 2836 etiam
2165 2781 2409 2834 venatio-

819 2878 980 2933 nibus
1018 2878 1252 2933 deditam
1307 2892 1500 2930 canmn
1549 2890 1767 2929 suorum
1816 2874 2164 2943 sagacitatem
2211 2872 2408 2926 hostile

820 2970 1153 3040 praestigiuut
1186 2970 1497 3032 fascinaret,
1529 2967 1683 3036 petiit
1710 2983 1738 3020 a
1765 2960 1870 3034 iam
1900 2966 2043 3018 dicto
2064 2964 2405 3034 presbytero,

829 3070 889 3115 ιιι
920 3060 1134 3115 situlam
1167 3072 1321 3127 aqua:
1354 3058 1565 3128 plenam
1592 3073 1688 3126 per
1714 3056 2075 3110 exorcismum
2101 3052 2407 3107 sanctifica-

823 3162 927 3219 ret,
977 3154 1186 3222 sibique
1217 3152 1475 3215 deferret,
1507 3152 1632 3219 quia
1685 3150 1799 3204 suis
1842 3147 2164 3218 quibusdam
2220 3146 2404 3200 usibus

2514 583 2675 644 atque
2729 577 2780 630 in
2813 576 3067 630 silvarum
3114 576 3409 641 condensa,
3462 574 3809 644 saltuumque
3866 584 4104 640 secreta,

2513 668 2697 722 multis
2729 667 3135 736 insequentibus
3166 664 3485 737 asportavit.
3522 658 3682 736 112
3706 665 3953 735 Cumque
3982 674 4108 735 post

2510 771 2630 813 eam
2683 770 2740 813 et
2790 768 2965 813 mater
2993 759 3302 814 exanimata
3337 756 3709 822 concurreret,
3741 766 3963 828 repente
3991 755 4108 811 Ma-

2510 851 2687 905 rinum
2732 853 3108 921 presbyterum
3158 851 3377 904 sibimet
3407 848 3625 905 obvium
3673 850 3898 920 reperit,
3944 850 4108 920 eique

2510 956 2632 997 cum
2665 942 2878 1012 magnis
2906 932 3199 1009 eiulatibus
3225 940 3421 995 flebilis
3455 940 3692 1011 querela
3720 934 3990 1012 singultus
4012 956 4109 997 ex-

2510 1037 2750 1107 pressit:
2803 1035 2939 1100 Heu,
2994 1037 3096 1091 heu
3141 1034 3321 1102 Pater,
3359 1036 3555 1105 inquit,
3600 1042 3877 1105 nttanam
3930 1035 4110 1105 suspi-

2509 1128 2620 1181 cari
2673 1125 2753 1181 sic
2808 1125 2979 1196 potui,
3043 1135 3101 1179 ut
3147 1126 3360 1180 miserat
3414 1120 3606 1180 matris
3653 1112 3927 1181 infelicior
3973 1124 4107 1191 lilia,

2507 1222 2669 1289 quam
2721 1219 2787 1273 de
2816 1234 2975 1273 sacro
3024 1219 3169 1273 fonte
3221 1220 3334 1289 ipse
3366 1216 3605 1283 traxisti,
3640 1220 3885 1273 cruentis
3912 1217 4109 1273 belluis

2510 1310 2698 1378 rapina
2735 1308 2908 1373 fieret,
2940 1316 2993 1362 et
3028 1309 3184 1363 cibus
3214 1308 3360 1362 facta
3388 1308 3554 1377 lupis,
3579 1307 3767 1364 ferinaé
3792 1307 4109 1377 rapacitatis

2508 1399 2798 1469 ingluviem
2830 1400 3095 1465 satiaret;
3132 1399 3216 1453 cui
3246 1397 3531 1470 presbyter
3558 1393 3635 1454 alt
3675 1413 3693 1454 τ
3738 1398 3854 1454 Noli
3891 1402 4109 1467 timere,

2507 1493 2722 1561 mulier,
2756 1494 2885 1562 quia
2933 1493 2979 1549 si
3017 1493 3109 1548 illa
3148 1492 3419 1549 veraciter
3447 1502 3549 1557 est,
3590 1500 3751 1563 quam
3796 1509 3896 1562 ego
3927 1492 4111 1563 bapti-

2508 1586 2649 1649 zavi,
2705 1601 2984 1656 nunquam
3016 1584 3191 1641 beSti'a
3220 1584 3517 1641 devorandi
3548 1594 3668 1641 eam
3695 1585 3927 1652 accipiet
3962 1594 4111 1656 pote-

2506 1686 2726 1733 Statem.
2783 1670 2988 1733 Deinde
3032 1678 3242 1740 audax,
3292 1694 3355 1733 ac
3413 1679 3735 1733 temerarius
3783 1678 3888 1733 hoc
3943 1678 4110 1733 etiam

2506 1769 2828 1839 insipienter
2864 1769 3061 1837 adjecit
3107 1787 3120 1825 :
3182 1764 3239 1825 Si
3299 1771 3478 1834 enim,
3535 1784 3637 1842 ego
3694 1770 3838 1825 illam
3892 1770 4111 1826 lavacro

2435 1842 2481 1905 Β
2510 1861 2651 1915 sacri
2692 1860 3035 1929 baptismatis
3072 1860 3248 1927 ablui,
3291 1871 3344 1916 et
3381 1866 3502 1917 eam
3551 1861 3722 1917 bestia
3765 1861 4107 1927 laceraverit,

2500 1951 2613 2021 jam
2669 1967 2775 2007 non
2847 1950 3064 2007 credam
3134 1954 3276 2023 quod
3344 1952 3486 2008 Deus
3557 1952 3745 2023 regnet
3810 1940 3865 2007 in
3933 1951 4107 2009 cadis.

2507 2042 2639 2097 Mira
2676 2050 2782 2108 res,
2816 2059 2931 2113 posr
2964 2057 3197 2114 quatuor
3229 2044 3343 2100 fere
3368 2043 3529 2099 horas
3563 2044 3702 2098 ultra
3742 2054 3867 2099 octo
3910 2059 4108 2114 prope-

2509 2133 2724 2187 modum
2758 2132 3005 2187 milliaria
3038 2134 3181 2187 inter
3202 2136 3395 2188 fruteta
3420 2131 3681 2190 silvarum
3713 2135 3906 2200 illaesa,
3937 2144 3992 2189 et
4021 2136 4104 2190 in-

2508 2223 2733 2277 columis
2765 2233 2979 2292 reperta
3025 2235 3130 2288 est,
3158 2225 3311 2295 juxta
3356 2241 3516 2295 quam
3556 2236 3612 2280 et
3646 2226 3804 2296 lupus
3848 2228 4111 2283 innocens

2513 2319 2713 2371 stabat.
2758 2316 2820 2370 Et
2852 2318 2993 2371 sient
3022 2316 3162 2371 leoni
3194 2319 3428 2373 cadaver
3455 2320 3732 2388 propheta:
3756 2317 3823 2373 de
3863 2317 4111 2374 Samaria

2511 2409 2791 2464 redeuntis
2821 2408 3023 2464 violare
3054 2424 3158 2464 non
3186 2408 3337 2464 licuit
3369 2404 3489 2480 (111
3511 2408 3639 2480 Reg.
3669 2408 3815 2480 xm),
3842 2410 3914 2464 ita
3942 2419 3997 2464 et
4027 2407 4111 2463 lu-

2508 2516 2609 2570 pus
2638 2502 2739 2555 iste
2762 2500 2993 2571 puellam
3023 2515 3128 2554 non
3155 2508 3319 2555 ausus
3345 2510 3430 2554 est
3455 2500 3679 2565 ltedere;
3721 2500 3815 2555 sed
3845 2509 4109 2569 quantum

2508 2592 2669 2647 datur
2720 2593 2967 2663 intelligi,
3004 2591 3143 2647 uitro
3193 2592 3357 2648 etiam
3395 2592 3542 2648 visus
3570 2602 3656 2649 est
3704 2593 3997 2648 custodire.
4050 2592 4108 2647 lu

2508 2682 2686 2751 puella
2731 2683 2912 2752 itaque
2965 2682 3108 2736 nulla
3142 2682 3356 2751 penitus
3408 2681 3556 2738 laesio
3605 2690 3687 2737 est
3734 2679 3975 2749 inventa,
4002 2682 4108 2737 nisi

2508 2776 2651 2843 quod
2680 2790 2839 2829 crura
2866 2774 3001 2841 ejus,
3052 2783 3107 2827 et
3152 2775 3373 2830 brachia
3425 2776 3706 2846 spinarum
3738 2776 4109 2847 ruborumque

2510 2866 2835 2919 videbantur
2866 2866 3068 2921 aculeis
3093 2874 3395 2920 cruentata.

2583 2957 2733 3010 Alius
2768 2971 2983 3026 quoque
3014 2954 3298 3027 presbyter
3322 2954 3494 3026 nuper
3522 2958 3573 3009 in
3600 2956 3684 3011 his
3710 2956 3957 3027 partibus
3982 2958 4107 3027 fuit,

2510 3047 2672 3115 hujus
2724 3046 2935 3101 scilicet
2990 3047 3425 3101 ret'ercndissimi
3472 3046 3575 3101 viri
3628 3046 3855 3103 Gerardi
3918 3048 4109 3116 frater,

2510 3139 2601 3208 qui
2632 3150 2772 3193 nunc
2808 3148 3002 3209 praeest
3038 3136 3370 3193 monasterio
3415 3134 3472 3192 S.
3525 3138 3716 3193 Donati
3752 3138 3803 3193 in
3852 3138 4111 3198 suburbio

817 3212 952 3300 satis
1002 3212 1365 3299 necessariam
1410 3212 1706 3311 jtt‘tli'caret.
1760 3212 2003 3308 Cumque
2036 3240 2121 3292 ille
2171 3238 2404 3307 simplici
2432 3212 2478 3272 (ἶ
2510 3232 2849 3287 lmmolensis
2879 3232 3060 3302 oppidi
3092 3234 3385 3288 constituto
3414 3250 3427 3288 :
3459 3243 3507 3287 et
3534 3232 3820 3305 presbyter
3853 3234 3939 3288 ille
3962 3251 4111 3290 com-

818 3333 1023 3401 animo,
1057 3337 1197 3405 quod
1228 3335 1547 3404 imperatum
1578 3332 1773 3394 fuerat,
1796 3331 2112 3401 peregisset,
2141 3328 2405 3383 Jeremias

817 3430 1041 3499 sapiens
1068 3427 1285 3497 Quidem
1314 3434 1371 3479 ιιι
1403 3424 1537 3479 mala
1570 3423 1748 3486 faciat,
1784 3422 2038 3475 virtutem
2070 3436 2199 3474 vero
2230 3434 2408 3474 sacra-

820 3522 1011 3585 menti,
1040 3521 1167 3591 quia
1208 3532 1428 3588 prorsus
1480 3517 1712 3585 ignorat,
1760 3514 2081 3582 margaritas
2112 3517 2236 3565 ante
2278 3524 2404 3581 por-

812 3628 909 3669 cos
932 3610 1195 3682 projicere
1213 3623 1318 3662 non
1335 3607 1607 3661 formidat.
1633 3603 1767 3657 Nam
1785 3600 2178 3657 sanetiflcalam
2205 3615 2403 3669 aquam

812 3706 1077 3761 cantabro
1106 3702 1297 3758 Stulttis
1323 3698 1656 3761 immiscuit,
1694 3704 1749 3749 ct
1770 3694 1991 3748 canibus
2019 3694 2130 3747 suis
2163 3709 2257 3761 per
2290 3708 2404 3744 ma-

815 3797 1075 3857 leficium,
1101 3809 1166 3846 ne
1210 3790 1476 3845 incantari
1515 3796 1761 3858 possent,
1801 3784 1866 3839 ad
1901 3785 2265 3840 devorandum
2312 3784 2408 3837 ob-

816 3889 962 3944 tulit.
1038 3884 1144 3939 Sed
1189 3884 1349 3938 aliter
1394 3882 1662 3936 sentiente
1708 3879 1885 3933 divina
1947 3876 2315 3945 providentia,
2351 3872 2405 3928 in

816 3978 1153 4033 contrarium
1183 3990 1340 4029 versa
1370 3983 1453 4028 est
1504 3974 1619 4041 ejus
1649 3971 1918 4024 sententia
1948 3983 1961 4021 :
1998 3966 2196 4021 malum
2232 3967 2406 4035 siqui-

817 4074 965 4133 dem,
996 4068 1141 4141 quod
1179 4070 1320 4121 male
1354 4080 1545 4119 cavere
1600 4062 1825 4123 volebat,
1881 4059 2145 4115 incurrit:
2177 4068 2228 4111 ct
2280 4059 2405 4111 dum

813 4167 993 4222 brutis
1022 4160 1343 4217 animalibus
1374 4156 1673 4213 inconsulte
1700 4154 1981 4210 consulere
2004 4154 2225 4214 studuit,
2254 4160 2406 4207 suam

813 4258 1002 4328 potius
1032 4253 1265 4307 animam
1296 4251 1449 4305 laesit.
1488 4248 1620 4303 Nam
1664 4250 1729 4303 ad
1762 4248 2088 4303 vescendum
2121 4260 2283 4299 canes
2314 4246 2407 4299 ad-

813 4338 998 4409 missi,
1028 4359 1148 4401 cum
1182 4345 1247 4398 ad
1294 4342 1501 4411 primos
1558 4342 1787 4411 impetus
1822 4341 1975 4393 avida
2008 4339 2096 4392 vix
2142 4340 2266 4391 dum
2310 4352 2405 4391 ora

815 4430 1095 4503 laxarent,
1125 4445 1179 4492 et
1207 4434 1407 4491 ferales
1436 4433 1586 4488 cibos
1626 4434 1855 4487 necdum
1897 4431 2077 4502 lingua
2130 4430 2407 4498 continge-

811 4543 961 4599 rent,
993 4532 1167 4600 primo
1197 4529 1418 4583 naribus
1444 4528 1611 4582 odore
1631 4536 1907 4597 percepto,
1939 4526 2188 4595 protinus
2212 4524 2263 4577 in
2291 4532 2404 4578 ter-

2502 3325 2693 3379 minis
2725 3324 2967 3391 quidem,
3001 3338 3063 3378 ac
3091 3338 3229 3393 pene
3252 3321 3527 3379 saccularis
3548 3333 3668 3378 erat
3692 3323 3836 3389 vitae,
3863 3326 3958 3379 sed
3984 3335 4109 3379 tan-

2514 3425 2625 3469 tam
2658 3431 2685 3468 a
2728 3415 2958 3469 Domino
3003 3417 3333 3471 consecutus
3357 3422 3475 3471 erat
3504 3416 3762 3486 gratiam,
3811 3426 3872 3472 ut
3909 3423 3952 3473 si
3986 3420 4111 3488 quis

2513 3509 2613 3563 sibi
2658 3508 3004 3563 nuntiaretur
3034 3525 3064 3563 a
3106 3518 3359 3578 serpente
3388 3522 3701 3579 percussus,
3733 3511 3858 3564 me:
3901 3512 4108 3567 sancti-

2512 3602 2728 3653 ficatam
2756 3616 2786 3653 a
2814 3614 2871 3654 se
2893 3614 3088 3668 aquam
3120 3599 3394 3653 nuntianti
3426 3599 3759 3670 porrigebat,
3784 3609 3840 3655 ut
3866 3594 4103 3669 biberet;

2510 3706 2615 3759 qua
2660 3690 2875 3755 hausta,
2919 3698 3066 3743 tanta
3119 3691 3365 3758 protinus
3396 3676 3591 3745 divinat
3619 3684 3834 3746 virtutis
3869 3692 4105 3750 ellicacia

2514 3780 2872 3845 clarescebat,
2910 3791 2971 3835 ut
2997 3783 3063 3847 is,
3095 3783 3186 3851 qui
3220 3779 3453 3846 biberat,
3487 3789 3747 3853 tanquam
3778 3784 3823 3838 si
3850 3801 3973 3840 eum
4011 3802 4110 3842 an-

2512 3874 2632 3943 guis
2657 3870 2965 3941 specialiter
2995 3872 3395 3938 momordisset,
3423 3878 3614 3928 em‘nes
3656 3872 3925 3929 vulnerati
3958 3877 4106 3933 virus

2511 3972 2782 4019 cremet-et
2810 3977 2825 4015 :
2862 3972 2915 4017 et
2945 3962 3052 4026 ille,
3082 3964 3173 4031 qui
3197 3972 3488 4033 percussus
3519 3963 3718 4030 fuerat,
3747 3964 3989 4022 funditus
4014 3983 4107 4023 ve-

2511 4069 2652 4108 neno
2694 4068 2912 4117 vacuus,
2945 4060 2999 4106 et
3052 4053 3178 4107 totis
3228 4052 3529 4109 visceribus
3572 4054 3803 4110 humore
3847 4056 4107 4126 pestifero

2510 4148 2789 4204 deftecatis
2819 4147 2955 4202 liber
2980 4159 3035 4201 et
3061 4146 3349 4203 incolumis
3373 4157 3662 4204 remearet.

2581 4239 2730 4294 Alius
2759 4250 2972 4309 quoque
2998 4240 3281 4310 presbyter
3297 4250 3416 4294 erat
3441 4240 3639 4295 nullius
3659 4256 3797 4312 pene
3819 4243 4104 4313 momenti,

2510 4331 2583 4385 ita
2616 4338 2674 4384 ut
2703 4330 2977 4385 metuaris
3021 4331 3319 4400 prudentim
3346 4345 3413 4386 ne
3450 4332 3595 4386 tenui
3628 4332 3850 4401 quidem
3882 4333 4108 4391 calleret

2511 4424 2745 4494 ingenio,
2795 4423 3009 4477 litteras
3047 4425 3229 4477 autem
3286 4422 3375 4476 vix
3414 4418 3724 4493 syllabatim
3783 4430 3848 4479 ac
3904 4425 4105 4482 rustice

2510 4516 2844 4581 balbutiret;
2873 4512 3163 4583 aliquando
3199 4528 3330 4569 vero
3355 4513 3609 4583 gallinam
3652 4515 3769 4583 ejus
3828 4512 3964 4577 hera
4006 4530 4102 4573 ve-

816 4640 935 4681 ram
967 4638 1155 4677 onmes
1182 4621 1381 4676 mortui
1413 4628 1754 4676 corruerunt.
1810 4618 1961 4672 Tunc
1992 4612 2278 4686 dupliciter
2317 4617 2404 4670 ille
2434 4592 2483 4650 Ῑ)
2511 4607 2750 4676 spertina
2784 4605 2941 4674 rapui

1992 4612 2278 4686 dupliciter
2317 4617 2404 4670 ille
2434 4592 2483 4650 Ῑ)
2511 4607 2750 4676 spertina
2784 4605 2965 4674 rapuit
2989 4603 3270 4675 accipiter,
3322 4615 3443 4675 quae
3473 4603 3678 4659 scilicet
3709 4605 3909 4676 injuria
3956 4618 4104 4663 ama-

813 4716 1101 4779 confusus,
1160 4714 1415 4768 nimirum
1467 4720 1520 4766 et
1566 4712 1771 4781 peccati
1832 4725 1978 4775 reus,
2031 4721 2085 4764 et
2134 4709 2407 4763 facultatis

816 4809 1037 4865 amissa:
1057 4804 1255 4861 damno
1276 4806 1588 4873 percussus,
1613 4802 1821 4857 Marino
1847 4803 2164 4873 presbytero
2186 4817 2403 4855 omnem

815 4905 896 4959 rei
928 4903 1146 4961 seriem,
1180 4907 1339 4969 prout
1370 4913 1428 4952 se
1472 4894 1703 4951 habebat
1738 4896 1958 4957 veritas,
2009 4893 2317 4956 innotescit,
2350 4902 2405 4948 ct

815 5002 988 5049 tanta:
1016 4991 1275 5055 audaciae,
1302 4989 1550 5056 tantique
1580 4984 1848 5055 sacrilegii
1877 4984 1991 5037 dari
2017 4982 2118 5037 sibi
2140 4984 2406 5052 paeniten-

817 5088 953 5143 tiam
1002 5082 1256 5137 ﬂebiliter
1304 5082 1518 5150 qumrit.
1570 5078 1817 5146 Abnegat
1861 5074 2099 5128 Marinus
2132 5073 2266 5127 tanti
2302 5074 2409 5127 cri-

816 5177 985 5232 minis
1014 5175 1229 5229 sibimet
1260 5168 1820 5240 arrogarejudicium,
1868 5181 1967 5219 nec
2006 5165 2150 5217 aliud
2196 5178 2412 5231 semper

821 5265 959 5321 illud
990 5274 1254 5326 statuere,
1282 5260 1612 5331 quibuslibet
1640 5258 1766 5311 hinc
1799 5253 1923 5309 inde
1960 5255 2204 5323 pulsatus
2234 5252 2409 5320 preci-

814 5357 923 5411 bus
980 5354 1281 5423 acquievit,
1325 5351 1447 5412 nisi,
1492 5360 1548 5402 ut
1604 5349 1648 5403 si
1696 5347 2067 5418 pmuitentiam
2136 5347 2409 5398 veraciter

817 5454 1115 5517 quareret,
1168 5446 1231 5497 ad
1285 5441 1592 5513 apostolicae
1634 5441 1780 5495 sedis
1831 5438 2037 5507 apicem
2095 5436 2407 5490 necessario

818 5546 1162 5610 properaret.
1196 5535 1292 5591 Cui
1335 5534 1549 5590 tandem
1596 5530 1683 5586 ille
1732 5532 2055 5585 neceSsitate
2099 5528 2410 5598 compulsus

818 5632 1031 5705 paruit,
1064 5641 1226 5699 atque
1256 5629 1395 5697 apud
1411 5628 1714 5681 Romanam
1749 5624 2047 5678 Ecclesium
2076 5620 2410 5692 ptBtlilelttieB

812 5724 1107 5795 judicium,
1140 5720 1281 5791 quod
1309 5719 1608 5790 ﬂagitabat,
1644 5716 1875 5785 accepit.

897 5816 1022 5872 Alio
1072 5827 1287 5884 quoque
1341 5822 1587 5885 tempore
1630 5807 1863 5885 puellam
1909 5807 2199 5881 quamdam
2247 5820 2410 5877 quam

2514 4699 2729 4753 rissimo
2760 4712 2880 4751 eum
2911 4695 3034 4750 felle
3064 4694 3356 4749 iracundlze
3383 4695 3696 4761 commovit,
3727 4704 3781 4750 et
3821 4696 3892 4750 ita
3918 4696 4102 4766 plane,

2512 4780 2571 4845 ut
2599 4791 2897 4844 minaretur
2928 4791 3138 4853 sancto,
3170 4787 3223 4840 in
3267 4785 3421 4855 cujus
3450 4787 3668 4841 nomine
3689 4784 3990 4842 dedicatam
4020 4802 4106 4844 re-

2511 4883 2671 4953 gebat
2704 4880 3013 4943 ecclesiam,
3042 4879 3167 4948 quia
3195 4878 3297 4932 nisi
3321 4878 3541 4933 sibimet
3582 4876 3727 4932 altile
3750 4886 3926 4940 suum,
3955 4878 4104 4949 quod

2512 4973 2843 5043 perdiderat,
2875 4968 3147 5036 redderet,
3173 4982 3516 5039 nequaquam
3545 4967 3648 5023 sibi
3674 4968 3740 5023 de
3766 4976 3966 5024 cetero
4011 4983 4105 5026 ec-

2514 5064 2817 5119 clesiastica
2864 5060 3039 5116 oliieia
3086 5060 3408 5115 celebraret.
3476 5059 3543 5113 Et
3596 5067 3851 5130 tanquam
3904 5059 4102 5133 lingua

2511 5154 2729 5209 vesania
2763 5167 2868 5207 non
2898 5152 3051 5221 plene
3079 5150 3372 5216 sufliceret,
3403 5150 3653 5203 manibus
3679 5157 3762 5204 est
3791 5164 3957 5204 ausus
4002 5164 4098 5204 ex-

2509 5246 2716 5309 cidere,
2748 5251 2805 5296 et
2849 5243 3024 5312 ipsum
3056 5241 3227 5295 altare
3270 5241 3437 5311 virgis
3480 5238 3771 5294 verberare
3816 5254 4102 5311 aggressus

2511 5345 2612 5391 est.
2653 5336 2792 5403 Quid
2832 5334 3028 5403 plura?
3057 5333 3216 5387 Mane
3246 5333 3333 5387 die
3374 5332 3563 5397 altero,
3588 5332 3785 5401 gallina
3832 5331 4013 5397 rediit,
4046 5340 4103 5386 et

2510 5430 2755 5499 exceptis
2811 5429 2931 5492 alis,
2974 5437 3027 5482 et
3076 5428 3274 5497 capite,
3326 5428 3576 5481 omnibus
3624 5426 3743 5479 aliis
3793 5425 4104 5494 deplumata

2512 5523 2725 5592 pennis,
2776 5522 2983 5577 nullum
3037 5522 3272 5576 lmsionis
3318 5521 3373 5575 in
3413 5529 3529 5575 toto
3559 5535 3786 5590 corpore
3814 5520 4101 5589 vestigium

2514 5614 2832 5683 reportavit,
2886 5623 2941 5668 ut
2985 5613 3193 5684 liquido
3241 5619 3661 5678 monstraretur,
3704 5611 3829 5679 quia
3877 5610 4101 5682 presby-

2516 5706 2617 5759 teri
2667 5705 2791 5761 iicct
2833 5706 3010 5761 insani
3061 5717 3219 5760 voces
3267 5704 3448 5759 divina
3505 5704 3679 5774 pietas
3720 5701 3942 5757 omnino
3993 5716 4102 5758 non

2516 5799 2764 5870 respuit,
2829 5799 2959 5857 dum
3025 5798 3081 5856 in
3148 5796 3267 5877 ejus
3332 5796 3629 5871 perniciem
3704 5792 3990 5853 devolandl
4037 5792 4103 5851 ii-
