5392 6494
1568 342 1814 402 OPUSC.
1859 341 1944 398 Vl.
1983 371 2055 384 -
2092 340 2299 399 LIBER
2338 340 2456 410 QUI
2495 341 2778 402 DICITUR
2817 344 3304 404 CRATISSIMUS.

4070 336 4174 396 150

886 467 1042 521 nitur.
1076 461 1157 519 Ex
1197 461 1499 519 adulterino
1524 477 1665 534 saepe
1694 461 1946 533 conjugio
1976 461 2203 532 pulchra
2245 460 2457 516 soboles
2483 460 2670 530 Ajam
2715 463 3037 520 seminantis
3077 464 3257 537 imago
3303 460 3464 535 digne
3510 460 3825 534 requiratur
3876 457 3931 513 in
3964 458 4171 525 fructu,

885 556 1133 621 nascitur,
1161 563 1217 611 et
1246 572 1313 612 ex
1343 556 1575 613 obscena
1616 554 1892 624 voluptate
1920 564 2204 625 parentum
2241 563 2459 626 Specta-

880 646 997 701 bilis
1031 647 1205 701 oritur
1250 648 1459 719 species
1507 646 1818 703 liberorum.
1870 647 2019 703 Alios
2057 647 2275 717 quidem
2322 646 2461 701 ﬁlios

881 736 1038 793 Jacob
1061 752 1128 792 ex
1154 736 1408 809 legitimis
1432 737 1693 792 uxoribus
1722 738 1942 808 genuit,
1989 737 2127 819 alios
2151 750 2217 793 ex
2261 752 2461 793 concu-

879 828 1117 884 binarum
1158 829 1342 885 servili
1379 828 1689 884 conditione
1733 831 1970 899 suscepit
1999 847 2014 886 :
2040 839 2096 885 at
2124 844 2245 885 cum
2275 831 2341 885 ad
2368 846 2462 886 ca-

878 923 1185 994 pessendam
1220 922 1589 977 haereditatem
1642 923 1858 992 utrique
1892 922 2245 992 perveniunt,
2298 922 2459 993 parili

878 1017 1015 1073 inter
1033 1033 1092 1074 se
1112 1015 1605 1073 distribuendarum
1629 1016 1856 1071 sortium
1872 1015 1994 1085 jure
2017 1017 2281 1073 ceduntur
2298 1015 2457 1089 (Gen.

875 1109 1029 1179 xxxi.
1066 1108 1270 1164 Phares
1300 1110 1368 1164 de
1405 1107 1720 1164 theristrata
1752 1116 1807 1162 et
1838 1108 2081 1178 exposita
2115 1110 2167 1163 in
2195 1110 2338 1164 bivio
2366 1124 2460 1163 na-

874 1201 1059 1268 scitur,
1089 1200 1184 1257 sed
1232 1217 1339 1257 non
1380 1200 1636 1255 minimus
1680 1200 1821 1255 inter
1878 1199 2241 1255 lsraelitarum
2298 1199 2457 1271 115

872 1293 1244 1362 cognationum
1274 1292 1544 1362 principes
1582 1292 1853 1348 invenitur
1886 1288 2037 1364 (Gen.
2068 1292 2321 1364 xxxvm).
2360 1291 2460 1347 Sa-

872 1379 1045 1437 lomon
1077 1396 1141 1437 ex
1176 1396 1273 1447 ea,
1307 1398 1427 1453 qua:
1461 1382 1563 1436 fuit
1604 1380 1769 1444 Uriae.
1813 1382 2158 1453 cognoscitur
2202 1382 2459 1438 habuisse

870 1475 1306 1546 principium,qui
1320 1486 1495 1531 tamen
1510 1476 1704 1548 regalis
1719 1478 1915 1547 sceptri
1934 1478 2104 1533 tenuit
2118 1477 2458 1546 incomparad

867 1566 1045 1621 bilitcr
1058 1568 1415 1638 principatum
1436 1566 1523 1639 (ΙΙ
1547 1567 1672 1639 Reg.
1697 1586 1761 1636 x;
1790 1569 1817 1622 I
1844 1570 1974 1624 Par.
2001 1571 2105 1642 tu).
2132 1570 2281 1627 Obed
2307 1577 2457 1626 certe

867 1672 934 1713 cx
964 1660 1104 1714 Ruth
1131 1658 1419 1716 Moabitide
1445 1661 1594 1716 duxit
1622 1662 1911 1733 originem,
1939 1662 2034 1718 sed
2059 1664 2333 1733 egregium
2366 1678 2454 1718 re-

868 1768 985 1825 gem
1014 1754 1200 1820 David,
1235 1769 1488 1824 magnum
1520 1755 1773 1812 videlicet
1819 1756 2017 1811 meruit
2057 1755 2258 1811 habere
2287 1771 2454 1826 nepo-

2561 552 2657 607 sed
2688 553 2824 618 sola,
2868 564 2929 608 ut
2971 555 3046 608 ita
3084 555 3339 619 dixerim,
3370 554 3595 610 seminis
3635 549 3942 608 similitudo
3983 564 4175 620 procc-

2563 645 2697 700 dat?
2735 646 2883 701 Dixit
2932 648 3094 701 etiam
3143 648 3470 703 animalibus
3516 646 3659 701 Deus
3694 662 3707 699 ;
3747 664 3765 697 ε
3796 642 4081 708 C;rescite,
4118 650 4174 696 et

2562 737 2997 807 multiplicamini
3038 738 3250 809 (ΝΜ).
3277 757 3296 791 ι
3329 737 3409 792 Ex
3449 736 3604 806 cujus
3632 736 3894 793 videlicet
3931 733 4174 790 eflicacia

2561 830 2736 895 verbi,
2768 838 2962 885 cuneta
2992 845 3163 900 usque
3202 844 3347 884 nunc
3377 838 3633 885 creantur
3662 825 3971 884 animantia
4012 844 4026 879 :
4065 840 4172 881 non

2562 931 2710 979 certe
2738 923 3112 993 principaliter
3140 938 3299 987 nova,
3332 922 3428 979 sed
3456 937 3523 978 ex
3559 922 3749 979 eodem
3788 917 4049 997 originali
4089 933 4176 975 sc-

2562 1015 2708 1070 mine
2736 1030 2832 1086 per
2863 1014 3138 1070 traducem
3163 1023 3481 1086 propagata.

2634 1106 2768 1160 Cum
2798 1105 2963 1176 igitur
2991 1104 3155 1160 verba
3185 1104 3296 1172 illa,
3322 1119 3443 1174 qua:
3469 1104 3727 1161 nimirum
3754 1095 3931 1163 semel
3958 1102 4172 1175 prolata

2562 1208 2709 1264 sunt,
2753 1206 2863 1252 tam
2909 1197 3261 1254 immobiliter
3286 1198 3489 1269 vigent,
3521 1199 3651 1269 quid
3681 1214 3749 1255 ex
3777 1198 3884 1257 illis
3912 1202 4174 1256 sacerdo—

2562 1291 2751 1347 taliom
2798 1290 3237 1347 benedictionum
3270 1290 3453 1346 verbis
3498 1298 3584 1345 est
3629 1290 4004 1355 sentiendum,
4049 1304 4173 1361 quae

2561 1396 2717 1438 sacra
2753 1397 2996 1453 prorsus,
3031 1390 3196 1451 atque
3226 1381 3407 1436 divina
3447 1381 3651 1439 idcirco
3692 1398 3909 1453 semper
3938 1384 3997 1439 in
4045 1397 4173 1452 pro-

2561 1473 2846 1530 movendis
2882 1473 3124 1529 exterius
3156 1482 3495 1543 repetuntur,
3529 1482 3589 1528 ut
3614 1474 3938 1546 mysterium
3969 1473 4171 1529 intrin-

2562 1581 2719 1623 secus
2744 1566 3076 1637 operentur?
3104 1565 3242 1620 Nam
3268 1580 3392 1622 cum
3418 1566 3582 1639 116
3614 1566 4014 1624 incantatorum
4046 1580 4171 1620 ver-

2560 1662 2645 1718 his
2695 1662 2873 1718 inesse
2920 1669 3069 1715 tanta
3112 1660 3287 1715 virtus
3331 1671 3629 1727 asseratur,
3677 1668 3737 1715 ttt
3779 1660 3860 1717 eis
3904 1669 4167 1732 tanquam

2560 1756 2831 1827 lapidibus
2864 1754 3080 1825 injectis
3120 1768 3345 1824 serpens
3388 1769 3645 1825 percussa
3675 1754 3991 1825 frangatur;
4033 1752 4167 1825 quid

868 1856 993 1902 tem.
1017 1847 1157 1903 Booz
1181 1862 1396 1917 quoque
1422 1847 1610 1903 Rahab
1636 1849 1892 1904 meretrix
1922 1848 2127 1919 genuit,
2150 1848 2242 1920 qui
2276 1856 2455 1903 tamen
2486 1848 2535 1909 B
2562 1849 2761 1904 mirum
2792 1849 2837 1903 si
2870 1846 3221 1904 sacerdotalis
3242 1847 3550 1903 benedictio
3577 1857 3980 1904 sacramentum
4021 1850 4075 1904 in
4104 1862 4166 1905 se

864 1936 918 1993 in
946 1938 1112 2010 regali
1154 1938 1451 1995 Dominica:
1479 1940 1807 2011 genealogizr.
1838 1941 2084 2012 catalogo
2115 1940 2317 1994 meruit
2345 1955 2451 1993 nu-

865 2031 1062 2085 merari
1077 2030 1295 2103 (Matth.
1318 2031 1381 2104 ι).
1400 2031 1562 2103 (Vide
1580 2034 1829 2105 scholia.)
1851 2035 1919 2089 Et
1938 2032 2066 2104 quid
2090 2033 2227 2088 alios
2250 2048 2455 2088 memo-

863 2122 1019 2176 rem?
1051 2123 1501 2193 Quandoquidem
1532 2134 1587 2181 et
1614 2125 1730 2197 ipse
1752 2126 1845 2181 Dei
1872 2126 2159 2191 mediator,
2190 2136 2245 2181 et
2280 2125 2453 2180 homi-

863 2229 1014 2282 num,
1028 2215 1482 2286 depeccatoribus
1503 2217 1769 2288 originem
1787 2218 2109 2283 duxit,etde
2129 2218 2453 2273 fermentata

860 2319 1039 2361 massa
1073 2305 1407 2362 sinceritatis
1455 2323 1703 2380 azymam
1754 2309 1960 2380 absque
2012 2310 2120 2365 ulla
2164 2308 2455 2365 vetustatis

857 2394 1150 2451 infectione
1195 2397 1434 2467 suscepit
1472 2412 1487 2451 :
1530 2399 1660 2465 imo,
1689 2408 1751 2454 ut
1792 2401 2100 2469 expressius
2141 2400 2340 2466 dicam,
2384 2416 2455 2457 ex

857 2482 974 2555 ipsa
1014 2498 1177 2541 carne
1208 2488 1467 2558 virginis,
1498 2504 1620 2559 quae
1662 2488 1730 2544 de
1775 2498 1999 2559 peccato
2044 2500 2305 2562 concepta
2349 2502 2452 2559 est,

857 2592 988 2635 caro
1027 2579 1146 2636 sine
1190 2588 1413 2652 peccato
1454 2582 1689 2652 prodiit,
1724 2597 1844 2653 quae
1889 2583 2032 2639 ultro
2070 2584 2234 2639 etiam
2272 2585 2455 2641 carnis

854 2682 1079 2741 peccata
1108 2673 1323 2730 delevit.

931 2762 1071 2830 Quid
1099 2779 1228 2836 ergo
1256 2766 1476 2834 mirum,
1504 2768 1552 2824 si
1590 2768 1766 2825 valida
1793 2783 1988 2826 manus
2022 2769 2257 2837 Domini,
2292 2780 2456 2843 atque

856 2854 925 2909 ad
946 2855 1301 2925 quodcunque
1325 2857 1577 2923 voluerit,
1600 2857 1809 2927 efIicax,
1837 2860 1941 2915 hoc
1962 2860 2125 2915 faciat
2148 2862 2199 2915 in
2226 2859 2455 2931 Spiritu,

855 2947 952 3017 qui
981 2946 1240 3015 vivilicat,
1273 2949 1417 3019 quod
1452 2965 1614 3022 agere
1656 2952 1917 3022 probatur
1956 2953 2122 3008 etiam
2164 2954 2219 3008 in
2263 2970 2455 3023 carne,

855 3054 980 3110 qua:
1011 3056 1119 3097 non
1156 3042 1379 3112 prodest
1419 3044 1752 3115 quidquam?
1797 3044 1981 3114 (Joan.
2014 3047 2115 3118 vt.)
2156 3045 2257 3115 Qui
2306 3048 2456 3103 enim

851 3130 1027 3198 facit,
1074 3142 1131 3188 ut
1176 3133 1397 3189 sinistra
1450 3135 1713 3207 principia
1761 3138 1829 3192 ad
1882 3136 2089 3195 faustos
2137 3141 2459 3210 proveniant

2558 1942 2778 1997 virtutis
2808 1941 3004 1997 divinae
3045 1941 3367 2007 contineat,
3405 1940 3549 1995 unde
3594 1940 3684 1996 ille
3726 1941 3983 1997 sacerdos
4008 1981 4023 2007 ,
4068 1941 4165 2013 qui

2558 2034 2829 2101 admotus,
2859 2040 2944 2088 est
2971 2031 3107 2087 fiat?
3144 2030 3400 2101 Nunquid
3438 2031 3584 2086 enim
3625 2032 3851 2102 majoris
3897 2043 4027 2087 sunt
4056 2033 4167 2087 vir-

2560 2125 2690 2180 tutis
2739 2122 3103 2180 incantatoria
3134 2122 3298 2178 verba
3325 2164 3340 2189 ,
3382 2136 3547 2192 quam
3584 2120 3676 2177 illa
3719 2120 3959 2177 efﬁcacia
4008 2137 4166 2192 pror-

2556 2234 2688 2284 sus,
2721 2226 2777 2275 et
2804 2217 3032 2289 mystica
3057 2256 3072 2283 ,
3122 2230 3188 2272 ac
3229 2215 3399 2271 divini
3426 2214 3667 2271 nominis
3694 2212 4041 2271 invocatione
4076 2231 4163 2271 sa-

2558 2319 2712 2365 crata
2728 2309 2752 2363 ?

3167 2396 3393 2455 CAPUT
3440 2396 3561 2453 XX.

2562 2514 2718 2581 Quod
2742 2530 2834 2589 per
2856 2514 3242 2589 Simoniacum,
3266 2523 3321 2568 ut
3351 2512 3582 2589 Spiritus
3610 2522 3825 2589 sanctus
3848 2515 3978 2589 dari
3997 2516 4166 2589 bapti-

2629 2587 2801 2640 zando
2851 2588 3043 2655 possit,
3086 2586 3443 2641 consecrando
3487 2601 3593 2640 non
3628 2588 3828 2657 possit,
3874 2587 4010 2643 ratio
4060 2586 4166 2644 non

2631 2657 2880 2711 admittit.

2630 2768 2767 2825 illud
2815 2784 2947 2825 sane
2993 2768 3327 2838 mirandum,
3361 2785 3461 2827 cur
3491 2779 3641 2827 tanta
3688 2771 3985 2829 stoliditate
4020 2771 4167 2829 desi-

2559 2862 2748 2932 piant,
2788 2861 2882 2931 qui
2934 2860 3275 2919 Simoniacos
3321 2861 3605 2934 baptizare
3648 2862 3940 2919 efﬁcaciter
3982 2878 4164 2935 posse,

2560 2969 2883 3010 consecrare
2905 2962 3086 3011 autem
3108 2955 3417 3012 nullatenus
3438 2972 3621 3028 posse,
3647 2959 3998 3029 impudenter
4022 2958 4167 3015 affir-

2560 3046 2753 3101 mant?
2795 3047 2859 3102 Et
2890 3062 3203 3117 quanquam
3235 3049 3301 3105 de
3346 3050 3451 3106 hoc
3490 3049 3608 3119 jam
3638 3051 3891 3121 superius
3922 3051 3995 3106 sit
4039 3051 4166 3107 hrc-

2561 3137 2701 3191 vitcr
2727 3138 3058 3207 diSputatum
3086 3176 3100 3202 ,
3151 3152 3259 3193 non
3307 3137 3405 3193 abs
3446 3154 3505 3195 re
3552 3140 3767 3195 videtur
3811 3142 3989 3197 adhuc
4035 3156 4167 3197 enu-

851 3226 1069 3290 exitus,
1100 3234 1155 3282 et
1202 3228 1304 3281 hoc
1346 3227 1400 3282 in
1446 3229 1609 3284 rebus
1656 3230 1841 3299 utique
1871 3231 2137 3297 terrenis,
2184 3232 2455 3301 quomodo
2483 3237 2529 3300 ο
2560 3228 2788 3285 elcatius
2822 3228 3219 3284 disserendum.
3263 3228 3538 3285 Ponamus
3567 3236 3697 3302 ergo
3724 3232 3779 3287 in
3812 3234 4049 3289 medium
4083 3233 4167 3289 Si-

850 3319 1160 3375 credendus
1181 3329 1266 3375 est
1289 3319 1521 3390 idipsum
1548 3323 1887 3392 propensiori
1916 3324 2318 3393 dispensatione
2349 3338 2453 3379 non

850 3428 1018 3484 agere
1068 3412 1124 3467 in
1173 3413 1545 3483 spiritualibus
1596 3416 1997 3470 sacramentis?
2042 3415 2309 3470 Nimirum
2363 3417 2456 3487 qui

848 3506 1103 3579 praecipit
1145 3504 1397 3563 arborem
1436 3507 1639 3563 sordidi
1670 3508 1992 3579 plantatoris
2018 3510 2230 3566 nescire
2270 3520 2457 3566 conta-

846 3600 1027 3671 gium,
1056 3615 1154 3655 cur
1184 3600 1348 3655 etiam
1393 3610 1622 3672 negetur
1650 3603 1718 3656 ab
1761 3603 1868 3668 his,
1903 3604 1993 3673 qui
2039 3612 2452 3670 consecrantur,

846 3709 1073 3749 onmem
1106 3694 1356 3750 scelerati
1393 3698 1795 3753 consecratoris
1827 3712 2053 3767 prorsus
2094 3698 2297 3755 habere
2338 3714 2457 3755 rea-

850 3785 1007 3842 tum?
1034 3786 1135 3853 Qui
1170 3802 1449 3843 manseres
1480 3803 1603 3844 cum
1647 3788 1932 3859 legitimis,
1963 3790 2281 3846 ancillarum
2314 3792 2455 3849 filios

844 3894 979 3936 cum
1016 3878 1298 3945 herilibus,
1325 3880 1379 3935 in
1408 3883 1741 3937 consortium
1772 3883 1917 3939 velut
1943 3885 2320 3942 naneiscendm
2344 3886 2455 3942 lue-

844 3975 1107 4033 reditatis
1133 3975 1381 4041 adscivit,
1413 3991 1514 4031 nec
1539 3976 1718 4046 aliqua
1748 3990 1843 4033 eos
1873 3978 1941 4032 ab
1970 3978 2054 4033 his
2084 3978 2455 4049 inaequalitate

842 4064 1145 4132 discrevit;
1176 4066 1302 4135 quid
1349 4067 1545 4121 mirum
1578 4068 1620 4122 si
1652 4077 1708 4121 ct
1733 4083 1847 4133 eos,
1883 4070 1973 4139 qui
2003 4086 2031 4124 a
2063 4072 2245 4140 pravis
2274 4086 2455 4128 sacer-

844 4159 1077 4215 dotibus
1107 4168 1235 4214 sunt
1273 4160 1551 4229 promoti,
1597 4177 1720 4216 cum
1768 4161 1832 4217 iis
1862 4163 2058 4229 simul,
2097 4165 2190 4234 qui
2222 4179 2253 4219 a
2297 4165 2455 4222 bonis

842 4252 1094 4309 ordinati
1136 4260 1292 4317 sunt,
1326 4253 1482 4323 parili
1508 4253 1671 4308 faciat
1711 4254 2062 4310 sacerdotalis
2083 4254 2244 4310 officii
2274 4257 2454 4327 digni-

844 4354 967 4400 tate
996 4344 1201 4414 potiri?
1229 4343 1382 4411 Quod
1412 4345 1568 4415 plane
1597 4361 1939 4417 nequaquam
1979 4346 2041 4401 ftt
2080 4362 2175 4417 per
2199 4349 2453 4403 meritum

841 4440 1250 4504 consecrantis,
1275 4440 1367 4494 sed
1394 4456 1491 4510 per
1516 4440 1737 4495 verbum
1766 4442 1945 4511 potius
1974 4442 2069 4496 Dei
2095 4443 2222 4505 vivi,
2254 4452 2307 4497 et
2332 4458 2455 4513 pcr-

842 4532 1149 4587 manentis.
1194 4531 1369 4587 Verbo
1415 4531 1648 4603 denique
1696 4532 1791 4589 Dei
1843 4533 2019 4588 Patris
2060 4534 2263 4589 dictum
2312 4544 2395 4590 est
2436 4552 2449 4589 :

2560 3323 2867 3378 moniacum
2898 3322 3269 3392 baptizantem
3297 3362 3312 3389 ,
3342 3321 3597 3378 eumdem
3645 3339 3863 3395 quoque
3893 3324 4167 3381 nihilomi-

2558 3429 2660 3469 nus
2692 3420 3146 3478 consecrantem,
3194 3423 3251 3469 et
3298 3412 3714 3478 discernamus,
3762 3415 3808 3470 si
3855 3430 4165 3486 possumus,

2558 3521 2682 3561 cum
2719 3506 3024 3576 baptismus
3049 3519 3147 3575 per
3175 3518 3301 3559 eum
3331 3504 3564 3560 traditus
3595 3506 3813 3574 valeat;
3851 3523 3950 3562 cur
3975 3524 4169 3566 consc-

2558 3598 2733 3653 cratio
2769 3597 2823 3652 in
2860 3598 3074 3651 irritum
3101 3595 3280 3662 cedat,
3306 3610 3371 3652 ac
3408 3597 3552 3652 sicut
3582 3597 3807 3667 dicitur,
3836 3602 4168 3657 sacramenti

2556 3689 2703 3744 vires
2746 3688 2997 3743 amittat?
3036 3687 3179 3743 Ecce
3224 3687 3303 3755 is,
3350 3688 3443 3757 qui
3493 3688 3777 3759 baptizat,
3820 3699 3945 3761 post
3989 3692 4170 3762 prima

2559 3782 2683 3837 fidei
2717 3783 3055 3847 rudimenta,
3083 3796 3204 3851 quae
3235 3783 3691 3839 catechumenum
3743 3785 3928 3841 docuit
3950 3825 3965 3852 ,
4009 3785 4169 3854 juxta

2558 3876 2945 3933 ecclesiasticae
2988 3877 3349 3933 institutionis
3376 3892 3583 3935 morem
3614 3894 3740 3935 mox
3768 3882 4044 3938 orationes
4078 3898 4170 3939 su-

2556 3984 2655 4040 per
2679 3984 2802 4024 eum
2831 3969 2980 4035 dicit,
3011 3983 3132 4038 qua:
3157 3967 3413 4024 videlicet
3456 3970 3509 4023 in
3551 3968 3655 4026 hoc
3698 3971 3875 4040 ipsum
3914 3974 4171 4031 sacerdo-

2561 4061 2651 4114 tali
2679 4068 2807 4115 sunt
2828 4060 3153 4116 auctoritate
3180 4062 3520 4131 compositae,
3543 4062 3730 4132 sicque
3752 4079 3851 4135 per
3874 4065 4168 4122 exorcismi

2558 4154 2790 4225 gratiam
2826 4154 3123 4224 malignum
3150 4154 3398 4221 hostem,
3428 4156 3522 4223 qui
3546 4166 3776 4213 eotenus
3805 4158 3859 4213 in
3886 4174 3951 4215 eo
3982 4168 4169 4233 tyran-

2560 4249 2740 4304 nidem
2770 4250 3097 4316 exercebat,
3131 4249 3391 4322 expellit,
3423 4260 3479 4306 et
3519 4250 3782 4321 Spiritum
3831 4254 4168 4324 paraeletum

2558 4339 2862 4396 invocando
2886 4340 2993 4412 piis
3031 4341 3084 4395 in
3110 4354 3232 4395 eum
3262 4341 3519 4412 precibus
3548 4342 3865 4399 introducit.
3904 4345 4011 4401 Sed
4038 4347 4169 4418 quid

2560 4432 2707 4486 aliud
2736 4432 2900 4486 etiam
2930 4441 3286 4488 consecrator
3312 4432 3461 4504 agit,
3506 4447 3671 4501 quam
3705 4436 3849 4504 quod
3892 4437 4169 4496 orationes

2561 4524 2913 4579 nihilominus
2946 4524 3175 4580 dicendo
3223 4524 3555 4589 eanonicas,
3596 4526 3848 4581 eumdem
3902 4526 4167 4597 Spiritum

848 4646 872 4680 ι
904 4627 1196 4683 Germinet
1224 4637 1364 4683 terra
1397 4628 1620 4683 herbam
1648 4630 1936 4694 virentem,
1962 4636 2015 4683 et
2043 4627 2335 4684 facientem
2364 4645 2453 4685 se-
2481 4604 2535 4665 D
2561 4624 2811 4671 53mm!“
2845 4628 3009 4685 super
3037 4629 3185 4680 eum:
3216 4614 3308 4685 (ιυῖ
3338 4614 3681 4686 provehitur.
3708 4615 3963 4671 ίηνοοειιε
4005 4627 4168 4691 atque

844 4735 1003 4787 men,
1048 4729 1103 4775 et
1142 4720 1345 4791 lignum
1398 4720 1719 4789 pomiferum
1767 4722 1972 4777 faciens
2018 4721 2254 4776 fructum
2298 4721 2453 4790 juxta

842 4831 1027 4888 genus
1058 4831 1214 4870 suum
1239 4814 1392 4888 (Gen.
1420 4815 1483 4887 ι).
1516 4835 1533 4867 ι
1562 4816 1627 4871 Et
1653 4830 1779 4872 ccce
1808 4818 1911 4871 hoc
1938 4817 2161 4871 verbum
2193 4818 2262 4871 ita
2294 4816 2455 4872 hodie

841 4917 1141 4980 permanet
1162 4908 1446 4975 illibatum,
1476 4917 1534 4963 ιιι
1556 4926 1895 4979 nequaquam
1920 4910 2287 4965 diversitatem
2312 4910 2457 4981 agri-

841 5003 1103 5058 colarum
1164 5002 1406 5057 imitetur
1451 5013 1744 5073 proventus
1792 5002 2104 5070 fructuum,
2158 5005 2252 5059 sed
2297 5004 2450 5073 juxta

841 5095 1282 5165 uniuscujusque
1337 5112 1506 5166 genus
1565 5097 1841 5167 proprium
1892 5114 2075 5153 semen
2126 5098 2178 5152 in
2244 5098 2451 5161 herbis,

841 5187 1138 5258 proprium
1169 5188 1475 5257 reperiatur
1505 5190 1557 5243 in
1589 5190 1784 5259 pomis.
1814 5188 1965 5255 Quod
1996 5188 2240 5259 profecto
2268 5204 2452 5245 semen

842 5296 1051 5337 rursus
1078 5289 1233 5337 terrae
1265 5282 1639 5348 committitur,
1664 5298 1727 5337 ac
1759 5283 2099 5351 postmodum
2134 5299 2240 5338 non
2276 5284 2457 5338 diver-

843 5387 1003 5436 sum,
1034 5372 1129 5426 sed
1173 5370 1325 5439 juxta
1358 5375 1439 5427 sui
1472 5375 1684 5444 generis
1727 5376 1961 5444 speciem
1992 5366 2351 5447 prmparaturl
2394 5376 2452 5430 Si

843 5478 989 5534 ergo
1018 5478 1085 5517 ex
1113 5462 1259 5518 verbi
1290 5463 1455 5519 divini
1484 5464 1704 5530 virtute,
1740 5478 1879 5520 terra
1900 5508 1914 5533 ,
1944 5468 2085 5537 qunti
2115 5469 2308 5538 accipit
2333 5510 2345 5534 ,
2384 5468 2451 5521 ad

842 5556 1109 5611 eamdem
1149 5556 1551 5611 similitudinem
1599 5557 1805 5623 reddit;
1853 5542 1981 5628 quid
2019 5559 2238 5623 mit-unt,
2276 5559 2319 5612 si
2367 5574 2452 5613 sa-

841 5644 1153 5701 cerdotalis
1189 5636 1277 5701 illa
1319 5647 1655 5715 benedictio,
1696 5665 1817 5719 qua:
1858 5658 2113 5719 tanqttatn
2162 5665 2345 5704 semen
2396 5650 2451 5704 in

842 5738 1172 5796 accedentis
1198 5739 1433 5793 animam
1452 5738 1677 5809 jacitur,
1705 5742 2065 5797 sacerdotium
2095 5757 2191 5813 per
2213 5740 2449 5797 afﬂatum

845 5833 1101 5905 Spiritus
1130 5833 1301 5888 sancti
1332 5828 1674 5891 invisibiliter
1696 5846 1974 5907 operetur,
2004 5845 2166 5908 atque
2194 5836 2313 5893 ideo
2344 5851 2450 5894 non

2560 4721 2618 4766 ut
2668 4712 2721 4765 in
2754 4727 2876 4767 eum
2924 4711 3255 4767 descendere
3303 4710 3581 4780 dignetur,
3611 4720 3838 4778 exorat;
3876 4713 3982 4768 nisi
4023 4714 4169 4784 quod

2560 4803 2736 4873 majus
2782 4803 2911 4873 quid
2961 4817 3058 4873 per
3100 4800 3467 4870 baptizantem
3515 4801 3711 4871 agitur,
3754 4817 3934 4873 quam
3968 4805 4021 4858 id
4072 4806 4165 4875 sit,

2559 4898 2703 4967 quod
2734 4912 2829 4968 per
2855 4894 3256 4951 consecratoris
3282 4890 3519 4948 officium
3549 4894 3876 4949 exhibetur?
3916 4895 4045 4952 Plus
4082 4908 4169 4954 est

2561 4989 2705 5044 enim
2739 4988 2997 5059 Spiritum
3030 4993 3281 5041 sanctum
3318 4985 3370 5041 in
3399 5001 3543 5051 eum,
3573 4986 3626 5039 in
3652 4996 3760 5057 quo
3786 4988 4028 5043 nondum
4051 4988 4170 5047 foe;

2557 5093 2664 5147 rat,
2696 5097 2835 5137 nova
2864 5081 3178 5153 dignatione
3208 5078 3561 5145 descendere,
3590 5094 3754 5149 quam
3777 5095 3933 5149 eum,
3959 5082 4046 5137 cui
4071 5096 4168 5154 per

2559 5176 2719 5231 fidem
2744 5174 2857 5243 jam
2890 5176 3089 5239 inerat,
3116 5173 3182 5228 ad
3212 5172 3509 5242 superioris
3538 5172 3740 5243 gratius
3762 5174 4010 5230 ordinem
4042 5190 4167 5245 pro-

2559 5284 2799 5325 movere.
2840 5268 2943 5323 Per
2965 5267 3357 5323 eatechizantis
3389 5282 3647 5338 namque,
3680 5269 3795 5323 sive
3836 5269 4167 5340 baptizantis

2558 5362 2792 5418 oﬂicium
2820 5372 2873 5418 et
2902 5362 3129 5433 spiritus
3160 5361 3471 5415 immundus
3507 5360 3818 5430 expellitur,
3851 5371 3908 5416 et
3941 5362 3991 5417 in
4024 5380 4166 5420 novo

2559 5458 2781 5511 homine
2827 5454 3134 5510 advenienti
3189 5453 3302 5508 Deo
3356 5453 3727 5509 habitaculum
3784 5468 4161 5526 praeparatur;

2561 5552 2704 5608 sicut
2750 5548 2999 5603 videlicet
3042 5546 3284 5615 ejusdem
3326 5546 3618 5602 exorcismi
3655 5547 3821 5603 verba
3875 5557 4163 5619 testantur,

2560 5645 2757 5716 quibus
2788 5659 2886 5713 per
2912 5640 3269 5710 adjuralionis
3309 5640 3597 5710 imperium
3628 5641 3695 5695 ad
3729 5641 3974 5713 iniquum
4006 5646 4166 5715 spiri-

2563 5748 2675 5793 tum
2707 5736 2904 5792 dicitur
2941 5752 2953 5789 :
2987 5733 3064 5788 Tu
3104 5742 3280 5787 autem
3320 5734 3576 5803 e/fugare,
3611 5734 3839 5801 diabole,
3880 5740 4163 5807 appropinv

2560 5828 2740 5905 quabit
2778 5828 2917 5884 enim
2947 5825 3219 5898 judicium
3258 5826 3395 5883 Dei-
3420 5826 3478 5881 In
3523 5825 4031 5886 consecrationibus
4069 5846 4162 5887 au-
