5392 6568
1487 600 1711 656 CAPUT
1741 600 1907 657 XXII.

911 700 1064 767 Quod
1093 714 1183 753 nec
1212 696 1494 753 Novatiam’
1518 697 1619 767 sint
1643 694 1968 767 deponendi;
1992 708 2083 747 nec
2104 692 2289 745 Ariani
2314 690 2484 743 denuo

1539 764 1858 833 baptizandi.

983 885 1088 941 Sed
1131 882 1239 954 iam
1292 894 1475 936 sacros
1513 894 1782 944 canones,
1825 894 1932 949 quo
1957 887 2115 934 vacat
2141 876 2484 948 compendio,

912 986 1313 1048 perscrutemur
1345 988 1360 1026 :
1388 982 1445 1028 et
1468 972 1596 1027 licet
1618 972 1902 1031 manifesta
1929 972 2220 1041 propositae
2240 972 2487 1040 qumstio-

910 1067 997 1124 nis
1024 1067 1215 1123 crebro
1244 1080 1347 1120 non
1375 1064 1680 1133 reperiatur
1705 1062 1883 1118 inesse
1916 1064 2211 1126 sententia,
2242 1064 2370 1131 quid
2402 1071 2485 1116 te-

912 1159 1144 1215 nendum
1174 1157 1263 1217 sit,
1297 1155 1616 1224 quibusdam
1661 1169 1844 1211 rerum
1875 1153 2256 1209 collationibus
2276 1170 2486 1224 appro-

910 1248 1113 1304 bemus.
1147 1245 1405 1301 Novimus
1430 1259 1660 1313 namque
1680 1243 1897 1301 Νίσαιηο
1925 1254 2186 1299 statutum
2214 1260 2337 1300 esse
2360 1260 2485 1299 con-

910 1338 1056 1402 cilio,
1088 1336 1533 1407 utCatliari,oqui
1563 1335 1630 1390 ad
1660 1335 1992 1391 Catholicam
2020 1345 2367 1393 revertuntur
2394 1338 2486 1392 Ec-

906 1429 1144 1495 clesiam,
1180 1430 1577 1500 impositionem
1621 1429 1955 1486 solummodo
1998 1446 2191 1485 manus
2221 1431 2486 1501 accipien-

907 1526 1008 1581 tes,
1040 1520 1092 1572 in
1121 1519 1233 1574 suis
1263 1518 1592 1588 recipiantur
1616 1519 1919 1576 ordinibus.
1950 1520 2061 1576 Cur
2084 1522 2210 1585 hoc,
2231 1522 2331 1576 nisi
2357 1523 2482 1590 quia

906 1609 1034 1665 illud
1072 1611 1449 1665 haereticorum
1495 1626 1665 1681 genus
1692 1612 1745 1666 in
1780 1614 2065 1669 catholicae
2094 1615 2215 1669 ﬁdei
2264 1615 2486 1683 integri-

908 1709 1016 1755 tate
1038 1701 1369 1772 persisteret.
1398 1700 1529 1755 licet
1557 1701 1610 1756 in
1643 1703 1961 1773 quibusdam
1992 1706 2111 1759 aliis
2143 1708 2485 1777 superstitio-

904 1790 1060 1846 nibus
1084 1791 1435 1846 oberrarent?
1480 1792 1675 1849 Notum
1727 1811 1961 1866 namque
2016 1799 2175 1870 119
2203 1810 2305 1860 est,
2340 1801 2482 1869 quod

901 1879 1162 1946 Novatus,
1202 1882 1355 1953 cujus
1386 1884 1422 1937 ii
1454 1886 1817 1953 sequebantur
1840 1903 2105 1954 errorem,
2143 1890 2481 1963 dogmatiza-

1687 485 1930 545 OPUSC.
1966 485 2053 541 Vl.
2084 512 2155 525 -—-
2186 480 2390 538 LIBER
2428 480 2547 548 QUI
2583 479 2862 536 DICITUR
2898 475 3377 535 GBATISSIMUS.

2512 604 2562 662 Α
2588 597 2894 666 reliquerit.
2916 598 3017 651 hoc
3040 598 3205 651 etiam
3234 596 3335 650 sub
3360 592 3600 663 ejusdem
3621 590 3815 647 litteris
3838 590 4170 648 inseramus.

4066 470 4172 528 I54

2590 686 2841 750 Arianos,
2876 687 3068 757 inquit,
3103 696 3436 754 exterasque
3477 683 3779 751 huiusmodi
3811 692 3992 751 pestes
4019 682 4174 741 dete-

2588 786 2798 841 stamur
2829 794 2843 831 :
2875 779 3001 848 quia
3032 792 3217 833 eorum
3262 776 3432 831 laicos
3459 790 3752 847 conversos
3783 775 3849 829 ad
3886 773 4174 833 Dominum

2589 871 2689 925 sub
2720 872 2955 942 imagine
3000 870 3352 941 poenitentiae,
3382 884 3447 925 ac
3472 868 3646 925 sancti
3674 868 3909 938 Spiritus
3936 866 4177 927 sanctiﬁ-

2587 962 2803 1017 catione
2843 976 2942 1031 per
2972 974 3164 1023 manus
3209 960 3611 1030 impositionem
3658 957 3986 1028 suscipimus
4022 973 4035 1011 :
4067 971 4173 1017 non

2585 1052 2799 1109 videtur
2824 1052 3049 1107 clericos
3071 1065 3257 1117 eorum
3286 1066 3412 1105 cum
3437 1051 3745 1112 sacerdotio
3771 1048 4055 1113 ministerii
4083 1063 4179 1103 cu-

2582 1143 2815 1214 iuspiam
2839 1144 3113 1213 suscipere
3135 1143 3475 1213 dignitatem.
3496 1141 3762 1209 Quoniam
3787 1141 3983 1211 quibus
3994 1134 4179 1197 solum

2587 1235 2916 1306 baptismum
2969 1245 3141 1290 ratum
3190 1249 3312 1291 esse
3356 1234 3743 1303 permittimus,
3772 1231 3863 1303 qui
3902 1232 4091 1302 utique
4122 1232 4177 1287 in

2589 1331 2812 1387 nomine
2841 1327 3042 1394 Patris,
3075 1338 3129 1382 et
3152 1328 3297 1393 Filii,
3327 1337 3384 1383 et
3406 1325 3641 1397 Spiritus
3668 1325 3842 1381 sancti
3872 1323 4173 1396 perficitur,

2587 1439 2687 1480 nec
2714 1432 2960 1478 sanctum
2989 1420 3251 1491 Spiritum
3284 1435 3377 1476 eos
3407 1418 3608 1474 habere
3646 1432 3711 1472 ex
3744 1415 3835 1471 illo
3863 1430 4053 1472 eorum
4080 1414 4178 1470 ba-

2585 1517 2875 1586 ptismate,
2924 1513 3138 1582 illisque
3185 1510 3458 1584 mysteriis
3503 1509 3872 1565 arbitramur?
3917 1506 4177 1579 quoniam

2586 1622 2709 1662 cum
2738 1623 2766 1659 a
2813 1604 3079 1661 catholica
3130 1604 3236 1659 ﬁde
3283 1617 3477 1658 eorum
3523 1612 3774 1657 auctores
3813 1599 4174 1663 discederent,

2587 1700 2977 1771 perfectionem
3008 1697 3261 1767 Spiritus.
3288 1710 3450 1765 quam
3479 1705 3823 1763 acceperant,
3847 1695 4173 1757 amiserunt,

2586 1807 2685 1847 nec
2715 1791 2844 1844 dare
2874 1789 2990 1859 ejus
3018 1787 3406 1860 plenitudinem
3438 1796 3685 1857 possunt,
3715 1801 3835 1856 quae
3864 1784 4099 1841 maxime
4123 1784 4175 1838 in

2587 1883 3023 1939 ordinationibus
3076 1890 3374 1950 Operatur;
3433 1879 3693 1947 quoniam
3739 1894 3839 1948 per
3888 1874 4181 1946 impietatis

900 1982 1073 2037 verat,
1104 1989 1280 2043 neque
1314 1975 1542 2048 bigamis
1568 1979 1991 2045 communicare,
2026 1998 2199 2052 neque
2223 1984 2273 2038 in
2302 2000 2484 2054 perse—
2512 1955 2560 2014 Β
2588 1991 2698 2030 sua?
2744 1974 3024 2045 Perﬁdiam

2050 1998 2199 2052 teque
2223 1955 2273 2038 in
2302 2000 2484 2054 perse—
2512 1955 2560 2014 Β
2588 1991 2698 2030 suae
2744 1974 3024 2045 perﬁdiam
3073 1973 3250 2042 potius
3303 1972 3463 2043 120
3508 1986 3670 2040 quam
3718 1969 3878 2061 ﬁ’dem
3926 1968 4179 2061 dixerim,

899 2063 1121 2119 cutione
1146 2064 1329 2135 lapsis,
1358 2067 1519 2122 etiam
1545 2078 1662 2138 post
1691 2070 2086 2139 paenitentiam,
2113 2076 2325 2129 veniam
2353 2077 2482 2132 dare

897 2162 1165 2221 Oportere.
1212 2154 1268 2210 Si
1310 2171 1438 2227 ergo
1467 2165 1521 2211 et
1548 2158 1627 2221 bi,
1658 2160 1750 2229 qui
1778 2158 1889 2229 jam
1932 2164 1999 2218 ab
2030 2163 2115 2218 his
2155 2176 2281 2221 sunt
2311 2167 2481 2221 htere«

901 2245 1022 2301 ticis
1052 2248 1307 2314 ordinati,
1331 2264 1668 2319 nequaquam
1693 2268 1791 2309 suo
1821 2265 1947 2309 sunt
1976 2258 2183 2315 honore
2208 2262 2477 2330 privandi,

901 2339 973 2393 ob
1004 2338 1053 2392 id
1083 2339 1307 2405 scilicet,
1340 2342 1465 2411 quia
1493 2357 1684 2399 eorum
1710 2356 2121 2405 eonsecratores
2150 2352 2203 2405 in
2236 2352 2341 2408 ﬁde
2371 2370 2480 2409 non

897 2424 1149 2493 titubant,
1180 2431 1307 2499 quid
1334 2431 1401 2485 de
1431 2430 1867 2490 Simoniacorum
1898 2438 2331 2497 ordinationibus
2357 2457 2481 2497 scu-

896 2518 1159 2587 tiendum,
1192 2521 1285 2591 qui
1329 2530 1385 2577 et
1420 2524 1604 2579 omnia
1650 2524 1766 2582 fere
1812 2526 2172 2586 institutionis
2224 2533 2481 2589 ecclesia-

897 2610 1050 2665 sticae
1075 2608 1200 2679 jura
1226 2617 1592 2670 conservant?

967 2703 1039 2757 At
1086 2703 1335 2762 fortassis
1371 2709 1625 2779 objicitur
1652 2714 1779 2785 quia
1813 2715 2108 2775 Simoniaei
2140 2736 2480 2792 nequaquam
2518 2754 2519 2757 η

896 2803 1023 2849 sunt
1054 2796 1106 2850 in
1135 2796 1238 2853 ﬁde
1265 2798 1509 2869 perfecti,
1539 2804 1793 2863 nimirum
1816 2820 2108 2881 peccantes
2137 2813 2190 2867 in
2220 2813 2481 2884 Spiritum

897 2896 1167 2953 sanctum,
1218 2907 1379 2960 quem
1428 2895 1763 2953 arbitrantur
1806 2905 2052 2970 pecuniis
2103 2908 2478 2962 coemendum.

893 2974 978 3031 Ad
1002 2978 1143 3048 quod
1175 2979 1332 3035 facile
1378 2986 1789 3057 respondemus,
1830 2992 1955 3062 quia
1985 2994 2031 3049 si
2079 2996 2196 3052 huic
2224 2997 2483 3055 districta

894 3080 1139 3122 censura:
1183 3068 1456 3125 subtilitas
1506 3082 1784 3145 teneatur,
1838 3081 2002 3137 etiam
2062 3084 2115 3139 in
2169 3085 2484 3143 Novatianis

893 3164 1084 3250 cotitra
1115 3157 1374 3229 Spiritum
1419 3176 1666 3222 sanctum
1694 3170 2104 3240 quodammodo
2139 3178 2292 3247 culpa
2322 3180 2485 3250 perﬁ-

892 3244 997 3301 dia:
1028 3250 1316 3317 reperitur.
1350 3251 1484 3310 Nam
1514 3272 1635 3313 cum
1665 3276 1762 3331 per
1792 3262 2058 3333 Spiritum
2094 3244 2362 3332 sanetum,
2389 3270 2478 3338 qui

890 3348 978 3394 est
1015 3343 1266 3399 remissio
1293 3356 1657 3416 peccatorum,
1687 3355 1844 3409 venia
1874 3358 2267 3426 pmnitentibus
2292 3377 2482 3416 conce-

891 3426 1083 3497 datur,
1130 3441 1344 3493 constat
1368 3438 1553 3507 procul
1603 3441 1767 3497 dubio
1828 3446 1955 3516 quia
1995 3458 2179 3503 contra
2220 3449 2481 3521 Spiritum

889 3531 1140 3578 sanctum
1190 3536 1423 3597 pugnat,
1468 3531 1557 3601 qui
1609 3532 1777 3605 lapsis
1825 3552 1922 3608 per
1961 3542 2335 3609 paenitentiam
2374 3560 2479 3599 non

888 3615 1278 3671 communicat.
1310 3617 1415 3673 Sed
1449 3621 1594 3675 aliud
1623 3634 1709 3678 est
1735 3627 1786 3678 in
1828 3627 1931 3681 ﬁde
1960 3645 2205 3699 peccare,
2232 3632 2375 3687 aliud
2400 3643 2480 3688 est

889 3715 919 3753 a
959 3702 1062 3757 ﬁde
1092 3706 1366 3762 recedere.
1398 3709 1575 3766 Aliter
1605 3729 1799 3784 nempe
1831 3718 2235 3789 redarguendus
2262 3735 2344 3778 est
2374 3727 2478 3780 mi-

887 3792 991 3858 les,
1020 3796 1110 3864 qui
1152 3798 1204 3851 in
1235 3798 1361 3855 belli
1395 3802 1734 3861 conﬂictibus
1773 3812 2047 3868 enerviter
2071 3815 2290 3882 cecidit,
2324 3818 2482 3875 aliter

890 3884 984 3939 ille
1007 3886 1343 3957 plectendas,
1370 3894 1460 3963 qui
1492 3894 1754 3965 abjnratis
1781 3902 1985 3958 militia:
2013 3909 2387 3972 sacramentis,
2412 3910 2479 3963 ad

886 3978 1127 4034 hostium
1142 3994 1321 4039 castra
1341 3986 1617 4043 dedititius
1640 3992 1949 4065 transfugit.
1970 3996 2087 4053 Non
2109 3999 2298 4055 eadem
2321 4016 2479 4057 servo

883 4080 1047 4140 penna
1081 4073 1328 4142 debetur,
1355 4078 1445 4147 qui
1495 4079 1546 4133 in
1595 4081 1906 4140 domesticis
1952 4087 2114 4142 rebus
2142 4092 2240 4143 sub
2271 4092 2478 4147 domini

884 4162 971 4217 sui
1006 4164 1230 4234 imperio
1267 4178 1473 4237 peccat,
1501 4184 1555 4227 et
1594 4172 1690 4238 illi,
1725 4176 1815 4244 qui
1847 4176 2037 4249 jngum
2071 4183 2348 4237 servitutis
2378 4200 2475 4240 ex-

886 4251 1080 4316 cussit,
1114 4270 1178 4311 ac
1218 4255 1309 4326 jus
1358 4271 1635 4320 extraneae
1666 4266 2049 4324 dominationis
2099 4271 2281 4342 elegit.
2325 4273 2477 4331 Licet

885 4343 1034 4397 enim
1068 4347 1151 4401 isti
1205 4349 1258 4403 in
1306 4353 1491 4423 regula
1524 4355 1649 4411 ﬁdei
1679 4372 1743 4413 ex
1777 4358 1961 4430 aliquo
2004 4362 2287 4429 videantur
2315 4365 2477 4422 oﬁ'en-

884 4434 1041 4502 dere,
1072 4453 1178 4495 non
1208 4448 1388 4498 tamen
1416 4453 1660 4515 eatenus,
1708 4457 1766 4504 ut
1808 4450 2070 4521 Spiritum
2115 4465 2363 4511 sanctum
2395 4474 2477 4513 ar-

884 4530 1085 4598 guendi
1131 4533 1239 4587 sint
1283 4535 1535 4594 haeretica
1577 4542 1847 4609 pravitate
1888 4559 2109 4617 negare.
2148 4546 2328 4617 Atque
2355 4550 2475 4605 ideo

2587 2066 2972 2138 perdiderunt;
3010 2079 3109 2119 nec
3136 2062 3257 2117 ﬁeri
3282 2072 3481 2133 potest,
3509 2072 3568 2116 ut
3591 2078 3778 2117 eorum
3810 2060 4070 2130 profanos
4097 2075 4185 2115 sa-

2587 2161 2837 2217 cerdotes
2867 2159 3061 2229 dignos
3088 2156 3294 2211 Christi
3335 2153 3635 2209 honoribus
3665 2153 4015 2216 arbitremur,
4048 2167 4183 2221 quu-

2586 2264 2706 2304 rum
2740 2249 2908 2303 laieos
2940 2242 3317 2316 imperfectos,
3368 2254 3433 2299 ut
3475 2244 3611 2309 dixi,
3640 2244 3705 2297 ad
3737 2243 3911 2298 sancti
3945 2240 4183 2310 Spiritus

2583 2339 2989 2410 percipiendam
3029 2339 3258 2408 gratiam
3305 2352 3427 2391 eum
3456 2333 3792 2406 pmnitentiae
3823 2333 4057 2403 imagine
4093 2348 4177 2388 re-

2584 2430 2871 2500 cipiamus.
2922 2430 2978 2484 ln
3029 2429 3228 2500 quibus
3273 2426 3536 2482 nimirum
3583 2423 3949 2479 decretalibus
3998 2423 4184 2480 verbis

2584 2523 2872 2580 manifeste
2899 2523 3059 2577 datur
3081 2520 3331 2591 intelligi.
3363 2521 3491 2589 quia
3519 2518 3574 2573 in
3610 2516 4039 2588 promotionibns
4070 2516 4184 2571 cle-

2585 2615 2843 2679 ricorum,
2877 2630 2984 2675 non
3018 2613 3292 2668 immerito
3336 2611 3473 2690 ﬁdes
3510 2608 3817 2679 ordinantis
3860 2607 4184 2678 attenditur,

2584 2720 2652 2760 ex
2681 2721 2785 2775 qua
2816 2706 3070 2759 videlicet
3113 2705 3331 2775 pendet,
3372 2711 3433 2758 ut
3458 2700 3733 2769 ordinatio
3759 2701 3872 2781 ipsa
3900 2700 4015 2755 sive
4040 2710 4185 2767 rata,

2592 2798 2708 2853 sive
2738 2797 2890 2851 irrita
2912 2797 3208 2867 judicetur.
3258 2797 3414 2863 Quod
3460 2796 3606 2850 enim
3635 2800 3786 2850 tenet
3816 2793 4101 2857 ordinator
4128 2794 4183 2849 in

2587 2888 2713 2951 ﬁde,
2739 2887 2936 2957 accipit
2958 2887 3243 2945 ordinatus
3270 2888 3325 2942 in
3357 2900 3607 2941 munere.
3633 2884 3924 2939 Enimvero
3948 2885 3993 2939 si
4020 2885 4181 2940 Aria-

2586 2980 2672 3035 nis
2691 2989 2835 3035 recta
2866 2978 2999 3034 ﬁdes
3027 2979 3249 3044 inesset,
3276 2979 3491 3034 etiamsi
3520 2993 3613 3033 eos
3640 2977 3929 3046 cujuslibet
3954 2978 4185 3035 diversas

2583 3072 2868 3143 pravitatis
2892 3088 3049 3128 error
3075 3070 3387 3132 involvcrit,
3416 3069 3559 3125 facta
3591 3070 3731 3140 apud
3772 3086 3864 3126 eos
3892 3086 4183 3149 consecra-

2588 3165 2662 3218 tio
2690 3180 2795 3219 non
2825 3165 3045 3233 periret.
3079 3161 3242 3235 (Vide
3264 3162 3454 3233 scltol.)
3489 3161 3589 3218 Ubi
3633 3163 3951 3228 notandum,
3978 3173 4184 3234 quanta

2588 3258 2911 3313 invocationi
2940 3258 3108 3312 divini
3144 3258 3378 3313 nominis
3405 3257 3713 3313 reverentia
3741 3257 4025 3331 debeatur,
4053 3276 4179 3317 cum

2588 3358 2643 3404 et
2665 3350 2731 3402 ab
2758 3350 2837 3404 eis
2865 3349 3144 3421 baptizati,
3175 3364 3313 3418 quos
3342 3357 3452 3404 tam
3480 3350 3709 3420 perﬁda,
3738 3358 3799 3404 ut
3826 3350 3897 3405 ita
3926 3350 4181 3421 dixerim,

2588 3438 2724 3492 ﬁdes
2754 3438 3014 3503 damnat,
3060 3438 3386 3508 rebaptizari
3434 3446 3619 3493 tamen
3662 3438 3884 3493 omnino
3925 3456 4030 3496 non
4081 3458 4183 3497 au-

2586 3529 2766 3583 deant.
2810 3527 2943 3582 Nam
2971 3529 3098 3598 quia
3130 3537 3383 3584 auctores
3412 3541 3628 3594 eorum,
3671 3536 3733 3585 ut
3760 3528 3984 3599 dicitur,
4015 3530 4177 3588 ﬁdem

2586 3630 2793 3675 rectam
2821 3635 2927 3674 non
2955 3620 3265 3676 habuerunt
3308 3620 3376 3679 ad
3422 3620 3827 3697 percipiendam
3853 3622 4027 3679 sancti
4056 3623 4182 3697 Spi-

2584 3712 2723 3765 ritus
2754 3710 3012 3781 gratiam,
3042 3711 3237 3766 manus
3265 3710 3371 3766 illis
3400 3711 3731 3781 imponitur;
3784 3714 3912 3784 quia
3960 3730 4091 3793 vero
4122 3716 4178 3772 in

2586 3823 2783 3876 aquam
2831 3816 2961 3862 sunt
3004 3810 3105 3863 sub
3151 3808 3495 3865 invocatione
3522 3817 3727 3863 sancta:
3752 3807 4037 3866 Trinitatis
4068 3812 4175 3866 im-

2583 3897 2767 3959 mersi,
2799 3914 2904 3953 non
2934 3907 3062 3953 sunt
3103 3899 3279 3954 denuo
3323 3900 3658 3969 baptizandi.
3689 3899 3823 3973 Cum
3851 3900 4035 3979 itaque
4062 3901 4181 3960 sola

2585 3992 2702 4046 sine
2731 3990 2834 4047 fide
2863 3992 3029 4048 verba
3075 3992 3176 4048 sub
3225 3993 3483 4049 haeretica
3532 3992 3862 4071 Arianorum
3913 3998 4182 4067 supersti-

2582 4083 2729 4138 tione
2756 4084 2987 4155 prolata,
3019 4101 3126 4141 non
3155 4087 3389 4141 audeant
3420 4086 3573 4141 irrita
3594 4083 3852 4155 iudicari,
3880 4104 3987 4159 quo
4013 4100 4175 4161 pacto

2582 4174 3017 4234 Simoniacorum
3042 4180 3384 4236 consecratio
3411 4182 3579 4237 robur
3604 4197 3713 4237 non
3738 4184 3954 4249 habeat,
3986 4184 4039 4240 in
4064 4200 4176 4257 qua

2581 4286 2707 4325 cum
2740 4271 2875 4338 fide,
2921 4281 2976 4327 et
3021 4280 3217 4328 caetera
3262 4272 3628 4330 observantiae
3676 4275 3943 4348 regularis
3991 4292 4176 4335 sacra-

2580 4372 2762 4418 menta
2789 4365 3159 4419 concordant?

3147 4453 3377 4511 CAPUT
3418 4454 3606 4512 XXIII.

2582 4546 2737 4613 Quod
2767 4547 3173 4602 consecrationis
3196 4544 3413 4617 e/iectus
3439 4549 3563 4617 ﬁdei
3594 4548 3781 4603 nititur
3803 4550 4169 4619 fundamento.

883 4634 1013 4728 cum
1050 4634 1413 4695 revertuntur,
1438 4632 1694 4700 quoniam
1734 4646 2115 4703 peccaverunt,
2152 4655 2345 4695 manus
2368 4642 2473 4700 illis
2502 4668 2552 4728 ι)
2652 4636 2729 4691 De
2754 4636 3012 4691 ουηπῑίϐιῖ

2044 4646 2115 4702 nt,
2152 4655 2345 4695 manus
2368 4642 2473 4700 illis
2502 4668 2552 4728 υ
2652 4636 2729 4691 De
2754 4636 3050 4692 Donatistis
3079 4652 3296 4707 quoque
3322 4640 3575 4694 novimus
3602 4640 3759 4709 (Aue.
3786 4650 3968 4694 contra
3993 4640 4173 4698 Cresc.

883 4709 1266 4782 imponuntur;
1319 4720 1444 4789 quia
1492 4736 1623 4777 vero
1659 4725 1881 4780 minime
1909 4740 2263 4800 negaverunt,
2295 4748 2474 4789 sacer-

881 4800 1081 4859 dotalis
1104 4808 1302 4877 gradus
1322 4810 1501 4865 ofﬁcio
1524 4827 1629 4867 non
1653 4816 1952 4884 privantur.
1970 4820 2040 4872 At
2059 4830 2247 4875 contra
2262 4824 2469 4891 Ariani,

884 4893 981 4963 qui
1017 4895 1277 4953 adversus
1312 4898 1549 4970 Spiritus
1595 4907 1770 4961 sancti
1814 4908 2148 4968 divinitatem
2182 4913 2469 4971 manifesta

882 4998 1112 5055 prorsus
1159 4988 1440 5059 impietate
1488 4996 1809 5067 conﬂigunt,
1859 5001 1925 5054 ad
1956 5003 2275 5059 catholicam
2307 5006 2466 5062 ﬁdem

881 5077 1195 5145 redeuntes,
1233 5082 1285 5136 in
1319 5083 1442 5138 mali
1478 5088 1686 5158 accepti
1727 5091 1933 5149 ordinis
1981 5096 2274 5163 persistere
2302 5099 2469 5169 digni-

884 5173 1000 5222 tate
1024 5184 1129 5223 non
1160 5183 1401 5241 possunt.
1431 5175 1669 5239 Credunt
1705 5182 1870 5249 enim,
1912 5182 2051 5239 sicut
2088 5200 2277 5248 eorum
2308 5191 2469 5247 sacri-

886 5253 1010 5321 lega
1046 5254 1309 5325 professio
1347 5261 1680 5330 manifestat,
1709 5268 1852 5336 quod
1897 5266 2061 5325 Pater
2106 5282 2323 5329 creator
2373 5276 2465 5341 sit,

883 5343 1056 5401 Filius
1085 5358 1352 5413 creatura,
1395 5348 1656 5421 Spiritum
1695 5373 1825 5415 vero
1871 5372 2121 5418 sanetum
2163 5377 2466 5421 creaturam

884 5449 1148 5497 creatura:
1175 5442 1551 5501 damnabiliter
1579 5462 1912 5511 asseverant.
2388 5436 2389 5439 Ἴ

959 5530 1095 5598 Quia
1124 5533 1287 5605 igitur
1324 5536 1581 5594 virtutem
1627 5544 1798 5602 sancti
1845 5545 2080 5615 Spiritus
2112 5548 2166 5604 in
2212 5548 2316 5615 ﬁde
2358 5567 2466 5609 non

883 5620 1110 5687 habent,
1136 5638 1241 5693 qua
1286 5625 1725 5687 videlicetomnis
1754 5634 2007 5692 Ecclesiae
2029 5638 2305 5710 dignitatis
2334 5644 2468 5700 ordo

882 5712 1187 5782 perﬁcitur,
1218 5717 1356 5785 apud
1392 5734 1485 5796 eos
1531 5718 1669 5777 facta
1717 5726 1991 5783 ordinatio
2019 5732 2300 5787 canonicis
2348 5748 2467 5790 san-

884 5802 1159 5859 ctionibus
1192 5805 1345 5861 irrita
1378 5806 1671 5877 iudicatur.
1713 5814 1818 5870 Sed
1850 5833 1954 5873 non
1984 5819 2082 5875 abs
2109 5836 2170 5875 re
2198 5821 2316 5877 ﬁeri
2351 5838 2469 5880 cre-

882 5893 1083 5964 dimus,
1112 5894 1159 5952 si
1175 5896 1304 5968 quid
1325 5898 1393 5956 de
1413 5899 1481 5958 iis
1503 5900 1557 5958 in
1583 5903 1697 5961 suis
1707 5904 1949 5966 Decretis
1963 5909 2309 5973 Innocentius
2328 5929 2469 5989 papa

2577 4743 2747 4798 gram.
2776 4769 2790 4794 ,
2836 4728 2929 4783 lib.
2956 4744 3016 4794 ll,
3045 4744 3096 4784 c.
3133 4728 3211 4799 9.)
3270 4728 3688 4800 Carthaginensi
3732 4731 3960 4786 concilio
4007 4732 4177 4791 fuisse

2577 4833 2920 4884 concessum,
2962 4827 3022 4873 ut
3050 4834 3173 4874 cum
3214 4820 3281 4874 ad
3305 4819 3568 4875 unitatem
3596 4820 3922 4876 catholicam
3948 4824 4177 4893 quilibet

2575 4925 2763 4964 eorum
2809 4910 2987 4965 redire
3031 4912 3381 4980 disponeret,
3431 4910 3481 4967 si
3527 4911 3631 4966 hoc
3682 4913 3800 4981 paci
3851 4911 4175 4972 Christianae

2574 5000 2833 5070 prodesse
2870 5001 3186 5065 videretur,
3240 5017 3365 5057 cum
3410 5016 3510 5058 suo
3560 5002 3899 5073 reciperetur
3942 5004 4168 5061 honore.

2579 5092 2731 5149 Sicut
2758 5102 2937 5149 autem
2971 5095 3024 5149 in
3051 5093 3289 5165 generali
3335 5094 3614 5151 haereseon
3646 5098 4055 5153 enumeratione
4085 5099 4171 5153 di-

2576 5184 2827 5251 dicimus,
2859 5185 3154 5241 Donatista:
3180 5200 3287 5240 non
3318 5185 3610 5242 admodum
3659 5196 3788 5242 sunt
3831 5186 3956 5244 ﬁdei
3985 5205 4175 5246 errore

2579 5277 2837 5337 traducti.
2870 5277 2964 5332 sed
3009 5277 3131 5331 irati
3180 5277 3383 5346 potius,
3419 5278 3546 5348 quia
3593 5276 3919 5333 Caecilianus
3947 5280 4173 5351 quidam

2578 5378 2769 5423 eontra
2796 5382 2986 5423 eorum
3013 5378 3197 5423 votum
3224 5367 3281 5425 in
3305 5367 3724 5440 Carthaginensi
3768 5370 4172 5429 inthronizatus

2576 5460 2650 5517 sit
2677 5461 2828 5526 sede,
2856 5461 3094 5518 schisma
3129 5459 3393 5522 feceram.
3433 5472 3489 5517 et
3520 5462 3593 5518 ab
3619 5462 3990 5523 ecclesiastica
4020 5479 4170 5521 com-

2576 5554 2837 5608 munione
2879 5552 3091 5623 praacisi
3133 5561 3262 5608 sunt
3309 5569 3322 5604 :
3367 5561 3426 5608 et
3458 5568 3770 5624 quanquam
3816 5562 4035 5611 certum
4078 5555 4173 5623 sit,

2575 5642 2719 5712 quod
2751 5640 3014 5712 Spiritum
3061 5650 3333 5709 sanctum,
3361 5642 3469 5698 nisi
3513 5643 3655 5699 intra
3699 5653 3943 5699 sanctam
3981 5644 4171 5703 Eccle-

2577 5733 2713 5790 siam
2761 5732 3084 5790 catholicam
3131 5748 3290 5789 nemo
3336 5734 3511 5805 possit
3549 5733 3845 5804 accipere:
3885 5734 4029 5804 apud
4078 5749 4175 5793 eos

2575 5833 2756 5881 tamen
2787 5825 3017 5897 quilibet
3049 5824 3357 5893 ordinatus.
3390 5826 3437 5882 si
3462 5825 3583 5897 paci
3626 5827 3731 5884 hoc
3760 5826 4030 5894 consulat,
4062 5843 4173 5886 non

2573 5914 2825 5989 printer
2846 5915 3078 5987 honore,
3100 5914 3230 5990 quia
3268 5926 3589 5991 perseverat
3611 5917 3667 5976 in
3706 5916 3834 5975 ﬁde.
3876 5916 4013 5976 Cum
4040 5933 4173 5993 ergo
