5392 6430
921 390 1010 451 ητ
1690 383 1937 445 ‘OPUSC.
1969 378 2057 441 Vl.
2083 413 2153 426 -
2179 382 2383 440 LIBER
2423 379 2541 449 QUI
2580 376 2856 437 DICITUR
2888 374 3375 435 GRATISSlMUS.

2514 496 2561 553 Α
2590 489 2915 546 detrimenta
2948 499 3260 556 senserunt,
3291 487 3603 546 declarante
3623 484 3725 545 hoc
3751 488 3927 559 ipsum
3952 488 4187 546 Domino

1476 494 1702 554 CAPUT
1740 495 1911 551 XXV.

922 590 1063 660 Quod
1093 584 1159 645 ait
1188 590 1363 662 impiis
1393 606 1528 659 swpe
1554 588 1814 643 htrreticis
1833 586 2116 662 “ordinati,
2166 602 2198 639 a
2226 583 2336 638 suis
2382 598 2490 638 non

1392 668 1754 713 removeantur
1780 658 1983 728 ofﬁciis.

980 767 1111 836 Quid
1140 769 1338 831 dicam.
1369 767 1511 837 quod
1534 781 1601 821 ex
1629 766 1737 830 his,
1767 766 1859 834 qui
1887 767 1954 820 ab
1982 762 2322 834 impiissimis
2351 771 2482 817 sunt

915 856 1176 914 hmrcticis
1218 856 1449 912 ordinati
1492 854 1860 911 ecclesiastica
1905 854 2154 908 videatur
2197 852 2488 907 subvenire

913 948 1219 1013 auctoritas,
1247 956 1302 1002 et
1329 947 1383 1001 in
1426 945 1831 1017 promulgandis
1866 959 2032 1014 super
2060 944 2165 999 hac
2207 944 2486 1014 discepta‘

913 1036 1298 1106 tionejudiciis,
1326 1051 1431 1091 non
1458 1046 1566 1091 tam
1590 1044 1829 1099 veterem
1853 1033 2137 1105 perfidiam
2158 1048 2484 1103 promoven-

912 1126 1057 1192 tium,
1080 1141 1239 1195 quam
1262 1141 1457 1180 novam
1487 1125 1669 1190 fidem,
1695 1134 1749 1179 et
1773 1124 2205 1193 resipiscentiam
2234 1123 2486 1179 conside-

909 1225 989 1272 ret
1011 1217 1423 1287 promotorum?
1450 1217 1553 1285 Qui
1582 1215 1728 1271 enim
1755 1216 1993 1271 decretis
2038 1216 2355 1285 pontiﬁcum
2387 1230 2483 1269 so-

906 1305 1067 1364 terter
1086 1308 1377 1374 incumbit,
1410 1324 1517 1363 non
1549 1308 1763 1379 ignorat
1789 1307 2063 1373 eumdem,
2109 1306 2265 1375 cujus
2317 1323 2481 1377 supra

904 1399 1057 1470 paulo
1085 1410 1211 1456 ante
1236 1402 1601 1466 meminimus,
1650 1400 2025 1456 Innocentium
2068 1416 2267 1472 papam
2315 1400 2483 1456 licen-

906 1489 1031 1546 tiam
1062 1492 1395 1562 permisisse,
1435 1499 1495 1546 ut
1536 1508 1745 1557 omnes,
1777 1492 1869 1563 qui
1915 1498 2044 1546 ante
2070 1491 2481 1547 damnationem

902 1584 1099 1640 Bonosi
1128 1584 1362 1638 hmretici
1392 1584 1461 1637 ab
1485 1598 1551 1637 eo
1582 1582 1794 1638 fuerant
1820 1581 2081 1647 ordinati,
2116 1581 2160 1637 si
2192 1582 2382 1638 relicto
2406 1592 2483 1636 at-

900 1684 1005 1740 que
1046 1670 1299 1724 damnato
1342 1667 1461 1736 ejus
1498 1684 1705 1734 errore,
1755 1669 2136 1725 ecclesiastica:
2182 1671 2373 1724 unitati
2420 1686 2480 1726 se

878 1763 1106 1818 sociare
1131 1763 1500 1832 disponerent,
1534 1762 1587 1816 in
1612 1762 1725 1817 suis
1746 1762 2041 1818 honoribus
2067 1772 2472 1833 permanerent.

4080 374 4185 436 158

2589 579 3034 637 manifestissima
3066 596 3197 637 voce
3232 596 3248 634 :
3283 598 3300 631 t
3341 580 3633 645 Sederunt,
3667 581 3866 651 inquit,
3902 580 4108 651 Scriba:
4130 590 4191 638 et

2587 670 2846 727 Pharisaei
2879 687 3043 742 super
3067 673 3384 727 cathedram
3418 673 3619 743 Moysi;
3650 650 3771 742 quae
3797 674 3983 729 dicunt
4003 650 4189 741 vbbis,

2588 748 2783 827 facite;
2831 775 2951 830 qua:
3002 772 3183 815 autem
3231 761 3461 826 faciunt,
3509 762 3677 817 nolite
3723 762 3948 818 facere:
3996 763 4189 820 dicunt

2588 851 2755 917 enim,
2786 859 2845 906 et
2868 866 2977 907 non
3004 849 3213 924 faciunt
3239 850 3459 922 (Matth.
3490 851 3667 922 χχιιι).
3706 871 3724 905 ι

2660 942 2930 1012 Quidquid
2959 956 3090 1013 ergo
3115 943 3183 995 ad
3211 936 3494 997 hominum
3525 953 3843 1013 provectum
3869 945 4100 1014 quilibet
4129 945 4185 1001 in

2588 1030 2828 1085 Ecclesia
2862 1030 3113 1085 minister
3136 1046 3235 1100 pro
3257 1030 3438 1087 ofﬁcio
3459 1047 3558 1087 suo
3580 1034 3793 1088 videtur
3813 1034 4054 1104 operari,
4080 1036 4188 1093 hoc

2589 1128 2761 1174 totum
2791 1122 3060 1177 contineri
3092 1122 3368 1192 implendo
3391 1123 3695 1182 divinitatis
3722 1125 3933 1189 ell'ectu,
3971 1127 4044 1182 ita
4067 1128 4181 1193 ille,

2585 1226 2685 1282 per
2709 1226 2871 1283 quem
2899 1213 3150 1270 Christus
3183 1214 3442 1285 loquitur,
3470 1215 3670 1273 Paulus
3696 1217 3936 1276 affirmat
3961 1238 3975 1273 :
4005 1238 4024 1271 ι
4062 1219 4183 1290 Ego

2583 1303 2825 1374 plantavi
2853 1318 2869 1357 :
2902 1304 3091 1374 Apollo
3117 1307 3330 1376 rigavit,
3357 1309 3452 1363 sed
3485 1308 3627 1363 Deus
3653 1309 4053 1365 incrementum
4084 1313 4180 1368 de-

2586 1391 2666 1447 dit
2692 1391 2745 1463 (Ι
2772 1392 2895 1448 Cor.
2936 1393 3043 1464 ιιι),
3091 1412 3111 1448 ι
3142 1403 3199 1449 et
3245 1395 3420 1466 paulo.
3447 1406 3569 1467 post
3620 1398 3764 1455 idem
3811 1400 4180 1457 Anastasius:

2590 1502 2610 1536 ι
2648 1482 2775 1540 Ideo
2797 1500 2927 1557 ergo
2956 1494 3013 1542 et
3038 1486 3149 1552 hic,
3184 1485 3340 1557 cujus
3373 1503 3571 1544 nomen
3618 1490 3850 1546 dicimus
3878 1507 4001 1547 esse
4052 1492 4187 1548 reti.

2583 1575 2815 1631 cendum
2840 1594 2853 1629 :
2874 1576 3017 1631 male
3038 1577 3180 1633 bona
3203 1578 3586 1647 ministrando,
3611 1580 3711 1637 sibi
3740 1588 3946 1636 tantum
3974 1583 4183 1638 nocuit.

2581 1663 2718 1720 Nam
2749 1667 3060 1724 inviolabile
3095 1680 3531 1737 sacramentum,
3572 1673 3716 1741 quod
3762 1686 3861 1743 per
3893 1674 4046 1729 illum
4082 1675 4184 1730 da-

2583 1765 2696 1811 tum
2723 1767 2825 1824 est,
2850 1759 2905 1814 in
2933 1760 3055 1817 aliis
3075 1760 3467 1832 perfectionem
3490 1779 3603 1819 suae
3623 1765 3842 1821 virtutis
3863 1766 4122 1822 obtinuit.
4157 1784 4179 1818 ι

899 1855 968 1911 Ει
1001 1856 1215 1927 quidem
1240 1856 1507 1922 Bonosus,
1536 1862 1695 1925 prout
1720 1855 1773 1909 in
1796 1854 2039 1924 ejusdem
2062 1856 2298 1911 decretis
2331 1855 2477 1909 inve-
2511 1836 2552 1894 Β
2582 1848 2726 1905 Ecce
2755 1851 2840 1905 vir
2868 1853 3199 1921 apostolicus
3230 1862 3486 1923 tanquam
3512 1870 3611 1925 pro
3641 1855 3798 1911 nobis
3833 1864 4029 1923 staret,
4080 1871 4184 1912 no-

897 1947 1065 2013 nitur,
1120 1946 1475 2002 Photinianus
1538 1945 1707 2001 fuisse
1759 1945 2117 2016 dignoscitur.
2164 1944 2475 1999 Pltotiniani

895 2048 1074 2093 autem
1104 2038 1261 2109 123
1303 2044 1502 2107 negant
1527 2036 1805 2092 Christum
1835 2036 2006 2091 Deum
2033 2045 2158 2091 ante
2181 2036 2380 2091 saecula
2407 2052 2477 2091 ex

896 2130 1074 2188 Patris
1096 2132 1396 2187 substantia
1420 2130 1659 2201 genitum
1683 2129 1948 2185 extitisse.
1972 2128 2011 2183 li
2034 2128 2314 2193 nimirum,
2350 2128 2475 2198 quia

892 2221 1240 2277 cumJudmis
1270 2221 1359 2275 Dei
1408 2220 1602 2275 Filium
1651 2234 1854 2291 negare
1894 2235 2001 2275 non
2035 2228 2304 2285 metuunt,
2352 2235 2475 2273 eum

891 2312 1097 2366 eisdem
1121 2324 1332 2382 quoque
1358 2308 1699 2381 participium
1727 2325 1832 2366 non
1855 2310 2084 2366 diversa:
2107 2309 2477 2365 damnationis

890 2401 1195 2458 incurrunt.

966 2494 1098 2549 Cum
1129 2509 1258 2565 ergo
1284 2494 1344 2559 ii,
1376 2494 1467 2565 qui
1496 2510 1599 2549 non
1626 2494 1785 2549 modo
1813 2508 1842 2547 a
1872 2502 1981 2549 tam
2008 2492 2318 2562 pernicioso
2347 2508 2479 2549 con-

888 2585 1088 2642 secrati
1118 2586 1426 2641 referuntur
1448 2586 1722 2651 haeretica,
1749 2585 1842 2640 sed
1870 2582 1985 2651 ejus
2008 2585 2231 2652 insuper
2252 2584 2475 2639 involuti

886 2678 1191 2743 erroribus,
1223 2678 1276 2732 in
1305 2678 1540 2746 acceptis
1592 2690 1912 2746 permanere
1960 2676 2217 2745 gradibus
2248 2676 2475 2745 permit-

888 2775 1111 2832 tuntur;
1140 2766 1302 2822 facile
1325 2767 1766 2837 deprehenditur,
1794 2766 1925 2835 quid
1969 2766 2035 2819 de
2084 2764 2171 2829 iis,
2205 2766 2294 2833 qui
2326 2781 2356 2819 a
2391 2765 2479 2819 Si-

885 2856 1153 2914 moniacis
1182 2873 1287 2912 non
1335 2856 1634 2912 simoniace
1680 2864 1805 2911 sunt
1843 2857 2127 2923 provecti,
2174 2856 2477 2925 meritoque

875 2946 1183 3015 iudicetur.
1213 2948 1310 3003 Cui
1360 2963 1465 3003 non
1514 2948 1777 3003 dissimile
1819 2948 1984 3001 etiam
2019 2946 2145 3000 illud
2194 2954 2299 3011 est,
2331 2947 2476 3015 quod

879 3038 1210 3094 Anastasius
1238 3054 1372 3109 papa
1400 3042 1467 3093 de
1494 3038 1747 3093 bteretico
1790 3038 1988 3092 Acacio
2018 3037 2274 3101 decrevit,
2322 3036 2474 3105 cujus

2582 1947 2752 1994 stram
2791 1940 2845 1993 in
2880 1953 2941 1994 se
2970 1955 3192 1997 causam
3223 1943 3531 2012 suscepisse
3574 1945 3947 2015 perpenditur,
3999 1945 4077 2000 ita
4119 1954 4185 2003 ut

2579 2042 2719 2097 pene
2748 2028 2883 2083 nihil
2927 2030 3086 2086 nobis
3112 2030 3401 2086 dicendum
3442 2046 3606 2101 super
3654 2033 3816 2104 hujus
3862 2033 4184 2103 quaestionis

2581 2122 2809 2176 materia
2860 2121 3113 2177 videatur
3155 2122 3463 2192 reliquisse.
3519 2122 3693 2178 Eatur
3743 2138 3875 2195 ergo
3918 2132 3975 2179 et
4008 2133 4180 2181 tantm

2580 2208 2889 2263 auctoritati
2921 2210 3167 2279 improbe
3192 2211 3501 2277 resistatur,
3528 2227 3627 2266 nec
3667 2210 3903 2268 sufficiet
3928 2214 4180 2270 censori-

2578 2298 2681 2353 bus
2706 2299 2877 2365 novis,
2930 2302 3072 2371 quod
3117 2301 3455 2372 principibus
3508 2301 3668 2375 124
3720 2304 4003 2359 videbatur
4031 2307 4181 2363 anti-

2578 2393 2731 2461 quis;
2768 2401 2822 2445 ιιι
2873 2392 3001 2447 dum
3032 2391 3294 2449 discretio
3350 2408 3459 2449 non
3508 2403 3650 2449 tene;
3686 2410 3743 2459 .r,
3791 2399 3957 2453 etiam
4004 2398 4181 2466 pietas

2579 2483 2884 2538 amittatur.
2913 2482 3145 2550 Quidam
3193 2499 3431 2553 namque
3473 2483 3603 2538 dum
3643 2485 3843 2553 sancti,
3886 2487 4180 2559 plusquam

2580 2582 2726 2637 sunt,
2754 2573 2925 2627 videri
2955 2581 3236 2643 appetunt,
3265 2574 3344 2629 sic
3371 2584 3629 2644 corrupta
3654 2585 3923 2631 conantur
3959 2579 4181 2635 abscin-

2578 2664 2730 2731 dere,
2759 2673 2818 2719 ut
2842 2664 3232 2735 aggrediantur
3258 2665 3444 2733 etiam,
3475 2681 3597 2736 qua:
3626 2668 3837 2723 sincera
3869 2678 4000 2724 sunt
4027 2670 4180 2728 laee-

2579 2770 2701 2810 rare
2727 2774 2738 2809 :
2779 2764 2947 2824 utque
2977 2757 3046 2811 ad
3077 2756 3300 2825 plausus
3332 2756 3612 2813 hominum
3642 2758 3929 2814 videantur
3956 2761 4012 2816 in
4042 2776 4175 2818 cen-

2578 2859 2704 2899 sura
2725 2845 2952 2915 justitia:
2976 2846 3225 2903 districte
3248 2849 3563 2918 persistere,
3590 2866 3700 2911 non
3726 2859 3983 2908 verentur
4007 2866 4037 2908 a
4057 2853 4171 2926 pie-

2580 2939 2708 2994 tatis
2742 2940 2961 2996 tramite
2988 2939 3285 2997 crudeliter
3312 2942 3591 2999 aberrare.

3140 3051 3368 3109 CAPUT
3407 3052 3599 3111 XXVI.
3664 3064 3671 3073 '

879 3130 1143 3184 nimirum
1176 3130 1475 3186 decretales
1522 3130 1802 3185 sententiae
1846 3139 1954 3183 tam
2006 3129 2221 3183 climate
2251 3129 2473 3201 digesta:
2501 3178 2545 3239 Ο
2580 3142 2735 3208 Quod
2763 3142 2802 3196 εί
2830 3143 3007 3239 again,
3036 3158 3170 3213 quo;
3195 3158 3306 3239 eo“
3333 3144 3728 3239 datnnationem
3755 3166 3908 3203 mam
3953 3150 4173 3208 ονάίηα.

881 3228 1011 3239 ---μι
1065 3220 1369 3239 ---.-9-----
1406 3219 1808 3239 -11-μ-.ξ--ει.μ-
1837 3234 1931 3239 _-_
1966 3220 2135 3239 -.μμερ
2173 3235 2431 3239 -4.,--ημ-,,
2824 3214 2893 3239 -.Σο
2940 3238 2943 3239 ,
2980 3214 3152 3239 _--.‘-.-
3244 3214 3389 3239 --.-...'
3429 3231 3489 3239 μ-
3522 3225 3623 3239 “Ag.
3650 3219 3917 3239 ....:----_._c_-

877 3228 1040 3285 sunt,
1065 3220 1373 3289 nostrisque
1402 3219 1812 3288 allegationibus
1837 3234 1933 3287 per
1960 3220 2140 3272 omnia
2166 3235 2471 3290 congruen-

879 3321 992 3376 tes,
1020 3310 1078 3365 ut
1101 3313 1312 3367 etiamsi
1340 3328 1459 3382 qua:
1490 3328 1519 3367 a
1563 3313 1721 3367 nobis
1748 3312 2011 3381 prolixius
2058 3322 2280 3367 exarata
2322 3323 2469 3377 sunt,

873 3412 1081 3459 cuncta
1117 3402 1390 3467 deessent,
1442 3400 1505 3455 ad
1538 3402 1998 3471 comprobandum
2043 3404 2187 3471 quod
2238 3404 2289 3457 in
2337 3421 2474 3475 prae-

873 3492 1025 3549 senti
1056 3492 1421 3561 disputatione
1452 3507 1753 3556 versamur,
1801 3492 1957 3560 plene
2003 3491 2296 3547 suiliciant.
2330 3494 2473 3561 Qua-

869 3592 1107 3655 propter
1133 3599 1234 3639 nec
1257 3599 1355 3638 nos
1385 3585 1565 3655 pigeat
1592 3586 1659 3640 de
1689 3584 1827 3655 stylo
1877 3582 1994 3651 ejus
2044 3584 2130 3638 hic
2180 3586 2472 3655 aliquando

867 3674 1199 3746 productius
1230 3689 1532 3741 recensere,
1562 3682 1619 3728 ut
1648 3675 1791 3743 quod
1815 3674 2107 3743 loquimur,
2131 3691 2234 3731 non
2259 3691 2322 3730 ex
2347 3692 2472 3745 pro-

867 3765 1018 3835 priis
1044 3765 1536 3830 adim'entionibus,
1564 3766 1660 3820 sed
1698 3781 1761 3819 ex
1795 3765 2016 3818 Patrum
2054 3765 2255 3834 regulis
2286 3768 2471 3821 videa-

869 3874 1008 3913 mur
1037 3872 1346 3926 excerpere.
1375 3858 1465 3911 Ait
1500 3872 1735 3926 namque
1784 3858 1926 3911 inter
1961 3866 2156 3911 caetera
2186 3856 2347 3926 (υἱεῖ.
2382 3859 2467 3922 l9,

864 3965 921 4003 c.
962 3948 1018 4017 1)
1048 3947 1338 4001 Anastasio
1367 3948 1714 4017 imperatori:
1754 3967 1771 3997 ι
1829 3946 2139 4006 Secundum
2191 3947 2466 4016 Ecclesiae,

864 4037 1083 4106 inquit,
1122 4036 1397 4091 catholica:
1426 4036 1897 4099 consuetudinem,
1931 4036 2358 4090 sacratissimum
2385 4052 2471 4091 se-

864 4128 1131 4183 renitatis
1162 4135 1265 4181 tua:
1294 4136 1481 4197 pectus
1508 4135 1785 4196 agnoscat,
1815 4128 1958 4195 quod
2008 4126 2212 4180 nullum
2266 4129 2333 4181 de
2363 4129 2468 4195 his,

859 4217 961 4272 vel
996 4218 1133 4285 quos
1162 4216 1455 4285 baptizavit
1503 4215 1760 4281 Aeacius,
1814 4216 1893 4269 vel
1948 4230 2083 4284 quos
2130 4216 2466 4283 sacerdotes,

856 4309 994 4365 sive
1025 4308 1252 4372 levitas,
1286 4308 1580 4363 secundum
1628 4321 1863 4361 canones
1906 4307 2197 4371 ordinavit,
2246 4308 2351 4361 ulla
2402 4325 2470 4363 ex

856 4399 1101 4455 nomine
1130 4399 1311 4454 Acacii
1344 4399 1519 4467 portio
1548 4397 1782 4451 lLCSiOHlS
1820 4398 2068 4466 attingat,
2102 4412 2208 4467 quo
2239 4398 2466 4453 forsitan

851 4505 972 4560 per
1004 4488 1247 4557 iniquum
1275 4489 1469 4541 tradita
1524 4487 1849 4542 sacramenti
1879 4489 2053 4557 gratia
2102 4488 2281 4542 minus
2310 4489 2464 4544 firma
2495 4518 2546 4577 Β

851 4581 1145 4635 videatur.
1186 4579 1318 4632 Nam
1345 4588 1401 4632 et
1421 4579 1708 4648 baptisma,
1738 4578 1879 4648 quod
1908 4577 2093 4647 procul
2124 4579 2194 4632 sit
2240 4579 2309 4633 ab
2357 4579 2490 4658 Ec-g

848 4670 1065 4735 clesia,
1093 4671 1206 4724 sive
1234 4670 1302 4724 ab
1331 4670 1594 4734 adultero,
1651 4671 1765 4724 sive
1801 4686 1830 4725 a
1879 4669 1997 4724 fure
2044 4670 2204 4725 fuerit
2252 4672 2461 4739 datum,

845 4763 929 4816 atl
964 4760 1356 4831 percipientem
1384 4759 1559 4813 minus
1589 4760 1838 4829 pervenit
1878 4759 2166 4825 illibatum,
2198 4760 2323 4827 quia
2357 4777 2463 4815 vox

844 4854 984 4917 illa,
1011 4868 1131 4920 qua:
1153 4850 1335 4905 sonuit
1362 4864 1456 4920 per
1476 4850 1801 4915 columbam,
1830 4866 2043 4907 omnem
2072 4852 2339 4905 maculam
2366 4850 2469 4904 hu-

850 4957 1051 5000 manm
1096 4942 1407 5011 pollutionis
1441 4940 1709 5007 excludit;
1746 4961 1765 4993 ι
1814 4942 1958 5011 quod
2007 4941 2317 4995 declaratur
2340 4958 2463 4996 cum

843 5032 1116 5089 dicitur:
1154 5050 1170 5081 ι
1203 5030 1302 5085 llic
1330 5039 1439 5095 est,
1465 5031 1557 5100 qui
1593 5030 1835 5100 baptizat
1860 5032 1912 5085 in
1948 5030 2153 5099 Spiritu
2183 5040 2371 5084 sancto
2406 5040 2467 5085 et

838 5126 999 5195 igne
1030 5118 1246 5191 (Matth.
1278 5120 1455 5179 nlui.
1496 5141 1514 5171 ι
1544 5120 1749 5176 Nam’si
1782 5120 2008 5175 visibilis
2035 5120 2163 5175 solis
2196 5122 2349 5175 istius
2378 5137 2463 5175 rae

836 5217 931 5273 dii
967 5228 1101 5267 cum
1128 5228 1225 5282 per
1252 5212 1366 5266 loca
1396 5212 1716 5267 fetidissima
1748 5220 2052 5275 transeunt,
2096 5212 2241 5265 nulla
2283 5222 2464 5266 conta-

835 5317 990 5364 ctus
1038 5303 1398 5358 maeulatione
1449 5305 2038 5374 iuquinantur:mu|to
2079 5306 2251 5374 magis
2298 5306 2461 5372 illius,

833 5400 951 5472 qui
994 5399 1162 5451 istum
1190 5398 1454 5451 visibilem
1486 5399 1632 5463 fecit,
1665 5398 1837 5453 virtus
1867 5399 2010 5454 nulla
2042 5399 2326 5455 ministerii
2372 5402 2458 5455 in-

831 5488 1140 5562 dignitate
1166 5490 1516 5560 contingitur.
1549 5489 1684 5545 Nam
1714 5502 1769 5546 et
1796 5490 1985 5557 Judas,
2016 5507 2141 5547 cum
2175 5492 2336 5547 fuerit
2368 5508 2458 5548 sa-

828 5582 1113 5649 crilegus
1160 5589 1321 5651 atque
1348 5582 1433 5635 fur
1460 5582 1639 5653 (Joan.
1667 5584 1857 5654 mn),
1888 5584 2147 5655 quidquid
2180 5586 2291 5655 egit
2318 5585 2461 5640 inter

829 5675 1152 5749 apostolos
1180 5688 1280 5744 pro
1305 5675 1564 5744 dignitate
1611 5680 1921 5747 commissa,
1951 5693 2061 5734 non
2087 5686 2172 5735 est
2199 5680 2458 5749 reproba-

828 5779 978 5824 tum
1014 5784 1028 5820 :
1064 5776 1117 5821 et
1146 5766 1428 5831 beneficia,
1460 5781 1549 5836 per
1580 5762 1861 5829 ind‘gnum
1887 5771 2034 5842 data,
2064 5770 2211 5836 nulla
2256 5786 2325 5830 ex
2354 5773 2459 5829 hoc

1320 5859 1589 5921 Parum.
1633 5868 1870 5947 CXLV.

2823 3214 2893 3267 oit
2926 3213 3171 3277 Aeacius,
3201 3213 3489 3269 honoribus
3520 3225 3625 3270 non
3647 3219 3935 3287 priuentur.

2646 3302 2783 3369 Quid
2842 3303 2927 3357 isti
2973 3303 3169 3358 dicturi
3215 3311 3363 3370 sunt,
3410 3304 3636 3360 audiant
3681 3307 3747 3361 de
3795 3309 3879 3363 his
3927 3324 4168 3381 quoque,

2574 3410 2710 3465 quos
2732 3402 2854 3465 post
2873 3395 3273 3450 damnationem
3296 3395 3529 3450 Aeacius
3554 3396 3846 3461 ordinavit,
3877 3402 4005 3469 quid
4029 3402 4173 3458 idem

2573 3500 2708 3554 papa
2744 3484 3081 3539 decreverit:
3116 3499 3221 3538 non
3260 3485 3403 3538 enim
3434 3499 3528 3539 eos
3553 3486 3789 3540 arbitror
3816 3487 3916 3542 ista
3950 3488 4173 3561 legisse,

2573 3577 2718 3646 quod
2748 3584 2963 3630 constat
2988 3576 3057 3631 ab
3086 3577 3150 3630 iis
3183 3577 3471 3632 temerario
3496 3570 3779 3634 dissonare
3802 3580 4028 3650 judicio.
4060 3568 4175 3638 Au-

2572 3668 2722 3721 diant
2752 3668 2915 3739 igitur
2951 3667 3207 3737 pietatem
3240 3668 3548 3739 apostolicae
3578 3672 3745 3737 sedis,
3800 3681 3855 3727 et
3895 3688 3924 3727 a
3971 3675 4175 3731 duritia

2572 3760 2774 3829 proprii
2828 3756 3175 3815 emolliantur
3221 3760 3512 3817 examinis.
3559 3762 3690 3818 Post
3738 3763 3829 3820 illa
3879 3766 4172 3835 siquidem,

2572 3867 2693 3921 quae
2726 3852 3091 3922 praemisimus
3117 3862 3173 3907 et
3208 3852 3312 3908 ista
3345 3853 3624 3925 subjungit
3655 3874 3667 3909 :
3698 3856 3853 3924 Quod
3882 3858 3927 3913 si
3954 3858 4172 3930 aliquo-

2574 3958 2715 4007 rum,
2748 3943 2942 4013 inquit,
2968 3942 3020 3996 in
3054 3952 3262 3997 tantum
3290 3958 3349 3999 se
3374 3946 3617 3999 extendit
3636 3948 3849 4002 curiosa
3872 3951 4173 4018 suspectio,

2571 4042 2632 4087 ut
2664 4034 3027 4104 imaginentur
3055 4034 3267 4104 prolato
3297 4050 3327 4089 a
3356 4050 3493 4105 papa
3524 4036 3946 4105 Fclicejudicio,
3979 4053 4173 4110 postea

2572 4123 2931 4181 ineﬂicaciter
2961 4126 3016 4179 in
3046 4126 3432 4191 sacramentis,
3461 4142 3582 4196 quae
3614 4128 3847 4185 Aeacius
3867 4133 4171 4201 usurpavit,

2572 4218 2787 4287 egisse:
2829 4232 2893 4272 ac
2919 4217 3144 4286 proinde
3172 4227 3387 4287 oportet
3407 4234 3501 4273 eos
3547 4227 3811 4288 metuere,
3844 4224 3936 4291 qui
3982 4224 4068 4279 vel
4118 4227 4175 4280 in

2573 4306 3094 4371 consecrationibus,
3122 4307 3207 4361 vel
3235 4307 3286 4360 in
3314 4308 3642 4377 baptismate
3671 4312 3929 4381 mysteria
3973 4314 4175 4369 tradita

2573 4408 2949 4467 susceperunt,
2984 4413 3053 4453 ne
3082 4398 3237 4453 irrita
3286 4399 3553 4456 beneficia
3607 4402 3787 4456 divina
3838 4403 4125 4461 videantur
4166 4426 4178 4461 :

2574 4488 2919 4541 meminerint
2962 4487 3015 4541 in
3056 4487 3196 4542 hanc
3244 4502 3462 4558 quoque
3502 4499 3714 4559 partem
3762 4493 4013 4550 similiter
4056 4504 4172 4551 tra-

2573 4587 2777 4634 elatum
2803 4579 3098 4649 praevalere
3125 4580 3483 4647 superiorem,
3516 4582 3642 4651 quia
3665 4601 3771 4639 non
3795 4585 3913 4640 sine
3934 4602 4174 4658 usurpa-

2576 4671 2721 4725 tione
2759 4671 3044 4725 sacerdotii
3074 4670 3367 4739 adjudieati
3396 4674 3499 4728 hoc
3528 4676 3658 4744 egit,
3690 4676 3740 4730 in
3772 4692 3880 4746 quo
3910 4678 4165 4734 virtutem

2573 4781 2727 4819 suam
2765 4764 3138 4819 obtinentibus
3187 4766 3463 4835 mysteriis
3514 4766 3567 4819 in
3621 4770 3723 4823 hoc
3774 4785 3991 4840 quoque
4046 4774 4173 4827 aliis

2572 4873 2663 4910 rea
2694 4857 2793 4911 sibi
2827 4871 3059 4925 persona
3085 4871 3193 4911 non
3222 4858 3425 4911 nocuit.
3456 4856 3589 4912 Nam
3621 4859 3687 4913 ad
3716 4859 3865 4913 illum
3889 4863 4169 4931 pertinuit.

2572 4952 2713 5020 quod
2739 4950 2864 5004 tuba
2888 4950 3139 5004 Davidica
3166 4949 3239 5004 ita
3266 4950 3515 5005 canitur:
3546 4970 3565 5003 t
3600 4951 3986 5009 Verumtamen
4030 4954 4176 5012 Deus

2571 5040 2957 5107 conquassabit
3008 5041 3185 5108 capita
3232 5041 3579 5097 inimicorum
3612 5058 3832 5099 suorum
3860 5086 3875 5109 ,
3903 5046 4173 5103 verticem

2570 5128 2747 5198 capilli
2773 5128 3267 5198 perambulantium
3296 5131 3349 5185 in
3380 5130 3592 5187 delictis
3615 5132 3731 5188 suis
3759 5132 3932 5205 (Prol.
3962 5137 4119 5207 uti).
4144 5157 4164 5190 δ

2567 5218 2708 5274 Nam
2750 5220 3000 5289 superbia
3041 5236 3258 5290 semper
3292 5222 3415 5289 sibi,
3466 5238 3575 5277 non
3606 5222 3727 5279 aliis
3771 5222 3900 5279 facit
3928 5226 4168 5281 ruinam.

2568 5309 2722 5376 Quod
2772 5310 3027 5365 universa
3082 5308 3495 5381 Scripturarum
3541 5314 3810 5369 sententia
3857 5316 4166 5371 caelestium

2569 5410 2801 5456 testatur
2838 5403 3165 5467 auctoritas,
3214 5404 3354 5459 sicut
3398 5405 3562 5459 etiam
3593 5420 3688 5474 per
3738 5404 4001 5474 Spiritum
4036 5423 4166 5462 san-

2569 5502 2715 5548 ctum
2742 5494 2941 5549 dicitur
2970 5494 3024 5551 in
3055 5494 3326 5565 Propheta
3354 5509 3368 5548 :
3398 5514 3416 5547 t
3450 5494 3568 5551 Non
3601 5495 3869 5551 habitabit
3898 5496 3951 5550 in
3988 5497 4169 5551 medio

2568 5586 2760 5641 domus
2790 5601 2945 5652 meae,
2974 5588 3064 5655 qui
3096 5586 3229 5642 facit
3258 5588 3572 5657 superbiam
3600 5585 3775 5659 (Paul.
3807 5589 3881 5659 c).
3943 5607 3962 5639 ι
4010 5588 4167 5645 Unde

2568 5696 2692 5737 cum
2722 5680 2824 5735 sibi
2856 5679 3159 5736 sacerdotis
3186 5696 3384 5737 nomen
3417 5680 3799 5744 vindicaverit,
3829 5680 4166 5735 condemna-

2568 5779 2657 5829 tus
2682 5771 2734 5825 in
2763 5770 2935 5842 ipSius
2962 5771 3223 5829 verticem
3261 5771 3528 5843 superbiae
3558 5782 3738 5828 tumor
3770 5770 4005 5829 inﬂictos
4045 5778 4167 5841 est;

3689 5866 3729 5928 5
