5392 6682
47 6367 867 6682 ⁵...

1916 672 1943 725 1
1956 666 2025 724 39

253 0 4771 297 hac

2345 665 2403 719 S.
2440 662 2642 719 PETRI
2672 659 2949 716 DAMIANI
2983 659 3131 715 OPP.
3166 658 3401 716 TOMUS
3437 657 3565 714 SEU
3605 657 3781 713 PARS
3824 657 3909 714 ΠΙ.
3948 690 4017 701 --
4056 656 4417 717 OPUSCULA
4460 655 4688 716 VARIA.

5050 659 5135 719 ιιι

1918 777 2049 845 quia
2078 791 2181 830 non
2208 773 2451 843 populus,
2483 773 2571 841 qui
2620 772 2672 825 in
2705 771 3020 824 m'nisteriis
3065 771 3263 825 donum
3313 772 3484 840 ipsius
3514 778 3555 834 Α
3589 769 3778 823 tissimi
3816 771 3956 839 regis
4000 771 4303 841 imperium,
4350 781 4801 842 prtesnlatumque
4854 776 5141 828 reverendae

1922 864 2438 930 sitiebat,exclusus
2467 870 2578 927 est;
2612 862 2707 916 sed
2735 862 2913 915 anima
2941 863 3052 927 illa,
3080 878 3199 932 qua:
3223 876 3482 930 peccave-

1923 963 2028 1019 rat,
2052 953 2200 1022 justo
2220 952 2426 1020 judicio
2454 952 2669 1021 proprie
2689 959 2806 1005 erat
2834 951 3087 1017 obnoxia,
3121 952 3262 1020 quod
3290 951 3486 1020 ubique

1922 1060 2203 1102 numerosa
2234 1043 2635 1113 Seripturarum
2669 1051 2901 1099 testatur
2929 1043 3230 1098 instructio.

1992 1135 2131 1202 Quid
2153 1134 2264 1202 jam
2289 1134 2497 1188 dicetur
2532 1132 2599 1187 ad
2630 1133 2772 1187 ista?
2808 1132 2936 1199 Quae
2960 1132 3216 1186 adversus
3248 1131 3363 1185 haec
3385 1145 3485 1200 po-

1924 1226 2052 1281 terit
2097 1224 2294 1279 callere
2343 1223 2601 1287 versutia,
2648 1237 2767 1292 quae
2808 1221 3016 1276 veritati
3065 1221 3485 1291 repugnantibus

1921 1322 2204 1383 suppetere
2241 1319 2493 1382 poterunt
2535 1314 2895 1382 argumenta?
2942 1308 3081 1363 Ecce
3127 1309 3193 1363 de
3246 1325 3352 1363 una
3398 1311 3486 1365 hic

1918 1419 2151 1473 persona
2172 1402 2479 1472 specialiter
2521 1403 2714 1472 agitur,
2743 1399 2835 1454 sed
2879 1400 3200 1454 universalis
3223 1411 3484 1456 estcausa

1918 1509 2038 1565 qua:
2085 1493 2413 1564 generaliter
2460 1493 2709 1548 delinitur
2753 1510 2765 1545 :
2815 1507 2920 1546 non
2968 1501 3144 1546 tamen
3201 1509 3299 1546 nos
3363 1503 3481 1547 tan-

1916 1599 2082 1652 quam
2114 1600 2211 1653 pro
2240 1583 2508 1637 haereticis
2534 1590 2759 1646 stantes,
2795 1583 2861 1636 ad
2898 1582 2998 1636 boe
3029 1583 3139 1650 ipsa
3189 1582 3485 1650 prazscribi-

1914 1688 2059 1737 mus,
2089 1682 2146 1736 ut
2172 1673 2404 1741 reliquas
2433 1679 2740 1726 sanctorum
2768 1671 2986 1726 Patrum
3014 1674 3336 1736 sententias,
3366 1689 3484 1742 quae

1919 1764 1972 1818 in
1996 1779 2111 1825 eos,
2156 1777 2453 1831 eorumque
2488 1761 2849 1816 ministerium
2899 1764 3141 1817 severius
3189 1764 3482 1828 vindicant,

1917 1855 2266 1909 destruamus
2293 1871 2307 1906 :
2336 1854 2429 1908 sed
2455 1855 2573 1909 ideo
2598 1853 2774 1923 plane,
2802 1862 2860 1906 ut
2888 1855 3035 1918 dum,
3058 1868 3177 1924 quae
3214 1855 3268 1909 iu
3297 1856 3487 1925 priori.

1915 1943 2016 1997 bus
2041 1943 2246 1997 sanctis
2270 1941 2449 2005 fuerit,
2477 1943 2773 1998 moderatio
2812 1943 3151 1998 discretionis
3171 1946 3482 2010 attenditur,

1917 2037 1986 2090 ab
2037 2035 2121 2089 bis
2175 2049 2411 2104 quoque,
2464 2035 2554 2103 qui
2608 2049 2751 2089 nunc
2792 2043 2947 2097 sunt,
2995 2050 3335 2104 nequaquam
3389 2052 3483 2105 per

3587 860 3857 912 memoriae
3879 859 4170 915 Clementis
4199 876 4364 931 papaa,
4403 862 4665 929 istiusque
4695 862 4994 916 beatissimi
5025 861 5143 917 L:o-

3585 948 3671 1003 nis
3696 950 3997 1019 apostolici,
4027 966 4136 1019 quo
4165 967 4304 1005 nunc
4341 952 4583 1006 videlicet
4614 952 4860 1020 praesule,
4894 961 5072 1006 sancta
5095 966 5143 1007 se

3585 1037 3871 1109 gubernari
3904 1041 4473 1110 gratulaturEcclesia.
4501 1058 4595 1111 per
4617 1044 4969 1098 occidentalia
4997 1059 5096 1113 reg:
5116 1058 5143 1099 a

3585 1124 3734 1179 virus
3763 1126 4085 1181 Simoniacm
4115 1128 4385 1181 haereseos
4406 1126 4677 1182 letbaliter
4697 1128 4967 1190 ebullisse.
4998 1131 5065 1183 ita
5094 1140 5144 1183 ut

3586 1216 3726 1285 quod
3744 1217 3943 1284 passim
3973 1218 4134 1273 [iebat
4158 1217 4380 1272 licenter
4405 1219 4717 1282 admissum,
4744 1219 4952 1274 ultoriae
4981 1223 5143 1273 annn-

3587 1306 3892 1362 adversioni
3950 1324 4286 1379 nequaquam
4356 1311 4642 1365 duceretur
4711 1312 5040 1375 obnoxium,
5094 1318 5144 1366 et

3588 1399 3730 1467 quod
3775 1408 3893 1452 erat
3933 1398 4045 1454 fere
4071 1401 4320 1455 omnibus
4348 1411 4789 1466 consentaneum,
4840 1419 4936 1472 pro
4979 1405 5144 1474 regula

3589 1489 3891 1553 tenebatur,
3919 1500 4167 1559 tanquam
4191 1491 4346 1561 legali
4374 1495 4652 1547 sanctione
4680 1494 4993 1548 decretum?
5018 1495 5143 1560 Quid

3585 1593 3713 1645 ergo
3744 1580 4091 1644 commeruit,
4131 1582 4257 1648 quid
4294 1585 4569 1650 peccavit,
4610 1584 4700 1649 qui
4737 1593 4962 1637 matrem
5002 1599 5145 1639 suam

3584 1665 3900 1730 Ecclesiam,
3932 1667 4108 1737 inqua
4136 1669 4389 1723 nimirum
4421 1686 4485 1723 ex
4512 1686 4650 1737 aqua
4673 1670 4940 1739 etSpiritu
4970 1678 5147 1726 sancto

3585 1769 3806 1810 renatus
3831 1767 3933 1823 est,
3963 1755 4278 1826 simpliciter
4299 1761 4448 1823 adiit,
4480 1772 4640 1828 atque
4679 1760 4766 1814 ubi
4809 1760 5145 1830 baptismum,

3585 1845 3694 1900 illic
3730 1848 3891 1900 etiam
3946 1850 4171 1917 gratiam
4228 1853 4648 1905 consecrationis
4685 1851 4925 1920 accepit?
4987 1850 5147 1905 Suum

3586 1938 3785 2006 quippe
3822 1954 3926 1991 non
3957 1948 4098 2003 erat,
4128 1949 4185 1992 ιιι
4214 1941 4277 1993 de
4305 1944 4673 1995 consecraturi
4697 1957 4755 1996 se
4787 1957 5011 2011 persona
5039 1940 5145 1996 itis-

3587 2037 3777 2096 putare
3831 2029 4098 2093 debuerit,
4155 2043 4630 2108 proptereaquem
4683 2034 4820 2102 apud
4860 2032 5146 2087 Ecclesiam

1918 2124 2329 2179 immoderatam
2369 2123 2636 2191 justitiam
2688 2124 2844 2179 limes
2891 2126 3022 2179 recti
3076 2127 3339 2181 examinis
3386 2144 3475 2181 εχ.
3518 2124 3558 2181 Β
3587 2132 3740 2171 suam
3772 2118 4060 2186 praesidere
4086 2120 4135 2171 iu
4159 2104 4721 2188 episcopalicathedra
4752 2124 4971 2192 reperit,
4997 2124 5149 2176 abeo

1917 2217 2139 2272 cedatur
2185 2232 2199 2268 :
2249 2230 2315 2269 ne
2363 2215 2431 2269 iis
2475 2214 2640 2269 etiam
2692 2214 2821 2268 illud
2870 2230 3169 2295 congruere
3221 2217 3482 2282 videatur,

1916 2313 2058 2381 quod
2114 2312 2180 2366 de
2229 2310 2550 2378 quibusdam
2619 2324 2808 2364 eorum
2871 2309 3135 2364 similibus
3195 2326 3292 2379 per
3346 2311 3459 2379 Apo

1915 2400 2112 2453 s’tolum
2135 2399 2365 2452 dicitur:
2396 2397 2580 2464 «,Quia
2604 2397 2777 2451 zelum
2806 2396 2894 2450 Dei
2921 2398 3139 2462 habent,
3165 2399 3257 2452 sed
3280 2414 3381 2452 non
3404 2413 3487 2452 se-

1918 2487 2150 2541 cundum
2167 2486 2448 2540 scientiam
2471 2484 2642 2555 (Rom.
2664 2485 2741 2555 ι).
2772 2504 2790 2536 ι
2819 2484 2918 2550 Qui
2940 2486 3098 2555 igitur
3120 2470 3188 2538 ab
3211 2488 3483 2552 bteretico,

1922 2573 2077 2643 125
2122 2573 2417 2643 eodemque
2469 2572 2614 2627 sedis
2658 2573 2962 2642 apostolicae
3018 2574 3337 2630 auctoritate
3391 2578 3486 2630 da-

1917 2675 2124 2728 mnato,
2171 2665 2402 2733 promoti
2441 2673 2585 2728 sunt,
2635 2679 2663 2717 a
2696 2665 2775 2719 sui
2804 2665 3002 2734 gradus
3024 2667 3484 2722 administratione

1915 2769 2021 2808 non
2066 2760 2321 2809 corruunt
2352 2774 2363 2807 :
2391 2763 2464 2808 .et
2488 2755 2577 2823 qui
2618 2769 2647 2806 a
2678 2753 3006 2809 Simoniacis
3048 2771 3150 2809 non
3194 2756 3482 2812 Simoniaci

1913 2844 2232 2897 consecrati
2255 2853 2397 2905 sunt,
2436 2845 2656 2898 honoris
2687 2844 2887 2912 accepti
2931 2846 3224 2913 periculum
3255 2847 3484 2900 sustine-

1913 2934 2084 2988 bunt?
2138 2934 2279 2986 Dura
2313 2944 2459 2987 certe
2490 2923 2777 2995 sententia,
2812 2942 2867 2986 et
2911 2935 3187 2988 indiscreti
3219 2936 3483 2989 examinis

1909 3037 2131 3091 prorsus
2158 3022 2453 3076 inhumana
2475 3037 2734 3076 censura:
2769 3031 2982 3089 utquos
3009 3023 3336 3076 consdentia
3364 3024 3483 3076 red-

1904 3112 1990 3165 dit
2015 3113 2274 3166 innocuos
2316 3112 2460 3164 illata
2492 3112 2778 3180 redarguunt
2806 3125 2959 3180 paena
2988 3112 3314 3181 plectendos,
3344 3123 3398 3166 et
3426 3112 3480 3166 in

1910 3214 2007 3254 eos
2025 3201 2284 3255 severitas
2316 3199 2584 3267 judicialis
2606 3200 2950 3276 extendatur,
2994 3216 3129 3270 quos
3167 3202 3479 3270 pmsumpti

1912 3289 2108 3360 piaculi
2142 3290 2415 3343 temeritas
2446 3304 2549 3342 non
2578 3298 2815 3343 accusat.
2854 3288 2954 3343 Ubi
2977 3290 3118 3344 enim
3146 3293 3251 3343 non
3283 3301 3363 3344 est
3386 3294 3482 3344 ad-

1911 3379 2132 3431 missum
2159 3378 2386 3438 crimen,
2435 3376 2821 3431 curinferatur
2867 3380 3079 3446 poenale
3120 3380 3480 3449 supplicium?

3587 2207 3652 2260 ad
3681 2208 3926 2259 ordinem
3962 2210 4263 2274 promoveri
4315 2210 4580 2278 integrum
4613 2212 4781 2265 duxit.
4830 2212 4967 2278 Quid
5009 2213 5146 2266 enim

3587 2293 3808 2355 faceret,
3841 2295 3924 2346 cui
3965 2304 4017 2348 et
4045 2311 4237 2350 nomen
4263 2298 4393 2352 dare
4421 2299 4471 2351 in
4497 2298 4829 2366 professione
4859 2315 5025 2356 sacra:
5056 2302 5149 2355 mi-

3583 2383 3709 2435 litia:
3737 2382 3894 2453 126
3924 2386 4217 2439 necessitas
4242 2387 4575 2452 imminebat,
4618 2398 4671 2442 et
4715 2390 4946 2457 migrare
4976 2398 5147 2444 ιειωυ..

3584 2473 3650 2524 ad
3677 2471 3863 2526 aliena:
3890 2473 4138 2528 dioecesis
4179 2476 4484 2545 episcopum
4518 2494 4622 2532 non
4657 2478 4884 2532 licebat?
4909 2478 5018 2533 Cur
5048 2494 5151 2534 non

3583 2565 3801 2631 antiqua
3830 2574 4138 2620 sanctorum
4170 2567 4390 2621 Patrum
4413 2580 4584 2638 gesta,
4611 2571 4723 2623 sive
4743 2581 5005 2640 praecepta
5028 2573 5152 2626 sub-

3586 2653 3731 2706 tilius
3770 2663 4205 2723 pertractantur:
4254 2667 4312 2711 ut
4338 2660 4461 2712 dum
4487 2659 4675 2728 jud.cii
4705 2676 4928 2714 censura
4961 2661 5150 2730 depro-

3585 2743 3766 2805 tnitur,
3795 2745 3981 2797 eadem
4014 2760 4226 2814 semper
4253 2747 4469 2801 discreti
4499 2750 4879 2803 moderaminis
4906 2751 5045 2804 linea
5069 2760 5148 2804 te-

3587 2834 3811 2885 neatur?
3838 2833 3971 2887 Nam
3995 2847 4047 2888 et
4076 2836 4123 2889 is
4149 2838 4237 2905 qui
4262 2852 4447 2906 supra,
4472 2840 4787 2908 magnificus
4808 2838 4934 2903 Leo,
4963 2857 5151 2897 omnes

3585 2923 3810 2977 clericos
3836 2926 3903 2978 ab
3932 2927 4199 2981 luereticis
4228 2929 4526 2994 venientes,
4578 2932 4630 2984 in
4664 2933 4727 2984 iis
4754 2932 4989 3000 quidem,
5015 2948 5152 3001 quos

3579 3015 3689 3082 jam
3719 3015 3895 3083 adepti
3924 3026 4067 3081 sunt,
4093 3022 4344 3089 praecepit
4373 3023 4651 3076 ordinibus
4679 3025 4862 3092 recipi,
4895 3025 4962 3078 ad
4992 3024 5148 3078 altio-

3584 3122 3671 3159 res
3722 3117 3901 3160 autem
3932 3109 4127 3176 gradus
4164 3111 4412 3178 prohibet
4467 3117 4790 3181 promoveri.
4847 3114 5009 3186 Cujus
5057 3117 5153 3170 de-

3583 3194 3715 3246 creti
3740 3210 3837 3248 nos
3874 3196 4082 3250 titulum
4116 3201 4351 3253 contenti
4375 3216 4576 3256 sumus
4607 3202 4693 3257 liic
4726 3203 4962 3258 breviter
4998 3204 5154 3258 adbi-

3581 3283 3731 3349 bere,
3758 3287 3823 3338 ad
3852 3296 4118 3341 texturam
4142 3301 4323 3343 autem
4354 3292 4634 3354 mittimus.
4660 3296 4853 3362 quibus
4876 3306 5030 3350 vacat
5054 3296 5153 3351 dif-

3587 3375 3687 3430 fusi
3715 3392 3757 3429 :s
3789 3378 3893 3429 illic
3917 3390 4136 3432 exarata
4185 3382 4490 3451 perlegere:
4532 3404 4547 3435 ι
4579 3386 4728 3451 Quod
4751 3390 4944 3450 omnis,
4978 3389 5154 3457 inquit

1913 3468 2013 3520 Ubi
2049 3483 2151 3519 non
2181 3474 2263 3520 est
2287 3477 2486 3529 reatus,
2519 3462 2615 3519 cur
2633 3468 2887 3520 innocens
2912 3468 3228 3522 eslu'beatur
3248 3476 3300 3521 ul
3322 3470 3478 3522 reus?
3505 3457 3548 3516 C
3583 3467 3782 3534 (t,q.i,
3800 3484 3845 3520 c.
3868 3467 4661 3541 Siquis/ta’t'elicw),cujuslibet
4682 3477 4884 3530 ordinis
4899 3477 5151 3540 clericus,

1913 3558 2066 3621 Quod
2091 3555 2449 3623 p.‘a:judiciale
2466 3565 2775 3608 censeretur
2788 3556 2947 3608 etiam
2965 3556 3017 3608 in
3033 3555 3381 3610 tribunalibus
3396 3557 3483 3624 ju-

1911 3647 2112 3707 dicum,
2167 3660 2264 3698 cur
2307 3653 2515 3697 rectum
2559 3644 2805 3696 videatur
2832 3645 2885 3696 in
2917 3654 3222 3698 sanctorum
3255 3648 3482 3701 concilio

1910 3724 2287 3788 sacerdotum?
2316 3731 2499 3786 Solent
2529 3741 2674 3785 certe
2698 3732 2771 3800 pii
2788 3732 3067 3800 pontifices
3090 3734 3156 3786 ad
3188 3733 3481 3801 depositio-

1912 3838 2034 3878 nein
2062 3825 2218 3877 unius
2239 3824 2523 3893 cujuslibet
2544 3825 2837 3877 sacerdotis
2857 3839 2923 3877 ex
2955 3825 3158 3878 intimis
3182 3826 3481 3881 visceribus

1912 3912 2200 3981 suspirium
2232 3913 2474 3973 reddere,
2522 3912 2776 3966 uberibus
2816 3913 3172 3982 lacrymarum
3226 3916 3351 3969 rivis
3381 3919 3478 3970 tri-

1916 4004 2016 4053 stia
2046 4016 2138 4055 ora
2169 4000 2508 4069 perfundere,
2537 4001 2823 4068 cunctique
2846 4008 3081 4061 astantes
3110 4003 3209 4070 pia:
3238 4020 3482 4073 compas-

1909 4093 2078 4145 sionis
2108 4101 2371 4160 coguntur
2394 4090 2573 4143 studio
2604 4090 2909 4143 condoler’e.

1980 4183 2117 4236 Ecce
2151 4197 2311 4236 nunc.
2348 4189 2452 4234 tota
2503 4196 2637 4247 pene
2685 4181 2882 4235 Christi
2930 4182 3166 4236 Ecclesia
3218 4184 3283 4235 ad
3327 4184 3480 4237 unius

1909 4273 2188 4325 sententiae
2235 4271 2498 4324 calculqu
2544 4272 2921 4324 sacerdotibus
2963 4273 3287 4336 destituitur,
3341 4285 3389 4327 cl
3422 4285 3478 4327 ιιι

1910 4360 2189 4416 tolerabile
2217 4360 2479 4422 videatur,
2512 4361 2846 4413 sacerdotum
2873 4362 3095 4430 populus
3121 4364 3172 4416 in
3197 4379 3478 4418 commune

1909 4450 2213 4518 deponitur,
2268 4457 2321 4502 et
2354 4449 2493 4502 risus
2526 4449 2773 4502 habetur.
2817 4451 2926 4503 Cur
2957 4467 3060 4503 non
3111 4452 3236 4505 illud
3286 4453 3475 4506 saltem

1908 4538 2181 4591 reducitur
2204 4537 2267 4590 ad
2290 4538 2626 4600 memoriam,
2655 4538 2795 4604 quod
2826 4554 2920 4606 per
2936 4538 3269 4593 Ezecliiclem
3303 4543 3477 4596 divina

1909 4642 2009 4680 vox
2039 4627 2256 4689 clamat,
2285 4627 2470 4680 dicens
2497 4643 2510 4679 :
2568 4644 2584 4677 ι
2615 4627 2829 4690 Anima,
2861 4643 2982 4695 qua:
3011 4631 3336 4696 peccaverit,
3366 4632 3477 4700 ipsa

1906 4718 2215 4769 morietur:
2282 4725 2434 4784 pater
2489 4732 2592 4769 non
2669 4719 2903 4785 portabit
2973 4719 3308 4787 iniquitatem
3360 4723 3475 4784 lilii,

1907 4806 2048 4857 til.us
2107 4821 2210 4858 non
2292 4807 2527 4873 portabit
2590 4806 2923 4874 iniquitatem
2982 4812 3154 4886 patris

1902 4894 2032 4960 justi
2088 4908 2247 4960 super
2302 4910 2422 4947 eum
2475 4895 2598 4957 erit,
2652 4904 2706 4947 et
2755 4895 3001 4963 impietas
3055 4899 3202 4966 impii
3252 4903 3352 4954 erit
3384 4919 3472 4955 su-

1909 4998 2004 5054 per
2019 4998 2139 5036 eum
2155 4983 2175 5032 ?
2194 5003 2211 5031 »
2232 4982 2443 5047 (Ezec/z.
2460 4989 2633 5051 xvut.)
2649 4984 2736 5037 lsti
2755 4994 2930 5039 autem
2944 4987 3192 5040 fraterna:
3207 4991 3471 5045 ealaniita-

1908 5075 1976 5125 tis
2007 5072 2153 5125 avari
2182 5072 2282 5126 hoc
2315 5082 2584 5141 satagunt,
2618 5074 2682 5125 ad
2718 5075 2819 5127 hoc
2843 5075 3140 5139 enituntur,
3175 5090 3229 5130 nt
3271 5082 3469 5145 anima,

1907 5177 2024 5230 qua:
2053 5178 2157 5215 non
2188 5164 2509 5231 peccaverit,
2539 5165 2789 5217 intereat:
2825 5174 2877 5217 et
2925 5167 3085 5219 alieni
3114 5168 3365 5223 facinoris
3395 5173 3470 5224 in-

1908 5266 2127 5316 nocens,
2156 5264 2346 5318 pmnas
2363 5251 2624 5304 exsolvat.
2656 5252 2921 5307 Anhelant
2943 5255 3106 5321 enim,
3136 5267 3195 5309 ut
3216 5257 3304 5312 filii
3331 5261 3474 5314 addi-

1906 5352 2098 5395 cantur
2143 5343 2512 5411 iniquitatibus
2543 5353 2774 5413 patrum,
2808 5358 2858 5400 et
2898 5348 3028 5415 justi
3074 5353 3474 5419 proscribantur

1824 5450 1827 5451 ν
1906 5430 2223 5485 criminibus
2265 5434 2573 5500 impiorum,
2599 5443 2757 5503 atque
2789 5446 2847 5489 ut
2871 5438 3207 5493 manifestius
3229 5441 3471 5510 eloquar,

1904 5534 2017 5581 eos,
2062 5523 2151 5588 qui
2186 5520 2476 5575 Simcniaci
2512 5538 2614 5574 non
2652 5533 2796 5585 sunt,
2839 5526 3267 5582 Simouiacorum
3300 5533 3470 5598 pinnis

1905 5609 2230 5677 adjudicant,
2275 5620 2327 5663 et
2355 5627 2451 5679 pro
2480 5612 2690 5664 illorum
2716 5617 3075 5683 negotiatione
3110 5621 3468 5676 condemnant

1904 5701 1994 5768 qui
2019 5701 2365 5756 exsecrabilis
2395 5704 2592 5771 negotii
2624 5707 2826 5757 crimen
2857 5722 3076 5774 prorsus
3108 5713 3378 5780 ignorant.

2442 5792 2669 5847 CAPUT
2716 5794 2920 5849 XXVII.

1911 5874 2056 5938 Quod
2090 5894 2247 5947 usque
2273 5880 2341 5932 ad
2370 5880 2464 5933 hoc
2490 5895 2687 5950 tempus
2728 5883 3032 5940 Simouiaca
3059 5890 3267 5946 literni:
3291 5894 3469 5965 viguit.

1977 5968 2103 6030 Quis
2132 5971 2270 6023 enim
2302 5971 2506 6027 nesciat
2531 5988 2696 6043 usque
2726 5976 2791 6030 ad
2814 5976 2973 6048 hujus
3003 5977 3218 6037 Ileurici
3242 5986 3471 6043 clemen-

3584 3559 3672 3625 qui
3719 3560 4035 3613 catholicam
4086 3564 4370 3626 deserens,
4451 3567 4713 3621 haeretica:
4784 3571 5153 3625 commnnioai

3585 3651 3857 3703 miscuerit
3886 3669 3965 3713 se,
4001 3654 4043 3705 si
4075 3659 4138 3704 ad
4184 3655 4475 3709 Ecclesium
4510 3674 4754 3712 reversus
4784 3660 4961 3726 fuerit,
4995 3662 5047 3715 in
5085 3678 5154 3716 eo

3582 3743 3772 3808 gradu,
3804 3758 3909 3810 quo
3946 3754 4081 3807 erat,
4107 3745 4220 3797 sine
4262 3748 4595 3813 promotione
4624 3759 4954 3815 permaneat.
4994 3771 5012 3802 ι
5046 3749 5155 3807 Po-

3590 3846 3777 3884 namus
3798 3832 3993 3900 itaque,
4027 3844 4082 3886 ut
4107 3832 4400 3891 Simoniaci
4435 3838 4487 3890 in
4513 3839 4659 3892 nullo
4688 3856 4716 3892 .ι
4746 3843 4954 3895 caeteris
4980 3842 5154 3897 hatre-

3583 3923 3703 3974 tic's
3750 3923 4016 3986 dill'crant,
4083 3935 4241 3994 atque
4267 3943 4362 3996 per
4405 3929 4800 3984 schismaticam
4829 3940 5026 3987 sectam
5078 3937 5159 3988 si-

3582 4011 3801 4071 militer,
3842 4026 3961 4062 cum
3993 4013 4072 4065 eis
4108 4016 4173 4065 ab
4199 4017 4565 4069 ecclesiastica
4607 4021 4980 4074 communione
5019 4039 5156 4091 pro-

3581 4099 3666 4151 cul
3700 4102 3977 4161 recedant;
4025 4103 4074 4153 in
4097 4106 4396 4157 sacerdotio
4425 4115 4619 4166 tamen,
4663 4108 4747 4160 vel
4777 4112 4985 4165 exteris
5012 4128 5154 4181 gra-

3582 4188 3735 4239 dibus
3767 4190 4073 4255 Quicunque
4103 4189 4214 4256 jam
4248 4193 4314 4245 ab
4338 4194 4416 4247 eis
4443 4196 4671 4262 promoti
4700 4208 4848 4263 sunt,
4879 4197 5160 4256 Leoniano

3579 4276 3942 4328 decernuntur
3972 4293 4288 4345 permanere
4317 4282 4541 4350 judicio.

4096 4389 4321 4447 CAPUT
4363 4394 4590 4450 XXVIII.

3584 4476 3684 4529 llic
3715 4478 3984 4545 manifeste
4016 4484 4281 4565 probatur,
4311 4489 4558 4565 qitia_p_er
4583 4492 4893 4548 simoniacas
4919 4493 5167 4565 Spiritus

4106 4559 4317 4608 sinicius
4342 4560 4466 4624 acri,
4492 4560 4618 4613 itur.
4957 4559 4966 4565 ’
5082 4569 5093 4583 ⁸

3654 4633 3759 4690 Sed
3783 4638 3978 4692 dicitur
4006 4656 4036 4694 e
4074 4642 4307 4709 diverso,
4340 4659 4465 4700 ecce
4489 4647 4548 4701 Β.
4569 4664 4700 4717 papa
4729 4651 5013 4722 Gregorius
5040 4657 5175 4713 cla-

3586 4738 3725 4779 mat:
3756 4749 3771 4778 ‹
3802 4729 3857 4782 Si
3885 4733 4023 4798 quis,
4058 4734 4326 4804 inquit(n,
4350 4747 4536 4806 quaest.
4569 4741 4618 4804 l,
4655 4742 4940 4814 Quisquis),
4972 4746 5034 4798 ad
5061 4748 5178 4803 Si-

3903 4792 3914 4798 -
4013 4792 4019 4795 -
4131 4792 4141 4802 .
4250 4792 4259 4804 ι
4314 4792 4382 4806 ν.
4480 4792 4485 4793 ν
4608 4792 5033 4814 ,νην-ηιμ-
5061 4792 5175 4803 νγ

3198 4830 3209 4863 :
3264 4814 3471 4880 justitia
3510 4792 3553 4849 Ι)
3586 4820 3841 4871 moniaca:
3889 4822 4169 4886 haereseos,
4205 4827 4286 4878 vel
4321 4831 4702 4899 neupbytorum
4732 4833 4935 4888 facinus
4961 4850 5179 4894 emen-

3582 4907 3813 4958 dandum
3847 4910 4002 4962 oliicii
4048 4915 4124 4964 sui
4179 4917 4609 4973 consideratione
4651 4924 4993 4979 vehementer
5033 4944 5180 4990 non

3579 4996 3863 5057 exarserit,
3890 5013 4007 5049 cum
4039 5000 4126 5051 ilio
4158 5016 4215 5055 se
4244 5019 4345 5057 non
4373 5006 4576 5060 dubitet
4599 5009 4795 5064 habere
4822 5015 5175 5085 portionem.

3581 5098 3737 5148 aquo
3783 5085 3879 5136 hoc
3910 5090 4183 5152 piaculare
4232 5090 4490 5162 ﬂagitium
4521 5101 4748 5168 sumpsit
4777 5104 5084 5162 exordium.
5145 5134 5173 5165 ι

3579 5175 3956 5242 Cunccdimus,
4004 5183 4242 5250 inquam,
4278 5198 4330 5238 et
4359 5202 4388 5239 a
4418 5201 4606 5244 sancto
4650 5193 4782 5256 viro,
4814 5196 4951 5263 quod
4976 5197 5186 5271 absit,

3579 5280 3685 5317 non
3716 5265 3924 5321 diversa
3956 5273 4235 5337 sentimus,
4271 5276 4548 5345 nimirum,
4589 5290 4644 5334 ut
4685 5286 5050 5355 unusquisque
5091 5265 5192 5348 ﬁ;

3578 5355 3775 5408 delium
3807 5359 3870 5410 ad
3902 5362 4294 5420 emendandum
4344 5369 4511 5435 pestis
4561 5373 4837 5443 utriusque
4878 5376 5194 5444 flagitium

3578 5460 3676 5513 pro
3705 5448 3902 5502 viribus
3932 5462 4152 5522 satagat,
4184 5464 4344 5525 atque
4367 5469 4423 5512 ut
4448 5460 4734 5518 SimOniaci
4759 5483 4877 5520 cum
4903 5472 5196 5544 neophy-

3579 5542 3647 5592 tis
3671 5544 3871 5608 pariter
3900 5545 4267 5613 deponantur,
4315 5553 4443 5604 recti
4486 5558 4749 5610 examinis
4788 5558 4899 5612 zelo
4931 5542 5201 5623 innate-

3579 5643 3714 5684 seat.
3751 5632 3858 5687 [\‘os
3888 5638 4068 5704 itaque
4103 5655 4206 5693 non
4238 5658 4334 5709 pro
4367 5644 4688 5700 Simoniatis
4724 5659 4945 5713 stamus,
5004 5670 5199 5725 quos

3578 5724 3830 5778 nimirum
3862 5728 4193 5785 damnandos
4223 5748 4341 5790 esse
4368 5737 4543 5791 omnis
4569 5740 4709 5793 sacri
4747 5742 4947 5812 eloquii
4976 5724 5207 5808 testa-

3579 5822 3663 5868 tur
3695 5818 3990 5872 auctoritas
4019 5837 4031 5874 :
4059 5822 4149 5875 sed
4174 5822 4312 5878 sicut
4336 5840 4400 5880 ex
4432 5835 4739 5884 sanctorum
4761 5831 4978 5886 Pazrum
5002 5844 5208 5898 mu]-

3577 5904 3775 5957 timoda
3823 5908 4100 5964 sanctione
4147 5912 4468 5983 colligimus,
4521 5918 4689 5988 gratis
4737 5936 4766 5972 a
4816 5918 5210 5989 Simoniacis

3575 5994 3869 6063 ordinatos,
3898 5997 4016 6067 jure
4047 6001 4099 6055 in
4129 6003 4239 6058 suis
4270 6005 4546 6063 ordinibus
4582 6009 4890 6066 retinendos
4924 6027 5058 6067 esse
5107 6021 5208 6077 li-

5340 1002 5341 1097 ι
