4690 6352
1062 335 1162 389 145

1489 334 1545 388 S.
1583 332 1783 388 PETRI
1824 332 2097 388 DAMIANI
2140 330 2287 387 OPP.
2329 330 2561 388 TOMUS
2592 331 2723 389 SEU
2759 334 2936 390 PARS
2975 332 3057 388 Ill.
3100 365 3167 373 --
3197 334 3555 391 OPUSCL'LA
3598 334 3826 390 VARIA.

4220 336 4317 392 HJ

1056 450 1356 507 aberrare?
1406 449 1561 505 Solus
1605 464 1731 516 ergo
1771 446 1953 501 Simon
1986 448 2158 515 potuit
2193 446 2392 502 ﬂuenta
2424 448 2617 502 restin-
2650 452 2693 509 Α
2724 447 2765 499 si
2792 460 2884 512 per
2906 446 3423 500 rcconsecratioocm
3447 444 3709 516 Spiritum
3734 456 3985 501 sanctum
4005 462 4112 501 non
4134 458 4322 505 timeat

1056 557 1249 614 gu‘ere,
1285 554 1531 610 tanquam
1566 539 1700 594 obex
1729 540 1933 593 medius
1962 539 2101 593 inter
2131 540 2296 593 Deum
2316 581 2330 604 ,
2363 551 2415 594 et
2445 542 2621 595 homi-

1056 646 1184 691 nes.
1230 632 1520 685 humanum
1550 644 1717 698 genus
1759 646 1788 681 a
1818 626 2093 682 Creatoris
2134 627 2215 681 sui
2244 630 2513 682 consortio
2540 644 2626 683 se-

1055 722 1280 791 perare?
1307 720 1481 781 Absit,
1510 719 1679 780 absit,
1711 727 1767 771 ut
1808 718 1973 772 falsus
2003 719 2161 773 homo
2192 719 2457 773 reScindat
2480 720 2623 787 quod

1053 824 1214 863 verus
1247 808 1385 861 Deus
1422 818 1475 861 et
1505 808 1665 861 homo
1714 808 2064 862 confaaderat.
2111 807 2297 871 Absit,
2346 818 2402 861 ut
2434 823 2623 863 omnes

1052 898 1297 953 homines
1324 898 1588 963 obruere,
1630 906 1681 952 et
1706 899 1882 952 divina
1915 896 2175 952 beneﬁcia
2207 897 2377 951 valeat
2405 914 2622 967 perver-

1053 992 1187 1045 sitas
1214 992 1447 1043 luunana
1482 990 1679 1044 delere.
2454 998 2457 999 ν

1118 1080 1227 1133 Sed
1253 1079 1401 1147 quid,
1433 1094 1635 1146 quaeso,
1661 1079 1898 1133 dicenms
1920 1080 1985 1131 de
2015 1079 2121 1140 bis,
2149 1094 2293 1148 quos.
2314 1089 2432 1149 post
2460 1092 2639 1147 nego-‘

1050 1170 1294 1223 tiationis
1340 1168 1583 1222 nefandae
1631 1168 2041 1232 commercium,
2078 1185 2174 1238 per
2221 1171 2614 1239 quadragenos,

1051 1260 1137 1313 vel
1184 1261 1588 1329 quinquagenos
1643 1273 1811 1312 annos
1879 1274 2045 1326 usque
2104 1260 2262 1314 hodie
2332 1261 2618 1329 aspicimus

1044 1350 1386 1419 pontificales
1434 1346 1629 1401 infulas
1671 1347 1956 1401 obsidere?
1995 1346 2125 1400 Nam
2156 1387 2170 1411 ,
2218 1362 2275 1400 ut
2323 1348 2388 1403 de
2430 1363 2616 1401 eorum

1043 1438 1531 1511 praedecessoribus
1564 1448 1836 1491 taceamus
1875 1437 1986 1491 sive
2015 1437 2274 1504 proximis
2298 1478 2312 1499 ,
2346 1437 2459 1491 sive
2506 1436 2619 1491 lon-

1046 1530 1283 1603 ginquis,
1312 1544 1447 1599 quos
1477 1529 1618 1582 idem
1665 1526 1882 1580 aliunde
1918 1527 2064 1580 fures
2103 1526 2349 1580 exhibuit
2373 1565 2388 1589 ,
2433 1541 2620 1580 omnes

1042 1620 1136 1687 qui
1166 1618 1283 1671 istis
1310 1615 1691 1685 obrepentibus
1720 1624 1843 1667 tunc
1872 1614 2085 1667 fuerunt
2109 1614 2336 1667 ordinati
2363 1653 2377 1678 ,
2410 1613 2615 1679 veljam

1044 1717 1176 1767 sunt
1219 1721 1283 1760 ex
1336 1706 1437 1759 hac
1481 1706 1600 1758 luce
1647 1702 1906 1758 subtracti
1934 1743 1949 1772 ,
1996 1702 2076 1755 vel
2109 1702 2415 1770 caliginosae
2456 1716 2615 1757 sene-

2725 536 2925 603 abncga
2936 550 3011 589 rc.

2795 625 2899 680 Sed
2938 629 2981 681 si
3012 643 3076 681 ex
3113 628 3331 681 decreto
3360 626 3553 681 Felicis
3580 642 3764 696 papzc,
3799 628 3888 683 ubi
3940 629 4204 683 nimirum
4253 632 4320 687 de

2722 718 3071 786 rebaptizatis
3101 716 3357 786 loquitur,
3386 718 3551 773 breve
3580 718 3707 785 quid
3737 733 4015 787 apponere
4055 736 4162 773 non
4195 737 4323 790 gra-

2724 822 2937 873 vemur,
2970 806 3077 860 illic
3123 807 3406 860 manifeste
3449 821 3734 876 possumus
3779 808 4039 877 colligere
4064 810 4197 877 quid
4230 810 4319 861 de-

2720 896 2943 950 beamus
2974 897 3135 950 etiam
3169 897 3232 950 de
3261 897 3729 950 reconsecratione
3758 899 3986 951 sentire.
4023 899 4173 951 Inter
4214 899 4319 951 alia

2722 985 2987 1051 siquidem
3020 986 3092 1037 ita
3130 984 3479 1053 prosequitur
3522 984 3623 1053 (De
3663 1000 3894 1038 ronsecr.
3930 986 4057 1041 dist.
4088 984 4155 1049 4,
4197 1002 4315 1054 cap.

2724 1073 2827 1125 Eos
2858 1075 3008 1142 quos)
3036 1092 3048 1125 :
3088 1092 3105 1122 ι
3146 1074 3269 1136 Eos,
3304 1073 3494 1142 inquit,
3520 1089 3657 1142 quos
3680 1078 3988 1144 episcopos,
4036 1080 4320 1147 presbyte-

2720 1177 2842 1221 ros.
2872 1163 2952 1215 vel
2980 1165 3234 1217 diaconos
3257 1161 3424 1217 fuisse
3447 1165 3751 1218 constiterit
3779 1205 3794 1227 ,
3826 1174 3881 1219 et
3922 1181 4019 1220 seu
4064 1178 4320 1236 optantes

2720 1254 2945 1309 forsitan
2977 1271 3067 1309 seu
3098 1266 3314 1318 coactos
3345 1255 3544 1309 lavacri
3584 1256 3728 1309 illius
3756 1259 3900 1311 unici
3934 1259 4207 1313 claruerit
4236 1258 4317 1314 fe-

2718 1345 3163 1410 cissejacturam,
3206 1355 3259 1398 et
3295 1346 3589 1409 Christum,
3621 1362 3780 1414 quem
3817 1363 3921 1401 non
3965 1349 4143 1402 solum
4177 1350 4319 1404 dono

2720 1435 3163 1499 regenerationis,
3195 1449 3380 1487 verum
3408 1438 3570 1488 etiam
3603 1436 3775 1504 gratia
3810 1440 4050 1506 percepti
4092 1438 4321 1495 honoris

2720 1522 3025 1587 induerant,
3047 1525 3279 1587 exuisse,
3312 1540 3434 1577 cum
3463 1535 3681 1579 constet
3703 1526 3977 1580 neminem
4012 1528 4082 1581 ad
4116 1544 4319 1583 secun-

2722 1614 2840 1665 dam
2880 1615 3191 1667 tinctioncm
3222 1615 3405 1667 venire
3431 1616 3691 1683 potuisse,
3725 1616 3825 1669 nisi
3853 1631 3912 1670 se
3944 1618 4129 1685 palam
4159 1619 4320 1673 Chri-

2720 1705 2950 1757 stianum
2978 1705 3270 1772 negaverit,
3300 1715 3353 1759 et
3375 1705 3653 1774 professus
3678 1705 3845 1760 fuerit
3866 1720 3989 1760 esse
4016 1722 4315 1776 paganum,

1047 1799 1209 1853 elutis
1246 1795 1525 1855 obstaculo
1566 1794 1636 1848 ab
1663 1794 1982 1849 exercendis
2007 1791 2195 1847 oﬂlciis
2224 1803 2347 1848 sunt
2392 1794 2613 1859 remoti;
2649 1789 2691 1846 Β
2721 1793 2860 1859 quod
2892 1808 3011 1845 cum
3045 1794 3367 1860 generaliter
3396 1798 3466 1847 sit
3496 1795 3549 1848 in
3590 1796 3845 1848 omnibus
3886 1799 4314 1861 exsecrandum.

1049 1891 1191 1945 unde
1237 1904 1455 1944 necesse
1498 1894 1621 1951 est,
1663 1894 1721 1939 ut
1763 1886 1814 1938 in
1842 1900 2029 1939 eorum
2072 1885 2395 1939 dimcesibus
2437 1885 2503 1937 ab
2534 1884 2617 1937 bis

1049 1988 1225 2031 tamen
1252 1976 1464 2031 clericis
1508 1989 1663 2029 sacra
1712 1974 1967 2043 mysteria
2017 1982 2374 2040 peragantur,
2409 1974 2497 2040 qui
2548 1974 2615 2027 ab

1046 2068 1136 2129 iis,
1166 2067 1254 2136 qui
1283 2066 1458 2120 adhuc
1496 2066 1712 2127 vivunt,
1745 2065 2064 2117 Simoniacis
2086 2066 2329 2117 ordinem
2361 2080 2615 2133 suscepe-

1045 2166 1189 2211 runt.
1222 2157 1357 2223 Quid
1401 2171 1529 2226 ergo
1552 2154 1618 2209 de
1648 2155 1712 2208 iis
1750 2156 2088 2209 sentiendum
2115 2156 2237 2209 est?
2265 2156 2399 2222 Quid
2440 2158 2617 2209 faten—

1043 2244 1395 2313 ilum?129
1430 2243 1801 2313 Nuuqttiduam
1846 2242 1946 2296 sub
1991 2244 2070 2297 eis
2118 2252 2194 2296 tot
2228 2244 2392 2297 millia
2442 2244 2614 2297 homi-

1045 2350 1172 2387 num
1213 2334 1390 2401 perire
1421 2332 1685 2387 credenda
1733 2340 1891 2395 sunt,
1942 2332 2033 2399 qui
2068 2332 2134 2385 ab
2182 2332 2381 2387 eisdem
2433 2346 2613 2386 sacra-

1045 2422 1211 2475 menti
1257 2420 1481 2491 gratiam
1550 2436 1654 2473 non
1710 2419 2056 2483 habentibus,
2093 2436 2225 2473 vana
2289 2422 2615 2491 sacramenti

1047 2510 1228 2577 specie
1268 2508 1632 2563 deluduntur?
1675 2506 2038 2561 Dicendumue
2068 2517 2150 2561 est
2192 2509 2415 2577 papnlo.
2447 2519 2503 2563 ut
2535 2510 2616 2563 vel

1038 2600 1273 2651 aliarum
1321 2598 1628 2652 dimceslum
1682 2597 1989 2651 sacerdotes
2031 2598 2334 2665 acquiraut,
2387 2598 2468 2651 vel
2516 2598 2612 2666 ipsi

1049 2690 1497 2758 transntigrautes
1520 2689 1589 2741 ab
1618 2687 1703 2750 iis,
1727 2688 1814 2754 qui
1846 2701 1949 2740 non
1982 2701 2011 2739 a
2037 2684 2358 2740 Simoniacis
2380 2687 2612 2740 ordinati

1040 2786 1188 2839 sunt,
1215 2784 1550 2830 sacramenta
1576 2774 1907 2843 percipiant?
1930 2773 2036 2828 Sed
2062 2789 2187 2827 ecce
2216 2775 2353 2828 sacri
2384 2790 2617 2829 canones

1044 2870 1393 2921 vehementer
1421 2866 1704 2929 obsistunt,
1734 2875 1786 2918 et
1813 2867 1927 2919 sine
1956 2864 2123 2918 forma
2161 2864 2425 2934 pontiﬁcis
2458 2880 2616 2934 paro-

1042 2957 1287 3009 rhiarum
1313 2954 1532 3009 limitem
1559 2955 2013 3017 transcendentes,
2054 2970 2083 3007 a
2122 2956 2496 3008 communione
2536 2970 2618 3008 re-

1042 3046 1265 3114 pellunt.
1297 3044 1389 3098 liis
1420 3044 1582 3112 igitur
1610 3043 1926 3111 quandoque
1952 3044 2179 3097 consulti
2205 3084 2219 3107 ,
2262 3045 2403 3111 quod
2433 3045 2613 3098 cousi-

1042 3140 1174 3192 lium
1226 3138 1505 3191 dabimus?
1546 3137 1748 3202 Quibus
1799 3136 2050 3188 nimirum
2078 3134 2229 3203 juxta
2274 3136 2611 3205 dispensalo-
2639 3110 2682 3171 ε

1040 3231 1135 3283 ria:
1158 3229 1471 3281 assertionis
1500 3228 1745 3279 inertiam
1778 3241 1872 3279 nec
1910 3226 2166 3293 indigenae
2191 3226 2394 3295 possint
2418 3236 2612 3295 myste-

1037 3324 1121 3376 ria
1153 3335 1306 3375 sacra
1348 3318 1583 3379 tradere,
1622 3318 1719 3369 nec
1762 3316 1828 3367 ad
1873 3326 2155 3369 extraneos
2198 3317 2456 3369 canonica
2487 3330 2609 3384 per-

1040 3413 1288 3466 mittatur
1326 3410 1648 3463 auctoritate
1696 3406 1945 3459 transire.
1991 3405 2072 3457 Ad
2118 3403 2436 3472 largissimae
2482 3418 2611 3473 ergo

1045 3503 1234 3555 divina:
1261 3499 1475 3570 pietatis
1501 3497 1749 3565 injuriam
1784 3493 2103 3546 inevitabilis
2134 3493 2387 3561 pereundi
2420 3508 2610 3546 neces-

1038 3592 1175 3644 sitas
1206 3590 1310 3641 illis
1342 3587 1633 3652 imponitur
1659 3624 1672 3647 ,
1719 3582 1911 3651 quibus
1945 3581 2191 3633 videlicet
2232 3580 2468 3647 undique
2508 3580 2613 3631 cir-

1040 3679 1328 3732 cumclusis
1354 3676 1496 3730 nullo
1520 3674 1771 3728 salutaris
1797 3670 2031 3729 coniugii
2081 3670 2319 3724 remedio
2362 3670 2613 3724 subveni-

1041 3782 1147 3823 tur.
1185 3768 1375 3822 Verum
1424 3782 1521 3820 nos
1569 3764 1764 3818 diutius
1796 3762 2042 3831 persequi
2091 3762 2187 3812 ista
2222 3761 2609 3827 postponimns,

1036 3870 1096 3913 ut
1127 3876 1245 3929 qua:
1279 3856 1479 3910 auditui
1534 3854 1718 3909 saltem
1768 3854 2005 3922 pavenda
2061 3860 2223 3914 sunt,
2271 3850 2612 3919 intelligenda

1040 3949 1238 4018 potius,
1273 3962 1433 4015 quant
1471 3942 1691 4011 legenda
1723 3957 1865 3993 sana:
1909 3941 2100 3993 mentis
2121 3940 2325 4008 judicio
2356 3936 2613 4009 relinqui-

1040 4052 1193 4099 mus;
1238 4046 1296 4087 ut
1318 4034 1499 4103 paucis
1513 4032 1723 4085 sobrius
1745 4030 1911 4083 lector
1932 4040 2207 4097 agnoscat,
2230 4030 2491 4097 dogmatis
2514 4031 2613 4082 hu-

1034 4130 1124 4198 jus
1162 4136 1410 4181 auctores
1446 4132 1656 4192 quantm
1695 4120 2135 4189 impossibilitatis
2181 4136 2330 4174 error
2359 4121 2608 4177 involvat.

1612 4212 1834 4270 CAPUT
1876 4212 2039 4266 XXX.

1093 4314 1243 4379 Quod
1276 4310 1628 4378 rebnp:izatio,
1652 4317 1698 4361 et
1728 4307 2099 4359 reconsecrutio
2121 4322 2217 4373 par
2240 4305 2431 4367 crimen
2457 4313 2549 4357 est.

1108 4405 1241 4471 Quia
1276 4404 1456 4471 igitur,
1496 4412 1550 4452 ut
1580 4400 1643 4453 de
1674 4396 2223 4451 recousecrationibus
2248 4396 2608 4463 loqueremur,

1043 4505 1401 4565 congruenter
1431 4491 1702 4551 occurrit,
1750 4497 1912 4555 atque
1944 4487 1995 4541 id
2026 4487 2195 4540 solum
2245 4487 2366 4541 huic
2412 4497 2611 4539 nostra:

996 4608 999 4611 ·
1042 4583 1519 4641 lucubratiunculas
1573 4580 1784 4631 demum
1840 4584 2045 4635 restat,
2098 4590 2257 4640 super
2304 4577 2404 4630 hoc
2448 4577 2609 4629 etiam

1038 4681 1318 4737 themate,
1369 4673 1451 4726 vel
1502 4670 1773 4723 succincte
1827 4682 1924 4719 nos
1978 4674 2209 4719 tractare
2258 4680 2362 4717 non
2412 4668 2606 4734 pigeat.

1038 4770 1204 4823 Plane
1250 4765 1337 4832 qui
1390 4761 1531 4816 sacri
1580 4758 1777 4825 eloquii
1825 4756 1986 4808 limen
2031 4754 2312 4808 consuevit
2355 4765 2608 4817 atterere,

1040 4854 1518 4923 rebaptizatinnem
1570 4858 1623 4901 et
1667 4844 2185 4900 reconsccrationem
2234 4844 2333 4895 sub
2374 4842 2609 4909 ejusdem

1040 4945 1301 5001 examinis
1340 4942 1524 4995 didicit
1566 4939 1717 4991 lance
1751 4950 1992 5005 pensare.
2028 4933 2177 4987 Sicut
2204 4934 2349 4985 enim
2382 4933 2610 5001 rebapti-

1039 5045 1195 5089 zatus
1216 5032 1511 5092 Christum,
1534 5042 1688 5096 quem
1717 5025 1983 5085 induerat,
2004 5024 2215 5077 exuisse
2240 5022 2606 5085 convincitur;

1040 5131 1117 5181 ita
1150 5124 1403 5180 nimirum
1429 5161 1443 5183 ,
1484 5123 1539 5173 et
1586 5123 1991 5171 reconsecratus
2036 5114 2293 5183 Spiritum
2340 5123 2608 5178 sanctum,

1042 5231 1201 5286 quem
1234 5223 1547 5281 acceperat,
1600 5211 1873 5263 evidenter
1924 5209 2186 5277 probatur
2240 5207 2523 5259 atttisisse:
2557 5215 2612 5260 et

1041 5325 1166 5365 cum
1209 5306 1400 5362 summi
1434 5304 1595 5359 Verbi
1646 5312 1805 5370 atque
1860 5301 2115 5354 Paracleti
2177 5317 2280 5356 una
2336 5300 2608 5364 divinitas,

1043 5399 1230 5454 eadem
1258 5394 1600 5462 proculdubio
1625 5392 1877 5446 credatur
1898 5391 2147 5452 essentia,
2172 5392 2262 5458 qui
2294 5405 2455 5441 unum
2490 5404 2612 5457 per-

1045 5490 1124 5543 dit
1154 5487 1379 5541 alternm
1409 5500 1511 5539 non
1542 5484 1795 5546 habebit;
1836 5491 1995 5550 atque
2030 5482 2147 5534 ideo
2178 5482 2318 5533 sicut
2346 5479 2611 5534 nefarium

1046 5590 1147 5639 est,
1184 5579 1226 5630 si
1254 5577 1374 5643 quis
1403 5592 1497 5644 per
1534 5576 1871 5629 iterationem
1914 5573 2160 5641 baptismi
2198 5572 2465 5627 Christum
2495 5589 2521 5624 a
2554 5585 2611 5627 se

1046 5677 1335 5745 pzatsumat
1369 5666 1630 5735 expellere
1658 5682 1670 5718 :
1703 5670 1772 5720 ita
1820 5665 2165 5722 nihilominus
2204 5660 2621 5729 exsecrandum,‘

2720 1883 2884 1935 multo
2919 1882 3091 1951 magis
3118 1883 3170 1935 in
3203 1884 3491 1952 episcopis,
3520 1886 3855 1955 presbyteris
3889 1895 3946 1939 et
3985 1888 4316 1944 diaeonibus

2718 1970 2897 2023 auditu
2958 1972 3147 2024 saltem
3196 1973 3447 2042 dictuque
3494 1975 3755 2043 probatur
3796 1976 4159 2048 horrendum.
4205 1981 4316 2035 Sed

2714 2059 2838 2129 quia
2870 2060 3008 2114 idem
3043 2062 3300 2115 Dominus
3332 2073 3494 2132 atque
3527 2063 3777 2118 Salvator
3822 2065 4312 2135 clementissimus,

2716 2160 2770 2205 et
2815 2151 3082 2204 nemiuem
3132 2152 3243 2203 vult
3282 2154 3491 2219 perire,
3526 2168 3697 2222 usque
3727 2154 3793 2207 ad
3823 2157 4005 2210 exitus
4036 2158 4201 2228 130
4228 2160 4314 2213 sui

2718 2240 2878 2304 diem,
2914 2241 2965 2293 in
2997 2241 3334 2309 paenitentia,
3388 2244 3434 2297 si
3484 2245 3844 2313 resipiscunt,
3883 2246 4075 2314 jacere
4109 2265 4314 2303 conve-

2717 2332 2847 2384 niat.
2881 2329 2988 2383 Nec
3015 2331 3243 2384 orationi
3271 2347 3377 2385 non
3410 2333 3570 2387 modo
3607 2334 3877 2397 ﬁdelium,
3909 2336 4006 2389 sel
4036 2352 4137 2391 nec
4167 2349 4317 2392 cate-

2719 2422 3105 2476 cluunenorum
3136 2423 3351 2489 quidem
3382 2424 3709 2495 omnimodis
3748 2425 4017 2480 interesse
4039 2468 4056 2491 ,
4110 2429 4315 2498 quibus

2718 2512 3023 2564 communio
3049 2510 3180 2563 laica
3206 2512 3257 2563 in
3283 2522 3453 2565 morte
3472 2512 3803 2567 redhibeuda
3835 2524 3936 2567 est.
3973 2536 3992 2567 ι
4026 2515 4085 2569 lu
4110 2519 4316 2586 quibus

2716 2599 2956 2667 profecto
2985 2602 3165 2654 verbis
3189 2602 3317 2655 illud
3345 2612 3425 2656 est
3449 2602 3704 2658 solertius
3735 2604 4076 2670 intuendum,
4111 2610 4237 2676 quia
4265 2610 4314 2665 si

2718 2692 3082 2759 rebaptizatus
3106 2693 3305 2746 idcirco
3336 2693 3611 2748 Christum
3637 2711 3864 2765 negasse
3901 2699 4171 2753 dicendus
4201 2710 4311 2768 est,

2716 2783 2839 2849 quia
2882 2792 3002 2851 post
3046 2793 3323 2852 acceptum
3366 2783 3698 2853 baptismum
3741 2802 3799 2840 se
3837 2791 4119 2856 negaverit
4152 2789 4314 2845 Citri-

2717 2872 2980 2935 stianum;
3017 2872 3060 2924 is
3082 2874 3264 2933 etiam,
3297 2873 3386 2940 qui
3416 2876 3877 2928 reconsecrandus
3904 2859 4152 2940 accedit,
4186 2880 4312 2935 ideo

2719 2960 2975 3027 Spiritum
3008 2971 3250 3031 sanctum
3297 2977 3520 3030 negasse
3571 2965 3944 3027 convincitur,
4000 2968 4130 3033 quia
4185 2984 4313 3023 cum

2717 3058 2837 3114 post
2861 3050 3325 3103 consecrationem
3358 3050 3618 3119 Spiritum
3651 3063 3895 3107 sanctum
3928 3069 3987 3108 se
4016 3071 4127 3109 non
4152 3072 4315 3113 acce-

2713 3138 2856 3205 pisse
2887 3145 3134 3190 testatur.

2782 3228 3211 3279 lteeonsecratus
3240 3241 3367 3295 ergo
3412 3242 3438 3279 a
3474 3230 3811 3298 rebaptizato
3842 3246 4189 3302 nequaquam
4224 3237 4310 3291 div

2713 3332 2865 3370 versa
2896 3318 3241 3369 damnatione
3266 3318 3545 3379 dividitur,
3592 3336 3713 3372 cum
3761 3323 4017 3375 nimirum
4052 3328 4172 3393 pari
4211 3331 4312 3381 im-

2714 3406 2929 3475 pietatis
2966 3406 3175 3474 piaculo
3202 3406 3460 3471 Sociatur,
3488 3408 3589 3460 nisi
3613 3408 3857 3464 fortassis
3883 3422 3939 3464 et
3968 3414 4114 3467 hunc
4143 3416 4314 3470 scele-

2712 3500 2881 3552 ratius
2902 3515 3060 3568 peoca
3072 3517 3126 3554 re
3149 3502 3270 3569 quis
3292 3510 3500 3555 asserat
3524 3514 3746 3572 propter
3773 3506 3894 3569 hoc,
3919 3509 4063 3575 quod
4094 3509 4313 3569 Veritas

2713 3591 2840 3643 dicit
2869 3609 2879 3642 :
2913 3611 2927 3640 ι
2966 3592 3096 3655 Quia
3125 3592 3212 3659 qui
3239 3602 3423 3659 peccat
3450 3593 3498 3645 in
3528 3594 3765 3659 Patrem,
3785 3605 3839 3649 et
3866 3595 4086 3665 Filium,
4119 3605 4314 3658 remit-

2716 3680 2843 3731 titur
2880 3680 2960 3743 ci;
3012 3680 3098 3747 qui
3149 3689 3325 3733 autem
3377 3692 3567 3749 peccat
3613 3683 3666 3736 in
3726 3684 3985 3753 Spiritum
4026 3702 4310 3758 sanctum,

2713 3785 2886 3835 neque
2929 3770 3015 3823 hic
3062 3772 3384 3835 remittitur,
3422 3787 3596 3840 neque
3629 3773 3681 3825 in
3725 3773 3905 3829 futuro
3937 3777 4155 3844 (Matth.
4196 3797 4307 3847 xu;

2713 3858 2842 3911 an.
2872 3859 2993 3926 xu).
3033 3879 3048 3909 δ
3096 3861 3158 3911 Et
3189 3876 3373 3913 revera
3414 3862 3456 3914 si
3490 3862 3880 3919 catholicorum
3915 3867 4093 3921 edicta
4126 3872 4313 3938 ponti-

2714 3950 2872 4002 licum
2922 3952 3253 4017 propensiori
3300 3952 3597 4005 subtilitate
3624 3954 3961 4020 discutimus,
3994 3959 4313 4023 invenimus

2714 4040 2946 4107 aliquam
3014 4041 3283 4095 licentiam
3347 4042 3399 4095 in
3467 4043 3896 4111 rebaptizatione
3947 4051 4308 4122 permissam,

2712 4145 2871 4198 quam
2904 4139 3051 4183 certe
3077 4130 3315 4184 videmus
3343 4134 3799 4188 reconsecrationi
3848 4135 4093 4194 funditus
4140 4142 4315 4198 dene-

2714 4226 2888 4287 gatam
2918 4218 2977 4285 (I,
3013 4228 3202 4285 quaest.
3238 4218 3296 4279 1,
3332 4216 3483 4282 Quod
3510 4222 3763 4290 quidam;
3811 4237 3849 4286 ι,
3882 4238 3937 4291 q.
3972 4224 4036 4287 1,
4076 4226 4139 4280 Si
4164 4232 4309 4301 qui).

2713 4306 2846 4359 Nam
2878 4307 2918 4360 si
2951 4322 3069 4375 quae
3098 4308 3345 4376 superius
3373 4309 3513 4361 dicta
3545 4317 3671 4362 sunt
3705 4312 3963 4365 memoria
3994 4329 4099 4365 non
4131 4319 4313 4384 patia-

2717 4414 2835 4451 mur
2852 4400 3113 4458 excidere,
3134 4400 3613 4454 animmlvertimus
3628 4418 3656 4453 a
3677 4402 4044 4467 Pauliauistis,
4072 4407 4309 4476 aliisque

2717 4490 2984 4541 haereticis
3014 4489 3271 4555 Spiritum
3302 4502 3546 4543 sanetum
3582 4507 3686 4544 non
3720 4492 4077 4556 habentibus,
4124 4497 4308 4567 bap.i-

2716 4588 2864 4631 latos
2912 4579 3233 4646 rebaptizari
3286 4580 3607 4649 regulariter
3651 4590 3920 4650 oportere.
3965 4582 4067 4638 Ubi
4122 4596 4307 4643 tamen

2714 4668 3013 4735 baptismus
3046 4668 3226 4721 iterari
3257 4684 3359 4721 non
3392 4670 3611 4733 dicitur,
3645 4672 3768 4739 quia
3800 4670 4105 4739 baptismus
4138 4674 4310 4732 fuisse

2716 4759 2987 4811 immunda
3039 4760 3183 4826 prior
3233 4759 3435 4812 ablutio
3484 4776 3587 4814 non
3642 4760 3874 4814 videtur.
3910 4746 4307 4821 Recousecrari

2715 4861 2895 4903 autem
2948 4867 2976 4902 ιι
3022 4865 3345 4919 quocunque
3390 4850 3771 4906 haereticorum
3813 4867 4012 4919 genere
4057 4856 4306 4923 veniant,

2708 4956 2934 5009 prorsus
2975 4950 3279 5007 nequeunt;
3317 4941 3440 5009 quia
3473 4942 3577 4994 hoc
3614 4942 3755 4995 sacri
3795 4957 4030 4997 canones
4076 4948 4308 5003 omnino

2715 5031 3000 5098 refugiunt.
3037 5030 3377 5099 Quapropter
3405 5031 3537 5084 satis
3570 5032 3849 5095 miramur,
3896 5046 3995 5085 cur
4040 5042 4148 5087 tam
4180 5051 4309 5103 pro-

2718 5121 2918 5189 digiosa
2948 5124 3163 5189 quidam
3196 5123 3437 5175 carcitate
3464 5124 3779 5184 vesaniant,
3818 5133 3877 5176 ut
3911 5140 3939 5175 a
3969 5123 4305 5182 Simoniacis

2719 5216 3017 5275 ordinatos,
3054 5214 3228 5266 denuo
3264 5216 3659 5268 consecrandos
3687 5231 3806 5269 esse
3838 5217 4139 5270 decerteut.
4168 5219 4304 5272 Illud

2716 5303 2979 5369 siquidem
3013 5302 3349 5371 promulgant
3393 5317 3555 5369 super
3603 5303 4036 5357 Situoniacortun
4081 5307 4306 5361 ordina-

2719 5394 2859 5448 tione
2889 5396 3182 5455 deCIetum,
3235 5395 3375 5463 quod
3416 5396 3519 5449 illis
3553 5397 3712 5450 etiam
3745 5397 4005 5459 absonum
4040 5402 4305 5469 probatur

2718 5486 3002 5551 hlBI‘EliCiS,
3021 5488 3110 5556 qui
3137 5488 3448 5542 orthodoxa:
3470 5489 3591 5543 ιλιιεί
3618 5504 3685 5544 ne
3708 5491 4057 5561 perexiguum
4084 5497 4300 5563 quidem

2715 5576 2963 5630 videntur
2993 5576 3189 5631 habere
3221 5579 3524 5648 vestigium.
3562 5578 3948 5635 llmreticorum
3980 5599 4174 5654 nempe
4212 5585 4303 5639 alii

2717 5676 2875 5722 recta:
2924 5668 3044 5722 tilei
3090 5679 3233 5738 sunt,
3267 5680 3320 5723 et
3359 5670 3409 5724 in
3444 5670 3556 5726 suis
3579 5671 3832 5742 gradibus
3858 5674 4301 5745 recipiendi,an
