4690 6410
160 401 271 459 135
988 407 1228 465 OPUSC.
1256 408 1339 466 VI.
1379 440 1448 449 ——
1481 408 1681 463 LIBER
1719 407 1834 475 QUI
1876 407 2153 465 DICITUR
2189 407 2671 463 GRATISSIML'S.
3349 399 3449 457 NB

162 527 316 573 recta
357 516 461 572 ﬁde
499 529 704 586 carent,
746 532 800 577 et
837 521 891 575 in
930 536 1028 576 suo
1064 522 1358 591 persistere
1403 524 1607 577 honore
1646 535 1749 576 non
1781 524 1829 580 A

159 608 383 663 debent.

234 697 304 752 Et
328 699 585 767 quoniam
612 716 641 754 a
672 700 1000 756 Simoniacis
1028 702 1297 757 haereseos
1320 712 1504 757 notam
1536 702 1744 771 propul-

159 800 291 841 sare
320 802 425 841 non
456 803 773 857 possumus,
802 787 926 858 jure
957 792 1154 860 quibus
1177 792 1440 859 assignari
1466 792 1753 846 videantur

156 874 196 929 Ι]
220 877 434 931 ereticis
469 880 752 947 perspicue
793 880 1185 935 discernamus.
1232 880 1340 934 Aut
1374 882 1517 936 enim
1547 892 1749 937 rectam

155 970 327 1027 fidem
362 974 561 1029 habere
585 974 797 1029 dicendi
826 984 974 1039 sunt,
1007 975 1145 1030 sicut
1172 974 1485 1039 Novatiani;
1516 984 1606 1029 aut
1629 989 1754 1044 per-

157 1062 307 1116 fldiae
354 1062 632 1117 erroribus
676 1062 1031 1127 detinentur,
1076 1064 1216 1117 sicut
1261 1062 1637 1127 Paulianistxe,
1666 1064 1751 1118 vel

152 1151 373 1207 Ariani.
408 1153 515 1207 Sed
537 1154 582 1208 si
615 1164 777 1208 rectae
804 1154 925 1209 ﬁdei
953 1170 1076 1209 cum
1100 1153 1413 1209 Novatianis
1439 1164 1585 1220 sunt,
1614 1155 1753 1211 sicut

152 1256 190 1295 ει
231 1240 551 1296 Novatianis
595 1244 871 1298 venientes
894 1243 948 1297 in
976 1244 1089 1299 suis
1124 1245 1509 1313 praecipiuntur
1535 1246 1753 1301 honori-

151 1330 265 1385 bus
294 1331 493 1400 recipi,
526 1331 601 1386 ita
631 1334 798 1387 etiam
829 1334 899 1389 ab
928 1334 1013 1389 bis
1040 1334 1281 1390 ordinari
1319 1350 1426 1389 non
1458 1335 1653 1390 debent
1683 1335 1750 1389 ab

151 1413 387 1486 injuiicti
408 1414 607 1490 g’radus
622 1422 798 1478 ofﬁcio
821 1424 1109 1480 removeri.
1130 1424 1281 1490 Quod
1306 1426 1349 1479 si
1372 1440 1495 1481 cum
1510 1425 1750 1492 Arianis,

150 1509 276 1563 sive
301 1508 655 1567 Paulianistis
678 1510 917 1582 perﬁdiae
940 1512 1288 1568 involvuntur
1309 1515 1586 1570 erroribus
1613 1516 1754 1570 sicut

153 1600 229 1653 ab
252 1599 361 1654 illis
384 1602 589 1669 egressi
615 1603 987 1657 reconsecrari
1018 1602 1325 1658 nullatenus
1341 1605 1751 1674 permittuntur,

149 1687 303 1755 quod
345 1688 604 1742 nimirum
655 1691 970 1747 Innocentio
1017 1706 1155 1762 papa
1196 1694 1522 1749 omnimodis
1567 1696 1753 1765 probi-

150 1776 353 1842 bente,
382 1778 544 1847 paulo
582 1788 709 1833 ante
737 1781 1058 1848 didicimus;
1104 1782 1184 1839 sic
1218 1784 1381 1838 etiam
1413 1785 1526 1851 isti,
1575 1786 1668 1854 qui
1719 1801 1750 1840 a

1927 519 2022 573 IIis
2053 520 2237 588 itaque
2269 517 2448 572 verbis
2474 516 2759 571 evidenter
2787 512 3108 575 ostenditur,
3148 511 3275 580 quia
3306 510 3453 567 sicut

1852 611 1914 665 in
1933 609 2363 679 rebaptizatione
2390 608 2641 662 Christus
2672 606 2890 661 exuitur
2912 645 2926 667 ,
2976 605 3046 657 ita
3077 611 3131 657 et
3163 603 3215 656 in
3258 617 3452 656 recon—

1853 702 2157 755 secratione
2193 697 2429 768 Spiritus
2455 697 2628 751 sancti
2660 696 2831 765 gratia
2858 694 2949 763 qui
2990 692 3129 745 male
3158 700 3453 759 provectus

1850 804 1957 857 est,
1991 799 2309 848 evacuatur.
2345 790 2483 857 Quid
2512 789 2658 843 enim
2697 787 2959 857 sacrilega
2990 786 3077 840 illa
3109 784 3451 839 consecratio

1852 885 1956 939 nisi
1986 884 2182 954 duplex
2208 890 2291 938 est
2321 881 2626 950 depositio?
2672 879 2789 947 Qua
2820 879 3076 932 nimirum
3102 917 3115 939 ,
3150 877 3277 930 dum
3309 891 3453 929 unus

1850 966 2261 1028 exsecrabiliter
2286 979 2663 1035 consecratur,
2712 977 2941 1037 uterque
2977 967 3102 1036 jure
3135 965 3449 1034 deponitur.

1854 1064 2006 1120 Unde
2037 1078 2144 1119 non
2174 1062 2451 1117 immerito
2483 1062 2535 1114 in
2564 1060 2866 1115 canonibus
2901 1055 3269 1127 apostolorum
3319 1054 3450 1124 legi-

1852 1161 1941 1207 tur
1973 1152 2191 1222 (Distin.
2227 1152 2316 1214 68,
2344 1166 2465 1222 cap.
2498 1148 2650 1206 Sicut
2683 1149 2863 1217 semel)
2892 1166 2905 1201 :
2937 1166 2955 1199 ι
2993 1145 3051 1200 Si
3089 1145 3210 1214 quis
3239 1144 3456 1212 episco-

1850 1260 1971 1316 pus,
2001 1254 2091 1297 aut
2122 1244 2444 1314 presbyter,
2493 1250 2586 1295 aut
2630 1241 2893 1296 diaconus
2931 1238 3222 1293 secundum
3257 1249 3454 1289 manus

1851 1318 2254 1405 impositionem
2276 1332 2547 1401 acceperit
2575 1332 2645 1387 ab
2669 1331 2875 1400 aliquo,
2899 1330 3205 1397 deponatur
3231 1335 3285 1378 et
3312 1326 3450 1392 ipse,

1850 1432 1906 1478 et
1930 1423 2021 1493 qui
2051 1437 2173 1477 eum
2197 1422 2452 1476 ordinare
2480 1421 2790 1475 tentaverit.
2822 1418 2955 1473 Nam
2980 1432 3097 1481 eos,
3129 1417 3220 1485 qui
3250 1416 3319 1468 ah
3346 1416 3451 1468 lm-

1846 1513 2081 1586 jusmodi
2106 1514 2363 1582 baptizati
2392 1512 2617 1576 fuerint,
2641 1511 2724 1565 vel
2745 1510 3005 1573 ordinati,
3036 1522 3210 1576 neque
3240 1504 3448 1567 ﬁdeles,

1851 1621 2027 1676 neque
2048 1605 2279 1660 clericos
2309 1618 2431 1659 esse
2455 1602 2712 1674 possibile
2736 1610 2841 1655 est.
2875 1621 2892 1652 ι
2914 1599 3065 1666 Quod
3091 1599 3135 1653 si
3160 1598 3453 1668 quisquam

1850 1696 2145 1765 obiecerit,
2202 1705 2323 1764 post
2369 1694 2762 1762 depositionem
2827 1689 3237 1745 reconciliatum
3283 1687 3453 1741 fuisse

1851 1786 2470 1849 Formosum.Roman:e
2486 1784 2900 1839 videlicetsedis
2925 1782 3259 1852 episcopum,
3286 1794 3451 1832 nove-

151 1867 486 1924 Simoniacis
508 1881 636 1926 sunt
653 1874 911 1941 promoti,
935 1874 1076 1928 nulla
1100 1885 1319 1945 possunt
1340 1878 1549 1932 ratione
1570 1878 1747 1933 denuo
1778 1880 1823 1937 Β
1852 1880 1923 1934 rit
1944 1878 2207 1949 plurimos
2232 1879 2576 1931 sacerdotum
2608 1874 2988 1929 reconciliatos
3019 1870 3237 1941 quidem
3262 1868 3448 1930 fuisse,

148 1962 490 2015 consecrari.
515 1962 707 2017 Restat
739 1965 924 2035 igitur,
956 1975 1015 2020 ut
1042 1968 1156 2022 sive
1184 1978 1328 2024 recte
1357 1969 1602 2034 credant,
1632 1970 1748 2027 sive

148 2057 303 2101 recte
353 2064 459 2103 non
508 2052 753 2117 credant,
792 2054 969 2109 denuo
994 2057 1299 2112 consecrari
1342 2072 1448 2112 non
1493 2059 1747 2114 debeant.

147 2133 391 2192 Necesse
415 2147 501 2193 est
527 2140 711 2210 itaque
737 2145 1032 2199 secundum
1061 2160 1123 2200 ea
1146 2162 1265 2215 quae
1286 2148 1427 2201 dicta
1453 2158 1599 2213 sunt,
1635 2159 1691 2203 ut
1715 2165 1746 2205 a

149 2224 486 2283 Simoniacis
512 2230 767 2295 ordinati,
798 2242 891 2287 aut
919 2236 1186 2292 catholice
1215 2238 1463 2292 dicantur
1501 2241 1745 2303 credere,

145 2322 203 2368 et
228 2314 283 2369 in
316 2319 431 2372 suis
465 2318 696 2375 debeant
734 2321 925 2377 ofﬁciis
968 2339 1315 2393 permanere;
1362 2338 1456 2380 aut
1500 2328 1743 2396 perﬁdim

146 2405 551 2461 convincuntur
604 2411 857 2475 obnoxii,
912 2422 967 2467 et
1022 2415 1101 2468 sic
1151 2416 1289 2483 quod
1336 2428 1615 2487 acceptum
1665 2429 1748 2473 est

144 2501 404 2565 perdant.
438 2501 638 2555 Verum
676 2506 797 2572 quis
836 2507 1060 2568 nesciat,
1103 2521 1195 2561 eos
1239 2524 1341 2561 non
1378 2510 1545 2562 solum
1581 2510 1633 2563 in
1660 2525 1746 2564 oro

148 2586 404 2641 thodoxze
432 2588 555 2643 ﬁdei
581 2592 849 2648 soliditate
878 2589 1185 2662 persistere,
1218 2598 1311 2652 sed
1342 2599 1622 2669 plerosque
1656 2616 1749 2656 eo-

146 2694 271 2732 rum
308 2680 550 2749 insuper,
591 2682 742 2752 131
778 2694 837 2737 ut
866 2701 1049 2739 revera
1082 2688 1376 2744 catholicos
1420 2705 1519 2759 per
1565 2694 1747 2746 omnia

145 2771 298 2824 viros
348 2782 556 2827 sancta:
601 2779 1028 2832 conversationis
1077 2781 1272 2844 studio,
1322 2790 1747 2852 cunctarumque

146 2861 413 2915 virtutum
452 2864 733 2919 honestate
759 2866 988 2921 ﬁorere?
1015 2870 1373 2939 Consequitur
1398 2871 1579 2941 igitur,
1607 2884 1665 2925 ut
1693 2873 1744 2925 in

146 2952 390 3020 acceptis
425 2954 720 3008 honoribus
745 2956 867 3023 jure
912 2970 1293 3025 permaneant,
1338 2962 1390 3015 in
1424 2960 1619 3029 quibus
1667 2961 1748 3014 ni-

146 3038 347 3092 mirum
396 3055 521 3094 cum
564 3042 875 3111 integritate
916 3048 1035 3101 ﬁdei
1090 3058 1142 3102 et
1188 3052 1528 3106 conversatio
1558 3061 1744 3108 sancta

145 3132 465 3185 concordat.
523 3132 825 3201 Ahjiciatur
879 3152 1009 3206 ergo
1060 3140 1369 3209 blasphema
1430 3144 1743 3208 temeritas,

1847 1970 1941 2041 qui
1974 1978 2154 2023 tamen
2184 1982 2451 2037 nusquam
2484 1966 2739 2035 leguntur
2774 1965 2823 2017 in
2863 1964 3092 2031 idipsum
3122 1962 3296 2015 denuo
3322 1973 3454 2013 con-

1846 2059 2064 2115 secrati.
2111 2058 2270 2111 Aliud
2316 2068 2400 2110 cst
2447 2056 2592 2109 enim
2640 2053 2939 2123 quemlibet
2990 2066 3086 2119 per
3135 2047 3449 2120 synodalem

1847 2149 2172 2204 sententiam
2202 2148 2254 2201 in
2288 2148 2473 2201 amissi
2510 2145 2718 2200 ordinis
2742 2146 2863 2215 jura
2896 2143 3141 2206 restitui;
3179 2141 3321 2193 aliud
3354 2153 3451 2207 per

1847 2241 2276 2296 consecrationis
2320 2240 2639 2309 mysterium
2666 2278 2679 2297 ,
2720 2238 2860 2304 quod
2893 2235 3079 2288 iterari
3110 2249 3216 2286 non
3249 2238 3449 2299 potest,

1849 2333 2083 2401 Spiritus
2109 2330 2285 2385 sancti
2309 2330 2537 2399 gratiam
2566 2326 2863 2398 promereri
2883 2341 2894 2377 :
2914 2324 3215 2395 praesertim
3247 2335 3367 2373 cum
3398 2320 3452 2372 in

1846 2438 1949 2486 eo,
2001 2421 2093 2491 qui
2149 2421 2472 2489 deponitur,
2528 2432 2835 2488 quanquam
2898 2412 3177 2483 dignitatis
3238 2408 3453 2463 utendas

1846 2519 2039 2585 perdat
2073 2517 2439 2573 exstrinsecus
2484 2514 2848 2583 privilegium,
2902 2520 3088 2566 manet
3147 2519 3325 2564 tamen
3367 2507 3450 2561 ni-

1846 2608 2141 2663 hilominus
2172 2606 2341 2662 semel
2378 2606 2561 2675 adepti
2591 2605 2801 2661 ordinis
2834 2612 3269 2665 sacramentum;
3305 2600 3451 2655 sicut

1848 2701 2013 2756 etiam
2033 2710 2288 2755 manente
2311 2700 2363 2752 in
2388 2714 2447 2754 se
2467 2708 2811 2753 sacramento
2829 2698 2983 2768 132
3001 2692 3453 2767 regenerationis,

1848 2792 2350 2846 excommunicatur
2364 2806 2488 2845 reus
2501 2790 2791 2858 cujuslibet
2805 2787 3067 2851 criminis,
3090 2803 3188 2840 nec
3203 2794 3450 2840 caretco—

1849 2882 1969 2936 dem
1994 2892 2355 2948 sacramento,
2372 2882 2536 2936 etiam
2554 2883 2596 2936 si
2617 2897 2890 2949 nunquam
2914 2878 3296 2934 reconcilietur
3313 2877 3445 2930 Deo.

2401 2970 2640 3025 CAPUT
2673 2968 2888 3025 XXXII.

1852 3063 2005 3128 Quod
2036 3061 2228 3131 falsum
2250 3062 2337 3125 sit,
2366 3071 2423 3114 ut
2447 3060 2666 3131 quilibet
2698 3077 2728 3111 a
2755 3060 3059 3114 Simoniaco
3086 3067 3447 3121 consecratus,

2329 3150 2360 3185 α
2392 3133 2525 3185 laico
2558 3132 2689 3183 nihil
2718 3131 2951 3197 di'fcrat.

146 3238 313 3277 ausus
345 3224 564 3279 illicitos
596 3229 920 3296 reprimatur
944 3271 957 3293 ,
1003 3239 1059 3283 et
1092 3233 1182 3301 qui
1212 3242 1439 3304 arguunt
1470 3234 1744 3289 Christum
1774 3216 1818 3277 C
1922 3222 2028 3278 Sed
2057 3223 2122 3279 de
2147 3222 2633 3277 reconsecrationis
2663 3222 2971 3291 impietate,
3016 3219 3141 3275 licet
3167 3234 3263 3273 nos
3291 3218 3445 3288 plura

148 3315 518 3381 rebaptizatos
544 3326 1139 3379 exuere,‘exsecrentur
1160 3324 1319 3376 etiam
1340 3334 1743 3379 reconsecratos

144 3403 261 3471 pari
298 3402 561 3471 Spiritum
590 3416 837 3461 sanctum
871 3409 1143 3479 impietate
1174 3427 1389 3482 negare.

716 3518 944 3574 CAPUT
986 3520 1173 3575 XXXI.

145 3610 301 3675 Quod
329 3612 463 3665 sicut
492 3614 826 3681 rcbaptizari,
855 3616 930 3668 ita
952 3625 997 3667 et
1023 3617 1193 3671 denuo
1214 3622 1509 3672 consecrari
1530 3622 1743 3689 quisque

790 3701 894 3737 non
921 3696 1102 3752 potest.

212 3774 328 3843 Age
366 3774 550 3843 igitur,
586 3775 676 3843 qui
703 3784 951 3828 astruunt
975 3778 1370 3844 quomodolihet
1398 3792 1741 3837 consecratos

144 3864 445 3916 secundum
474 3880 666 3917 manus
698 3865 1094 3933 impositionem
1128 3882 1285 3935 posse
1313 3870 1609 3937 suscipere,
1636 3887 1741 3925 non

144 3966 237 4003 sua
270 3954 541 4015 contenti,
576 3955 850 4007 canonica:
873 3956 1211 4019 auctoritatis
1240 3958 1289 4011 id
1322 3960 1568 4012 studeant
1595 3961 1744 4013 testi-

142 4044 340 4097 moniis
372 4043 693 4111 approbare.
734 4046 924 4098 Dicant
956 4046 1137 4115 itaque
1167 4049 1258 4115 qui
1292 4061 1604 4101 Sanctorum
1636 4050 1739 4103 Pa-

142 4142 285 4188 trum
332 4135 433 4187 ista
493 4136 973 4204 przcsumpscriut,
1031 4139 1121 4206 qui
1154 4139 1343 4191 saltem
1371 4142 1740 4207 prrcsumeuvla

142 4224 515 4278 dictaverint?
548 4225 614 4277 Et
643 4240 766 4279 cum
790 4226 855 4278 ad
878 4228 1213 4295 probationis
1236 4230 1492 4284 indicium
1520 4235 1740 4287 authen-

143 4313 230 4367 tici
248 4325 495 4369 veterum
521 4314 820 4370 defecerint
842 4319 1046 4386 apices,
1063 4322 1399 4375 necessarios
1421 4324 1738 4391 semetipsos

140 4405 261 4457 novi
305 4406 581 4473 dogmatis
637 4405 911 4461 fateantur
960 4418 1229 4465 auctores.
1279 4410 1431 4477 Quod
1485 4413 1738 4467 nimirum

141 4509 261 4548 eum
303 4498 591 4551 sanctione
635 4498 919 4552 doctorum
964 4516 1226 4569 nusquam
1276 4504 1576 4571 reperiatur
1620 4521 1737 4559 esse

142 4595 491 4654 praeceptum,
544 4587 819 4641 invenitur
844 4590 1005 4642 etiam
1036 4592 1176 4646 ultro
1217 4594 1561 4661 prohibitum.
1599 4595 1729 4649 Nam

138 4678 488 4733 beatissimus
516 4695 652 4747 papa
685 4680 979 4748 Gregorius
1005 4683 1195 4738 Joanni
1234 4686 1485 4754 episcopo
1522 4689 1732 4742 Raven-

141 4770 277 4821 natis
302 4769 583 4832 Ecclesim,
615 4770 755 4823 sicut
785 4773 1052 4826 neminem
1080 4776 1401 4843 rebaptizari
1424 4817 1436 4839 ,
1470 4777 1538 4830 ita
1564 4779 1730 4831 etiam

140 4870 237 4911 nec
262 4859 440 4926 ipsum
473 4861 654 4913 denuo
680 4864 987 4915 consecrari
1017 4878 1205 4931 posse.
1238 4866 1322 4918 his
1356 4870 1587 4921 asseruit
1616 4886 1731 4924 ver-

139 4946 220 5001 bis
249 4949 475 5019 (Regist.
528 4952 623 5004 lih.
674 4970 707 5005 ιι
760 4956 920 5023 epist.
966 4971 1085 5025 cap.
1129 4959 1218 5029 '52)
1253 4978 1264 5013 :
1305 4981 1321 5011 ι
1362 4961 1490 5015 Illud
1525 4972 1727 5031 autem,

140 5034 330 5105 inquit,
357 5041 506 5108 quod
533 5041 737 5104 dicitis,
784 5052 841 5097 ut
884 5045 930 5097 is
971 5046 1059 5114 qui
1107 5050 1385 5105 ordinatus
1422 5060 1505 5106 est
1533 5054 1726 5106 iterum

140 5130 440 5196 ordinetur,
474 5132 633 5185 valde
662 5134 947 5190 ridiculum
991 5147 1109 5204 est,
1155 5151 1209 5195 et
1240 5142 1306 5195 ab
1338 5143 1532 5211 ingenii
1564 5145 1727 5198 vestri

139 5222 576 5277 consideratione
621 5224 833 5280 videtur
863 5238 1216 5296 extraneum,
1251 5234 1352 5286 nisi
1399 5234 1539 5289 forte
1588 5238 1729 5305 quod

140 5305 266 5363 illud
295 5311 612 5382 exemplum
641 5313 706 5369 ad
743 5316 977 5371 medium
1011 5320 1313 5386 deducitur,
1340 5325 1404 5376 de
1427 5338 1533 5393 quo
1562 5337 1616 5380 et
1644 5327 1729 5380 ille

136 5395 404 5462 judicatus
450 5411 576 5467 est,
629 5406 717 5467 qui
768 5407 876 5462 tale
922 5409 1123 5479 aliquid
1172 5411 1365 5469 fecisse
1396 5417 1726 5483 perhibetur.

139 5487 288 5543 Absit
317 5501 502 5547 autem
541 5508 571 5546 a
618 5492 962 5552 fraternitate
991 5509 1170 5555 vestra
1214 5503 1295 5556 sic
1334 5518 1543 5573 sapere.
1581 5507 1732 5562 Sicut

141 5585 315 5633 autem
344 5581 659 5650 baptizatus
688 5586 881 5651 semel,
908 5589 1103 5643 iterum
1132 5592 1393 5661 baptizari
1424 5610 1526 5650 non
1552 5598 1727 5657 debet,

140 5664 213 5717 ita
257 5681 612 5725 consecratus
653 5676 821 5730 semel
872 5679 922 5733 in
975 5681 1159 5737 eodem
1211 5685 1400 5741 ordine
1445 5704 1550 5742 non
1592 5689 1730 5743 valet

140 5753 328 5813 lterum
361 5764 694 5817 consecrari.
736 5784 754 5816 ι

1846 3317 2178 3381 dixerimus,
2221 3333 2288 3372 ne
2332 3327 2510 3372 tamen
2560 3332 2645 3370 res
2677 3318 2726 3369 in
2774 3316 2993 3370 dubium
3032 3317 3283 3384 pendeat,
3315 3316 3358 3367 si
3390 3324 3448 3367 et
3522 3316 3525 3319 ’

1845 3422 2122 3481 gestorum
2146 3424 2363 3478 quoque
2386 3409 2681 3463 auctoritas
2729 3421 2834 3460 non
2878 3407 3131 3467 accedat,
3167 3406 3233 3458 de
3264 3405 3447 3459 eccle-

1844 3503 2069 3556 siastica
2095 3499 2327 3555 historia
2361 3498 2581 3568 (Eussn.
2614 3497 2707 3551 lib.
2757 3513 2814 3559 χ,
2866 3511 2918 3550 c.
2969 3495 3053 3564 l5)
3103 3494 3442 3563 pnebeamus

1844 3592 2169 3661 exemplum,
2199 3601 2259 3643 ut
2286 3590 2532 3645 nonnihil
2564 3590 2828 3651 videatur,
2854 3597 2913 3641 ut
2942 3586 3159 3650 dicitur,
3185 3600 3443 3654 quorum-

1845 3682 1975 3737 libet
2012 3682 2351 3738 consecratio
2400 3678 2764 3734 sacerdotum.
2826 3677 2961 3731 Nam
3019 3686 3076 3730 ut
3129 3678 3318 3731 eadem
3355 3668 3447 3730 hii:

1846 3782 2008 3826 verna
2044 3780 2315 3840 ponantur
2362 3790 2375 3824 ;
2429 3767 2696 3838 Tempore
2742 3784 2849 3837 quo
2880 3768 3020 3835 apud
3051 3766 3442 3821 Alexandriam

1846 3862 1991 3918 Petri
2042 3862 2299 3933 martyris
2336 3860 2479 3915 diem
2526 3860 2832 3914 Alexander
2886 3859 3173 3926 episCOpus
3221 3856 3441 3925 agebat,

1844 3972 1966 4009 cum
1992 3964 2109 4026 post
2130 3954 2338 4024 expleta
2361 3953 2625 4007 solemnia
2648 3960 3012 4005 conventuros
3034 3949 3100 4002 ad
3128 3947 3439 4002 convivium

1844 4064 2001 4102 suum
2034 4045 2262 4099 clericos
2291 4050 2633 4113 exspectaret
2653 4082 2666 4107 ,
2696 4042 2749 4095 in
2777 4042 2897 4095 loco
2925 4040 3060 4093 mari
3091 4041 3267 4093 vicino
3294 4038 3444 4092 videt

1843 4138 2054 4191 eminus
2086 4151 2376 4206 puerorum
2418 4145 2617 4189 emtum
2649 4147 2811 4203 super
2854 4147 3007 4185 oram
3043 4132 3207 4185 maris
3251 4129 3441 4183 ludum

1836 4232 2194 4295 imitantium,
2228 4241 2285 4283 ut
2320 4230 2432 4283 ﬁeri
2464 4230 2621 4293 solet,
2675 4230 2986 4297 episcopum
3020 4238 3184 4298 atque
3210 4243 3272 4280 ea
3318 4241 3443 4294 qua:

1844 4322 1895 4375 in
1941 4321 2194 4374 Ecclesiis
2222 4320 2333 4389 geri
2380 4334 2496 4372 mos
2526 4328 2628 4373 est.
2663 4316 2768 4371 Sed
2810 4333 2932 4371 cum
2986 4318 3194 4370 intentu
3228 4316 3437 4369 diutino

1842 4429 2041 4482 pueros
2062 4414 2413 4481 inspectaret,
2461 4411 2602 4477 videt
2632 4411 2698 4464 ab
2732 4410 2815 4463 his
2844 4408 2955 4480 geri
2989 4409 3235 4475 qmedam
3266 4409 3436 4460 etiam

1842 4504 2137 4557 secretiora
2173 4512 2228 4556 et
2264 4502 2514 4571 mystica.
2558 4500 2915 4554 Perturbatus
2958 4499 3104 4553 illico
3148 4498 3324 4552 vocari
3364 4500 3435 4551 a;l

1841 4610 1899 4645 se
1924 4594 2153 4645 clericos
2185 4590 2359 4660 jubet.
2390 4600 2551 4658 atque
2578 4590 2657 4644 eis
2681 4591 2808 4659 quid
2837 4590 3048 4641 eminus
3077 4590 3191 4657 ipse
3222 4589 3431 4641 videret

1839 4681 2095 4737 ostendit.
2143 4680 2277 4735 Tum
2329 4680 2480 4733 abire
2525 4695 2638 4741 eos,
2691 4689 2745 4733 et
2798 4679 3224 4746 comprehensos
3277 4680 3343 4733 ad
3375 4694 3433 4733 se

1838 4773 2133 4841 perducere
2162 4786 2353 4825 omnes
2381 4786 2579 4840 pueros
2610 4770 2856 4839 imperat.
2885 4769 3129 4839 Cumque
3151 4770 3429 4835 adeSsent,

1838 4863 1961 4933 quis
1990 4864 2068 4916 eis
2097 4862 2283 4924 ludus,
2332 4873 2387 4916 ct
2433 4863 2560 4931 quid
2607 4862 2864 4931 egissent.
2899 4861 2980 4914 Vel
3008 4864 3279 4929 quomodo
3305 4877 3430 4931 per-

1840 4965 2147 5010 cunctatur.
2193 4954 2309 5019 Illi,
2361 4965 2418 5010 ut
2465 4956 2601 5010 tales
2647 4957 2810 5011 habet
2840 4967 2989 5018 tetes,
3024 4957 3199 5023 pavidi
3231 4970 3432 5025 negare

1836 5046 2034 5114 primo,
2064 5046 2186 5100 dein
2220 5060 2331 5100 rem
2363 5056 2571 5118 gestam
2622 5063 2717 5117 per
2769 5049 3013 5103 ordinem
3063 5052 3326 5120 pandunt,
3376 5056 3432 5100 ct

1837 5139 2142 5208 baptizatos
2172 5156 2201 5192 a
2238 5153 2296 5194 se
2326 5155 2445 5195 esse
2484 5141 2746 5210 quosdam
2794 5142 3215 5195 catechumenos
3257 5144 3427 5195 conli-

1839 5239 2021 5284 tentur
2043 5246 2139 5298 per
2157 5230 2541 5297 Athanasium,
2578 5233 2670 5302 qui
2711 5232 2819 5286 ludi
2852 5233 2994 5287 illius
3026 5235 3284 5303 puerulus
3311 5235 3425 5301 cpi-

1838 5332 2033 5388 scopus
2062 5320 2241 5373 fuerat
2284 5320 2590 5375 simulatus.
2624 5322 2761 5376 Tum
2800 5323 2889 5376 ille
2921 5324 3207 5393 diligenter
3253 5326 3431 5393 inqui-

1840 5424 1965 5463 rens
1996 5408 2061 5462 ab
2092 5410 2177 5464 his
2204 5410 2295 5479 qui
2324 5410 2585 5481 baptizati
2625 5412 2979 5478 dicebantur,
3030 5414 3161 5482 quid
3194 5415 3429 5467 interro-

1837 5498 1945 5567 gati
1994 5497 2215 5565 fuerint,
2250 5501 2446 5569 quidve
2475 5504 2887 5572 responderint,
2930 5503 3092 5557 simul
3134 5515 3189 5560 et
3234 5504 3301 5559 ab
3338 5523 3425 5569 eo,

1836 5589 1925 5657 qui
1958 5591 2414 5659 interrogaverat;
2462 5593 2552 5648 ubi
2603 5595 2747 5650 videt
2797 5595 3094 5650 secundum
3150 5597 3426 5668 rt'igionis

1836 5692 2035 5736 unslt‘m
2068 5686 2228 5738 ritum
2261 5695 2453 5740 cuncta
2479 5696 2729 5742 constare
2754 5728 2769 5752 ,
2816 5688 3113 5744 collocutus
3143 5705 3265 5743 cum
3298 5704 3425 5747 con-

1838 5772 1957 5829 sitio
1986 5774 2329 5845 clericorum,
2358 5779 2616 5839 statuisse
2649 5780 2878 5836 traditur
2911 5779 3037 5846 illis,
3075 5779 3303 5849 quibus,
3339 5782 3424 5843 ιιι-
