5392 6652
53 6365 807 6652 Ξτ-

231 8 4756 285 Ην

2004 527 2105 584 “7
2465 528 2523 586 S.
2555 531 2756 588 PETRI
2782 530 3059 587 DAMANI
3093 529 3243 586 OPP.
3284 526 3520 586 TOIUS
3546 527 3678 586 δεῖ]
3716 522 3893 583 PARS
3929 527 4012 583 ιιι.
4050 560 4119 572 —
4144 529 4506 587 OPUSCULA
4544 528 4777 585 VARIA.
5123 523 5206 582 με

2000 641 2174 712 aegris
2225 641 2764 711 interrogationibus,
2812 651 2867 697 et
2909 642 3379 713 responsionibus,
3426 658 3562 713 aqua
3591 644 3643 703 Δ

2004 730 2181 786 fuerat
2208 729 2415 794 infusa,
2450 730 2632 785 iterari
2674 732 2995 801 baptismum
3043 749 3145 788 non
3194 734 3427 799 debere,
3472 735 3571 789 sed

2007 818 2285 888 adimpleri
2314 834 2376 873 ea
2411 834 2530 887 quae
2572 835 2602 872 a
2636 822 3005 879 sacerdotibus
3041 838 3157 876 mos
3190 833 3301 886 est;
3329 823 3568 880 Athana-

2009 909 2148 963 sium
2170 922 2296 962 vero
2321 916 2482 975 atque
2512 923 2624 974 eos,
2656 925 2789 976 quos
2826 911 2980 967 ludus
3016 912 3103 966 ille
3124 912 3203 965 vel
3233 912 3569 981 presbyteros

2005 996 2205 1051 habere
2228 995 2374 1050 visus
2403 1002 2594 1059 fuerat,
2621 999 2702 1051 vel
2726 1000 3018 1061 ministros.
3047 1002 3352 1055 convocatis
3378 1014 3570 1069 paren-

2003 1083 2169 1150 tibus,
2192 1084 2289 1139 sub
2316 1084 2406 1139 Dei
2429 1087 2787 1142 obtestatione
2814 1090 3029 1143 tradidit
3049 1089 3298 1143 Ecclesia:
3324 1092 3567 1145 nutrien-

2006 1180 2125 1241 dos,
2151 1187 2206 1232 et
2229 1179 2451 1249 reliqua.
2477 1183 2670 1250 quibus
2698 1182 2944 1237 videlicet
2964 1194 3213 1237 narratur
3240 1181 3571 1235 Athanasius

2004 1282 2195 1322 revera
2222 1269 2503 1338 episcopus
2530 1271 2700 1325 factus
2723 1312 2737 1332 ,
2784 1271 2922 1324 sicut
2953 1286 2981 1324 a
3010 1286 3175 1340 puero
3205 1272 3377 1326 fuerat
3404 1272 3569 1327 simu-

2003 1356 2164 1409 latus.
2189 1355 2337 1422 Quod
2362 1358 2612 1413 nimirum
2635 1358 2967 1425 antiquitatis
2983 1360 3283 1428 exemplum
3313 1361 3568 1416 adversus

2005 1461 2100 1500 eos
2130 1447 2386 1501 adhibere
2420 1448 2754 1509 curavimus.
2792 1449 2881 1513 qui
2913 1450 3370 1503 consecrationem
3413 1465 3442 1503 a
3488 1450 3568 1504 Si-

2006 1536 2268 1591 moniacis
2309 1535 2501 1593 factam
2546 1536 2681 1590 nihil
2718 1552 2835 1591 esse
2874 1539 3086 1607 penitus
3111 1547 3377 1604 asserunt,
3405 1550 3567 1608 atque

2006 1628 2073 1680 ab
2101 1628 2204 1680 illis
2232 1628 2539 1692 ordinatos,
2566 1625 2700 1682 nihil
2740 1645 2773 1684 a
2814 1628 2963 1682 laicis
2992 1630 3189 1682 distare
3219 1631 3567 1686 contendunt.

2007 1715 2063 1768 Si
2093 1716 2234 1771 enim
2263 1717 2563 1786 proludium
2589 1718 2738 1783 illud,
2775 1720 3149 1787 quo‘videlicet
3174 1721 3321 1788 pueri
3354 1720 3569 1792 presby-

2004 1815 2151 1861 teros
2181 1822 2238 1861 se
2265 1808 2666 1873 simulaverant,
2706 1810 2786 1864 vel
2815 1811 3090 1863 ministros
3114 1851 3127 1873 ,
3176 1811 3308 1866 tanti
3358 1821 3438 1863 est
3468 1813 3565 1866 ha-

2002 1895 2196 1958 bitum,
2224 1905 2282 1950 ut
2310 1911 2402 1951 eos
2433 1898 2714 1966 episcopus
2740 1899 2839 1951 sub
2874 1898 2964 1953 Dei
2996 1899 3350 1954 obtestatione
3376 1915 3571 1968 paren-

4187 641 4412 698 CAPUT
4465 641 4699 697 XXXIII.

3777 734 3915 798 Quid
3943 734 4279 788 Innocentius
4322 733 4384 786 de
4420 734 4862 786 reconaecratione
4906 743 5117 785 censent.

3737 824 4027 878 Videamus
4082 826 4242 878 etiam
4283 825 4406 892 quid
4448 824 4559 891 jam
4609 833 4939 877 memoratus
4978 823 5208 876 Innocen-

3671 914 3775 965 tius
3800 928 3936 981 papa
3956 954 3970 976 ,
4000 914 4124 967 licet
4153 916 4203 968 in
4234 914 4461 967 transitu
4484 954 4498 977 ,
4551 915 4755 967 sentire
4784 912 4850 966 de
4888 927 5209 966 reconsccra-

3670 1004 3812 1056 tione
3856 1004 4168 1073 signavcrit.
4196 1004 4285 1057 Ait
4313 1004 4454 1056 enim
4488 1004 4543 1056 in
4591 1004 4838 1066 decreto,
4875 1005 5019 1071 quod
5065 1002 5210 1057 Nabi-

3667 1094 3843 1147 sitano
3891 1095 4077 1147 scribit
4125 1095 4376 1162 episcopo
4409 1114 4422 1146 :
4456 1094 4733 1162 Superiori
4769 1103 5036 1162 tempore,
5069 1094 5111 1147 si
5140 1100 5211 1146 ta-

3668 1198 3790 1236 men
3845 1193 3989 1236 recte
4040 1185 4315 1245 recordor,
4359 1185 4583 1237 memini
4636 1192 4744 1236 tam
4773 1184 4839 1237 ad
4887 1184 5211 1238 dilectionem

3668 1281 3854 1336 tuam,
3905 1286 4067 1341 quam
4117 1274 4181 1325 ad
4231 1268 4428 1326 fratres
4485 1281 4539 1327 et
4590 1275 4933 1342 coepiscopos
4984 1282 5206 1332 nostros.

3667 1361 3863 1416 Itut'um
3893 1372 3948 1416 et
3996 1371 4253 1426 exteros,
4303 1362 4606 1430 hujusmodi
4661 1364 4869 1417 litteras
4893 1363 4967 1416 de
5017 1362 5212 1416 clericis

3667 1449 4053 1506 Nahisensibus
4097 1452 4499 1517 transmisisse,
4550 1452 4635 1506 his
4685 1452 4972 1514 videlicet,
5019 1452 5103 1520 qui
5159 1465 5212 1508 se

3666 1550 3791 1594 ante
3821 1541 4218 1595 damnationem
4250 1541 4445 1595 Bouosi
4466 1582 4480 1605 ,
4529 1549 4780 1594 asserunt
4809 1539 4875 1593 ab
4900 1540 5086 1594 eodem
5112 1549 5215 1593 tam

3667 1633 4008 1700 presbyteros
4028 1671 4041 1692 ,
4068 1645 4225 1697 quam
4254 1631 4507 1684 diaconos
4530 1630 4807 1684 ordinatos
4827 1670 4841 1691 ,
4868 1638 4922 1681 ut
4949 1630 4991 1683 si
5040 1629 5217 1683 relicto

3668 1733 3828 1788 atque
3849 1721 4102 1774 damnato
4125 1718 4239 1786 ejus
4263 1735 4468 1783 errore,
4488 1719 4684 1773 vellent
4699 1718 4949 1773 Ecclesiae
4967 1717 5213 1787 copulari,

3668 1811 3896 1865 libenter
3922 1811 4305 1878 reciperentur,
4346 1825 4411 1863 ne
4443 1809 4579 1863 forte
4627 1809 4717 1878 qui
4753 1815 4933 1862 essent
4962 1807 5101 1875 digni
5133 1819 5216 1861 re-

3669 1901 3986 1968 cuperaudze
4038 1900 4224 1951 salutis
4268 1899 4319 1951 in
4348 1900 4536 1952 eodem
4561 1913 4746 1952 errore
4772 1898 5089 1966 deperirent.
5118 1895 5222 1952 Ve-

2009 1985 2155 2039 tibus
2171 1988 2282 2040 suis
2304 1985 2800 2040 traderetEcclesiaa
2823 1988 3154 2050 nutriendos,
3180 2004 3279 2042 nec
3302 1990 3565 2059 integrum
3600 1973 3642 2030 Β
3672 2007 3788 2044 rum
3820 1991 4026 2043 nuncin
4045 1989 4343 2043 Ravennati
4372 1991 4501 2044 urbe
4524 1989 4650 2042 mihi
4676 1989 4987 2051 constituto,
5013 1998 5223 2057 propter

2012 2076 2307 2131 arbitratus
2335 2076 2402 2129 sit
2438 2091 2530 2130 eos
2559 2077 2718 2130 etiam
2762 2077 2814 2130 in
2849 2077 3089 2130 szeottlari
3135 2079 3322 2132 ordine
3359 2094 3569 2147 perma-

2005 2183 2156 2231 nere,
2207 2168 2296 2236 qtti
2343 2183 2402 2222 se
2445 2182 2544 2236 per
2585 2167 2912 2221 adumbratae
2943 2169 3298 2222 simulationis
3338 2171 3568 2237 speciem

2005 2259 2339 2313 conliserant
2380 2257 2605 2311 clericos
2660 2257 2961 2322 exstitisse;
3012 2266 3068 2310 ut
3113 2258 3185 2310 illi
3220 2258 3572 2326 perhibentur

2006 2362 2036 2401 a
2080 2347 2230 2401 laicis
2277 2361 2380 2399 non
2436 2345 2674 2410 distare,
2718 2360 2852 2415 quos
2899 2355 3110 2399 constat
3162 2362 3191 2399 a
3242 2346 3568 2412 quibuscun-

2002 2451 2106 2503 que
2140 2434 2559 2490 consecrationis
2604 2436 2913 2505 mysterium
2956 2436 3107 2504 juxta
3149 2450 3355 2489 morem
3399 2435 3567 2490 eccle-

2002 2528 2275 2580 siasticum
2304 2526 2645 2594 percepisse?
2673 2524 2776 2579 Sed
2807 2526 2923 2579 illos
2958 2541 2987 2578 a
3015 2526 3165 2579 laicis
3207 2526 3319 2580 sola
3349 2526 3567 2580 simula-

2003 2616 2079 2669 tio
2100 2626 2360 2686 segregat,
2383 2632 2493 2685 quo
2508 2626 2694 2684 pactos
2716 2619 2867 2679 istos,
2888 2618 2978 2685 qui
3002 2632 3186 2670 revera
3212 2619 3388 2670 omnia
3412 2634 3533 2686 regu
3549 2647 3567 2658 -

2001 2704 2193 2762 lariter
2232 2716 2573 2775 acceperunt,
2601 2707 2666 2760 ab
2700 2708 2777 2761 eis
2810 2707 2941 2760 nihil
2965 2705 3195 2769 diﬂ'erre,
3229 2707 3359 2760 falsa
3397 2708 3568 2762 homi-

2005 2811 2133 2850 num
2193 2796 2344 2868 133
2394 2797 2605 2851 vanitas
2635 2796 2842 2864 jactat?
2872 2818 2891 2849 ‹
2928 2799 3269 2867 Quaecunque
3285 2798 3480 2862 enim,
3509 2806 3567 2850 ut

2004 2886 2081 2939 ait
2104 2885 2390 2954 Apostolus
2412 2927 2429 2951 ,
2457 2887 2653 2955 scripta
2704 2896 2862 2950 sunt,
2902 2889 2969 2941 ad
3000 2897 3237 2943 nostraut
3268 2888 3564 2942 doctrinam

2003 2979 2202 3046 scripta
2232 2986 2356 3031 sunt
2383 2976 2563 3047 (Rom.
2593 2979 2704 3046 xv).
2743 2997 2762 3030 ι
2799 2978 2931 3031 Nam
2958 2987 3006 3032 et
3042 2979 3095 3030 in
3119 2977 3409 3031 Moralibus
3430 2977 3561 3040 suis,

2002 3070 2048 3123 si
2081 3078 2228 3123 recte
2266 3079 2452 3131 teneo,
2498 3069 2690 3123 beatus
2719 3071 2982 3138 reperitur
3013 3069 3210 3124 dixisse
3239 3069 3559 3139 Gregorius,

2002 3160 2145 3214 inter
2173 3158 2276 3211 duo
2306 3157 2539 3226 pericula
2570 3157 2933 3213 Simoniacum
2963 3160 3313 3213 constitutum
3338 3197 3355 3223 ,
3399 3167 3462 3210 ut‘
3483 3159 3562 3211 vi-

2003 3248 2233 3312 delicet,
2264 3247 2376 3300 sive
2422 3261 2637 3317 gregem
2674 3247 3017 3300 commissum
3061 3247 3306 3309 deserat,
3351 3247 3462 3300 sive
3507 3245 3564 3301 in

2004 3337 2150 3392 male
2192 3346 2413 3404 accepto
2460 3336 2661 3393 honore
2707 3345 3049 3405 permaneat.
3095 3336 3296 3404 peccati
3347 3334 3565 3405 laqueos

2004 3427 2202 3483 evadat
2227 3446 2240 3479 :
2266 3441 2364 3503 nec
2394 3426 2704 3479 utramlibet
2732 3441 2842 3479 rem
2873 3440 3123 3494 expresse
3148 3424 3425 3486 definiens,
3452 3432 3570 3477 tan-

2004 3517 2283 3571 tummodo
2316 3517 2403 3570 ubi
2437 3517 2651 3575 videtur
2702 3515 2912 3568 facilior
2941 3530 3134 3572 casus.
3164 3516 3359 3568 asserit
3399 3528 3570 3583 quan-

2010 3608 2189 3660 tocius
2219 3605 2598 3662 enarrandum.

2085 3697 2142 3749 Si
2173 3697 2352 3765 itaque
2382 3697 2718 3749 Simoniacus
2740 3737 2753 3759 ,
2796 3705 2854 3747 ut
2896 3696 3110 3757 dicitur,
3155 3694 3322 3748 laicus
3352 3705 3469 3760 est,
3515 3694 3569 3747 in

2009 3802 2138 3856 quo,
2170 3774 2612 3857 quteso,"inquit,
2661 3786 2951 3854 delinquit,
3006 3786 3049 3838 si
3098 3786 3442 3839 sacerdotalis
3493 3786 3573 3839 di-

2012 3879 2235 3950 gnitatis
2266 3878 2493 3933 oﬂieium
2536 3878 2769 3932 deserit?
2832 3877 2888 3930 Si
2938 3877 3220 3930 sacerdotii
3263 3891 3572 3930 sacramen-

2014 3979 2129 4022 tum
2182 3976 2453 4035 utcunque
2525 3982 2629 4020 non
2698 3967 2890 4034 habet,
2956 3974 3015 4019 ut
3068 3967 3195 4034 quid
3240 3981 3269 4019 a
3317 3965 3572 4034 pastorali

2015 4060 2319 4114 ministerio
2349 4074 2468 4113 eum
2501 4058 2651 4127 culpt
2684 4056 2958 4122 dividitur,
2987 4058 3071 4110 cui
3118 4058 3326 4111 debitor
3355 4072 3450 4127 per
3482 4073 3571 4118 sa-

2009 4148 2272 4202 cramenti
2311 4147 2580 4200 vinculum
2615 4162 2718 4199 non
2770 4146 3017 4199 tenetur?
3065 4145 3172 4198 Sed
3204 4140 3366 4199 dicite
3408 4127 3571 4211 mihi,

2011 4237 2237 4301 fratres,
2270 4251 2389 4289 cum
2414 4250 2547 4305 pace
2575 4244 2751 4287 vestra
2782 4234 2971 4305 loquar
3006 4251 3019 4285 :
3054 4235 3097 4287 si
3131 4233 3445 4299 Simoniaci,
3489 4234 3574 4290 vel

2014 4328 2084 4382 ab
2113 4327 2192 4381 eis
2218 4326 2484 4390 ordinati,
2518 4339 2548 4378 a
2578 4325 2761 4387 laicis,
2811 4334 2875 4379 us
2919 4324 3163 4378 asseritis
3186 4365 3200 4387 ,
3247 4325 3378 4378 nihil
3427 4324 3574 4380 diﬂ'e-

2012 4427 2179 4484 runt,
2208 4417 2335 4491 qttid
2361 4427 2477 4481 est,
2508 4417 2647 4487 quod
2696 4417 2834 4471 sacri
2875 4432 3115 4471 canones
3151 4415 3489 4471 Simonians
3520 4417 3574 4472 in

2015 4509 2256 4582 synodali
2285 4509 2516 4564 concilio
2543 4510 2882 4577 deponendos
2910 4524 3029 4563 esse
3073 4509 3405 4563 decernunt?
3431 4509 3577 4564 Nun—

3670 2082 3892 2136 Romani
3918 2082 4095 2150 populi
4129 2082 4482 2134 necessitates
4511 2080 4884 2141 creberrimas,
4911 2079 5222 2134 Germanias

3668 2170 3843 2239 quise
3874 2185 3991 2222 esse
4038 2169 4233 2222 asserit
4275 2170 4686 2239 presbyterum,
4728 2180 4887 2237 atque
4935 2169 5221 2237 Lupensius

3667 2259 3755 2327 qui
3801 2274 3859 2312 se
3886 2259 4165 2311 diaconum
4215 2258 4378 2321 dicit,
4414 2258 4704 2311 multorum
4754 2257 4938 2310 talium
4971 2258 5119 2326 quasi
5148 2257 5221 2310 le-

3665 2348 3933 2417 gationem
3961 2358 4264 2415 susceptam
4297 2363 4456 2416 prece
4483 2347 4600 2401 fusa
4627 2348 4839 2401 dolores
4867 2350 5110 2418 proprios
5130 2363 5220 2402 es-

3665 2440 3897 2508 primere
3925 2439 4258 2506 geStivcrunt
4277 2479 4292 2500 ,
4325 2447 4630 2492 asserentes
4652 2451 4708 2491 se
4728 2437 4941 2504 quidem
4967 2437 5225 2492 Ecclesias

3666 2529 3718 2581 itt
3767 2528 4072 2582 dilectionis
4121 2537 4222 2581 tua:
4275 2527 4595 2581 constitutas
4638 2528 4920 2596 parochias
4970 2529 5220 2592 retinere;

3666 2619 3757 2676 sed
3807 2628 3949 2672 tuam
3995 2620 4425 2673 communionem
4473 2631 4575 2672 u0n
4624 2620 4863 2687 potuisse
4907 2620 5133 2683 mereri,
5162 2634 5224 2674 ea

3665 2710 3913 2762 videlicet
3961 2711 4198 2770 ratione,
4243 2709 4368 2777 quia
4419 2707 4674 2761 Rusticus
4717 2708 4932 2776 quidam
4981 2708 5223 2772 nomine,

3666 2799 3861 2852 iterata
3894 2798 4234 2850 ordinatione
4269 2795 4427 2867 134
4452 2797 4845 2866 presbyterium
4870 2796 5220 2865 suscepisset,

3665 2897 3719 2941 et
3748 2903 3851 2940 non
3881 2887 3981 2940 levi
4016 2886 4398 2954 impedimento
4424 2887 4514 2946 sit,
4539 2885 4664 2937 dum
4693 2894 4784 2937 aut
4816 2884 4886 2937 illi
4919 2884 5096 2937 dolent
5127 2885 5226 2938 itu-

3657 2974 3895 3041 justnodi
3927 2975 4199 3029 hominem
4247 2975 4298 3027 in
4336 2974 4577 3027 Ecclesia
4610 2974 4867 3038 retineri,
4919 2983 5011 3028 aut
5042 2973 5128 3028 ille
5152 2974 5231 3031 sic

3663 3081 3893 3136 peccare
3934 3065 4132 3119 debere
4162 3065 4214 3118 in
4264 3064 4398 3119 alios
4431 3064 4745 3129 arbitratur,
4778 3064 5231 3132 quemadmodum

3662 3156 3716 3211 itt
3749 3171 3807 3209 se
3830 3156 4073 3224 agnoscit
4099 3170 4217 3208 esse
4238 3164 4541 3226 peceatum.

3736 3245 3875 3299 Ecce
3899 3246 3983 3300 hic
4007 3244 4289 3299 manifeste
4309 3245 4616 3312 agnoscitur
4637 3284 4652 3308 ,
4680 3258 4839 3313 quam
4872 3243 5119 3298 habuerit
5143 3241 5233 3297 In-

3668 3335 3949 3388 nocentius
3979 3334 4043 3387 de
4076 3334 4541 3388 reconsecrationc
4578 3332 4897 3387 sententiam
4920 3373 4933 3396 ,
4960 3347 5082 3387 cum
5114 3331 5234 3386 illos

3669 3432 3934 3494 satageret
3978 3426 4029 3478 itt
4082 3426 4162 3478 sui
4212 3424 4448 3497 episcOpi
4504 3424 4935 3487 communionem
4986 3423 5239 3487 restitui,

3670 3518 3760 3585 qui
3789 3518 3904 3571 zelo
3928 3517 4159 3583 justitice
4191 3517 4440 3569 dolebant
4478 3523 4910 3568 reconsecratum
4958 3513 5232 3567 hominem

3670 3608 3723 3661 in
3755 3606 3991 3659 Ecclesia
4032 3607 4249 3660 retineri
4282 3621 4295 3657 :
4332 3605 4476 3658 illum
4508 3604 4755 3673 perbibet
4790 3604 5069 3665 arbitrari,
5105 3605 5238 3674 quia

3670 3697 3807 3748 sicut
3837 3695 4120 3763 cpiscopus
4161 3710 4386 3763 peccare
4431 3694 4650 3747 deberet
4694 3694 4745 3746 in
4780 3693 4943 3757 alios,
4975 3694 5241 3760 quemad-

3668 3786 3888 3839 modum
3919 3795 3971 3837 et
4003 3787 4055 3837 itt
4086 3801 4142 3838 se
4168 3792 4516 3853 peccaverat,
4547 3784 4637 3852 qui
4672 3798 4793 3838 eum
4839 3782 5015 3837 denuo
5042 3799 5243 3839 conse-

3671 3885 3868 3937 erarat,
3897 3874 4146 3928 familiari
4177 3876 4370 3942 quippe
4390 3876 4739 3943 reproborum
4765 3874 4963 3938 studio,
4987 3873 5244 3942 ejusdem

3673 3967 4034 4022 damnationis
4080 3966 4300 4034 laqueo,
4327 3974 4379 4018 et
4409 3966 4543 4018 alios
4575 3966 4872 4019 conabatur
4916 3964 5198 4017 innectere
5223 4005 5242 4028 ,

3672 4072 3778 4128 quo
3800 4057 4145 4124 semetipsum
4177 4055 4380 4124 primus
4404 4070 4507 4108 non
4534 4055 4785 4108 timuerat
4816 4053 5047 4109 irretire.
5079 4052 5244 4108 Unda

3671 4144 3748 4198 illi
3777 4159 3880 4197 non
3910 4144 4177 4196 immerito
4222 4142 4624 4196 arbitrabantur
4648 4141 4949 4210 huiusmodi
4979 4149 5247 4209 tauquam

3673 4235 4027 4290 damnabilem
4077 4250 4296 4305 prorsus
4337 4230 4648 4288 btereticum
4683 4234 4747 4287 de
4788 4232 5023 4286 Ecclesia
5053 4231 5245 4301 repel-

3672 4327 3918 4391 lendum,
3948 4327 4072 4395 qui,
4101 4335 4155 4380 et
4179 4325 4280 4380 sibi
4308 4339 4417 4379 non
4442 4332 4724 4394 parceret,
4771 4334 4825 4378 et
4871 4323 4991 4378 aliis
5019 4324 5250 4392 pericu-

3672 4416 3780 4472 lum
3810 4418 4134 4487 provideret.

3743 4508 3820 4562 Ne
3863 4509 3983 4576 quis
4034 4517 4210 4560 autem
4259 4521 4357 4560 nos
4405 4505 4627 4559 involuti
4676 4500 4960 4557 voluminis
5008 4519 5251 4573 arguat,

2014 4600 2147 4670 quid
2172 4599 2217 4654 si
2242 4600 2409 4654 laicus
2435 4598 2768 4654 sacerdotale
2790 4599 2882 4667 jus
2905 4613 3189 4667 usurpasse
3214 4600 3568 4666 convincitur,
3597 4624 3648 4683 D
3675 4598 3798 4651 dum
3849 4596 4132 4650 admisceri
4183 4596 4267 4649 his
4314 4595 4603 4664 prolixiora
4660 4607 4922 4646 canonum
4986 4592 5257 4648 fortassis

2016 4689 2259 4760 synodali
2289 4698 2411 4758 eget
2438 4706 2597 4743 causa
2628 4700 2889 4743 conventu
2910 4730 2924 4753 ,
2955 4699 3012 4742 ut
3045 4689 3131 4743 ille
3152 4691 3463 4744 solemniter
3485 4692 3573 4745 de-

2021 4781 2284 4850 ponatur?
2314 4780 2559 4848 Nunquid
2589 4796 2692 4833 non
2725 4782 2856 4832 satis
2884 4780 3007 4841 erit,
3036 4781 3079 4838 si
3104 4782 3307 4847 privata
3331 4781 3572 4850 qualibet

2018 4870 2352 4924 districtione
2403 4871 2712 4938 corripitur,
2744 4880 2803 4924 ιιι
2848 4870 2930 4924 vel
2970 4871 3300 4939 simplicibus
3334 4874 3513 4927 verbis
3539 4888 3570 4928 a

2018 4967 2343 5029 prmsumpta
2381 4961 2683 5012 temeritate
2710 4959 3017 5029 frangatur?
3048 4959 3292 5025 Nunquid
3320 4971 3438 5028 post
3480 4962 3573 5014 de-

2021 5047 2344 5117 positionem
2385 5046 2731 5101 ‘Sintoniacus
2789 5049 3078 5101 remedium
3110 5049 3444 5117 poenitentia!
3476 5065 3572 5118 per

2025 5154 2216 5194 manus
2240 5139 2636 5204 i‘mpositionem
2662 5140 2931 5207 suscipere
2949 5179 2963 5201 ,
2987 5139 3298 5193 saecularem
3326 5140 3568 5193 militiam

2025 5226 2301 5294 bajulare,
2328 5226 2602 5296 conjugem
2631 5229 2844 5290 dueere,
2882 5229 3211 5296 negotiorum
3236 5230 3572 5283 commerciis

2021 5331 2140 5374 tuto
2174 5319 2374 5388 poterit
2399 5318 2690 5373 inservire?
2719 5319 2849 5372 Nam
2881 5320 2927 5372 si
2967 5320 3277 5374 exercitium
3309 5321 3569 5387 perdunt,

2025 5418 2419 5463 sacramentum
2444 5416 2619 5460 tamen
2633 5408 2983 5463 ordinationis
3004 5409 3248 5462 amittere
3276 5418 3568 5478 nequeunt.

2023 5500 2209 5566 Itaque
2235 5515 2354 5552 eum
2398 5499 2514 5552 hzrc
2543 5498 2720 5551 omnia
2765 5500 3065 5552 necessario
3096 5501 3355 5553 censeatis
3395 5498 3572 5554 Simo-

2027 5588 2198 5643 niaeis
2225 5604 2331 5642 non
2358 5604 2513 5657 posse
2538 5604 2857 5657 congruere.
2890 5604 3005 5655 qua:
3027 5599 3199 5643 tamen
3225 5604 3335 5645 non
3363 5592 3571 5661 negatis

2024 5676 2352 5746 quibuslibet
2372 5676 2520 5730 laicis
2548 5679 2860 5738 convenire;
2893 5675 3171 5731 fateamini
3212 5693 3430 5734 necesse
3456 5687 3570 5741 est,

2029 5763 2284 5817 alterutra
2332 5779 2362 5816 a
2420 5766 2717 5834 semetipsis
2767 5765 3027 5819 varietate
3076 5766 3321 5834 differre,
3378 5769 3576 5837 quibus

2028 5854 2309 5925 perspicue
2329 5855 2517 5910 videtis
2540 5856 2746 5910 diversa
2764 5865 3080 5926 competere.

3673 4688 3915 4756 exempla
3967 4686 4332 4753 conqueritur,
4395 4686 4533 4738 hanc
4582 4685 4791 4737 noverit
4837 4682 5016 4751 procul
5068 4682 5260 4737 dubio

3675 4793 3927 4844 causam;
3963 4778 4084 4844 quia
4116 4776 4366 4828 nimirum
4403 4775 4500 4827 hos
4526 4789 4645 4827 eum
4675 4773 4869 4840 quibus
4891 4772 5104 4839 agimus
5125 4812 5139 4830 .
5173 4771 5255 4825 ad

3676 4867 4034 4937 inspiciendos
4080 4881 4259 4919 sacros
4303 4880 4537 4918 canones
4583 4863 4876 4933 saepissime
4923 4861 5256 4928 suadendo,

3675 4956 3758 5010 vel
3789 4957 4121 5009 exhortando
4145 4956 4468 5023 cetupellet'e
4500 4969 4602 5007 non
4653 4953 4922 5017 valemus;
4956 4965 5121 5019 atque
5155 4955 5257 5007 iul-

3675 5047 3821 5100 eirco
3847 5046 3933 5098 hic
3960 5045 4300 5113 apponendas
4343 5053 4651 5097 sanctorum
4685 5041 4900 5095 Patrum
4930 5041 5260 5096 sententias

3675 5137 3890 5205 dignum
3918 5135 4185 5197 ducimus,
4215 5145 4270 5186 ut
4306 5133 4389 5186 vel
4413 5140 4698 5201 excerptas
4725 5130 4962 5185 delicatis
4992 5143 5054 5182 ac
5084 5137 5258 5185 tene-

3677 5228 3751 5280 ris
3780 5242 3963 5281 eorum
3995 5226 4165 5278 oculis
4213 5238 4571 5291 opponamus;
4605 5230 4868 5291 quatenus
4915 5224 5058 5278 dum.
5091 5223 5263 5290 quod

3676 5317 3935 5370 sentimus
3968 5316 4019 5367 in
4053 5315 4163 5367 his.
4195 5328 4311 5381 quae
4347 5327 4373 5364 a
4424 5312 4576 5363 nobis
4623 5320 4747 5363 sunt
4783 5309 5019 5376 prolata,
5052 5312 5264 5363 Consi-

3678 5408 3885 5466 derant,
3906 5404 4210 5457 auctoritati
4242 5404 4426 5463 etiam,
4452 5401 4533 5452 cui
4561 5401 4857 5459 innitimur,
4886 5397 5102 5451 cedant.
5132 5398 5262 5455 Sed

3675 5503 3733 5547 ut
3762 5494 3936 5547 omnia
3970 5492 4073 5544 illis
4100 5500 4305 5544 constet
4335 5490 4619 5558 provenire
4650 5487 4868 5542 confusa
4891 5528 4904 5547 ,
4938 5488 5037 5539 hoc
5067 5488 5265 5542 etiam

3674 5584 3935 5637 adversus
3963 5595 4195 5634 canones
4222 5589 4410 5647 agunt,
4444 5579 4567 5648 quia
4601 5584 4822 5630 cunctos
4849 5574 5005 5627 simul
5031 5576 5268 5641 gradus

3679 5674 3731 5728 in
3767 5673 4228 5727 reconsecratione
4258 5670 4573 5739 suscipiunt.
4600 5666 4751 5720 Unde
4771 5681 4889 5719 eum
4913 5667 4976 5719 de
4997 5668 5266 5733 quodam

3680 5763 3810 5815 mihi
3860 5774 3984 5816 noto
4007 5802 4020 5825 ,
4069 5762 4156 5829 qui
4207 5775 4373 5827 nuper
4400 5766 4743 5812 consecratus
4774 5756 4975 5818 fuerat,
5012 5770 5271 5823 compa.

3685 5855 3903 5918 rissem,
3935 5854 4124 5916 fateor,
4157 5852 4409 5906 exhorrui
4446 5850 4673 5904 facinus.
4716 5848 4849 5914 Quid
4881 5846 5067 5915 plura?
5101 5846 5272 5905 Tan-
