5392 6574
333 399 418 455 H9

1096 382 1339 445 OPUStZ.
1382 381 1468 437 \‘l.
1511 411 1580 421 —
1619 377 1817 434 LlBER
1861 372 1978 442 QUl
2016 368 2296 428 DlClTUR
2338 360 2825 424 GRATISSIMUS.

3487 352 3596 409 150

330 516 436 570 dein
459 508 685 566 conveni
710 506 1010 563 hominem.
1041 500 1314 571 Nunquid,
1346 500 1589 567 inquam,
1612 497 1724 566 jam
1760 497 1811 549 in
1840 504 1890 547 te
1920 496 1969 556 Α
2000 505 2160 553 nere,
2192 498 2249 541 ut
2276 500 2397 541 cum
2425 485 2504 539 eis
2531 480 2694 538 simul
2723 479 2888 535 etiam
2914 478 3087 571 bonos
3114 490 3231 571 non,
3254 473 3474 545 adjiciat
3502 490 3575 528 re-

329 614 430 657 erat
452 599 653 669 aliquid
682 613 749 651 ex
782 597 867 650 his
888 593 1161 664 gradibus,
1192 607 1327 659 quos
1352 606 1525 659 nuper
1544 591 1611 642 ab
1630 589 1883 657 episcolio

329 690 641 763 s:scepisti?
667 689 812 743 Nihil
840 700 1096 756 prorsus,
1124 684 1234 748 ait;
1268 691 1324 736 ut
1351 682 1478 749 quid
1508 681 1651 734 enim
1677 680 1885 749 accipe-

333 802 463 849 rem,
517 784 561 837 si
608 796 695 836 me
743 778 945 833 habere
995 776 1310 829 constaret?
1343 773 1409 826 lit
1439 772 1609 839 adjeci
1643 788 1654 824 :
1686 772 1827 841 Ergo
1856 784 1887 822 a

333 876 450 929 laico
480 870 615 928 nihil
648 869 911 929 distabas,
938 866 1046 921 imo
1072 866 1242 920 laicus
1267 878 1491 933 prorsus
1512 877 1651 917 eras.
1683 862 1886 925 Etiam,

333 964 519 1033 inquit,
552 975 719 1030 purus
746 957 987 1028 profecto
1021 955 1225 1019 laICus,
1267 965 1323 1008 ut
1362 964 1524 1022 puta,
1554 952 1645 1023 qui
1674 952 1739 1006 de
1783 952 1889 1005 cle-

332 1056 428 1107 rico
469 1049 601 1104 nihil
649 1049 952 1104 habuerim.
1002 1046 1109 1101 Sed
1160 1048 1205 1099 si
1252 1046 1453 1109 laicus,
1487 1045 1741 1113 inquam,
1774 1044 1891 1111 ipso

330 1143 406 1195 die
430 1155 534 1208 quo
560 1139 730 1194 laicus
753 1149 858 1205 est,
884 1138 950 1192 ad
978 1138 1266 1191 sacerdotii
1290 1138 1411 1204 jura
1444 1136 1771 1204 proruperit,
1798 1145 1892 1189 tuo

331 1246 529 1299 quoque
549 1230 757 1299 judicio
787 1229 847 1281 fit
875 1229 1201 1298 ncopbytus,
1232 1242 1294 1279 ac
1328 1228 1552 1296 perinde
1582 1225 1769 1295 procul
1793 1225 1894 1278 du-

329 1323 408 1375 bio
433 1320 792 1391 deponendus.
823 1320 905 1373 Ad
952 1321 1066 1373 lucc
1108 1318 1195 1373 ille
1243 1317 1499 1373 confusus
1546 1317 1793 1379 erubuit,
1839 1324 1895 1369 et

332 1411 676 1465 conclusionis
726 1408 1139 1473 necessitatem,
1214 1408 1341 1476 quia
1403 1405 1732 1460 labefactare
1788 1419 1893 1458 non

329 1501 517 1568 potuit,
566 1498 794 1554 tacendo
838 1497 1092 1551 firmavit.
1120 1496 1253 1550 lllud
1281 1512 1493 1566 quoque
1542 1510 1647 1548 non
1678 1494 1896 1548 levioris

330 1590 525 1646 videtur
574 1605 698 1645 esse
742 1589 1009 1650 vesaniae,
1059 1588 1185 1656 quia
1248 1595 1718 1641 recousecratores
1772 1584 1897 1640 novi

330 1683 532 1749 prtelixa
561 1677 861 1735 cauouibus
896 1676 1094 1747 jejuuia
1118 1687 1336 1739 curant,
1361 1693 1468 1730 non
1500 1676 1739 1731 Sabbata
1768 1690 1903 1730 con-

331 1773 550 1827 ferendis
572 1771 749 1825 sacris
769 1770 968 1825 officiis
990 1770 1238 1824 dedicata
1266 1778 1624 1830 conservant;
1648 1768 1743 1821 sed
1764 1782 1899 1836 quo—

1990 583 2239 651 probare.
2272 579 2429 633 Dicat
2457 591 2585 646 ergo
2614 573 2928 629 hominibus
2958 569 3285 633 indiscretis,
3320 570 3464 639 quod
3499 584 3595 637 pa-

1991 671 2308 729 terfamilias
2333 668 2535 723 dixisse
2560 665 2759 736 legitur
2780 663 2988 718 servis:
3021 681 3037 715 ι
3076 658 3153 714 Ne
3179 660 3338 719 forte,
3374 660 3578 727 inquit,

1992 763 2304 831 colligentes
2335 758 2579 821 zizania,
2611 755 2905 810 eradicetis
2940 751 3101 805 simul
3134 767 3257 805 cum
3304 750 3384 803 eis
3417 760 3471 803 et
3501 751 3595 803 tti—

1994 854 2159 907 ticum
2192 850 2407 921 (1ὺὶά.).
2446 868 2464 902 ι
2500 847 2768 901 Nimirum
2797 854 2857 897 ut
2885 844 2964 897 sic
3009 842 3354 911 postmodum
3383 841 3594 895 rizania

1992 946 2058 999 ad
2080 942 2508 999 comburendum
2531 940 2582 993 in
2609 936 2930 992 fasciculum
2947 935 3298 1004 colligantur,
3324 942 3601 1003 quatenus

1999 1029 2237 1090 triticum
2263 1035 2316 1088 in
2340 1034 2600 1088 horreum
2626 1037 3008 1101 congregetur.
3030 1027 3285 1096 Nunquid
3302 1028 3447 1080 enim
3474 1029 3601 1081 bea«

1996 1134 2085 1179 tus
2118 1123 2394 1194 apostolus
2436 1138 2559 1176 cum
2593 1120 2863 1175 Ananiam
2910 1128 2964 1172 et
3012 1118 3341 1187 Sapphiram
3374 1117 3513 1189 (Act.
3546 1118 3601 1184 v)

1996 1213 2172 1281 digna:
2218 1209 2712 1265 animadversionis
2760 1207 3031 1263 sententia
3079 1206 3340 1277 perculit,
3378 1207 3431 1261 in
3464 1206 3606 1261 filios

1998 1319 2246 1373 quoque,
2276 1304 2357 1357 vel
2389 1302 2728 1357 necessarios
2762 1300 3132 1355 ulciscendmn
3166 1315 3289 1354 esse
3321 1299 3604 1355 decrevit?

1997 1396 2053 1449 In
2084 1396 2257 1465 ipsum
2290 1408 2503 1464 quoque
2527 1392 2807 1447 Simonem
2830 1392 3037 1445 vibrata
3072 1392 3340 1445 sententia
3361 1431 3376 1448 .
3404 1407 3513 1445 non
3540 1391 3594 1444 in

1998 1500 2091 1539 eos
2124 1498 2294 1553 usque
2320 1482 2652 1552 pertransiit.
2678 1481 2769 1549 qui
2800 1480 3004 1549 aliquid
3036 1482 3285 1535 veritatis
3314 1481 3383 1534 ab
3409 1496 3479 1535 eo
3506 1496 3601 1551 po-

2002 1586 2220 1630 tuerunt
2245 1574 2493 1630 fortassis
2514 1572 2865 1643 exsculpere;
2896 1588 3018 1626 nam
3044 1588 3168 1626 cum
3200 1574 3429 1627 dicitur:
3457 1592 3473 1623 ι
3501 1573 3603 1627 Pe-

2000 1668 2160 1722 cunia
2189 1676 2275 1721 tua
2308 1678 2485 1721 tecum
2516 1666 2586 1719 sit
2620 1666 2672 1719 in
2700 1665 3060 1734 perditionem
3096 1665 3235 1733 (Act.
3270 1665 3309 1732 ι)
3331 1706 3344 1725 .
3384 1684 3400 1717 ι
3440 1680 3607 1734 pecu-

2006 1760 2089 1812 nia
2114 1776 2236 1813 cum
2272 1758 2611 1828 negotiatore
2641 1757 2947 1825 percutitur
2985 1774 2995 1808 :
3026 1766 3081 1809 at
3118 1756 3206 1809 ubi
3242 1756 3394 1810 deest
3440 1772 3608 1825 pecu-

331 1877 526 1932 cunque
559 1877 777 1926 mense,
810 1862 893 1916 vel
922 1861 1055 1915 feria
1088 1875 1283 1915 munus
1322 1861 1644 1914 inordinate
1675 1860 1898 1913 ordina-
1930 1844 1974 1904 Β
2006 1854 2091 1905 nia
2114 1892 2128 1912 ,
2156 1850 2435 1919 percussio
2463 1864 2567 1902 IIOII
2599 1849 2842 1901 ῑίιηθιυνο
2879 1848 2944 1901 Ει
2989 1863 3086 1901 VOS
3133 1848 3346 1916 itaque.
3383 1863 3610 1901 Vellera-

332 1950 479 2006 tiouis
514 1951 883 2007 indifferenter
906 1960 1190 2020 usurpant,
1224 1960 1477 2018 tanquam
1502 1950 1676 2019 prima
1708 1964 1901 2003 (ποωερ-

329 2047 491 2100 cratio
521 2048 661 2101 hanc
692 2047 942 2101 secundae
974 2045 1406 2100 consecrationis
1456 2044 1731 2098 licentiam
1767 2058 1902 2112 pra:-

329 2134 476 2201 beat;
516 2147 586 2191 ut
634 2137 877 2191 confusis
920 2137 1248 2201 ordinibus,
1288 2146 1474 2206 utpote
1524 2136 1681 2189 simul
1728 2136 1901 2198 datis,

328 2227 477 2279 etiam
505 2237 807 2297 temporum
838 2236 1038 2283 statuta
1072 2227 1368 2283 confundat
1398 2246 1408 2280 :
1434 2237 1490 2281 et
1518 2228 1618 2281 hoc
1642 2227 1694 2280 in
1719 2241 1902 2280 recon-

330 2319 618 2372 secratioue
662 2318 721 2371 fit
765 2318 1002 2383 licitum,
1056 2319 1198 2387 quod
1241 2318 1341 2387 ipsi
1386 2318 1550 2372 etiam
1605 2318 1659 2371 in
1710 2331 1902 2372 conse-

328 2408 558 2463 cratione
587 2410 915 2464 omnimodis
949 2402 1222 2464 testantur
1260 2410 1575 2463 absurdum.

747 2500 903 2571 135
953 2500 1180 2556 CAPUT
1232 2497 1472 2554 xxxrv.

330 2584 606 2658 Episcopos
632 2588 943 2659 alloquitur,
972 2600 1039 2643 ut
1059 2606 1150 2659 per
1170 2606 1256 2642 eos
1278 2603 1496 2644 summa:
1523 2588 1633 2642 sedi
1661 2588 1903 2643 discretio

936 2670 1269 2729 suggeratur.

398 2746 577 2813 Unde,
608 2764 792 2818 qttmso
821 2765 917 2805 vos
938 2791 952 2814 ,
984 2766 1017 2805 ο
1044 2750 1119 2818 pii
1163 2751 1479 2818 pontifices,
1512 2751 1777 2805 adversus
1804 2750 1904 2803 im-

331 2836 466 2905 pium
490 2839 683 2909 dogma
712 2841 892 2895 divino
915 2842 1084 2895 sancti
1114 2842 1211 2894 zeli
1246 2841 1458 2895 fervore
1484 2842 1819 2903 concurrite,
1849 2849 1904 2893 et

332 2933 618 3000 cmergenti
668 2947 808 2988 utine
853 2934 1087 3001 primum
1136 2950 1287 2987 novae
1330 2933 1526 2989 haeresi
1577 2932 1907 2986 unanimiter

332 3020 561 3078 obviate.
599 3044 618 3075 ‹
652 3024 980 3080 Ohstruatur
1029 3041 1091 3079 os
1138 3027 1320 3094 iniqua
1373 3027 1740 3096 loquentium,
1782 3047 1798 3077 ι
1850 3036 1906 3079 et

331 3124 676 3178 peccatorum
706 3130 898 3171 manus
925 3117 1231 3185 apostolicae
1254 3118 1377 3173 fidei
1406 3132 1511 3173 non
1548 3120 1757 3187 quatiat
1784 3117 1905 3170 fun-

2008 1942 2140 1995 biles
2170 1942 2361 1994 Patres
2383 1980 2398 2003 ,
2430 1954 2552 1992 cum
2588 1938 2908 2001 beatissimo
2945 1952 3160 1992 summo
3205 1936 3464 2007 pontiﬁce
3485 1979 3499 2002 ,
3529 1938 3613 1993 sic

2005 2042 2197 2087 cuncta
2228 2031 2329 2084 sub
2357 2027 2580 2083 discreti
2609 2028 2879 2080 examinis
2924 2026 3182 2095 aequitate
3219 2026 3520 2095 disponite,
3552 2036 3613 2081 ut

2006 2124 2259 2178 traditam
2308 2120 2440 2176 tanti
2492 2119 2731 2174 doctoris
2781 2116 3020 2188 regulam
3070 2118 3126 2171 in
3177 2125 3358 2171 vestra
3390 2128 3612 2187 quoque

2004 2214 2296 2269 videamini
2348 2226 2576 2268 censura
2626 2226 2882 2273 servare,
2932 2220 3205 2279 quatenus
3254 2210 3307 2263 in
3357 2209 3617 2264 Ecclesia:

2005 2319 2233 2374 corpore
2260 2304 2338 2359 sic
2368 2303 2571 2358 ferrum
2594 2342 2608 2365 ,
2656 2318 2777 2370 quae
2824 2311 3081 2370 corrupta
3112 2310 3270 2365 sunt,
3324 2302 3569 2356 sentiant
3598 2320 3611 2356 :

2006 2406 2065 2450 ut
2094 2407 2272 2450 tamen
2318 2396 2371 2449 in
2414 2393 2620 2465 proprii
2651 2393 2855 2463 vigoris
2888 2392 3088 2447 robore
3115 2393 3330 2447 sincera
3384 2408 3620 2463 quaeque

2004 2495 2394 2557 permaneant;
2426 2486 2505 2541 sic
2534 2484 2842 2554 plectibiles
2871 2484 3174 2554 puniantur
3222 2497 3522 2549 excessus,
3556 2493 3625 2539 ut

2006 2578 2131 2631 dum
2165 2586 2373 2630 reatum
2414 2575 2575 2647 136
2603 2575 2871 2630 severitas
2896 2574 3083 2645 legalis
3111 2576 3484 2647 persequitur,
3517 2591 3617 2631 sua

2008 2669 2334 2724 innocentia:
2365 2668 2683 2721 immunitas
2730 2676 3072 2731 reservetur;
3108 2667 3185 2722 sic
3230 2667 3395 2721 arbor
3424 2667 3619 2721 vitiata

2007 2761 2287 2815 securibus
2310 2759 2380 2814 sit
2402 2759 2657 2823 obnoxia,
2691 2768 2748 2810 ut
2781 2759 2977 2827 plantae
3000 2759 3068 2811 ab
3098 2758 3188 2812 illa
3222 2759 3610 2828 transpositte,

2007 2850 2060 2905 iu
2096 2850 2173 2903 sui
2209 2849 2405 2903 viroris
2436 2849 2607 2919 gratia
2640 2849 2903 2902 radicitus
2925 2847 3259 2904 coalescant.

2561 2958 2790 3014 CAPUT
2831 2959 3053 3013 XXXV.

2011 3053 2150 3117 Quid
2178 3053 2239 3105 de
2272 3053 2353 3105 Itis
2375 3092 2389 3113 ,
2420 3052 2509 3120 qui
2556 3052 2718 3121 gratis
2750 3067 2779 3101 η
2814 3049 3131 3104 Simoniacis
3179 3061 3300 3103 sunt
3345 3053 3616 3121 promoti,

2406 3121 2615 3174 tandem
2643 3120 2746 3173 Leo
2790 3138 2927 3189 papa
2957 3121 3221 3176 statuerit.

334 3205 661 3262 damenlum.
706 3210 968 3265 Servetur
1013 3210 1381 3266 ecclesiastica
1424 3211 1477 3265 in
1525 3225 1622 3265 sua
1670 3211 1908 3281 puritate
1937 3188 1984 3251 (ἶ
2086 3212 2471 3266 Verumtamen
2500 3220 2553 3266 et
2581 3212 2684 3264 hoc
2708 3210 2947 3263 otiosum
2980 3225 3102 3265 esse
3139 3227 3245 3265 non
3296 3211 3576 3273 credimus
3604 3253 3619 3277 ,

332 3296 606 3365 doctrina,
674 3316 775 3357 nec
838 3318 959 3356 eam
1024 3317 1224 3356 vexare
1286 3285 1636 3372 permittatur
1693 3312 1909 3355 terrena

332 3391 653 3459 sapientium
704 3394 1009 3448 turbulenta
1076 3395 1339 3449 versutia.
1405 3394 1590 3463 Surgit
1661 3394 1913 3449 inimicus

330 3491 483 3535 noctu
567 3498 668 3553 per
733 3499 923 3554 agrum
992 3484 1195 3539 Christi
1252 3484 1459 3539 zizania
1506 3499 1900 3553 conspargere;

331 3583 422 3624 vos
470 3572 521 3625 in
571 3575 694 3636 die,
722 3590 829 3642 quo
876 3574 1193 3638 ambulatis,
1234 3591 1380 3628 sana:
1409 3574 1671 3629 doctrina:
1700 3574 1912 3629 sarculo

331 3661 465 3718 male
510 3673 633 3718 sata
672 3665 930 3719 radicitus
961 3666 1257 3734 exstirpate
1306 3664 1521 3734 (Matth.
1548 3665 1689 3732 xm).
1742 3664 1913 3718 Noctu

330 3752 593 3825 Allophyli
649 3756 1173 3826 puteos‘ruderibus
1224 3756 1475 3825 implsnt;
1531 3757 1583 3809 in
1630 3756 1716 3809 die
1766 3755 1916 3809 Isaac

331 3860 591 3904 evacuare
649 3849 870 3904 festinet
918 3849 1071 3919 (Gen.
1123 3849 1290 3920 xxv).
1348 3848 1660 3904 Sacrarium
1712 3848 1914 3903 Christi

332 3948 629 3995 nocturnus
653 3939 739 3994 far
769 3950 940 3995 teutat
969 3942 1301 4008 irrumpere;
1328 3941 1597 3994 excitetur
1620 3940 1797 4009 lingua
1827 3955 1916 3993 ca-

331 4041 452 4082 num
481 4030 603 4099 ejus
635 4032 930 4085 salubriter
952 4032 1243 4086 oblatrare.
1268 4033 1420 4099 Quod
1450 4032 1495 4085 si
1524 4048 1589 4086 ex
1612 4042 1793 4085 vestro
1815 4031 1919 4085 for-

332 4120 486 4175 lassis
533 4122 732 4175 ordine
781 4122 1062 4190 quisquam
1112 4122 1363 4191 prodeat,
1416 4121 1504 4191 qui
1551 4122 1920 4191 dogmatizare

332 4214 434 4263 tam
473 4210 713 4265 nefanda
749 4220 1065 4281 praisumat;
1103 4222 1254 4266 tanto
1300 4211 1445 4266 illum
1478 4212 1665 4267 durius
1711 4213 1920 4267 debetis

332 4311 556 4366 arguere
578 4340 592 4363 ,
625 4310 833 4369 quanto
861 4309 916 4355 et
946 4301 1023 4369 is,
1057 4302 1148 4371 qui
1188 4301 1443 4357 Ecclesia:
1494 4312 1639 4359 tutor
1667 4318 1787 4358 esse
1822 4304 1917 4358 de—

331 4382 545 4455 buerat,
576 4404 704 4448 eam
732 4391 921 4444 nititur
948 4406 1279 4462 Oppugnare.
1472 4384 1473 4387 “

398 4478 693 4551 Suggerite
718 4481 880 4550 igitur
913 4482 1128 4537 domino
1162 4494 1348 4538 nostro
1376 4499 1528 4554 papae
1569 4484 1920 4549 beatissimo,

334 4580 604 4634 quatenus
652 4570 735 4623 sic
789 4571 840 4622 in
896 4584 1019 4624 reos
1065 4571 1302 4640 vigorem
1334 4573 1722 4628 ecclesiastica:
1765 4588 1919 4627 seve-

333 4657 505 4712 ritatis
545 4659 842 4723 extendat,
890 4669 949 4714 ut
984 4658 1137 4727 juxta
1186 4663 1601 4719 indiscretorum
1640 4664 1918 4719 hominum

336 4757 485 4814 vota,
527 4752 857 4807 innocentes
895 4768 1134 4823 quosque
1163 4755 1351 4808 eadem
1383 4758 1652 4811 sententia
1692 4774 1795 4812 non
1842 4760 1923 4813 in.

335 4842 530 4899 volvat.
562 4842 795 4899 Videtur
817 4845 959 4898 enim
984 4846 1256 4899 luxuriare
1276 4846 1575 4915 judicium;
1602 4850 1743 4917 quod
1776 4850 1826 4904 in
1858 4850 1922 4904 fi-

334 4929 524 4989 liorum
557 4950 756 4988 necem
784 4948 881 5003 pro
908 4943 1136 5004 paterno
1165 4937 1324 4990 fuerit
1355 4939 1585 4994 crimine
1608 4941 1919 5011 promulga-

339 5030 475 5087 tum,
504 5035 559 5079 et
596 5025 945 5084 Simouiacos
968 5026 1221 5095 quidem.
1258 5038 1311 5081 ut
1334 5026 1447 5097 jatn
1471 5042 1747 5100 cmperat,
1785 5033 1921 5086 divi-

336 5113 733 5170 nisanimatus
759 5117 996 5183 viribus,
1026 5120 1295 5184 destruat;
1326 5122 1420 5175 sed
1450 5138 1557 5179 non
1587 5133 1833 5189 eotenus,
1866 5138 1923 5182 ut

337 5218 516 5260 eorum
539 5207 949 5262 ordinationem
971 5211 1323 5265 immoderato
1343 5214 1701 5281 quorumdam
1717 5215 1923 5283 judicio

339 5298 431 5352 σπι)
454 5314 617 5355 acere
644 5298 950 5368 permittat.
982 5300 1092 5357 lmo
1115 5302 1205 5372 qui
1240 5304 1355 5359 vice
1394 5304 1539 5359 Petri
1568 5304 1747 5361 claves
1776 5318 1924 5363 tenet

339 5386 593 5447 Ecclesia:
638 5387 865 5463 (Matth.
917 5393 1067 5465 xm),
1119 5395 1233 5466 ipse
1281 5397 1623 5466 potissimum
1658 5401 1923 5455 adversus

340 5492 529 5539 novum
551 5482 762 5554 dogma
790 5495 1097 5554 consurgat,
1125 5496 1181 5541 et
1216 5488 1618 5548 introductores
1642 5494 1925 5563 pravitatis

341 5574 509 5645 digna:
540 5575 840 5633 sententia
863 5573 1120 5651 jaculatio
1144 5578 1419 5636 confodiat
1450 5599 1465 5637 :
1494 5590 1547 5639 et
1589 5584 1681 5654 qui
1711 5585 1923 5641 clavum

340 5676 545 5739 sagena:
573 5666 746 5739 regit,
771 5680 893 5736 quae
916 5665 1274 5735 piscatoribus
1298 5680 1379 5727 est
1407 5675 1721 5741 commissa,
1754 5677 1928 5733 malos

340 5758 506 5827 pisces
543 5776 574 5816 a
609 5758 781 5817 bonis
810 5758 1028 5816 studeat
1059 5763 1157 5819 sub
1187 5764 1289 5822 hac
1314 5766 1718 5838 dispensatione
1741 5786 1922 5827 secer-

2014 3305 2059 3359 si
2091 3305 2218 3373 quid
2245 3317 2409 3372 super
2436 3302 2540 3357 hoc
2567 3302 2791 3371 negotio
2813 3301 2954 3355 idem
2982 3301 3314 3356 venerabilis
3344 3301 3452 3356 Leo
3480 3318 3621 3373 papa

2013 3395 2297 3459 statuerit,
2331 3408 2689 3461 exponamus.
2724 3390 2861 3445 Nam
2889 3406 3013 3447 cum
3048 3407 3242 3447 omnes
3280 3392 3623 3449 Simoniacoo

2014 3503 2133 3539 rum
2163 3483 2533 3540 ordinationes
2575 3484 2851 3555 synodalis
2880 3484 3087 3552 vigoris
3132 3486 3461 3543 auctoritate
3492 3502 3625 3542 cas~

2015 3586 2220 3640 sasset,
2259 3576 2507 3645 protinus
2549 3590 2579 3628 a
2629 3576 2993 3629 Romanorum
3044 3575 3394 3631 multitudine
3429 3592 3615 3633 sacer-

2016 3668 2202 3722 dotum
2235 3682 2442 3737 magum
2471 3666 2755 3721 seditionis
2804 3666 3066 3719 tumultus
3099 3670 3326 3721 ex‘ortus
3375 3678 3491 3732 est,
3544 3670 3620 3722 ita

2017 3770 2073 3813 ut
2106 3775 2212 3811 nun
2257 3757 2429 3812 solum
2476 3759 2543 3818 τὼ
2591 3757 2753 3825 ipsis,
2804 3758 2896 3810 sed
2949 3773 2977 3809 a
3031 3756 3303 3826 plerisque
3346 3758 3631 3813 diceretur

2018 3850 2317 3921 episcopis,
2346 3864 2539 3903 omnes
2590 3865 2727 3918 pene
2758 3848 3015 3903 basilicas
3046 3850 3479 3903 sacerdotalibus
3501 3848 3624 3904 olli-

2016 3942 2119 3999 eiis
2149 3942 2435 3996 destitutas
2457 3981 2473 4003 ,
2519 3949 2573 3993 et
2618 3940 2887 4009 praecipue
2936 3940 3232 3993 missarum
3258 3940 3521 3995 solemnia
3555 3944 3626 3997 ad

2019 4034 2426 4089 subversiouem
2450 4031 2785 4086 Christianas
2802 4032 3080 4100 religionis
3105 4043 3160 4087 et
3182 4034 3630 4103 desperationem

2020 4124 2261 4176 ouiuium
2291 4124 2722 4190 circumquaque
2751 4122 2989 4175 fidelium
3025 4122 3269 4176 funditus
3295 4124 3627 4180 omittenda.

2022 4218 2160 4285 Quid
2202 4217 2390 4287 plura?
2434 4215 2566 4269 Post
2614 4215 2772 4289 longa
2823 4230 2955 4270 sane
3007 4217 3464 4284 disceptationum
3498 4219 3628 4273 hinc

2024 4313 2148 4367 inde
2197 4312 2505 4375 volumina,
2560 4311 2777 4373 tantidem
2820 4318 3133 4380 suggestum
3164 4316 3282 4373 est,
3311 4310 3630 4365 reverenda:

2024 4402 2305 4459 meritoria:
2330 4416 2502 4471 nuper
2527 4402 2770 4471 ejusdem
2797 4402 2943 4456 sedis
2970 4402 3297 4470 episcopum
3316 4402 3627 4458 decrevisse

2027 4495 2361 4549 Clementem
2390 4511 2401 4547 :
2430 4491 2499 4547 Ut
2523 4494 2836 4561 quicunque
2864 4508 2893 4545 τι
2924 4493 3238 4546 Simoniaco
3267 4502 3632 4548 consecratus

2027 4597 2203 4650 esset,
2247 4587 2299 4640 in
2332 4585 2449 4655 ipso
2475 4585 2839 4639 ordinationis
2874 4600 2984 4638 suae
3018 4594 3261 4652 tempore
3313 4600 3420 4638 non
3468 4585 3626 4653 igno-

2030 4694 2157 4733 rans
2188 4677 2558 4745 Simoniacum
2612 4676 2697 4730 cui
2749 4694 2808 4731 se
2856 4676 3132 4731 obtulerat
3163 4690 3626 4745 promovenuum,

2029 4769 2385 4838 quadraginta
2412 4784 2556 4822 nunc
2580 4768 2791 4822 dierum
2818 4767 3198 4836 pmniteutiam
3230 4776 3437 4836 ageret,
3462 4777 3517 4820 et
3548 4767 3629 4822 sic

2030 4860 2083 4915 in
2110 4859 2321 4927 accepti
2343 4858 2551 4911 ordinis
2573 4856 2752 4911 officio
2773 4857 3133 4911 ministraret.
3159 4857 3332 4922 Quam
3366 4857 3628 4910 nimirum

2028 4948 2353 5003 sententiam
2383 4947 2631 5017 protinus
2668 4947 2992 5001 venerabilis
3025 4947 3133 5000 Leo
3180 4956 3351 4999 ratam
3400 4962 3631 5015 percen-

2029 5040 2159 5103 suit,
2182 5050 2230 5093 et
2258 5040 2360 5095 sub
2392 5038 2697 5110 lmjusmodi
2724 5038 3050 5108 pmuitentia
3084 5053 3277 5093 omnes
3307 5038 3360 5093 in
3392 5039 3631 5108 acceptis

2027 5129 2223 5185 ofﬁciis
2249 5129 2315 5183 de
2337 5140 2537 5185 caetero
2559 5145 2914 5200 perseverare
2936 5129 3235 5184 mandavit.
3260 5128 3395 5185 Nam
3418 5140 3473 5184 et
3493 5146 3630 5183 nou-

2032 5223 2208 5277 nullos
2241 5222 2507 5292 hodieque
2556 5223 2904 5292 conspicitis,
2936 5223 3026 5291 qui
3076 5222 3268 5279 dumla
3304 5222 3503 5277 talibus
3535 5238 3632 5292 per

2031 5313 2276 5366 diversos
2301 5314 2499 5382 gradus
2531 5312 2747 5367 fuerant
2789 5312 3026 5366 ordinati
3048 5352 3063 5375 ,
3092 5311 3159 5365 ab
3190 5313 3381 5366 eodem
3410 5328 3631 5366 summo

2032 5402 2289 5473 pontiﬁce
2319 5403 2386 5457 ad
2414 5403 2757 5473 episcopatus
2804 5403 3012 5472 apicem
3045 5403 3465 5476 suntjproveeti.
3517 5402 3631 5456 hec

2032 5494 2087 5549 id
2123 5508 2407 5564 perperam
2430 5535 2444 5559 ,
2472 5496 2599 5563 quia
2648 5510 2770 5549 cum
2804 5494 3068 5549 canonica
3097 5492 3360 5549 decernat
3389 5496 3629 5550 auctori-

2033 5591 2116 5638 tas
2140 5583 2204 5653 (ι,
2230 5594 2421 5653 ρυαιδι.
2439 5585 2459 5637 l
2477 5584 2566 5650 ,Si
2583 5587 2698 5657 quis
2715 5585 3005 5655 cpiscopus)
3033 5602 3082 5639 :t
3112 5586 3179 5641 Ut
3200 5586 3510 5656 quicunque
3534 5600 3633 5657 per

2034 5678 2320 5747 pecuniam
2352 5692 2562 5732 sacram
2594 5678 2896 5733 obtinuerit
2943 5678 3263 5748 dignitatem
3284 5717 3298 5742 ,
3340 5676 3630 5746 dejiciatur

2038 5770 2183 5840 ipse,
2216 5778 2272 5825 et
2298 5770 2581 5829 ordinator
2611 5771 2762 5841 ejus;
2811 5790 2828 5823 ι
2859 5779 3007 5840 patet
3055 5770 3239 5841 procul
3272 5768 3433 5826 dubio
3457 5810 3472 5837 ,
3503 5770 3635 5842 quia
