5392 6574
2283 428 2344 485 S.
2375 426 2579 487 PETRI
2611 428 2891 487 DAIlANI
2929 430 3080 489 OPP.
3121 430 3360 491 TOIUS
3394 430 3527 491 εει]
3564 430 3746 491 PARS
3781 433 3867 491 Ill.
3893 464 3963 480 --
3988 434 4353 516 pPUSCULA
4382 435 4613 493 VARIA.

338 7 1174 253 ἡ
1189 42 1199 251 Ι
2236 68 2347 73 _

1834 536 2134 595 simoniace
2163 538 2495 605 ordinatum,
2516 542 2991 612 ordinatoremque
3021 543 3403 607 condemnans,
3431 542 3720 604 Afuerant
3768 560 3797 600 a
3850 545 4103 603 Patribus
4148 548 4313 611 edita,
4363 548 4430 603 de
4472 548 4765 603 multorum
4811 549 5070 606 memoria

1828 627 1921 685 hic
1945 628 2191 699 protinus
2210 628 2398 698 iudicii
2430 639 2627 687 metam
2659 632 2779 687 fixit
2809 649 2824 686 :
2853 648 2955 688 nec
2986 634 3267 691 sententiae
3292 633 3405 688 cal-

1828 716 2009 776 culum
2036 719 2089 774 in
2119 733 2242 775 eum
2262 735 2511 792 quoque,
2541 723 2634 792 qui
2657 724 2727 778 ab
2757 724 3067 795 huiusmodi
3098 725 3404 795 promoveri

1827 808 2125 879 potuisset,
2171 811 2433 867 extendit.
2466 811 2602 869 Nam
2652 814 2698 869 si
2751 818 2974 871 canonis
3021 815 3177 883 hujus
3217 825 3409 871 auctor

1835 906 2149 968 provectum
2196 901 2493 969 quemlibet
2520 919 2552 959 a
2581 903 2891 960 Simoniaco
2916 904 3271 973 dejiciendum
3306 907 3407 960 du-

1830 994 2009 1052 ceret,
2060 987 2233 1058 ipsum
2287 992 2764 1065 ordinatoremque
2811 995 2956 1050 illius
3003 1004 3232 1061 notans,
3275 1010 3407 1051 eon-

1828 1086 2117 1145 sequenter
2143 1079 2309 1133 etiam
2338 1081 2404 1137 de
2432 1082 2546 1148 his,
2581 1085 2673 1154 qui
2720 1085 2788 1140 ab
2817 1100 2883 1140 eo
2915 1086 3225 1155 promoveri
3254 1095 3407 1156 pote-

1828 1172 1983 1233 rant,
2012 1179 2119 1221 non
2166 1176 2372 1224 taceret
2415 1179 2475 1224 ut
2517 1173 2771 1227 nimirum
2820 1173 3027 1229 diceret
3062 1190 3077 1226 :
3112 1173 3406 1242 Dejiciatur

1827 1256 1945 1328 ipse
1967 1266 2025 1312 et
2050 1258 2333 1315 ordinator
2358 1260 2472 1330 ejus
2491 1302 2506 1328 ,
2538 1277 2602 1318 ae
2623 1273 2821 1334 praesto
2849 1262 3203 1336 subjungeret
3234 1279 3250 1317 :
3279 1283 3298 1317 ι
3336 1264 3405 1319 Et

1826 1345 2133 1418 quicunque
2161 1346 2329 1405 fuerit
2354 1352 2637 1408 ordinatus
2681 1353 2750 1408 ab
2778 1367 2876 1419 eo;
2915 1373 2938 1407 ι
2986 1356 3131 1425 quod
3157 1353 3407 1426 profecto

1827 1435 1955 1506 quia
1979 1451 2087 1493 non
2113 1437 2278 1506 dixit,
2308 1453 2408 1495 nec
2432 1441 2589 1497 nobis
2615 1441 2781 1497 etiam
2826 1443 3162 1499 sentiendum
3188 1459 3308 1500 esse
3332 1445 3405 1501 si-

1827 1529 2032 1596 gnavit.

2359 1621 2586 1679 CAPUT
2626 1623 2867 1682 XXXVI.

1825 1705 1927 1762 Ubi
1947 1709 2230 1778 imperator
2252 1710 2301 1765 11
2308 1712 2533 1768 einricur
2548 1715 2718 1783 gloria
2739 1717 2912 1787 digna:
2926 1717 3101 1772 laudis
3121 1718 3396 1773 attollitur.

1893 1798 2161 1855 Praeterea
2192 1802 2318 1856 dum
2347 1806 2675 1883 venerabilis
2713 1822 2864 1876 papa:
2893 1817 3045 1878 gesta
3067 1809 3396 1874 .recolimus,

3506 633 3663 704 longa
3685 631 3800 702 jam
3825 636 4143 691 videbantur
4178 635 4449 691 oblivione
4476 635 4670 692 deleta.
4702 635 4807 691 Sed
4834 636 4927 693 hic
4954 646 5071 692 tan-

3506 740 3667 793 quam
3704 725 3831 780 olim
3881 727 4106 797 insignis
4132 726 4220 780 ille
4259 724 4456 793 Josias,
4490 741 4613 781 mox
4639 736 4696 780 ut
4716 725 4910 781 librum
4939 725 5072 796 legis

3506 814 3718 869 Domini
3757 816 3974 884 reperit,
4031 816 4348 869 vestimenta
4403 814 4585 880 scidit,
4615 813 4919 881 condoluit;
4947 829 5074 871 aras

3505 907 3736 970 subruit,
3768 907 3908 961 idola
3943 907 4301 961 abominanda
4345 907 4558 977 deiecit,
4609 921 4900 975 omnesque
4929 907 5074 976 prio-

3507 1013 3626 1053 rum
3653 1014 3839 1068 regum
3869 998 4159 1068 sacrilegas
4175 999 4588 1068 superstitiones
4608 998 4800 1053 evertit
4822 997 4872 1066 (I
4885 996 4927 1052 γ
4944 995 5067 1068 Reg.

3503 1089 3686 1157 xxui).
3717 1088 3785 1142 Et
3810 1089 4064 1158 quoniam
4096 1088 4210 1157 ipse
4241 1087 4577 1142 anteriorum
4613 1096 4800 1143 tenere
4837 1087 5072 1158 regulam

3503 1178 3696 1243 noluit,
3724 1187 3783 1233 ut
3835 1178 4021 1232 aeterni
4052 1177 4214 1245 Regis
4243 1186 4507 1246 praecepta
4552 1186 4815 1241 servaret,
4846 1176 4947 1233 hoc
4969 1174 5073 1230 sibi

3503 1283 3613 1323 non
3663 1269 3874 1339 ingrata
3915 1268 4095 1322 divina
4143 1268 4473 1338 dispensatio
4504 1266 4749 1329 contulit,
4778 1267 4919 1335 quod
4961 1266 5072 1337 ple-

3504 1360 3687 1428 risque
3715 1360 4092 1415 decessoribus
4117 1361 4230 1414 suis
4260 1371 4485 1416 eatenus
4536 1376 4640 1415 non
4682 1359 4983 1425 concessit;
5015 1367 5073 1414 ut

3504 1450 3750 1505 videlicet
3795 1450 3862 1504 ad
3904 1449 4021 1518 ejus
4067 1460 4253 1504 nutum
4308 1460 4491 1506 sancta
4541 1450 4783 1505 Romana
4833 1450 5073 1505 Ecclesia

3503 1554 3649 1594 nunc
3672 1540 3968 1605 ordinetur,
4000 1555 4064 1595 ac
4093 1551 4290 1610 praeter
4309 1542 4426 1610 ejus
4448 1541 4824 1595 auctoritatem
4855 1550 5075 1608 aposto-

3503 1629 3621 1686 lica:
3663 1631 3775 1686 sedi
3806 1646 3966 1687 nemo
4007 1647 4233 1702 prorsus
4260 1631 4423 1703 eligat
4461 1631 4815 1686 sacerdotem.
4845 1629 5007 1684 Plane
5026 1629 5072 1683 si

3503 1721 3671 1776 David
3725 1731 3944 1791 propter
3997 1722 4297 1778 Philislhazi
4354 1721 4568 1777 Golith
4617 1731 4887 1792 stragem,
4931 1721 5074 1789 regis

3504 1808 3668 1865 filiam
3731 1813 3795 1865 in-
3852 1813 4227 1881 sponsalitium
4292 1812 4394 1866 sibi
4449 1810 4714 1866 fmderare
4776 1809 5075 1880 promeruit

1824 1901 2219 1960 consequenter
2254 1894 2394 1946 ratio
2421 1896 2608 1951 suadet
2630 1905 2688 1951 ut
2711 1897 2778 1951 ad
2800 1898 3248 1953 censiderandum
3271 1912 3405 1966 quo-
3431 1885 3480 1946 Β
3508 1900 3558 1972 (1
3582 1899 3708 1970 Reg.
3743 1904 3908 1971 xvii);
3955 1903 4083 1972 quid
4123 1904 4319 1955 mirum
4341 1902 4383 1955 si
4410 1909 4465 1955 et
4491 1901 4780 1969 imperator
4812 1899 4912 1953 iste
4949 1912 5075 1952 san-

1823 1992 1930 2046 que
1942 1980 2120 2050 magn
2135 1980 2294 2045 huius
2313 1981 2547 2037 lleinrici
2562 1984 2703 2055 regis
2716 1986 2923 2056 insigne
2943 1987 3267 2055 praeconium
3285 1987 3403 2041 ani-

1824 2089 1972 2128 mum
1988 2074 2528 2133 transferamus.Post
2541 2080 2707 2132 Deum
2724 2079 2927 2134 scilicet
2942 2080 3055 2149 ipse
3069 2095 3165 2134 nos
3182 2095 3246 2134 ex
3260 2080 3403 2133 insa-

1822 2161 1952 2216 tiubi
1962 2163 2024 2222 lis
2039 2179 2134 2219 ore
2146 2165 2397 2224 draconis
2409 2167 2637 2235 eripuit,
2650 2169 2764 2239 ipse
2798 2169 3118 2224 Simoniacaa
3136 2169 3403 2223 haereseos

1826 2261 1886 2305 ut
1908 2252 2066 2322 137
2091 2268 2276 2308 revera
2294 2256 2602 2325 multiplicis
2626 2258 2810 2328 hydra:
2832 2258 3009 2312 omnia
3022 2259 3194 2327 capita
3208 2254 3402 2311 divina:

1822 2342 2039 2397 virtutis
2070 2360 2327 2400 mucrone
2359 2347 2645 2401 truncavit.
2678 2346 2779 2413 Qui
2815 2346 3065 2402 videlicet
3094 2347 3162 2403 ad
3193 2345 3398 2401 Christi

1824 2432 2051 2502 gloriam
2081 2450 2187 2488 non
2220 2435 2489 2490 immerito
2519 2446 2695 2506 potest
2733 2438 2913 2493 dicere
2937 2438 3241 2507 :Quotquot
3274 2447 3398 2491 ante

1824 2538 1911 2578 me
1936 2534 2227 2588 venerunt,
2262 2527 2409 2580 fures
2435 2526 2649 2581 fuerunt
2675 2537 2730 2581 et
2755 2529 3010 2583 latrones:
3070 2528 3202 2581 Nam
3230 2542 3401 2596 usque

1826 2614 1889 2666 ad
1914 2612 1993 2668 sui
2020 2623 2228 2684 tempus
2256 2615 2462 2684 imperii
2496 2618 2836 2670 sacerdotum
2885 2616 3141 2670 falsitatis
3165 2616 3401 2684 inexple-

1825 2702 1980 2766 biles,
2028 2712 2086 2755 ut
2139 2704 2213 2758 ita
2250 2704 2446 2770 fatear,
2501 2706 2824 2777 Babylonico
2862 2706 2974 2761 Beli
3002 2706 3274 2776 praebebat
3299 2689 3399 2760 im-

1822 2809 2057 2863 pensas:
2106 2802 2160 2848 at
2211 2797 2495 2864 postQuam
2530 2799 2636 2860 hic,
2688 2802 2907 2853 auctore
2935 2797 3067 2863 Deo,
3114 2807 3395 2867 paternum

1822 2883 2057 2936 obtinuit
2097 2884 2481 2952 principatum,
2535 2886 2840 2941 draconteis
2878 2902 3002 2941 mox
3046 2886 3290 2941 faucibus
3315 2885 3399 2940 of-

1823 2972 1933 3026 fam
1982 2974 2103 3043 pius
2155 2974 2357 3043 injecit,
2406 2986 2461 3031 et
2487 2978 2566 3032 sic
2608 2979 2896 3034 immanem
2942 2980 3203 3042 bestiam,
3239 2980 3392 3048 quasi

1822 3066 2008 3122 Daniel
2055 3067 2193 3120 alter
2218 3069 2495 3122 exstinxit.
2544 3069 2645 3123 Per
2684 3071 2854 3139 picem
2880 3086 3132 3139 namque,
3162 3087 3282 3139 quae
3306 3087 3395 3125 ar-

1821 3156 1911 3211 det
1946 3165 2002 3209 et
2046 3158 2283 3226 stringit,
2318 3174 2421 3212 non
2460 3159 2731 3214 immerito
2760 3169 2936 3230 potest
2964 3177 3117 3215 amor
3156 3163 3394 3231 pecuniae

3505 1997 3645 2042 ctam
3694 1988 4012 2054 Ecclesiam,
4058 2004 4178 2058 qua:
4234 1988 4487 2042 nimirum
4542 1987 4737 2041 summi
4782 1985 4940 2053 Regis
4989 1993 5075 2039 est

3506 2080 3636 2146 filia,
3668 2078 3871 2134 Simoni
3905 2080 4297 2143 hacresiarchaa,
4349 2079 4440 2147 qui
4488 2078 4754 2133 veraciter
4782 2075 5074 2145 exprobrat

3506 2169 3675 2222 aciem
3704 2169 3796 2224 Dei
3822 2171 4068 2233 viventis,
4110 2169 4282 2223 victor
4302 2168 4550 2238 accepit?

3574 2260 3750 2329 Atque
3799 2271 3854 2315 ut
3908 2261 4075 2315 David
4103 2276 4169 2315 ex
4218 2260 4396 2329 aliqua
4451 2270 4603 2329 parte
4644 2274 4746 2313 non
4796 2258 5069 2314 immerito

3505 2359 3867 2419 comparetur,
3896 2351 3983 2405 ille
4021 2366 4216 2420 aquam
4248 2351 4311 2404 de
4340 2351 4572 2404 cisterna
4602 2349 5070 2413 Bethlehemitica,

3503 2454 3620 2506 quae
3666 2439 3804 2492 inter
3858 2440 4079 2492 hostiles
4135 2437 4430 2493 habebatur
4471 2452 4689 2501 cuneos,
4736 2437 5071 2505 concupivit;

3503 2528 3593 2581 sed
3634 2544 3754 2580 cum
3788 2527 3853 2580 ab
3892 2527 4315 2593 OlJSL‘tlttt‘ll-liblls
4348 2527 4604 2579 militibus
4638 2526 4829 2579 fuisset
4871 2525 5067 2587 oblata,

3505 2617 3684 2669 bibere
3707 2615 3913 2677 nolens,
3934 2615 4139 2669 effudit.
4169 2616 4327 2684 138
4352 2615 4503 2668 Unde
4520 2630 4638 2667 mox
4670 2614 4926 2683 scriptum
4949 2622 5068 2669 est:

3508 2724 3525 2754 ι
3567 2704 3911 2759 Libaviteam
3946 2706 4169 2757 Domino
4197 2704 4278 2771 (ll
4308 2704 4436 2773 Reg.
4476 2705 4653 2772 xxiii).
4689 2724 4706 2756 ›
4737 2704 4792 2757 Si
4831 2704 4991 2773 igitur
5017 2706 5070 2757 iu

3503 2795 3593 2848 Dei
3641 2795 3969 2848 sacrificium
4012 2811 4165 2848 versa
4219 2805 4301 2848 est
4352 2811 4488 2862 aqua
4541 2803 4867 2861 contempta,
4909 2808 5069 2862 quam

3501 2888 3790 2954 pretiosius
3818 2886 3925 2939 Deo
3956 2902 4148 2939 munus
4175 2887 4337 2939 fuisse
4361 2886 4683 2939 credendum
4706 2896 4805 2948 est,
4843 2886 5069 2954 pecunia

3502 2986 3765 3030 recusata.
3797 2976 3887 3028 Ille
3911 2976 4161 3028 nimirum
4192 2992 4385 3044 aquam
4414 2974 4682 3029 fundendo
4713 2974 4934 3037 libavit;
4968 2976 5069 3028 iste

3499 3069 3848 3122 nihilominus
3876 3082 4037 3121 suave
4068 3067 4176 3119 Deo
4202 3067 4527 3121 sacrificium
4552 3066 4766 3130 obtulit,
4809 3066 4934 3118 dum
4963 3079 5068 3117 non

3499 3171 3718 3224 aquam,
3773 3158 3867 3210 sed
3897 3164 4087 3209 aurum
4121 3171 4218 3224 pro
4259 3157 4373 3225 ejus
4404 3170 4586 3208 amore
4633 3154 4970 3222 contempsit.
5006 3152 5071 3206 Et

1822 3250 2115 3319 designari.
2138 3250 2239 3316 Qui
2270 3251 2515 3305 videlicet
2539 3252 2613 3305 sic
2639 3254 2691 3305 in
2721 3253 2930 3308 camino
2968 3255 3115 3308 avari
3160 3255 3392 3323 pectoris
3420 3239 3465 3300 (ἶ
3496 3244 3621 3316 quia
3676 3262 3784 3301 non
3839 3248 3951 3304 delt

2968 3255 3115 3308 avari
3160 3255 3392 3323 pectoris
3420 3239 3465 3300 C
3496 3244 3621 3316 quia
3676 3262 3784 3301 non
3839 3248 4146 3308 defuerunt,
4197 3246 4289 3316 qui
4329 3245 4600 3314 regalibus
4655 3245 4802 3313 soliis
4839 3243 5065 3311 praediti,

1823 3350 2049 3404 aestuat,
2093 3349 2150 3394 ut
2216 3341 2283 3394 ab
2328 3341 2693 3410 impendenda:
2743 3344 3149 3412 misericordia,
3187 3346 3394 3414 piaeque

1822 3432 2214 3500 compassionis
2269 3432 2515 3502 largitate
2562 3434 2910 3503 constringat.
2948 3435 3086 3502 Quid
3127 3437 3394 3504 estigitur

1824 3521 1978 3575 offam
2006 3522 2136 3589 picis
2173 3523 2224 3575 in
2251 3524 2502 3577 dracoais
2530 3539 2622 3577 ora
2656 3525 2942 3593 proiicere,
2963 3524 3079 3578 nisi
3107 3524 3390 3578 manifeste

1825 3626 1942 3665 cum
1991 3611 2150 3665 Petro
2181 3612 2359 3665 dicere
2388 3627 2402 3663 :
2432 3631 2453 3655 ι
2489 3612 2719 3667 Pecunia
2755 3625 2843 3665 tua
2890 3624 3065 3667 tecum
3095 3615 3163 3667 sit
3186 3615 3237 3667 in
3267 3629 3391 3683 per-

1823 3703 2080 3758 ditionem
2101 3704 2127 3755 ?
2157 3721 2173 3755 ›
2209 3703 2346 3772 (Act.
2377 3704 2515 3775 vni.)
2545 3705 2694 3770 Quod
2724 3703 2964 3773 profecto
3002 3706 3252 3773 princeps
3293 3706 3394 3759 iste

1824 3801 1952 3847 tunc
1975 3794 2242 3847 veraciter
2264 3795 2506 3861 protulit,
2527 3811 2646 3848 cum
2667 3795 2953 3849 cathedras
2973 3795 3391 3850 distrahentium

1824 3881 2098 3936 columbas
2122 3883 2311 3936 evertit
2339 3883 2535 3952 (Matth,
2584 3886 2719 3955 xxx),
2759 3901 2879 3938 cum
2909 3882 3198 3955 t'rapezitas
3226 3900 3393 3956 expuv

1824 3972 1906 4038 lit,
1952 3988 2074 4027 cum
2124 3974 2178 4027 in
2240 3975 2437 4043 templo
2474 3976 2567 4030 Dei
2606 3977 2720 4031 fieri
2767 3977 2952 4031 venale
2992 3978 3391 4033 .commerciutl

1825 4064 2116 4117 recusavit.
2145 4062 2253 4118 Nec
2301 4065 2429 4118 illud
2456 4067 2614 4118 etiam
2638 4067 2704 4120 ab
2734 4068 2835 4120 hac
2864 4066 3253 4136 significatione
3278 4068 3390 4122 dis-

1824 4167 2048 4219 crepare
2093 4152 2327 4218 videtur,
2375 4154 2516 4220 quod
2552 4154 2730 4207 Daniel
2765 4169 2886 4208 cum
2915 4156 3031 4224 pice
3072 4156 3233 4209 etiam
3278 4156 3391 4208 adi-

1823 4255 1965 4307 pem,
2005 4249 2058 4294 et
2103 4242 2238 4309 pilos
2286 4242 2658 4306 admiscuisse,
2688 4243 3044 4297 describitur.
3071 4244 3206 4308 Quid
3248 4243 3388 4297 enim

1823 4346 1921 4398 per
1947 4330 2161 4400 adipem
2188 4332 2291 4386 nisi
2332 4334 2506 4386 carnis
2526 4334 2828 4402 accipimus
2856 4334 3183 4404 voluptatem
3206 4336 3228 4386 ?
3253 4335 3390 4399 Quid

1823 4435 1921 4488 per
1949 4422 2100 4489 pilos,
2129 4424 2217 4491 qui
2260 4425 2570 4492 corporibus
2597 4426 2906 4480 animalium
2929 4436 3082 4480 extra
3109 4435 3253 4491 sunt,
3286 4427 3388 4481 nisi

1825 4512 2060 4566 exterior
2094 4513 2389 4568 substantia
2411 4516 2762 4584 designatur?

3496 3339 3845 3390 commissum
3887 3338 4131 3404 regimen
4183 3336 4565 3389 administrare
4595 3350 4651 3389 se
4682 3348 4836 3403 posse
4865 3333 5070 3387 diflide-

3497 3436 3636 3490 rent,
3691 3428 3735 3480 si
3784 3428 4139 3481 Ecclesiarum
4195 3426 4576 3478 venalitatibus
4625 3424 4835 3492 publica
4877 3423 5067 3476 aeraria

3497 3531 3603 3569 non
3636 3524 3924 3583 augerent;
3959 3531 4085 3568 ecce
4114 3516 4453 3583 omnipotens
4486 3515 4647 3578 Deus,
4701 3514 4754 3566 in
4776 3513 4930 3580 cuius
4958 3528 5070 3565 ma-

3496 3623 3566 3662 nu
3592 3616 3673 3660 est
3713 3608 3936 3660 victoria
3973 3605 4446 3673 triumphantium,
4469 3612 4680 3672 sceptra
4707 3603 5065 3671 regnantium,

3494 3698 3695 3763 absque
3748 3695 3906 3762 huius
3954 3695 4322 3762 acquisitiouis
4378 3694 4675 3747 inhonestae
4731 3691 5067 3763 stipendiis,

3494 3787 3636 3841 fideli
3668 3786 3866 3840 famulo
3896 3803 3991 3837 suo
4024 3786 4308 3853 plerasque
4340 3786 4584 3838 nationes
4640 3793 4855 3839 exteras
4885 3784 5067 3837 subdi-

3493 3876 3592 3940 dit,
3642 3877 3978 3945 tyranuicam
4036 3875 4435 3927 adversantium
4490 3873 4766 3927 feritatem
4823 3873 4923 3927 sub
4953 3871 5066 3939 ejus

3492 3968 3697 4022 ditione
3729 3968 4049 4036 perdomuit,
4085 3968 4545 4035 superborumque
4596 3967 4826 4020 hostium
4860 3975 5066 4019 tumen-

3493 4060 3627 4115 tium
3675 4059 3774 4113 sibi
3820 4059 3951 4112 colla
3990 4059 4312 4120 substravit;
4359 4056 4619 4111 barbaras
4671 4057 4939 4111 debellare
4969 4072 5066 4125 per

3495 4149 3778 4203 circuitum
3813 4160 4021 4217 gentos,
4055 4161 4102 4198 ιιι
4137 4148 4361 4201 rebelles
4394 4147 4681 4202 infideliter
4702 4145 5062 4214 subiectorum

3494 4241 3638 4295 dedit
3666 4241 3876 4293 calcare
3902 4242 4158 4292 cervices.
4200 4240 4264 4293 Ut
4296 4239 4496 4307 liquido
4517 4249 4715 4308 pateat,
4741 4239 4864 4306 quia
4891 4238 5064 4292 vieto-

3495 4331 3571 4383 ria
3604 4331 3668 4382 de
3713 4329 3850 4383 coelo
3877 4338 3982 4391 est,
4014 4339 4068 4382 et
4109 4345 4211 4381 non
4243 4329 4503 4395 probatur
4531 4346 4593 4383 ex
4631 4330 4894 4383 donativis
4935 4345 5063 4396 pcu-

3494 4422 3620 4473 dere
3671 4419 3932 4487 pecuniae,
3990 4420 4081 4472 sed
4130 4435 4195 4471 ex
4244 4432 4489 4486 superum
4525 4419 4710 4486 gratia)
4740 4418 5063 4475 descendere

3494 4510 3755 4578 largitate.

1894 4600 2029 4656 Cum
2056 4603 2174 4672 pice
2202 4618 2331 4673 ergo
2358 4619 2451 4657 rex
2490 4607 2719 4675 adipem,
2749 4606 2990 4675 pilosque
3017 4608 3385 4672 commiscuit,
3415 4594 3466 4652 D
3568 4601 3792 4653 Videtur
3816 4601 3993 4668 itaque
4025 4600 4317 4666 imperator
4347 4599 4444 4651 iste
4488 4596 4838 4651 Constantino
4863 4596 5061 4651 Ctesari

1841 4701 1897 4746 et
1924 4694 2000 4746 sic
2050 4692 2335 4747 draconem
2370 4696 2529 4763 rupit,
2570 4696 2694 4764 quia
2724 4697 3081 4750 Simoniacum
3112 4698 3258 4750 virus
3281 4713 3393 4750 om-

1827 4780 1957 4834 nino
1983 4781 2277 4847 detestans,
2306 4798 2412 4837 non
2457 4785 2627 4838 solum
2664 4785 2905 4838 avaritiae
2935 4800 3039 4837 non
3086 4786 3386 4850 succubuit,

1825 4870 1922 4923 sed
1959 4869 2023 4921 ad
2055 4870 2230 4925 nullas
2259 4873 2436 4926 carnis
2483 4873 2782 4937 illecebras,
2815 4873 2897 4927 vel
2932 4874 3219 4927 exteri-ris
3254 4875 3387 4928 lucri

1827 4970 2090 5027 quaestum
2143 4960 2194 5013 in
2234 4961 2586 5030 dispensanda
2644 4979 2863 5032 prorsus
2909 4964 3274 5017 ecclesiastica
3310 4964 3390 5017 di-

1829 5049 2030 5117 gnitate
2053 5051 2314 5118 quaesivit.
2346 5050 2415 5106 Ut
2437 5050 2550 5120 jam
2581 5062 2856 5121 perempto
2908 5055 3125 5108 draconi
3154 5056 3221 5108 de
3252 5055 3388 5107 coelo

1829 5136 2084 5207 proiecto,
2131 5151 2186 5193 et
2217 5141 2268 5195 in
2315 5142 2509 5211 abysso
2550 5159 2642 5212 per
2702 5144 2948 5214 angelum
2995 5155 3185 5199 catena
3230 5146 3390 5213 ligato

1831 5228 1941 5295 (qui
1997 5228 2255 5283 nimirum
2283 5241 2409 5286 ante
2442 5246 2561 5294 cum
2612 5231 2869 5287 Michaele
2915 5245 3263 5305 pugnaverat,
3298 5234 3386 5302 qui

1832 5320 2045 5373 tertiam
2084 5320 2354 5374 stellarum
2405 5334 2610 5391 partem
2658 5334 2780 5394 post
2825 5342 2881 5379 se
2929 5337 3165 5380 traxerat
3202 5328 3385 5396 (Apoc.

1835 5409 1930 5476 an)
1985 5423 2105 5463 cum
2150 5410 2282 5466 lsaia
2334 5411 2684 5479 plausibiliter
2737 5414 3048 5469 insultemus
3089 5432 3102 5468 :
3151 5436 3167 5466 ε
3199 5417 3241 5471 Ο
3283 5416 3387 5469 Lu-

1835 5498 1983 5564 cifer,
2043 5501 2131 5568 qui
2176 5517 2331 5556 mane
2375 5504 2652 5570 oriebaris,
2716 5508 2983 5574 quomodo
3032 5507 3270 5561 cecidisti
3322 5508 3389 5561 de

1836 5587 1989 5652 caelo,
2015 5593 2262 5645 corruisti
2293 5593 2346 5644 in
2378 5602 2594 5659 terram,
2627 5597 2716 5663 qui
2759 5597 3076 5651 vulnerahas
3115 5607 3300 5666 gentes
3323 5599 3344 5650 ?
3365 5617 3381 5649 ι

1843 5676 1969 5740 ,fsa.
2020 5682 2151 5749 xvr.)
2212 5680 2392 5751 Usque
2437 5685 2502 5738 ad
2549 5686 2707 5754 hujus
2753 5703 2884 5742 sane
2920 5698 3126 5757 tempus
3163 5690 3383 5757 Augusti

1845 5775 2024 5823 cuncta
2042 5783 2303 5827 canonum
2324 5774 2558 5844 decreta,
2585 5781 2701 5846 qua
2720 5793 2879 5849 super
2912 5778 3211 5848 huiusmodi
3240 5791 3389 5849 peste

3495 4691 3757 4743 adversus
3808 4690 4085 4742 catholica:
4115 4690 4299 4742 hostes
4344 4687 4596 4741 Ecclesia:
4628 4701 4733 4739 non
4773 4699 5059 4755 supparem

3493 4780 3789 4834 obtinuisse
3836 4780 4134 4833 victoriam.
4200 4779 4289 4831 Ille
4340 4779 4590 4831 nimirum
4645 4777 4856 4831 Arianae
4898 4786 5059 4830 secta:

3494 4875 3685 4941 dogma
3708 4872 4016 4924 orthodoxa:
4038 4870 4155 4924 fidei
4186 4871 4351 4921 armis
4382 4869 4586 4921 attrivit
4611 4885 4624 4931 ;
4658 4868 4760 4920 iste
4787 4866 5055 4920 Simouia-

3493 4981 3568 5019 cae
3596 4964 3862 5019 haereseos
3904 4973 4081 5031 pestes
4116 4965 4397 5016 avaritiam
4441 4962 4696 5016 calcando
4723 4961 4934 5015 delevit.
4969 4960 5060 5015 ille

3495 5056 3616 5109 fidei
3639 5066 4004 5125 propugnator
4043 5055 4250 5108 obstitit
4278 5070 4342 5105 ne
4372 5052 4533 5104 Arius
4564 5053 4817 5110 unitatem
4846 5051 5057 5104 scindes

3492 5156 3609 5211 ret;
3671 5147 3756 5201 hic
3805 5145 4253 5213 concupiscentia:
4296 5143 4657 5209 triumphator
4701 5140 4937 5195 occurrit
4988 5154 5058 5193 ne

3494 5236 3674 5291 Simon
3709 5239 3757 5290 in
3792 5237 4029 5290 Ecclesia
4062 5234 4378 5304 pestilentiae
4406 5233 4716 5286 cathedram
4739 5231 5055 5299 possideret.

3492 5329 3759 5380 liesudent
3803 5326 4222 5391 alii,triutuphos
4254 5338 4437 5393 regum
4477 5322 4612 5391 stylo
4642 5320 4878 5375 historia:
4907 5330 5061 5373 texe-

3494 5433 3590 5479 re;
3627 5417 3865 5484 insignes
3888 5414 4146 5468 beilorum
4180 5412 4379 5475 titulos,
4408 5421 4461 5465 et
4499 5425 4685 5464 eorum
4720 5408 4875 5461 fortia
4906 5416 5054 5477 gesta

3490 5508 3777 5576 prteconiis
3830 5505 4112 5574 exquisitae
4159 5503 4330 5557 laudis
4384 5500 4604 5564 efferre;
4672 5500 4799 5554 mihi
4845 5498 5058 5552 videtur

3490 5595 3714 5651 victoria
3763 5597 3886 5659 ista,
3936 5607 4094 5662 quam
4123 5609 4279 5660 supra
4315 5592 4673 5649 meminimus,
4707 5590 4859 5656 longe
4897 5588 5056 5643 nobio

3491 5688 3610 5753 lior,
3665 5698 3716 5743 et
3758 5687 4248 5755 incomparabiliter
4295 5686 4576 5754 gloriosior
4617 5702 4629 5736 :
4681 5683 4768 5737 tibi
4801 5680 5053 5736 nimirum

3492 5795 3596 5834 non
3633 5778 3898 5834 humanus
3926 5776 4144 5847 sanguis
4170 5775 4478 5842 effunditur,
4527 5790 4629 5830 non
4669 5773 4893 5829 militum
4919 5772 5055 5828 innl.
