5392 6690
4191 67 4220 72 __
4259 55 4350 68 ...ξ’
4612 54 4641 57 τ

2151 195 2196 202 .-.-
2215 195 2222 198 --
2275 189 2370 218 _-__-_';
2504 218 2509 219 γ
2532 188 2807 217 ί¹¹¹“·“¹’“⁸“,,,-.-“β-ι”--....--·--¹
2990 204 2999 207 Α
3020 200 3029 205 ⁸
3082 188 3095 223 ν-
3336 198 3339 199 7
3402 196 3431 201 γέ

1971 229 1976 232 ·
2019 221 2353 260 -υ--ηπ
2388 228 2727 249 σκηνέων-ί
2754 228 2781 243 θ
2878 226 2923 231 ⁷⁸
3044 236 3099 259 κν
3156 258 3163 261 -

1999 251 2010 254 -
2095 247 2162 268 ενι-ει-
2235 267 2238 269 _
2311 263 2316 266 _
2431 261 2440 266 -.
2461 265 2478 269 _.
2507 263 2524 269 -
2539 261 2564 270 .-
2581 261 2624 269 --εη-
2669 259 2686 264 -
2701 263 2706 265 -
2721 263 2764 270 ---
2822 256 2839 261 “”
2940 258 2949 261 ”
2999 275 3004 277 .
3135 273 3140 276 -
3256 280 3271 281 7
3404 276 3435 283 μί
3472 270 3499 281 ν⁷
3570 272 3575 275 ‘
3712 278 3715 279 '
3812 282 3819 283 ί

390 754 621 814 Romani
639 759 776 818 lines
800 764 1011 835 imperii
1039 768 1462 841 circumquaque
1488 770 1685 828 diil'usa
1700 774 1768 829 de
1796 754 1988 830 vincu-

397 846 461 905 lis
482 849 719 921 antiquae
749 854 1115 913 damnationis
1168 857 1317 913 velut
1347 874 1415 913 ex
1446 862 1720 919 horrendo
1769 879 1834 919 ac
1859 880 1987 935 pro—

399 936 715 997 Iundissimo
766 960 990 1003 carcere
1015 948 1310 1017 liberatur;
1347 960 1408 1005 ut
1444 967 1543 1023 per
1569 954 1871 1026 Augustum
1900 958 1986 1012 di-

397 1028 597 1087 vinitus
648 1044 855 1106 erepta,
904 1037 1073 1094 libera
1128 1040 1239 1095 Deo
1282 1044 1456 1112 possit
1509 1060 1643 1105 t'oee
1694 1057 1919 1105 cantare
1961 1063 1977 1103 :

402 1138 421 1171 ι
452 1121 727 1194 Dirupisti,
752 1128 1024 1199 inquiens.
1061 1130 1305 1198 Domine,
1334 1135 1552 1190 vincula
1586 1152 1701 1192 mea
1722 1177 1739 1206 ,
1766 1138 1861 1194 tibi
1890 1153 1979 1195 sa-

394 1211 649 1272 criﬁcabo
673 1214 908 1273 hostiam
950 1217 1127 1274 laudis
1159 1219 1333 1294 (Paul.
1361 1226 1543 1297 cxxv).
1574 1243 1593 1278 ι

909 1351 1138 1410 CAPUT
1176 1355 1441 1415 XXXVII.

667 1462 943 1521 οιιιυοΙιὶιυ
982 1468 1207 1540 scriptor
1235 1472 1291 1526 in
1330 1471 1686 1533 Simonidem.

455 1572 669 1643 Queror
717 1576 1002 1635 adversum
1057 1595 1174 1646 vos,
1230 1582 1547 1653 Simoniaci,
1604 1589 1697 1658 qui
1747 1605 1969 1660 gravem

385 1662 545 1719 nobis
582 1663 1007 1724 elucubrationis
1049 1671 1211 1742 hujus
1240 1675 1544 1731 molestiam
1577 1679 1855 1736 intulistis.
1902 1681 1971 1737 Et

382 1753 602 1822 quidem
624 1766 807 1813 nostra
834 1759 1196 1828 defendimus,
1229 1766 1324 1822 sed
1358 1767 1437 1824 ita
1470 1770 1754 1837 duntaxat,
1783 1780 1842 1827 ut
1869 1788 1968 1830 vos

380 1854 646 1915 perpetuo
676 1849 1129 1920 condemnemus;
1159 1855 1239 1910 sic
1266 1872 1351 1923 ea,
1389 1875 1510 1929 qua:
1549 1877 1649 1932 per
1675 1879 1770 1919 vos
1797 1880 1972 1934 agun-

383 1942 490 2001 tur,
544 1937 903 2005 admittimus,
934 1950 993 1996 ut
1036 1959 1133 1999 vos
1162 1947 1574 2017 abominabiles,
1614 1954 1967 2026 omniumque

379 2026 716 2093 perditorum
746 2033 1007 2088 extremis
1034 2034 1227 2106 dignos
1274 2039 1553 2110 suppliciis
1606 2044 1960 2101 arbitremur.
1992 2059 2042 2120 Β

375 2112 643 2171 Nimirum
671 2118 837 2176 Iudas
869 2121 1153 2180 Dominum
1181 2142 1375 2197 purum
1403 2131 1675 2189 hominem
1714 2139 1966 2205 credens,

374 2206 618 2262 vendidit
644 2209 858 2279 (Matth.
883 2215 1088 2284 xxvn);
1116 2218 1209 2273 sed
1241 2234 1366 2275 mox
1394 2224 1963 2296 pretium-sanguinis,

375 2297 535 2364 digna
563 2298 821 2369 luiturus,
843 2305 1057 2372 abjecit.
1092 2306 1202 2364 Vos
1228 2318 1408 2367 autem
1432 2313 1563 2369 nihil
1594 2316 1661 2371 de
1682 2317 1967 2375 divinitate

373 2390 545 2443 sancti
584 2390 820 2460 Spiritus
844 2396 1199 2467 ambigentes,
1240 2403 1625 2458 commercium
1657 2405 1735 2460 illi
1759 2408 1966 2463 venali-

372 2480 503 2536 tatis
534 2484 832 2550 ascribitis,
864 2494 929 2563 et
954 2492 1249 2557 perpetrati
1291 2494 1561 2565 sacrilegii
1614 2501 1961 2555 commodum

369 2572 694 2640 possidetis;
726 2576 929 2646 quique
976 2578 1203 2638 fuerﬁs
1233 2582 1435 2639 ultione
1464 2586 1754 2654 plectendi,
1793 2591 1963 2645 scele-

372 2676 430 2715 ra
467 2666 758 2720 commissa
804 2667 1112 2723 iucramini.
1167 2672 1375 2739 Quibus
1422 2690 1554 2747 ergo
1605 2692 1704 2732 vos
1764 2681 1959 2736 merito

368 2753 820 2821 comparaverim,
870 2756 963 2825 qui
1009 2756 1190 2812 divina
1232 2776 1478 2830 munera,
1508 2779 1617 2819 non
1658 2767 1829 2832 vobis,
1862 2771 1958 2825 scd

373 2836 496 2893 aliis
525 2840 755 2907 habetis;
788 2855 843 2898 et
866 2846 1105 2913 queillis
1128 2850 1194 2902 ad
1208 2850 1401 2905 salutis
1413 2854 1739 2921 proveniunt
1763 2873 1956 2916 cumu—

366 2926 502 2992 lum,
550 2929 711 3001 139
750 2933 903 2989 vobis
948 2936 1001 2989 in
1040 2935 1302 3007 judicium
1332 2942 1803 3017 perditionemque
1843 2965 1960 3004 ver-

366 3028 570 3073 tuntur.
609 3020 805 3077 Iudicis
850 3025 1008 3095 plane
1049 3043 1145 3083 vos
1171 3030 1377 3087 similes
1411 3034 1590 3100 video,
1623 3039 1712 3107 qui
1748 3042 1957 3095 medul-

362 3108 488 3164 litus
515 3110 707 3166 divinae
737 3113 871 3186 legis
907 3116 1097 3187 ignari,
1129 3119 1331 3175 Christi
1362 3122 1608 3181 ﬁdelibus
1638 3144 1737 3197 per
1763 3130 1949 3186 orbem

361 3199 562 3269 ubique
612 3202 739 3256 iacti
765 3213 891 3258 sunt
930 3209 1223 3275 scriniarii.
1255 3211 1435 3280 Apum
1480 3229 1695 3284 quoque
1724 3218 1953 3276 formam

360 3293 744 3358 propemodum
772 3304 955 3350 tenere
982 3299 1262 3367 videmini,
1290 3318 1411 3372 qua:
1435 3306 1558 3361 dum
1589 3310 1951 3368 obdulcandis

360 3379 606 3435 faucibus
664 3383 941 3439 hominum
997 3388 1272 3445 elaborata
1336 3394 1493 3448 mella
1550 3400 1945 3468 transmittunt,
1979 3408 2023 3469 C

357 3468 485 3537 ipse
510 3486 631 3525 mox
660 3474 914 3543 periturae
959 3476 1118 3534 famis
1145 3482 1323 3551 inopia
1353 3486 1765 3544 contabe'scunt.

425 3561 667 3631 Denique
710 3569 1043 3634 perpendite,
1073 3572 1316 3629 infelices
1338 3585 1392 3629 et
1416 3578 1616 3643 miseri,
1650 3596 1812 3649 quam
1841 3582 1948 3636 im-

356 3654 673 3710 manissima
714 3658 1032 3725 perditionis
1057 3662 1314 3719 barathro
1363 3669 1481 3722 sitis
1515 3670 1779 3737 immersi,
1812 3690 1946 3743 quo-

355 3758 474 3798 rum
528 3762 634 3801 non
681 3748 853 3801 solum
885 3751 1045 3815 mala,
1079 3755 1216 3808 mala
1267 3769 1427 3823 sunt;
1473 3762 1565 3814 sed
1604 3761 1720 3830 ipsa
1780 3764 1946 3819 etiam

353 3834 491 3889 bona
535 3853 564 3889 a
603 3840 755 3903 vobis
783 3840 923 3918 facta
955 3855 1082 3899 sunt
1112 3848 1248 3901 mala
1278 3868 1289 3901 :
1324 3852 1519 3918 quibus
1544 3854 1804 3910 nimirum
1850 3859 1945 3912 be-

352 3925 588 3980 nedictio
616 3927 669 3980 in
703 3916 1160 3999 maledictionem,
1216 3937 1543 3995 charismata
1576 3944 1628 3996 in
1668 3946 1940 4011 haeresim,

351 4028 693 4071 sacramenta
742 4020 794 4073 in
842 4024 1203 4095 sacrilegium,
1237 4028 1412 4084 honor
1442 4032 1493 4085 in
1530 4036 1937 4103 contumeliam,

351 4111 629 4174 provectio
683 4126 837 4165 versa
860 4122 942 4168 est
983 4114 1034 4168 in
1064 4119 1299 4172 ruinam.
1333 4120 1449 4176 line
1473 4126 1702 4190 accedit,
1729 4128 1854 4195 quia
1886 4140 1941 4184 et

351 4196 413 4250 de
471 4208 551 4253 tot
600 4202 883 4257 animabus
931 4207 1060 4260 estis
1115 4212 1401 4267 reddendae
1447 4216 1648 4269 rationi
1696 4218 1937 4291 obnoxii,

352 4292 490 4357 quod
543 4309 687 4347 nunc
740 4297 998 4351 videmini
1028 4300 1277 4357 ﬁdelibus
1306 4321 1428 4361 esse
1457 4310 1683 4375 praelati.
1724 4310 1938 4368 Aliinite

350 4394 487 4435 nunc
531 4383 764 4450 divitiis,
810 4390 1191 4460 constipamiui
1229 4405 1589 4455 tumescentes
1633 4402 1939 4471 obsequen-

350 4470 477 4526 tium
506 4475 717 4539 cuneis,
742 4491 906 4545 prope
936 4490 1039 4545 est,
1072 4492 1127 4535 ut
1152 4484 1380 4541 videatis
1399 4503 1589 4543 omnes
1622 4493 1934 4562 angelorum

348 4564 628 4619 exercitus
644 4566 931 4623 adversum
960 4585 1056 4625 vos
1102 4575 1452 4632 vehementer
1492 4581 1682 4646 iratos,
1716 4594 1935 4653 aposto-

346 4648 444 4718 los,
476 4665 771 4726 martyres,
817 4661 1167 4733 omniumque
1212 4676 1522 4724 sanctorum
1552 4675 1767 4743 agmina
1807 4692 1935 4729 cen-

346 4752 425 4799 tra
478 4762 579 4802 vos
628 4751 945 4807 terribiliter
996 4755 1299 4828 insurgere,
1347 4770 1401 4815 et
1455 4764 1509 4817 in
1566 4765 1933 4823 damnationis
1966 4759 2013 4819 D

344 4844 534 4891 vestrae
584 4840 913 4897 sententiam
958 4850 1211 4902 concordi
1259 4850 1415 4905 simul
1464 4869 1528 4908 ae
1552 4856 1932 4925 parilijudicio

346 4929 660 4983 convenire.
712 4930 862 4987 Ilium
910 4937 1106 5006 quippe
1157 4941 1369 4999 habetis
1425 4946 1713 5013 offensum,
1767 4961 1930 5021 atque

346 5014 460 5072 ideo
508 5025 910 5091 con'Sequenter
942 5026 1221 5096 infestum,
1278 5032 1431 5101 cujus
1476 5035 1705 5093 oil‘ensio
1754 5057 1930 5113 neque

346 5106 427 5162 hic
468 5113 793 5179 remittitur,
836 5131 1010 5186 neque
1064 5118 1116 5173 in
1164 5122 1367 5179 futuro.
1400 5126 1742 5185 Immanitate
1766 5106 1929 5202 porro

344 5205 570 5269 cruenti,
604 5220 675 5260 ac
714 5208 1127 5267 sceleratissimi
1165 5217 1411 5272 criminis
1453 5223 1619 5276 vestri
1652 5224 1930 5282 adulteros

343 5292 578 5359 vincitis,
632 5298 937 5357 homicidas
983 5305 1264 5373 exceditis,
1290 5320 1561 5380 raptores,
1609 5318 1927 5390 sacrilegos,

345 5382 595 5453 incestos,
631 5390 933 5456 parricidas
962 5403 1123 5464 atque
1142 5401 1383 5456 omnium
1420 5420 1556 5473 pene
1579 5422 1794 5470 reorum
1827 5411 1927 5465 iia-

343 5472 464 5543 gitia
495 5479 795 5547 superatis.
827 5479 1020 5536 Adhuc
1043 5494 1232 5553 parum
1254 5499 1337 5543 est
1370 5508 1381 5543 :
1414 5472 1537 5548 nam
1565 5496 1611 5550 si
1636 5513 1723 5553 res
1744 5500 1926 5572 digna,

343 5577 393 5620 ut
422 5580 523 5637 est,
552 5571 969 5627 existimatione
1000 5580 1367 5647 perpenditur,
1404 5585 1518 5653 ipsa
1547 5585 1771 5646 Judaica
1801 5571 1926 5660 pcr-

342 5657 477 5723 tidia,
529 5660 829 5731 omnisque
873 5678 1097 5731 prorsus
1140 5670 1401 5727 harrctfca
1442 5678 1685 5743 pravitas
1730 5684 1927 5739 vestris

340 5752 652 5807 excessibus
688 5766 792 5806 non
836 5762 1101 5821 aequatur.
1132 5756 1264 5814 Orta
1294 5774 1376 5817 est
1406 5767 1559 5821 vobis
1585 5784 1691 5824 nox
1727 5772 1781 5826 in
1808 5788 1924 5828 me-

340 5838 486 5908 ridie,
522 5855 827 5914 tempestas
870 5846 923 5900 in
969 5852 1277 5922 serenitate,
1306 5856 1365 5912 iit
1402 5860 1556 5917 vobis
1594 5866 1790 5921 caelum
1822 5868 1928 5922 fer-

341 5945 495 6001 tcum,
523 5947 575 5992 et
603 5945 964 6003 terrascnea;
995 5941 1120 6011 quia
1150 5955 1203 6002 et
1233 5950 1299 6005 ad
1321 5967 1551 6022 superna
1576 5958 1717 6015 mole
1734 5962 1923 6033 nequi-

1202 563 1444 623 OPUSC.
1487 566 1572 623 VI.
1598 597 1670 609 —
1696 567 1901 625 LIBER
1934 568 2057 639 QUI
2092 564 2371 634 DICI'I‘UR
2414 578 2907 643 GRATISSIMUS.

387 665 563 725 titudo
609 668 905 739 minuitur,
944 680 1039 733 sed
1071 678 1249 734 omnis
1290 679 1536 735 Ecclesia
1574 683 1843 740 catholica
1887 699 1982 755 per
2009 689 2060 748 Α
2089 688 2177 743 tiae
2227 708 2338 748 non
2385 697 2689 767 assurgitis,
2726 710 2783 755 et
2839 702 2983 756 inter
3038 702 3308 769 homines,
3360 708 3507 777 quod
3562 723 3693 765 con-

3587 592 3693 650 154

2089 782 2320 839 scientia
2355 794 2493 842 teste
2523 791 2877 847 commissum
2920 800 3024 859 est,
3056 811 3161 851 non
3203 797 3413 853 celatis.

2162 872 2310 930 Sane
2348 876 2392 931 si
2420 893 2561 934 nunc
2593 880 2786 947 etiam,
2816 884 2957 939 sicut
3001 885 3226 941 Patrum
3255 896 3484 944 testatur
3509 899 3694 962 apcto-

2086 965 2222 1021 ritas
2246 968 2285 1037 (ι
2314 1008 2330 1034 ,
2357 985 2413 1040 q.
2441 971 2493 1035 l,
2524 970 2882 1047 Quicunque),
2914 979 3222 1035 benedictio
3266 982 3421 1038 vobis
3444 983 3497 1038 in
3526 983 3693 1040 male-

2084 1057 2377 1115 dictionem
2428 1049 2684 1130 vertitur,
2707 1074 2842 1121 cum
2874 1069 3123 1125 benedici
3155 1072 3455 1128 sacerdotis
3482 1088 3579 1129 ore
3612 1074 3693 1130 vi-

2082 1150 2315 1217 demini;
2349 1152 2481 1223 quid
2530 1157 2687 1211 vobis
2737 1167 2868 1213 tunc
2904 1161 3015 1226 fiet,
3066 1177 3191 1218 cum
3222 1164 3339 1235 ipSa
3365 1181 3473 1221 vox
3503 1167 3687 1223 divina

2080 1252 2177 1294 vos
2198 1242 2514 1299 maledictos
2544 1247 2798 1315 appellat.
2830 1257 2886 1305 et
2916 1253 3205 1321 reprobat;
3254 1269 3309 1309 et
3334 1270 3363 1309 a
3390 1266 3688 1327 conspectu

2080 1344 2180 1383 suo
2219 1346 2315 1387 vos
2353 1332 2556 1400 judicis
2596 1336 2754 1393 furor
2782 1338 2997 1409 abjicit,
3043 1352 3098 1399 et
3143 1345 3447 1402 tortoribtrs
3486 1348 3695 1403 tradit?

2079 1417 2231 1475 Tunc
2252 1420 2498 1491 profecto
2534 1425 2781 1495 discetis,
2813 1431 3007 1499 Quanti
3048 1443 3275 1490 constet
3302 1436 3565 1493 transacti
3590 1424 3691 1493 Ito-

2076 1511 2227 1567 noris
2251 1527 2437 1568 amara
2474 1519 2767 1587 coemptio,
2797 1512 2920 1577 cum
2943 1521 3056 1593 jam
3084 1541 3318 1583 necesse
3345 1529 3473 1596 erit,
3505 1539 3566 1586 ut
3588 1546 3687 1587 vos

2076 1611 2314 1659 tartarus
2353 1605 2565 1664 infinite
2611 1620 2807 1680 patens
2832 1614 3147 1683 absorbeat,
3176 1630 3230 1674 et
3269 1621 3533 1692 gehennae
3552 1638 3687 1678 cru-

2074 1695 2209 1753 delis
2236 1697 2343 1753 olla
2372 1700 2681 1779 concludat.
2716 1701 2872 1762 Tune
2905 1721 3031 1763 ossa
3066 1719 3247 1765 vestra
3288 1712 3538 1769 medullis
3558 1714 3681 1784 pin-

2071 1786 2267 1859 guibus
2317 1790 2564 1861 irrigata,
2604 1796 2886 1866 crepitans
2936 1799 3290 1871 stridensque
3338 1801 3555 1859 ﬂamma
3588 1804 3686 1860 de-

2070 1889 2289 1949 pascet;
2335 1889 2466 1936 tunc
2492 1882 2633 1939 edax
2663 1886 2980 1943 incendium
3032 1891 3179 1947 velut
3206 1902 3465 1949 eructans
3494 1895 3561 1951 de
3582 1894 3684 1950 cii-

2068 1969 2213 2026 bano
2254 1986 2352 2041 per
2377 1977 2473 2031 ora
2500 1976 2675 2042 vobis,
2710 1992 2810 2047 per
2831 1980 3043 2053 oculos,
3086 1996 3183 2051 per
3205 1998 3382 2048 aures,
3424 1994 3478 2039 et
3512 2001 3679 2043 nares
3712 2002 3715 2007 '

2071 2062 2363 2131 vaporibus
2415 2075 2670 2121 eructare
2722 2084 2829 2123 non
2874 2054 3110 2126 desinet.
3173 2072 3285 2139 Sic,
3321 2074 3401 2129 sic
3455 2076 3679 2147 dignum

2070 2153 2174 2207 erit
2199 2152 2335 2221 jam,
2365 2165 2423 2210 ut
2453 2172 2578 2212 cum
2604 2155 2695 2213 illo
2725 2175 3090 2228 uuce'vestro,
3122 2163 3492 2222 haeredarclla
3522 2168 3677 2224 vide-

2069 2241 2197 2297 licet
2245 2243 2489 2312 Simone,
2546 2249 2898 2319 participium
2949 2254 3260 2308 δοτῑίίιιιιὶηἰ
3314 2274 3329 2309 :
3380 2267 3436 2311 et
3478 2259 3685 2328 quibus

2069 2350 2175 2389 non
2208 2336 2814 2410 sulieceratparadisus
2842 2345 3077 2413 gratis:
3103 2346 3329 2404 Christo
3353 2351 3674 2419 promissus.

2066 2420 2367 2493 eathiacjat
2407 2429 2654 2488 infernus
2692 2448 2731 2490 a
2772 2433 2992 2490 diabolo
3028 2439 3257 2505 pecunia
3299 2450 3672 2510 comparatus.

2064 2516 2385 2587 Quanquam
2426 2528 2481 2573 et
2503 2520 2619 2590 ipso
2668 2524 2837 2577 vestri
2893 2527 3101 2580 erroris
3146 2538 3391 2597 auctore,
3421 2540 3477 2586 et
3506 2532 3676 2601 pesti-

2066 2605 2224 2661 lentis
2251 2610 2525 2664 cathedrm
2574 2613 2807 2680 praeside
2850 2630 2947 2671 vos
2982 2632 3088 2673 non
3116 2618 3415 2689 incongrue
3444 2622 3673 2679 damna-

2063 2698 2285 2755 biliores
2332 2694 2631 2773 intelligam
2665 2715 2766 2760 :ut
2812 2722 2937 2762 eum
2986 2709 3239 2767 videlicet
3271 2714 3433 2785 digne
3464 2730 3673 2785 prace-

2062 2788 2202 2846 datis
2232 2792 2285 2847 in
2336 2810 2519 2862 poena,
2565 2814 2727 2866 quem
2760 2801 3015 2871 nequiter
3047 2806 3366 2862 excessistis
3395 2808 3449 2862 in
3487 2809 3666 2879 culpa.

2061 2879 2152 2935 ille
2182 2882 2449 2953 siquidem
2493 2886 2719 2944 caeleste
2738 2904 2941 2945 munus
2961 2893 3231 2949 duntaxat
3259 2910 3444 2953 emere
3473 2898 3669 2966 voluit,

2059 2973 2152 3025 sed
2190 2975 2300 3028 voti
2350 2991 2574 3045 compos
2624 2978 2696 3033 ad
2722 2980 2969 3037 eﬂ‘ectum
3001 2982 3360 3043 fulminandaa
3406 2993 3668 3063 concupi-

2058 3064 2281 3118 scentiaa
2306 3082 2411 3119 non
2438 3070 2716 3136 pervenit;
2752 3086 2850 3126 vos
2876 3082 3061 3129 autem
3086 3085 3142 3130 et
3171 3077 3416 3145 voluistis
3440 3079 3668 3153 licet

2057 3154 2400 3223 confecistis;
2452 3162 2783 3227 accessistis,
2818 3172 2873 3219 et
2921 3166 3247 3236 irrepsistis.
3296 3169 3520 3227 Structa
3578 3184 3662 3229 est

2056 3244 2282 3311 fabrica,
2348 3250 2551 3317 prodiit
2606 3261 2662 3306 et
2698 3265 2937 3310 moneta.
2995 3256 3092 3313 Ille
3146 3260 3385 3330 denique
3430 3264 3559 3318 dum
3601 3280 3663 3321 se

2057 3332 2233 3394 Deum
2276 3342 2518 3408 simulat,
2574 3345 2732 3399 canis
2792 3348 3135 3413 ostenditur;
3206 3352 3335 3407 dum
3393 3354 3659 3421 elevatur,

2056 3429 2335 3496 obruitur;
2371 3432 2500 3487 dum
2524 3436 2794 3491 scandere
2814 3438 3015 3493 cmlum
3040 3440 3271 3506 videtur,
3307 3444 3361 3497 in
3396 3454 3660 3507 tartarum

2052 3520 2271 3579 IaIIsur.
2306 3524 2721 3595 Consequenter
2766 3539 2820 3584 et
2863 3546 2959 3585 vos
2988 3531 3113 3585 dum
3146 3534 3328 3603 petitis
3369 3536 3498 3599 alta,
3529 3553 3657 3593 cor-

2051 3613 2244 3679 ruitis;
2278 3615 2404 3669 dum
2435 3610 2673 3685 aequales
2711 3620 2883 3682 mirari
2916 3624 3129 3677 caeteris
3164 3626 3474 3682 hominibus
3520 3643 3656 3684 con-

2050 3706 2184 3761 tenti
2227 3721 2332 3760 non
2362 3708 2514 3771 estis,
2553 3709 2740 3765 divino
2771 3712 3004 3768 simulet
3029 3714 3267 3769 l‘wmano
3293 3718 3532 3787 despecti
3559 3720 3649 3790 ju-

2048 3794 2212 3859 dicio,
2243 3796 2310 3849 ad
2343 3796 2752 3853 immundorum
2796 3806 2993 3856 canum
3046 3806 3460 3864 similitudinem
3496 3811 3652 3868 festi-

2049 3885 2213 3939 natis.
2248 3887 2445 3941 Verum
2496 3904 2594 3944 nos
2626 3906 2800 3961 nugas
2843 3894 3092 3959 terimus,
3126 3896 3169 3950 si
3210 3913 3332 3955 ossa
3378 3902 3530 3958 arida
3584 3906 3654 3959 ad

2047 3975 2212 4029 vitam
2246 3978 2507 4034 reducere
2531 3983 2901 4050 corripiendo,
2939 3988 3097 4055 quasi
3132 3991 3483 4049 vaticinando
3533 4004 3651 4051 ten-

2046 4075 2253 4135 tentus;
2282 4071 2624 4129 solummodo
2655 4078 2924 4133 orandum
2956 4090 3059 4146 est,
3092 4093 3152 4136 ut
3181 4096 3389 4142 honore
3438 4090 3651 4159 deposi-

2045 4165 2122 4222 to,
2152 4174 2344 4215 carnes
2380 4178 2686 4233 nervosque
2739 4168 3051 4234 reinduant,
3082 4183 3136 4226 et
3164 4176 3243 4229 sic
3273 4191 3369 4243 per
3407 4176 3649 4236 afﬂatum

2044 4251 2216 4304 sancti
2256 4251 2489 4320 Spiritus
2523 4256 2701 4311 denuo
2740 4262 3089 4317 reviviscant.
3130 4265 3235 4321 Sed
3261 4270 3375 4338 jam
3425 4286 3651 4327 emenso

2044 4341 2250 4411 pelago,
2276 4344 2486 4397 clavum
2520 4348 2873 4416 stringentes,
2916 4352 3033 4407 vela
3073 4357 3446 4416 sulnnittiinns
3479 4366 3649 4432 ;qnia

2040 4432 2176 4487 duce
2238 4435 2457 4491 Christo
2527 4438 2681 4496 littus
2748 4444 3095 4514 aspicientes,
3174 4456 3355 4520 portui
3426 4458 3620 4527 propin

2040 4540 2292 4593 quamus.

2556 4621 2789 4679 CAPUT
2827 4626 3119 4684 XXXVIII.

2043 4703 2141 4760 Ubi
2172 4708 2227 4761 in
2256 4707 2609 4768 Ravennatem
2651 4719 2952 4841 ponti/iacnt
2991 4726 3192 4791 peracti
3227 4729 3399 4797 aperis
3434 4748 3643 4790 aninmo

2653 4804 2780 4841 conc
2806 4806 2837 4841 u
2882 4801 3008 4841 itur.

2653 4801 3008 4845 concluditur.

2114 4867 2392 4926 Postremo
2412 4874 2479 4927 ad
2510 4884 2582 4940 te,
2612 4875 2865 4933 Ileinrice
2892 4886 3215 4941 venerabilis
3245 4897 3424 4958 pater,
3456 4894 3640 4960 redeo,

2038 4971 2137 5016 eta
2178 4967 2471 5035 quosmpi,
2496 4968 2607 5037 jam
2640 4970 2694 5023 in
2719 4972 2887 5040 ipsius
2913 4978 3159 5045 opusculi
3190 4981 3337 5035 calce
3367 4999 3592 5043 recurro
3625 5006 3638 5043 :

2037 5065 2145 5103 non
2183 5052 2298 5118 hic;
2330 5070 2537 5124 quaeso,
2590 5058 2925 5117 elucubratae
2956 5065 3209 5121 dictionis
3247 5071 3527 5139 phalerata
3559 5079 3642 5131 di-

2037 5143 2305 5198 scutiatur
2352 5148 2656 5217 urbanitas,
2684 5167 2791 5208 non
2842 5168 3113 5214 accuratae
3165 5162 3471 5223 dicacitatis
3498 5172 3641 5225 acri-

2036 5234 2216 5286 monia
2270 5236 2600 5305 requiratur,
2650 5242 2745 5295 sed
2800 5244 2951 5299 rudis
2982 5248 3323 5318 simplicitas,
3372 5266 3425 5311 et
3454 5273 3638 5316 sermo

2035 5328 2417 5397 pauperculus,
2468 5331 2561 5400 qui
2612 5333 2701 5387 vix
2746 5343 2911 5404 queat
2941 5340 3219 5408 explicare
3254 5346 3398 5414 quod
3446 5353 3634 5408 sentit.

2036 5417 2299 5488 Proposui
2355 5422 2500 5476 enim
2540 5425 2715 5481 serias
2747 5430 3034 5496 quasdam,
3074 5449 3140 5488 ac
3180 5442 3521 5497 necessarias
3550 5456 3637 5497 res

2034 5505 2265 5562 fratrum
2320 5525 2566 5567 meorum
2629 5517 2889 5573 cordibus
2961 5524 3136 5593 magis
3201 5527 3406 5583 utiliter
3469 5548 3633 5601 quam

2035 5596 2337 5654 luculenter
2383 5616 2677 5673 exponere,
2727 5624 2829 5662 nec
2861 5612 3151 5669 verborum
3197 5616 3443 5675 inanium
3487 5622 3635 5678 leno.

2034 5689 2195 5744 ciniis
2246 5694 2457 5748 aurium
2492 5696 2762 5754 illecebris
2807 5701 3107 5760 deservire.
3164 5707 3279 5763 Non
3308 5713 3453 5769 enim
3482 5714 3634 5786 ignei

2038 5779 2173 5834 ratis
2221 5782 2345 5849 quia
2398 5783 2743 5842 vivacitatem
2787 5795 3178 5850 sententiarum
3224 5815 3405 5857 sermo
3446 5820 3510 5859 ex
3544 5808 3630 5860 in-

2034 5870 2240 5925 dustria
2286 5873 2465 5930 cultus
2517 5890 2762 5947 evacuat,
2794 5894 2851 5937 et
2901 5886 3168 5944 dictorum
3214 5894 3324 5947 vim
3376 5895 3631 5965 splendor

2034 5962 2343 6022 elaboratus
2379 5980 2620 6025 enervat.
2678 5972 2754 6027 Illi
2795 5991 2926 6033 sane
2966 5980 3339 6054 grandiloquis
3382 5962 3432 6041 et
3472 5990 3629 6047 truti-

4436 6438 5218 6690 ‘
