5392 6568
1884 404 1983 460 155

2339 404 2395 460 S.
2428 404 2629 460 PETRI
2669 384 2944 457 DAMIA‘NI
2981 403 3130 459 OPP.
3168 402 3401 459 TOllUS
3440 401 3566 458 εει]
3606 403 3780 457 PARS
3822 402 3906 456 Ill.
3934 433 3975 443 -
4027 401 4387 459 OPUSCUIA
4428 400 4653 456 VARIA.

278 0 4728 225 Ἠ...»

5016 401 5120 459 158

1882 527 2024 584 natis
2053 526 2231 582 verbis
2264 526 2575 591 inserviant,
2606 528 2696 597 qui
2730 526 3050 581 favorabiles
3098 526 3313 597 plausus
3351 526 3449 579 bo-
3479 532 3527 591 Α
3557 524 3836 578 sententia
3867 532 4006 579 totus
4031 521 4185 577 simul
4213 520 4614 576 ecclesiasticus
4644 523 4776 576 ordo
4798 535 5111 590 corrueret;

1881 618 2087 672 tninum
2116 615 2368 683 aucupari
2401 615 2699 669 deleniﬁca:
2739 617 3025 669 locutionis
3058 631 3267 670 animna
3321 631 3449 683 qua-

1885 710 2007 762 dam
2037 714 2317 760 venustate
2351 707 2631 760 desudanl.
2686 706 2791 761 Nos
2817 720 3013 769 autem,
3042 709 3131 776 qui
3175 708 3327 760 ιιιιιιὶε
3359 723 3450 775 pe-

1885 798 2037 851 dibus
2085 796 2167 850 ire
2208 797 2570 865 pra'cipimnr,
2596 800 2896 851 cothurnati
2939 800 3172 852 scribere
3215 814 3318 849 non
3364 798 3450 849 de-

1884 887 2109 953 bemus;
2164 888 2358 955 quibus
2431 904 2656 942 censura
2715 891 3099 944 taciturnitatis
3174 890 3446 950 indicitur,

1887 975 2207 1029 luxuriantis
2230 978 2549 1043 eloquentia:
2573 979 2830 1032 laciniosa
2857 980 3134 1048 prolixitas
3158 994 3451 1047 congruere

1890 1081 1994 1119 non
2023 1066 2254 1119 videtur.
2284 1066 2643 1136 Quapropter,
2697 1070 3034 1128 charissime,
3069 1070 3184 1122 hate
3215 1071 3413 1122 rustica
3433 1108 3448 1133 ,

1887 1165 1942 1208 et
1968 1156 2085 1209 rudi
2106 1155 2245 1225 stylo
2268 1159 2564 1226 composita
2589 1160 2692 1212 tuis
2714 1161 2962 1213 manibus
2981 1158 3171 1221 offero,
3195 1169 3450 1228 tanquam

1887 1245 2136 1299 videlicet
2170 1246 2293 1299 vilia
2323 1262 2513 1315 poma;
2571 1249 2694 1315 quia
2731 1258 2904 1302 tamen
2948 1264 3040 1302 rus
3070 1249 3289 1301 meliora
3346 1264 3450 1301 non

1888 1333 2089 1396 attulit,
2141 1348 2207 1388 ne
2255 1335 2535 1414 despicjas,
2569 1350 2771 1403 qureso.
2800 1336 2963 1390 Plane
3011 1338 3158 1404 quia,
3193 1337 3343 1388 utita
3373 1335 3449 1387 lo-

1888 1435 2045 1492 quar,
2070 1426 2208 1479 unde
2231 1442 2398 1495 genus
2420 1428 2542 1479 duxi
2572 1427 2646 1496 (6)
2668 1469 2682 1492 ,
2713 1444 2981 1481 summum
3013 1429 3331 1482 conscendis
3357 1429 3453 1480 ho-

1887 1527 2096 1578 norem,
2120 1523 2170 1568 te
2191 1515 2523 1583 potissimum
2543 1515 2699 1586 elegi,
2724 1519 2810 1570 cui
2830 1519 2932 1572 hoc
2949 1519 3325 1571 munusculum
3346 1527 3456 1570 tra-

1890 1602 2100 1667 derem,
2122 1613 2183 1658 et
2224 1613 2283 1658 ut
2304 1619 2487 1658 revera
2519 1606 2735 1674 proprio
2764 1607 2966 1675 pastori
3004 1607 3253 1676 perexilis
3277 1606 3459 1658 micu-

1887 1692 1938 1746 la
1971 1694 2205 1749 fructum
2237 1711 2342 1750 non
2385 1698 2608 1759 ventris,
2636 1698 2730 1751 sed
2755 1698 2952 1752 mentis
2976 1697 3243 1751 aﬁ'errent.

1959 1781 2094 1837 Novi
2123 1783 2373 1851 denique,
2397 1786 2520 1852 quia
2555 1783 2792 1838 Ecclesia
2821 1796 3001 1839 vestra
3045 1786 3110 1837 ad
3140 1786 3308 1837 instar
3333 1799 3456 1852 apo-

3557 632 3656 670 nee
3685 631 3781 683 pro
3808 616 4125 669 remissione
4174 614 4474 667 clementia:
4517 613 4821 668 Simoniaca
4853 616 5015 683 pestis
5062 616 5116 671 in

3557 706 3899 760 conferendis
3930 707 4189 759 honorum
4225 705 4479 773 gradibus
4525 705 4630 756 vim
4670 706 4874 759 roboris
4914 706 5114 760 obtine.

3555 806 3656 863 ret,
3689 799 4080 868 dispensatorio
4113 797 4342 866 quodam
4366 795 4529 864 jure;
4582 804 4747 864 utque
4772 805 4856 848 est
4890 796 4939 848 in
4986 810 5115 864 prte-

3557 892 3731 945 teritis
3765 901 3958 954 ratum,
3985 892 4049 943 de
4080 890 4272 942 futuris
4296 889 4365 941 sit
4391 887 4610 940 omnino
4638 887 4982 955 prohibitum.
5013 884 5119 939 Nos

3556 983 3737 1049 itaque
3783 998 3887 1034 non
3924 980 4167 1048 proprias
4192 979 4535 1046 allegationes
4572 976 4923 1045 pervicaciter
4946 983 5117 1028 astru-

3557 1085 3730 1136 entes,
3768 1074 3862 1125 se.l
3903 1072 4244 1142 synodalibus
4272 1069 4505 1123 decretis
4529 1067 4805 1119 humiliter
4842 1066 5114 1134 obteinpeo

3555 1174 3758 1222 rantes,
3787 1161 4093 1228 apostolica:
4117 1159 4261 1212 sedis
4287 1158 4545 1218 edictuin,
4582 1155 4661 1206 vel
4686 1155 4824 1223 quod
4851 1155 4962 1223 jam
4995 1170 5116 1223 pro-

3557 1254 3851 1320 mulgatum
3880 1261 3979 1311 est,
4006 1251 4283 1315 sequimur
4310 1265 4325 1309 ;
4366 1248 4447 1298 vel
4474 1248 4515 1298 si
4556 1247 4682 1314 quid
4722 1245 4895 1297 adhuc
4923 1244 5111 1297 clima.

3559 1344 3664 1395 tius
3693 1353 3853 1408 atque
3885 1339 4152 1391 salubrius
4201 1339 4253 1391 in
4298 1347 4566 1404 posterum
4616 1334 4954 1387 statuendum
5004 1342 5115 1392 est,

3556 1435 3917 1488 obedientiam
3951 1431 4286 1500 profitemur.
4322 1429 4388 1483 L't
4419 1429 4556 1481 sicut
4583 1442 4612 1479 a
4645 1425 4816 1479 beatis
4865 1424 5119 1493 apostolis

3558 1526 3845 1592 Evangelio
3894 1532 4249 1584 coruscante,
4308 1519 4579 1574 nascentis
4637 1518 4757 1571 ﬁdei
4815 1516 5119 1569 rudimenta

3561 1617 3961 1685 percepimus;
4034 1615 4105 1667 ita
4165 1612 4418 1678 deinceps
4484 1610 4551 1661 ab
4624 1607 4931 1676 apostolicis
4992 1605 5130 1657 viris

3563 1706 3811 1756 traditam
3861 1717 4072 1757 omnem
4132 1699 4393 1761 vivendi,
4448 1697 4528 1749 vel
4583 1695 4845 1750 sentiendi
4889 1692 5122 1760 regulam

3562 1809 3860 1852 teneamus.

1887 1872 2062 1926 stolici
2102 1883 2321 1926 senatus
2364 1890 2467 1927 non
2498 1884 2604 1927 tam
2652 1891 2960 1938 numeroso,
2993 1891 3152 1945 quam
3196 1891 3455 1928 veneran-
3486 1874 3531 1932 Β
3628 1888 3796 1940 Porro
3824 1894 4000 1936 autem
4029 1883 4312 1935 Ravennas
4336 1880 4420 1932 ille
4448 1880 4752 1946 episcopus,
4803 1876 4887 1930 cui
4919 1873 5134 1928 libelltlﬁ

1888 1961 1956 2015 do
1977 1977 2038 2015 ac
2067 1963 2292 2032 mystico
2315 1973 2621 2017 sanctorum
2654 1966 3026 2033 episcqiornm
3057 1964 3218 2032 pollet
3266 1974 3457 2019 ornata

1888 2053 2113 2122 collegio
2139 2041 2423 2123 {quorum
2474 2056 2726 2109 videlicet
2770 2057 2951 2109 studio
2992 2056 3059 2108 ita
3091 2065 3290 2108 rectam
3333 2070 3461 2122 apo-

1890 2145 2097 2198 ﬂolica:
2122 2145 2426 2198 traditionis
2451 2145 2646 2223 lineam
2672 2156 2873 2204 servat,
2902 2147 2979 2198 sic
3012 2147 3062 2197 in
3093 2146 3325 2211 puritate
3353 2147 3461 2197 sin—

1895 2234 2189 2289 cerissima:
2239 2234 2363 2288 ﬁdei
2425 2218 2771 2289 immobiliter
2822 2245 3158 2304 perseverat,
3202 2244 3258 2286 ut
3317 2235 3462 2287 omni

1895 2326 2149 2382 haeretica
2221 2325 2485 2394 pravitate
2553 2336 2790 2386 remota,
2845 2341 3037 2378 novam
3100 2326 3279 2384 illam,
3343 2340 3461 2392 qua:

1893 2416 1997 2469 sub
2031 2416 2287 2483 apostolis
2331 2415 2540 2476 fuerat,
2586 2417 2846 2483 hodieque
2885 2426 3234 2484 reprmsentet
3276 2416 3461 2469 Eccle-

1899 2504 2059 2566 siam,
2089 2505 2199 2557 sive
2255 2504 2414 2557 etiam
2461 2506 2637 2557 sedem
2690 2504 2812 2558 ﬁdei
2846 2506 3013 2573 ipsam
3060 2505 3304 2558 videatur
3340 2520 3465 2574 ger-

1899 2595 2107 2646 minare
2131 2591 2381 2646 Nicaeam.
2423 2592 2495 2645 Ex
2526 2594 2611 2645 his
2652 2593 2854 2662 itaque,
2886 2611 3019 2662 quos
3060 2596 3234 2647 visum
3285 2595 3467 2658 fuerit,

1897 2682 2160 2737 sanctitas
2213 2693 2392 2736 vestra
2446 2684 2767 2747 consciseat,
2815 2693 3017 2737 etcum
3048 2685 3126 2737 eis
3173 2683 3329 2737 simul
3369 2685 3470 2738 hoc

1895 2786 2032 2840 opus
2094 2782 2362 2841 utcunque
2399 2774 2695 2827 'catholicae
2760 2773 2884 2827 ﬁdei
2957 2790 3205 2842 sameque
3269 2774 3470 2827 doctri-

1898 2878 1982 2917 na:
2005 2872 2296 2933 congruat,
2348 2864 2577 2918 solerter
2621 2866 2857 2934 indaget,
2909 2865 3202 2934 prudenter
3263 2866 3472 2918 exami-

1900 2964 2013 3009 net.
2061 2956 2210 3022 Quod
2253 2956 2299 3010 si
2364 2956 2501 3010 liber
2538 2957 2627 3011 hic
2689 2956 2972 3010 venialiter
3029 2956 3471 3024 reprehensibilis

1906 3045 2062 3117 141
2116 3046 2425 3111 invenitur,
2482 3056 2662 3101 vestra
2713 3062 2835 3101 eum
2881 3047 3163 3116 prudentia
3211 3047 3473 3116 corrigat,

1902 3148 1961 3191 ct
1993 3139 2073 3190 sic
2108 3139 2271 3192 etiam
2300 3139 2613 3193 beatissimo
2634 3154 2806 3208 papae,
2830 3140 2874 3192 si
2907 3155 3000 3207 per
3028 3155 3121 3194 vos
3166 3140 3470 3205 transierit,

3560 1978 3649 2033 hic
3691 1976 3952 2045 principio
4004 1974 4199 2026 missus
4257 1982 4338 2024 est
4365 2012 4377 2031 ,
4413 1971 4539 2037 quia
4596 1983 4766 2035 nuper
4795 1974 5069 2034 promotus
5104 2005 5120 2023 .

3564 2074 3723 2133 atque
3750 2064 3867 2116 ideo
3900 2063 4028 2114 mihi
4052 2070 4170 2115 erat
4201 2061 4503 2127 incognitus
4524 2099 4538 2121 ,
4584 2058 4984 2124 Scripturarum
5035 2056 5130 2107 ha-

3564 2160 3691 2212 bere
3719 2157 3992 2210 scientiam
4025 2156 4308 2223 putabatur
4337 2172 4349 2216 ;
4381 2154 4471 2206 sed
4503 2153 4754 2218 quoniam
4788 2151 4853 2201 ab
4890 2162 4954 2201 eo
4974 2162 5133 2212 super

3566 2250 3665 2303 bac
3692 2249 3985 2316 quzestione
4015 2261 4080 2298 ne
4130 2255 4345 2298 tenuem
4379 2244 4596 2310 quidem
4650 2240 4936 2292 scintillam
4983 2237 5130 2290 solu-

3566 2338 3727 2392 tionis
3753 2337 4066 2403 exsculpere
4091 2336 4255 2402 potui,
4287 2333 4608 2385 auctoritate
4632 2331 4774 2382 se.lis
4821 2324 5128 2396 apostolicze

3568 2442 3654 2482 me
3700 2435 4011 2480 contentum
4054 2440 4176 2477 esse
4217 2425 4464 2476 decrevi:
4503 2432 4559 2475 ut
4606 2422 4732 2487 quid
4785 2421 4829 2472 ei
4867 2416 5136 2488 synodalia

3569 2517 3729 2571 fuerit
3755 2532 3982 2570 censura
4014 2516 4312 2583 prrelixnm,
4355 2516 4456 2565 hoc
4497 2512 4628 2564 mihi
4662 2509 4847 2579 procul
4878 2509 5038 2562 dubio
5063 2508 5134 2560 sit

3571 2609 3958 2667 authenticum,
3986 2608 4085 2659 hoc
4110 2617 4258 2658 certe
4279 2605 4552 2657 canonica:
4576 2602 4821 2655 videatur
4847 2598 5138 2653 auctorita-

3576 2700 3646 2753 tis
3670 2699 3852 2768 vigore
3887 2698 4197 2751 sobnixmn.

4104 2897 4257 2969 ιω
4299 2895 4608 2952 scaeua.

3656 3031 3675 3063 ι
3719 3012 3984 3066 Cmterum
4011 3020 4063 3064 et
4114 3012 4225 3076 ipse
4270 3010 4510 3078 pontifex
4558 3008 4964 3075 delinquentes,
5017 3019 5141 3057 cum

3579 3098 3739 3137 causa
3766 3082 4084 3141 dictaverit,
4133 3080 4331 3133 forensi
4363 3081 4475 3146 lege
4502 3091 4741 3131 coerceat
4772 3093 4784 3139 ;
4819 3086 4871 3127 et
4903 3091 4990 3127 rex
5017 3088 5143 3126 cum

3581 3155 3695 3207 suis
3725 3151 3993 3220 episcopis
4019 3165 4180 3217 super
4209 3151 4509 3201 animarum
4542 3157 4680 3220 statu
4726 3146 4928 3220 prolata
4952 3159 5138 3220 sacro-

1903 3237 1963 3279 ut
1992 3225 2133 3292 tam
2155 3229 2431 3299 dispersit,
2456 3229 2742 3295 ostendat;
2777 3239 2837 3282 ut
2860 3230 3003 3299 quod
3025 3245 3087 3282 ex
3120 3229 3325 3299 opiﬁcis
3357 3230 3472 3284 ine-
3501 3210 3547 3273 C
3579 3237 3697 3276 rum
3714 3210 3980 3299 οὲῃοηέὶρι
3998 3210 4312 3299 nuétgrilate
4330 3220 4581 3299 decernat
4603 3210 4927 3299 gent-itm.
4945 3212 5138 3299 Clima-

1903 3327 1998 3389 pta
2029 3322 2416 3387 compositione
2446 3322 2764 3391 despicitur,
2797 3324 2925 3375 tanti
2974 3322 3174 3375 laboris
3218 3322 3477 3391 obsequio

1906 3411 2333 3466 commendetur.
2364 3412 2436 3465 At
2456 3412 2523 3476 si,
2552 3414 2695 3480 quod
2728 3429 2832 3467 non
2865 3405 3159 3475 credimus,
3190 3412 3267 3465 sic
3292 3411 3470 3466 litura:

1910 3514 2294 3569 usquequaque
2322 3501 2570 3556 videatur
2590 3502 2875 3569 obnoxius,
2900 3513 2960 3556 ut
2981 3502 3177 3570 corrigi
3223 3510 3478 3569 nequeat,

1912 3600 2201 3663 antequam
2243 3592 2296 3646 in
2330 3594 2598 3663 publicam
2649 3594 2897 3647 notitiam
2941 3593 3242 3662 proferatur
3269 3633 3283 3657 ,
3340 3593 3479 3647 edax

1914 3698 2036 3737 eum
2066 3682 2278 3738 ﬂamma
2304 3668 2606 3741 consumat.
2641 3683 2709 3738 Ut
2738 3685 2867 3739 illud
2909 3684 2997 3739 hic
3030 3700 3136 3739 non
3185 3685 3481 3753 incongrue

1911 3777 2083 3840 possit
2111 3777 2305 3844 aptari,
2337 3777 2778 3840 habetisAaron,
2826 3785 2880 3830 et
2925 3776 3034 3829 llur
3065 3776 3340 3830 vobiscum
3371 3816 3384 3838 ,
3435 3774 3482 3826 si

1913 3865 2040 3931 quid
2070 3875 2252 3919 natum
2283 3865 2441 3921 fuerit
2468 3869 2802 3936 qumstionis,
2830 3867 3075 3921 referetis
3103 3867 3169 3920 ad
3213 3882 3326 3920 eos.
3357 3864 3481 3932 ,Non

1917 3954 2058 4008 enim
2098 3956 2228 4009 mibi
2279 3957 2501 4025 pudoris
2562 3967 2646 4011 est
2695 3958 3009 4012 oblitterare
3064 3957 3206 4026 quod
3254 3956 3479 4017 scribus

1916 4043 2045 4097 dion
2095 4061 2198 4100 non
2245 4047 2561 4101 erubescam
2597 4048 2765 4102 libere
2816 4047 3059 4100 conﬁteri
3098 4046 3239 4115 quod
3281 4045 3483 4109 credo;

1919 4144 1981 4189 ut
2013 4137 2101 4206 qui
2130 4145 2281 4192 notat
2308 4138 2597 4206 elinguem,
2629 4139 2800 4208 possit
2828 4153 3182 4207 compensare
3208 4136 3443 4190 ﬁdelem.

2248 4228 2328 4282 St
2358 4245 2543 4282 nomen
2588 4230 2797 4284 Domini
2828 4231 3170 4285 benedictum.

2445 4341 2670 4397 CAPUT
2713 4341 2955 4397 XXXIX.

2205 4426 2478 4499 Superiort'
2508 4430 2775 4502 Opuscttlo
2790 4434 3204 4502 superadditum.

1998 4516 2258 4586 Libellum
2290 4524 2433 4578 hunc
2457 4539 2556 4587 ego
2597 4527 2744 4580 rudis
2787 4535 2843 4580 et
2888 4527 3171 4595 imperitus
3210 4528 3310 4581 sub
3348 4540 3484 4595 qua-

1928 4607 2050 4661 dam
2078 4611 2405 4679 scrupulosa:
2432 4613 2798 4682 ambiguitatis
2823 4617 3173 4685 suspensione
3200 4617 3485 4683 descripsi,

1931 4706 2091 4767 atque
2110 4709 2168 4755 ut
2188 4702 2238 4755 in
2262 4702 2408 4757 calce
2428 4706 2775 4772 conspicitur,
2802 4706 3135 4760 auctoritatis
3160 4707 3487 4775 apostolicm.

1933 4786 2195 4856 Tempore
2217 4801 2395 4846 autem
2423 4792 2620 4848 Nicolai
2654 4795 2731 4865 (7)
2762 4796 3084 4849 venerabilis
3106 4811 3278 4866 papae,
3305 4811 3493 4849 rursus

1935 4876 2052 4930 haec
2079 4881 2302 4945 quaestio
2330 4894 2470 4936 mota
2499 4892 2601 4948 est,
2633 4900 2697 4939 ac
2720 4885 2922 4939 diutius
2962 4886 3221 4939 ventilata
3250 4901 3267 4949 ;
3309 4899 3495 4937 verum

1933 4974 2058 5034 post
2083 4967 2339 5035 plurimos
2365 4974 2718 5027 certaminum
2748 4973 2964 5038 ﬂuetus,
3017 4983 3136 5043 post
3186 4973 3492 5026 nutantium

1935 5057 2167 5126 denique
2200 5063 2555 5129 quastionum
2591 5066 2841 5135 perplexa
2875 5081 2937 5120 ac
2964 5067 3180 5121 sinuosa
3205 5064 3496 5128 volumina,

1942 5144 2010 5198 ad
2059 5146 2199 5203 hunc
2237 5151 2450 5206 tandem
2496 5152 2766 5220 judicialis
2813 5156 3093 5210 sententia:
3143 5155 3371 5209 limitem
3417 5168 3503 5206 res

1942 5236 2187 5302 expedita
2234 5241 2513 5307 pervenit;
2543 5254 2599 5295 ut
2637 5243 2901 5298 hactenus
2941 5260 2971 5298 a
3013 5244 3337 5297 Simouiacis
3382 5258 3506 5311 gra-

1942 5324 2082 5377 tuito
2119 5330 2417 5381 consecrati
2441 5369 2454 5387 .
2488 5330 2540 5383 in
2572 5330 2778 5399 adepta:
2807 5333 3089 5403 dignitatis
3131 5333 3336 5385 honore
3379 5345 3502 5398 per-

1940 5416 2238 5483 sisterent;
2273 5420 2499 5473 necdum
2523 5434 2650 5475 vero
2676 5422 2949 5489 promoti,
2990 5423 3057 5475 ab
3102 5421 3208 5475 illis
3249 5422 3314 5475 ad
3358 5421 3504 5475 ordi-

1936 5520 2069 5563 nem
2110 5510 2327 5577 provehi
2354 5511 2419 5563 de
2446 5520 2640 5565 caetero
2660 5511 2933 5566 licentiam
2955 5527 3059 5565 non
3088 5512 3367 5566 baberent.
3396 5510 3505 5565 llac

1946 5598 2154 5653 scilicet
2183 5600 2610 5655 consideratione
2630 5610 2863 5663 servata,
2890 5609 2946 5653 ut
2968 5616 3067 5655 nec
3097 5616 3196 5670 pro
3219 5601 3507 5655 severitate

2018 5688 2096 5763 (ξ)
2132 5692 2453 5763 βίιγεηηειιη
2505 5695 2679 5748 natale
2709 5695 2904 5759 solum,
2932 5694 3181 5763 intelligit
3207 5693 3262 5748 S.
3296 5693 3503 5747 doctor.

3578 3308 3632 3361 p.
3663 3307 3744 3350 Ill,
3770 3291 3854 3343 tit.
3878 3277 3968 3349 20’,
3993 3289 4184 3361 cap.7,
4210 3303 4420 3361 paragr.
4452 3287 4523 3356 l.)
4558 3307 4575 3337 ι
4604 3277 4712 3340 lloc
4746 3287 4794 3361 in
4822 3285 4934 3361 loco
4957 3283 5006 3334 in
5032 3297 5144 3361 ma-

3580 3353 3872 3428 iiuscriptis
3906 3353 4180 3411 culicibus
4210 3353 4553 3428 librariorum
4601 3356 4791 3428 procul
4812 3354 4970 3428 dubio
4995 3353 5143 3405 osci-

3580 3423 4040 3483 tantia'mendnm
4086 3429 4366 3494 irrepsisse
4404 3423 4622 3479 omnino
4670 3423 4991 3494 credendum
5039 3430 5140 3473 est.

3580 3497 4021 3566 Quandoquidem
4046 3510 4164 3547 cum
4197 3493 4364 3549 sancti
4397 3496 4631 3550 doctoris
4680 3493 4939 3566 sententia
4978 3499 5139 3566 esset.

3580 3560 3702 3626 cum
3750 3560 3942 3620 summi
3992 3567 4297 3631 pontiﬁcis,
4332 3575 4440 3617 tum
4488 3567 4627 3633 regis
4676 3563 4759 3615 vel
4807 3560 5149 3627 inperatoris

3581 3653 3777 3693 munus
3813 3637 3954 3689 circa
3985 3635 4297 3703 pepulorum
4326 3635 4558 3707 regimen
4594 3633 4896 3707 osmidere,
4930 3645 5032 3682 non
5063 3639 5147 3707 est

3583 3707 3900 3777 putandum,
3932 3719 3993 3756 ea
4045 3701 4161 3777 qua:
4218 3712 4342 3758 sunt
4380 3702 4647 3777 pontiﬁcis
4695 3701 5151 3777 attfibuercfegi

3583 3768 3816 3828 voluisse
3847 3791 3861 3836 ;
3888 3787 4004 3824 cum
4035 3768 4203 3826 ainhze
4255 3768 4548 3841 potestates
4595 3774 4714 3839 jure
4752 3771 4930 3823 divino
4972 3768 5039 3821 ab
5068 3768 5146 3820 in-

3584 3848 3757 3898 vicem
3788 3846 3895 3895 sint
3924 3842 4209 3900 distinctae,
4262 3853 4317 3895 ut
4361 3852 4506 3909 patet
4545 3857 4610 3893 ex
4642 3857 4686 3893 c.
4737 3842 5037 3909 Dqustmt,
5090 3845 5150 3889 et

3584 3917 3824 3990 distinct.
3852 3909 3942 3971 93,
3996 3913 4208 3990 cap._.Si
4239 3906 4536 3990 imperator,
4573 3921 4626 3962 et
4663 3925 4789 3990 cap:
4832 3906 5146 3990 Solimunde

3585 3984 3879 4052 majoritat.
3909 3987 3963 4031 et
3991 3976 4236 4034 obedien.
4265 3980 4625 4052 Quamobrem
4660 3976 4746 4052 ubi
4778 3978 4830 4031 in
4865 3986 5011 4029 textu
5045 3976 5146 4029 Da-

3586 4049 3750 4114 ηιὶὁηὶ
3783 4052 3999 4110 dicitur,
4023 4060 4077 4102 et
4104 4067 4194 4104 rex
4219 4065 4339 4102 cum
4363 4051 4474 4103 suis
4495 4049 4782 4116 episcopis.
4805 4058 4931 4106 etc.,
4959 4060 5148 4116 neces-

3589 4113 3735 4177 sario
3759 4120 4035 4188 legendum
4060 4131 4139 4173 est
4163 4138 4176 4176 ;
4207 4121 4282 4188 (et
4302 4113 4539 4187 pontifei
4561 4113 4690 4171 cum
4705 4119 4814 4169 suis
4839 4113 5155 4188 episcopis,)

3586 4203 3647 4245 ut
3681 4193 3850 4244 cuivis
3887 4199 4134 4243 constare
4165 4199 4338 4258 potest
4383 4189 4750 4242 antecedentia
4789 4202 4909 4239 cunt
4963 4189 5149 4258 subse-

3588 4264 3872 4332 quentibus
3902 4270 4150 4332 accurate
4166 4255 4491 4332 conferenti.
4521 4258 4622 4332 Sed
4671 4267 4723 4308 et
4749 4266 4949 4332 textum
4993 4255 5154 4307 modo

3590 4327 3805 4384 allatum
3845 4327 4141 4397 (utaliquid
4175 4328 4402 4396 amplius
4430 4328 4515 4380 hic
4548 4328 4807 4393 dicamus)
4836 4332 5144 4397 corruptum

3587 4400 3753 4454 fuisse
3783 4394 3937 4452 exeo
3977 4394 4312 4466 potissimum
4362 4406 4581 4466 apparet
4609 4434 4622 4455 ,
4671 4397 4812 4464 quod
4837 4395 4988 4466 ﬁdem
5038 4394 5150 4458 ipse

3589 4470 3880 4524 Damianus
3901 4464 4177 4537 postquam
4201 4484 4261 4519 ea
4289 4464 4595 4537 protulisset
4615 4466 4795 4526 verba,
4822 4464 4886 4516 de
4912 4464 5149 4516 Romano

3516 4559 3562 4620 ι)
3589 4538 3842 4608 pontiﬁce
3867 4536 4049 4616 statim
4097 4537 4326 4604 subjecit
4350 4555 4371 4617 ε,
4398 4536 4497 4620 1110Δ
4539 4546 5150 4620 tanquamdparens:pa:

3591 4602 3744 4662 terno
3768 4607 4119 4675 semperjure
4159 4602 4504 4673 piae-emineat
4541 4622 4553 4666 ;
4598 4606 4695 4657 iste
4748 4605 4934 4675 velut“
4961 4602 5154 4653 unicus

3589 4695 3651 4731 ac
3677 4672 3963 4746 singularis
4001 4672 4222 4731 filius’in
4266 4678 4465 4729 amoris
4510 4675 4647 4728 illius
4691 4672 5022 4742 amplexibus
5066 4685 5153 4723 re-

3628 4749 3852 4801 uiescat.

3718 4765 3852 4801 seat.

3588 4765 3835 4869 quleNisi
3865 4819 4005 4871 enim
4038 4826 4183 4870 certa
4236 4815 4367 4868 ﬁdes
4411 4815 4675 4876 haberet,
4717 4826 4837 4867 cum
4887 4809 5155 4879 baptismo

3595 4888 3878 4940 Dominum
3924 4888 4080 4939 simul
4112 4898 4164 4939 et
4218 4885 4573 4938 sacerdotium
4620 4884 4955 4948 suscepisse,
4996 4899 5010 4928 ι
5049 4887 5150 4931 etc.

3601 4958 3863 5021 Quoniam
3884 4958 4244 5009 certissimum
4276 4964 4357 5005 est
4396 4954 4753 5005 sacerdotium
4806 4951 5018 5002 tlhristo
5042 4989 5054 5006 ,
5097 4958 5157 5000 ut

3608 5026 3809 5079 homini
3838 5030 4144 5086 convenire,
4176 5038 4229 5077 et
4259 5024 4328 5076 illi
4359 5024 4536 5075 omnia
4561 5023 4717 5084 dona,
4738 5031 4798 5077 et
4833 5022 5156 5071 charismata

3607 5096 3660 5149 in
3694 5096 3907 5149 instanti
3942 5096 4153 5148 unionis
4195 5093 4538 5162 hypostaticae
4577 5092 4765 5144 collata
4817 5088 4977 5162 fuisse
5002 5127 5018 5150 ,
5051 5103 5156 5162 non

3606 5175 3784 5234 potest
3830 5165 4122 5225 sustineri,
4167 5155 4306 5231 quod
4357 5162 4651 5234 Damianns
4686 5161 4785 5213 hoc
4831 5160 4945 5234 loco
4996 5155 5159 5234 refert

3608 5225 3880 5287 Christum
3908 5236 3959 5286 in
3987 5225 4251 5301 baptismo
4279 5232 4607 5284 sacerdotem
4631 5227 5035 5301 factumfuissc,
5059 5225 5159 5278 nisi

3611 5302 3749 5357 forte
3776 5299 4072 5372 intelligere
4113 5303 4382 5363 voluerit,
4416 5302 4612 5353 tlhristi
4666 5299 5018 5372 sacerdotium
5056 5309 5161 5349 non

3612 5374 3824 5440 quidem
3857 5374 3907 5425 in
3935 5368 4196 5440 baptismo
4217 5371 4486 5432 collatum,
4514 5372 4606 5423 sed
4637 5368 5008 5440 aliqttoumodo
5059 5379 5161 5417 ma-

3611 5436 3850 5495 nifestari
3885 5436 4147 5509 cmpisse;
4179 5443 4315 5493 sicut
4346 5440 4574 5508 theologi
4619 5439 4775 5491 verba
4801 5437 4886 5489 illa
4909 5436 5160 5502 interpre-

3612 5521 3792 5565 tantur
3818 5531 3828 5562 :
3867 5511 3955 5580 (Et
3982 5511 4136 5564 Jesus
4160 5509 4472 5580 proﬁciebat
4498 5509 4855 5580 sapientia,_et
4881 5514 5038 5557 :etate
5064 5544 5077 5564 ,
5114 5511 5167 5580 cf

3618 5582 3791 5651 gratia
3815 5570 3955 5651 apud
3988 5570 4173 5646 Deum;
4202 5590 4256 5635 et
4283 5580 4527 5634 homines
4559 5570 4709 5649 [Lua
4736 5575 4819 5647 n])
4847 5594 4858 5642 ;
4892 5590 4999 5630 non
5023 5570 5163 5643 quod

2018 5760 2099 5831 (7}
2129 5761 2408 5817 Leonile
2435 5766 2584 5836 cujus
2613 5758 2917 5836 epistolam,
2950 5758 3387 5820 manu’exaratos
3410 5761 3578 5818 secuti
3609 5763 3842 5829 codices,
3875 5764 3926 5818 in
3953 5763 4188 5833 opusculi
4223 5761 4486 5832 principio
4517 5758 4815 5830 posuimus.
