5392 6546
409 389 503 453 181

1039 516 1425 575 ΡΒᾸΞΓΑΤΙΟ.

508 613 675 689 ιῖιθ
724 612 1062 668 Beatissimo
1114 623 1262 677 papae
1308 604 1494 667 λείπει,
1552 603 1767 658 Perses
1822 600 2044 653 ultimus

451 708 838 762 monachorum
916 716 1129 763 servus,
1203 698 1395 753 debita:
1464 695 1831 750 venerationis
1880 692 2040 747 obse-

461 798 659 866 quium.

527 888 789 952 Quoniam
829 880 1123 951 apostolica
1175 880 1328 933 sedes
1381 877 1619 931 omnium
1676 874 2041 929 Ecclesiarum

457 990 627 1031 mater
686 991 807 1030 esse
863 990 929 1027 ex
976 973 1094 1041 ipso
1130 970 1383 1025 Veritatis
1428 986 1523 1024 ore
1560 968 1926 1039 cognoscitur,
1961 966 2035 1019 di-

456 1084 619 1139 gnum
653 1075 757 1128 est,
786 1076 846 1119 ut
876 1066 919 1118 si
953 1063 1079 1131 quid
1104 1062 1309 1131 uspiam
1346 1060 1702 1114 dubitationis
1731 1057 2039 1121 etricrserit,

456 1160 599 1229 quod
623 1157 688 1211 ad
716 1158 1023 1209 animarum
1052 1154 1301 1208 videatur
1320 1152 1596 1221 pertinere
1644 1150 1946 1218 negotium,
1970 1147 2040 1201 ad

456 1251 651 1319 ipsam,
682 1249 827 1301 velut
856 1250 920 1301 ad
949 1247 1287 1316 magistram,
1315 1253 1369 1297 et
1399 1242 1797 1311 quodammodo
1833 1238 2038 1292 fontem

451 1342 694 1396 cmlestis
716 1338 995 1407 sapientia:
1041 1344 1374 1397 recurratur,
1423 1342 1690 1401 quatenus
1717 1345 1783 1383 ex
1816 1329 1907 1381 illo
1935 1344 2041 1382 uno

453 1434 633 1500 capite
680 1430 1060 1485 ecclesiastica:
1098 1426 1393 1494 disciplime
1444 1425 1621 1477 lumen
1659 1423 1903 1491 prodeat,
1932 1434 2041 1489 quo

453 1519 714 1575 discussis
765 1518 1176 1587 ambiguitatum
1217 1514 1474 1577 tenebris,
1508 1522 1677 1567 totum
1704 1526 1903 1579 corpus
1938 1511 2039 1565 Ec-

452 1612 634 1665 clesia:
659 1610 943 1679 perspicuo
970 1607 1212 1662 veritatis
1237 1610 1409 1660 nitore
1442 1606 1722 1659 clarescat.
1754 1601 2036 1668 Quoddam

454 1712 635 1755 autem
665 1700 957 1754 nefandum
992 1708 1045 1751 et
1088 1698 1503 1768 ignominiosum
1535 1696 1690 1748 valde
1740 1694 1929 1747 vitium
1981 1692 2036 1745 in

451 1793 655 1847 nostris
684 1791 924 1861 partibus
952 1790 1191 1852 inolevit,
1218 1789 1304 1841 cui
1338 1789 1438 1841 nisi
1476 1787 1735 1840 districta:
1793 1784 2036 1837 animad-

1416 400 1657 458 OPUSC.
1698 399 1803 453 \'ll.
1837 428 1907 439 —-
1936 394 2139 452 LIBER
2182 388 2765 452 GOMORRIIIANUS.

2069 522 2114 577 Α
2146 522 2270 561 nem
2324 505 2554 575 perdere
2612 504 2969 556 vehementer
3016 498 3465 570 perhorrescunt.
3520 497 3754 563 Quidam

3651 382 3757 441 £63

2148 613 2384 665 namque
2437 605 2677 649 rectores
2707 591 3081 646 Ecclesiarum
3115 591 3259 643 circa
3292 590 3397 643 hoc
3418 589 3610 643 vilium
3648 590 3755 645 bu-

2147 689 2420 743 maniores
2470 686 2698 740 forsitan
2752 700 2915 754 quam
2960 683 3232 750 expediat,
3288 682 3537 736 absolute
3567 683 3757 736 decer-

2145 794 2279 832 nunt
2311 789 2533 847 propter
2572 788 2681 831 tres
2708 777 2825 829 illos
2858 777 3079 845 gradus,
3130 774 3220 843 qui
3252 773 3504 841 superius
3530 788 3755 828 enume~

2145 872 2247 924 rati
2280 879 2427 933 sunt,
2482 871 2755 923 nemiuem
2820 884 2850 921 a
2882 882 2983 921 suo
3011 864 3203 919 ordine
3262 867 3460 920 debere
3512 866 3751 935 deponi;

2145 962 2244 1017 bos
2275 972 2455 1016 autem
2480 961 2820 1016 solummodo
2852 976 2958 1013 non
2992 960 3234 1013 abnuunt
3273 958 3583 1029 degradari,
3614 973 3754 1027 quos

2144 1052 2335 1106 ultimo
2366 1062 2490 1106 actu
2536 1050 2798 1104 eecidiSse
2852 1049 3181 1103 constiterit.
3214 1046 3368 1103 Unde
3422 1048 3499 1113 lit,
3556 1058 3615 1102 ut
3657 1048 3751 1117 qui

2142 1160 2267 1199 cum
2296 1155 2444 1207 octo,
2478 1144 2562 1199 vel
2596 1145 2761 1198 etiam
2812 1143 2999 1196 decem
3053 1140 3178 1196 aliis
3227 1156 3383 1210 atque
3429 1142 3669 1196 sordidis
3696 1142 3751 1196 in

2142 1235 2285 1289 hanc
2312 1234 2605 1302 nequitiam
2637 1233 2822 1302 lapsus
2844 1246 2966 1287 esse
2995 1231 3367 1299 cognoscitur,
3395 1230 3754 1287 nihilominus

2143 1326 2196 1379 in
2228 1342 2326 1379 suo
2354 1326 2546 1380 ordine
2571 1339 2894 1394 permanere
2911 1322 3178 1377 videatur.
3207 1321 3339 1387 Quae
3362 1322 3551 1389 procul
3584 1323 3750 1377 dubio

2143 1417 2306 1487 impia
2357 1418 2533 1487 pietas
2569 1432 2676 1470 non
2714 1416 3209 1484 vulnusamputat,
3238 1413 3331 1467 sed
3361 1421 3421 1467 ut
3462 1423 3746 1485 augeatur,

2140 1505 2385 1561 fomitem
2424 1506 2837 1570 subministrat;
2870 1519 2978 1559 non
3029 1504 3326 1573 perpetrati
3378 1504 3548 1559 illiciti
3588 1514 3748 1560 actus

2139 1597 2393 1665 prohibet
2422 1596 2861 1659 amaritudinem,
2901 1595 2997 1650 sed
3048 1593 3399 1664 perpetrandi
3427 1596 3611 1664 potius
3643 1596 3747 1649 tri-

2138 1687 2611 1740 buitlibertatem.
2665 1685 2915 1740 Carnalis
2943 1686 3145 1755 quippe
3191 1685 3486 1756 cujuslibet
3533 1687 3746 1743 ordinis

2140 1780 2303 1832 homo
2327 1780 2500 1848 magis
2527 1777 2805 1841 formidat,
2830 1785 2883 1832 et
2906 1778 3218 1845 expavescit
3246 1777 3301 1830 in
3328 1785 3621 1846 conspectu
3651 1777 3747 1831 bo-

449 1884 718 1939 versionis
771 1896 961 1936 manus
1013 1882 1333 1949 quantocius
1388 1878 1590 1941 obviet,
1664 1885 1873 1930 certum
1926 1882 2032 1939 est,
2066 1892 2111 1950 Β
2142 1870 2345 1921 minum
2379 1869 2578 1936 despici

1664 1885 1873 1930 οει-ιυιη
1926 1882 2032 1939 ρει,
2066 1892 2111 1950 Β
2142 1870 2345 1921 minum
2379 1869 2605 1936 despici,
2636 1884 2799 1938 quam
2857 1868 2912 1921 in
2965 1868 3185 1938 superni
3242 1867 3453 1947 Judicis
3489 1868 3746 1924 examine

450 1973 594 2042 quod
623 1971 786 2026 divini
830 1970 1028 2025 furoris
1066 1970 1275 2036 gladius
1321 1970 1372 2021 in
1408 1967 1695 2037 multorum
1736 1965 2035 2034 perniciem

449 2062 760 2117 immaniter
786 2068 1125 2130 grassaturus
1154 2058 1440 2127 impendet.
1479 2056 1588 2108 lleu
1612 2056 1623 2107 ε
1650 2054 2033 2123 pudetdieere,

450 2153 613 2221 pudet
646 2161 754 2204 tam
785 2160 937 2217 turpe
963 2148 1224 2217 flagitium
1253 2148 1425 2201 sacris
1474 2146 1698 2199 auribus
1744 2144 2028 2209 intimare;

447 2241 544 2295 sed
581 2240 625 2294 si
659 2240 903 2294 medicus
927 2240 1113 2293 horret
1134 2238 1279 2291 virus
1300 2240 1599 2306 plagarum,
1653 2236 1777 2305 quis
1822 2235 2035 2289 curabit

450 2333 711 2386 adhibere
739 2332 1079 2386 cauterium?
1128 2330 1182 2384 Si
1230 2330 1297 2392 is,
1328 2328 1420 2398 qui
1445 2336 1735 2383 curaturus
1760 2336 1862 2390 est,
1896 2343 2022 2381 nau-

453 2431 590 2488 seat,
624 2423 745 2491 quis
801 2424 866 2477 ad
908 2413 1291 2475 incolumitatis
1326 2428 1525 2473 statum
1574 2429 1792 2487 pectora
1828 2428 2031 2487 aegrota

448 2512 715 2565 redueat?
745 2512 942 2565 Vitium
971 2512 1133 2580 igitur
1161 2518 1347 2563 contra
1381 2519 1629 2562 naturam
1660 2508 1805 2562 velut
1834 2524 2034 2562 cancer

448 2606 521 2657 ita
554 2604 742 2672 serpit,
773 2616 829 2657 ut
852 2604 1129 2657 sacrorum
1172 2604 1445 2655 hominum
1478 2602 1723 2655 ordinem
1754 2603 1984 2670 attingat
2012 2618 2025 2665 ;

445 2701 505 2746 et
526 2691 795 2745 interdum
834 2700 892 2744 ut
938 2701 1159 2745 cruenta
1208 2692 1375 2746 bestia
1434 2692 1574 2744 inter
1622 2690 1764 2744 ovile
1824 2692 2031 2745 Christi

445 2801 569 2841 cum
612 2792 773 2836 tautae
803 2784 1067 2837 libertatis
1089 2784 1241 2837 scevit
1268 2784 1512 2847 audacia,
1544 2793 1595 2835 ut
1620 2782 2032 2851 quampluribus

446 2874 616 2930 multo
636 2873 906 2927 salubrius
938 2873 1097 2926 fuerit
1129 2875 1178 2926 in
1205 2874 1487 2926 mundana:
1517 2873 1721 2925 militiae
1774 2874 1904 2941 jugo
1936 2876 2031 2926 de-

443 2963 630 3032 primi,
663 2978 822 3029 quam
854 2964 953 3015 sub
1000 2963 1273 3032 religionis
1323 2965 1545 3017 uluentu
1582 2971 1689 3015 tam
1723 2962 1891 3015 libere
1920 2960 2027 3014 fero

446 3068 540 3105 reo
565 3053 673 3121 juri
706 3053 982 3106 diabolica:
1028 3054 1325 3123 tyrannidis
1376 3054 1697 3121 mancipari,
1727 3054 2027 3123 praesertim

444 3160 568 3199 eum
600 3145 831 3198 aliorum
870 3146 1162 3208 seandalo;
1195 3162 1315 3199 eum
1378 3146 1588 3201 Veritas
1641 3148 1827 3200 dicat:
1866 3165 1883 3196 ι
1923 3148 2024 3212 Qui

2139 1960 2532 2021 condemnari;
2565 1975 2627 2012 ac
2657 1975 2753 2028 per
2809 1960 2912 2013 hoc
2966 1960 3174 2013 mavult
3230 1958 3526 2027 quamlibet
3558 1960 3746 2014 distri-

2138 2059 2258 2112 cta,
2284 2050 2580 2117 quamlibet
2606 2051 2865 2104 animosae
2896 2051 3236 2119 pmnitentia:
3284 2052 3558 2105 sustinere
3592 2052 3745 2107 labo-

2138 2154 2275 2203 rem,
2307 2155 2469 2209 quam
2520 2142 2601 2194 sui
2634 2140 2848 2209 gradus
2887 2139 3126 2209 periculo
3174 2140 3456 2211 subjaeere
3492 2152 3585 2196 :et
3615 2144 3743 2198 dum

2136 2242 2233 2297 per
2260 2228 2613 2282 indiseretam
2653 2229 3039 2283 discretionem
3077 2245 3184 2283 non
3233 2232 3385 2285 timet
3417 2240 3619 2286 statum
3658 2237 3743 2289 sui

2137 2317 2361 2373 honoris
2390 2319 2666 2382 amittere,
2700 2319 2963 2372 incitatur
2989 2328 3045 2374 et
3072 2321 3355 2390 inexperta
3387 2338 3742 2391 praesumere,

2135 2415 2189 2460 et
2212 2423 2265 2459 in
2291 2407 2377 2461 his
2402 2422 2521 2477 qute
2544 2408 2711 2461 invite
2727 2408 3096 2478 praesumpsit,
3131 2410 3336 2464 diutius
3372 2416 3739 2480 permanere;

2134 2509 2322 2569 atque,
2363 2508 2422 2555 ut
2470 2502 2544 2555 ita
2595 2502 2849 2566 dixerim,
2905 2502 3032 2556 dum
3088 2503 3197 2557 illic
3263 2518 3371 2558 non
3401 2504 3615 2571 feritur,
3648 2509 3741 2563 ubi

2135 2590 2317 2645 aerius
2349 2591 2511 2653 dolet.
2544 2592 2596 2645 in
2628 2606 2714 2656 eo,
2743 2593 2796 2647 in
2853 2609 2962 2663 quo
3014 2597 3186 2649 semel
3238 2598 3471 2664 corruit,
3504 2613 3743 2655 carnosae

2133 2678 2511 2735 obscaenitatis
2544 2681 2829 2737 volutabro
2855 2683 3092 2739 molliter
3114 2685 3285 2755 jacet.

2761 2794 2993 2851 CAPUT
3017 2796 3105 2850 Ill.

2136 2880 2290 2945 Quod
2318 2883 2498 2967 usibus
2520 2885 2872 2966 immunditiis
2902 2888 3092 2967 dediti,
3124 2907 3217 2967 nec
3249 2891 3318 2945 ad
3345 2895 3582 2950 ordinent
3606 2911 3731 2967 pro-

2328 2954 2465 3017 velti,
2492 2970 2584 3007 nec
2608 2958 2886 3023 persistere
2910 2960 3127 3010 debeant
3145 2962 3265 3026 jam
3287 2969 3534 3031 promoti.

2211 3043 2340 3110 Sed,
2370 3054 2430 3098 ut
2462 3046 2619 3100 nobis
2646 3047 2879 3111 videtur,
2916 3049 3071 3105 valde
3121 3064 3507 3122 preposterum
3540 3068 3644 3124 est,
3678 3069 3738 3116 ut

2133 3136 2657 3205 consuetudinaliter
2693 3138 2797 3191 hac
2844 3141 3128 3207 purulenta
3172 3146 3492 3214 contagio..e
3526 3149 3734 3217 fcedati,

442 3234 890 3289 scandalizaverit
913 3250 1075 3287 unum
1133 3252 1193 3287 ex
1224 3236 1308 3288 his
1338 3235 1569 3303 pusillis,
1611 3237 1828 3305 expedit
1867 3237 1920 3290 ei
1964 3246 2023 3290 ut
2056 3232 2098 3291 C
2132 3224 2213 3275 "ei
2239 3225 2304 3276 ad
2333 3224 2571 3278 ordillem

1611 3237 1828 3305 expedit
1867 3237 1920 3290 ci
1964 3246 2023 3290 υι
2056 3232 2098 3291 C
2132 3224 2213 3275 vel
2239 3225 2304 3276 ad
2333 3224 2579 3278 ordinem
2618 3228 2863 3295 provehi,
2922 3231 3002 3281 vel
3042 3232 3093 3284 in
3119 3235 3288 3301 gradu
3320 3239 3619 3304 persistere
3646 3258 3738 3295 au-

444 3324 810 3391 suspendatur
840 3322 978 3377 mola
1010 3324 1244 3376 asinaria
1291 3326 1342 3377 in
1384 3324 1522 3377 collo
1566 3326 1703 3393 ejus,
1733 3333 1787 3378 et
1814 3326 2025 3379 demer-

443 3422 602 3480 gatur
632 3413 684 3464 in
712 3410 1036 3481 profundum
1088 3413 1252 3465 maris
1305 3412 1519 3481 (Matth.
1556 3414 1733 3483 xvut).
1769 3432 1787 3464 ι
1824 3414 1889 3467 Ει
1921 3416 2026 3470 uisi

444 3503 771 3572 quantocius
800 3504 941 3557 sedis
972 3504 1279 3571 apostolicae
1306 3506 1455 3573 vigor
1482 3516 1760 3569 occurrat,
1795 3524 1900 3560 non
1944 3514 2027 3561 est

443 3593 685 3656 dubium,
714 3595 842 3661 quin
888 3592 1142 3647 effrenata
1194 3595 1430 3662 nequitia
1464 3610 1584 3648 cum
1637 3597 1888 3667 restriugi
1933 3612 2019 3652 voc

442 3683 625 3749 luerit,
654 3698 683 3736 a
709 3698 898 3737 cursus
919 3684 1001 3737 sui
1031 3683 1230 3753 impetu
1262 3687 1526 3741 desistere
1552 3696 1809 3756 nequeat.

952 3771 1201 3827 CAPUT-
1220 3774 1510 3829 PRlMUM.

588 3861 664 3915 De
702 3861 1000 3915 diversitate
1052 3865 1375 3929 peccantium
1405 3876 1586 3917 contra
1612 3880 1877 3920 naturam.

519 3955 589 4009 Ut
614 3964 792 4007 autem
837 3970 922 4007 res
952 3953 1102 4013 vobis
1154 3963 1263 4007 tota
1305 3970 1400 4022 per
1436 3956 1683 4010 ordinem
1717 3966 1922 4025 pateat,
1953 3975 2022 4013 ex

441 4047 603 4113 hujus
650 4046 902 4113 nequitia:
939 4046 1143 4099 scelere
1195 4060 1425 4115 quatuor
1457 4049 1805 4102 diversitates
1857 4050 2017 4105 fiunt.

442 4137 544 4190 Alii
573 4138 834 4205 siquidem
862 4152 1070 4199 secum,
1108 4136 1195 4189 alii
1217 4138 1443 4190 aliorum
1470 4140 1740 4204 manibus,
1769 4140 1856 4193 alii
1883 4142 2025 4197 inter

442 4226 674 4285 femora.
709 4223 795 4279 alii
828 4226 1059 4295 denique
1087 4237 1459 4280 consummato
1499 4238 1620 4281 actu
1653 4240 1840 4284 contra
1867 4243 2023 4287 natu-

444 4332 559 4368 ram
590 4315 907 4383 delinquunt
936 4332 950 4379 ;
978 4325 1034 4369 et
1060 4316 1112 4368 in
1161 4316 1243 4370 his
1275 4318 1349 4370 ita
1399 4334 1494 4386 per
1543 4322 1742 4389 gradus
1773 4324 2026 4377 ascendi-

442 4416 550 4471 tur,
579 4417 637 4459 ut
662 4423 889 4476 quaeque
946 4408 1243 4476 posteriora
1299 4389 1725 4477 praecedentibus
1774 4414 2020 4479 graviora

439 4499 773 4566 jndiceutur.
838 4496 1007 4563 Major
1035 4499 1298 4565 siquidem
1348 4500 1667 4565 poenitentia
1718 4500 1822 4555 illis
1853 4502 2022 4571 impoo

2128 3314 2292 3367 deant
2336 3314 2449 3383 jam
2500 3318 2753 3385 promoti.
2791 3315 2927 3385 Quia
2960 3329 3015 3374 et
3052 3324 3248 3376 rationi
3282 3331 3643 3393 contrarium,
3682 3344 3737 3390 et

2128 3408 2408 3461 canonicis
2452 3409 2674 3464 Patrum
2703 3414 3083 3469 sanctionibus
3113 3418 3385 3483 probatur
3417 3424 3729 3481 adversum.

2126 3494 2242 3549 lloc
2268 3508 2448 3551 autem
2480 3515 2587 3553 non
2619 3506 2687 3554 ad
2717 3504 2819 3557 hoc
2863 3519 3071 3571 assero,
3100 3517 3159 3561 ut
3186 3508 3237 3561 in
3288 3512 3587 3581 majestalis
3636 3533 3730 3573 ve-

2127 3594 2256 3645 stra:
2282 3590 2573 3667 praesentia
2625 3591 2917 3647 definitiva:
2958 3598 3243 3651 sententite
3266 3600 3533 3656 calculum
3556 3607 3738 3675 profe-

2130 3692 2269 3741 ram,
2304 3679 2397 3732 sed
2451 3690 2509 3733 ut
2567 3685 2801 3752 propria:
2827 3687 3104 3753 opinionis
3136 3691 3422 3747 arbitrium
3473 3702 3732 3765 pandant.

2126 3767 2241 3820 lloc
2264 3784 2457 3838 nempe
2487 3770 2749 3840 ﬂagitium
2806 3776 2949 3829 inter
2972 3790 3167 3831 cmtera
3201 3782 3431 3838 crimina
3491 3802 3597 3842 non
3627 3790 3734 3844 im-

2126 3858 2324 3912 merito
2374 3860 2733 3917 deterrimum
2787 3867 3066 3932 creditur;
3100 3871 3540 3942 quandoquidem
3603 3878 3734 3935 illud

2125 3949 2470 4017 omnipotens
2499 3952 2642 4007 Deus
2663 3969 2879 4025 semper
2919 3973 3028 4013 uno
3060 3962 3219 4015 modo
3243 3978 3468 4018 exosum
3503 3968 3732 4025 habuis-

2125 4051 2183 4090 se
2222 4037 2435 4110 legitur.
2479 4052 2531 4096 et
2556 4058 2680 4097 cum
2724 4047 2951 4115 reliquis
2982 4049 3129 4105 vitiis
3160 4055 3389 4108 necdum
3422 4072 3520 4125 per
3548 4059 3733 4127 legale

2125 4140 2455 4199 praeceptum
2493 4133 2647 4189 frena
2680 4148 2961 4206 posuerat,
2998 4140 3112 4209 jam
3144 4144 3246 4200 hoc
3273 4146 3538 4205 districta:
3569 4152 3731 4208 ultio-

2126 4224 2209 4277 nis
2245 4224 2723 4285 animadversione
2773 4233 3092 4290 damnabat.
3151 4237 3305 4303 Nam,
3341 4251 3397 4295 ut
3429 4250 3730 4314 taceamus,

2125 4318 2268 4383 quod
2303 4316 2595 4373 Sodomam
2628 4321 3068 4380 etGomorrham
3102 4325 3254 4397 (Gen.
3286 4330 3447 4403 (xix),
3488 4335 3733 4399 duasvi-

2125 4406 2319 4460 delicet
2350 4410 2598 4478 egregias
2622 4412 2893 4479 civitates,
2920 4430 3220 4485 omnesque
3260 4419 3518 4479 ﬁnitimas
3550 4427 3730 4496 regio-

2124 4513 2242 4559 nes,
2271 4500 2436 4554 misso
2472 4502 2687 4557 emlitus
2716 4506 2975 4573 sulphure
3004 4516 3059 4561 et
3089 4509 3211 4575 igne
3242 4512 3541 4579 subvertit;
3572 4516 3731 4575 Onan

442 4589 588 4641 nitur
614 4588 705 4656 qui
735 4602 856 4640 cum
893 4587 1011 4642 aliis
1033 4589 1251 4653 cadunt,
1286 4606 1447 4657 quam
1475 4592 1539 4644 iis
1563 4593 1651 4660 qui
1694 4607 1790 4660 per
1828 4605 2023 4649 semet-
2053 4582 2101 4641 D
2128 4585 2278 4641 Juda:
2308 4589 2473 4642 lilium
2524 4603 2747 4661 propter
2783 4595 2884 4648 hoc
2914 4596 3179 4651 nefarium
3226 4602 3405 4657 scelus
3436 4605 3733 4667 immatura

440 4680 586 4749 ipsos
667 4680 1021 4745 sordeseunt;
1079 4690 1132 4735 et
1202 4683 1496 4738 districtius
1551 4682 1864 4751 judicantur
1927 4689 2021 4756 qui

441 4786 622 4829 actum
654 4784 1051 4838 consummant,
1082 4790 1243 4844 quam
1277 4776 1309 4829 ii
1338 4778 1425 4844 qui
1460 4779 1601 4832 inter
1632 4777 1835 4833 femora
1872 4782 2021 4835 eoin-

440 4868 754 4937 quinantur.
816 4866 922 4921 llos
982 4867 1163 4936 itaque
1216 4870 1507 4922 corrueudi
1574 4871 1776 4939 gradus
1821 4872 2019 4927 artifex

441 4958 640 5012 diaboli
690 4957 1020 5010 machinatio
1068 4958 1291 5027 reperit,
1339 4967 1395 5011 ut
1444 4973 1551 5027 quo
1584 4959 1744 5013 altius
1791 4976 1887 5029 per
1924 4978 2018 5017 eos

440 5050 773 5113 ascenditur,
808 5066 871 5103 eo
897 5050 1186 5118 proclivius
1218 5049 1402 5104 infelix
1436 5052 1614 5105 anima
1640 5051 1707 5105 ad
1748 5054 2027 5122 gehenna—

443 5141 508 5197 lis
531 5140 771 5197 barathri
806 5140 1067 5208 profunda
1099 5138 1393 5211 mergatur.

976 5251 1133 5321 150
1170 5250 1394 5306 CAPUT
1426 5250 1488 5304 ιι.

440 5345 593 5411 Quod
635 5342 944 5399 inordinata
995 5356 1251 5398 rectorum
1310 5346 1475 5411 pietas
1507 5343 1682 5413 lapsos
1743 5345 1806 5398 ab
1840 5347 2024 5402 ordine

1011 5432 1111 5469 non
1139 5422 1447 5484 compescat.

506 5506 676 5576 Hujus
707 5521 844 5561 sane
900 5505 1215 5574 perditionis
1237 5507 1453 5561 obnoxii
1486 5522 1625 5579 sarpe
1655 5509 1916 5579 largiente
1948 5511 2023 5565 di-

430 5600 547 5654 vina
575 5596 876 5654 clementia
915 5595 1254 5663 resipiscunt,
1288 5605 1449 5665 atque
1478 5601 1541 5653 ad
1589 5600 2017 5657 satisfactionem

424 5693 669 5752 veniunt,
700 5698 757 5742 et
810 5685 1143 5754 pteuitentice
1204 5689 1419 5756 quidem
1473 5692 1683 5758 pondus
1723 5692 2022 5760 quamlibet

418 5799 583 5857 grave
607 5781 818 5837 devote
857 5776 1179 5847 suscipiunt,
1228 5779 1666 5837 ecclesiasticum
1698 5799 1826 5839 vero
1872 5783 2021 5845 ordi-

2128 4688 2301 4732 morte
2330 4684 2618 4748 percussit,
2647 4693 2780 4738 teste
2803 4686 3108 4755 Scriptura,
3142 4706 3259 4758 qua:
3279 4692 3445 4746 dicit:
3480 4714 3498 4746 ι
3537 4696 3733 4757 Sciens

2127 4768 2279 4823 Onan
2316 4787 2421 4825 non
2447 4774 2549 4827 sibi
2582 4776 2729 4829 nasci
2760 4776 2917 4841 filios,
2958 4779 3226 4835 introiens
3256 4783 3321 4836 ad
3352 4799 3575 4840 uxorem
3612 4787 3731 4845 fra-

2127 4861 2224 4954 tris
2249 4863 2328 4915 sui
2361 4878 2374 4926 ;
2409 4878 2593 4919 semen
2628 4867 2897 4925 fundebat.
2919 4871 2969 4923 in
3000 4880 3228 4938 terram,
3261 4890 3329 4929 ne
3374 4876 3537 4933 liberi
3568 4880 3727 4954 151

2124 4948 2310 5004 fratris
2361 4954 2578 5007 nomine
2619 4969 2976 5011 nascerentur
3025 4978 3038 5012 :
3100 4970 3155 5013 et
3200 4963 3404 5019 ideirco
3461 4948 3735 5035 percussit

2125 5056 2249 5095 eum
2303 5042 2585 5112 Dominus,
2627 5063 2694 5101 eo
2749 5050 2891 5117 quod
2933 5066 3047 5104 rem
3102 5033 3733 5118 detestabilemdaceret

2128 5134 2283 5205 (Gen.
2321 5138 2573 5209 xxxvm).
2606 5159 2625 5191 ι
2665 5138 2718 5192 ln
2754 5139 2869 5210 lege
2900 5157 3117 5210 quoque
3140 5144 3378 5199 dicitur:
3418 5167 3436 5198 ι
3474 5147 3575 5214 Qui
3602 5150 3731 5206 dor-

2127 5229 2310 5282 mierit
2340 5246 2462 5283 cum
2502 5241 2745 5287 masculo
2776 5235 2919 5288 coitu
2970 5235 3223 5297 femineo,
3256 5248 3487 5309 uterque
3517 5244 3728 5311 operati

2127 5332 2256 5376 sunt
2281 5322 2455 5386 nefas,
2490 5333 2666 5379 morte
2693 5326 3031 5394 moriantur;
3063 5329 3289 5401 sanguis
3314 5346 3503 5385 eorum
3535 5334 3606 5388 sit
3638 5350 3726 5390 su-

2125 5428 2225 5483 per
2252 5430 2344 5469 eos
2369 5414 2554 5486 (Leuit.
2581 5416 2695 5490 xx).
2734 5436 2755 5471 ι

2198 5506 2351 5573 Quod
2382 5517 2561 5563 autem
2591 5509 2658 5563 ad
2687 5508 3121 5567 ecclesiasticum
3145 5514 3390 5568 ordinem
3416 5519 3724 5581 promoveri

2128 5616 2233 5655 non
2263 5603 2475 5667 debeat,
2509 5604 2598 5672 qui
2650 5605 2703 5659 in
2758 5605 2888 5661 illud
2947 5608 3155 5662 crimen
3200 5609 3380 5677 lapsus
3428 5618 3529 5673 est,
3578 5614 3726 5680 quod

2126 5704 2282 5747 vetus
2334 5694 2416 5749 lex
2472 5695 2719 5766 praecipit
2770 5708 2944 5753 morte
2972 5698 3239 5765 damnari,
3270 5709 3502 5753 testatur
3528 5700 3723 5756 beatus

2126 5802 2263 5858 papa
2287 5788 2729 5863 Gregoriusuib.
2748 5809 2804 5862 x,
2826 5794 2985 5863 epist.
3005 5793 3116 5864 l3),
3135 5794 3226 5865 qui
3252 5795 3303 5849 in
3336 5793 3449 5848 suis
3474 5794 3723 5863 epistolis
