5392 6564
1827 505 1934 608 λεδ

2288 551 2344 607 S.
2371 550 2570 606 PETRI
2601 547 2883 605 DAMIANI
2919 548 3068 605 OPP.
3101 548 3336 606 'I‘OIIUS
3374 549 3501 605 SEU
3544 549 3724 607 PARS
3763 551 3936 607 III.—
3974 548 4336 608 OPUSCULA
4379 548 4607 606 VARIA.

4970 553 5071 611 ια

1828 669 2054 729 Passtvo
2082 673 2330 736 episcopo
2358 666 2564 728 scribit,
2597 664 2785 720 dicens
2815 682 2828 718 :
2861 682 2880 716 ‹
2917 662 3061 719 Bene
3106 664 3254 720 novit
3293 662 3401 717 fra-
3428 665 3478 723 Α
3504 662 3935 732 qualemcunque
3994 666 4154 718 habet
4216 663 4608 725 hazreditatem,
4662 677 4767 731 qua
4816 677 5072 733 prmum-

1829 760 2057 816 ternitas
2080 769 2279 822 vestra,
2305 774 2464 828 quam
2510 758 2670 826 longo
2719 768 2961 828 tempore
2990 758 3273 827 Aprutiutn
3302 771 3397 826 pa-

1829 854 2015 912 storali
2067 852 2426 906 sollicitudine
2455 852 2525 906 sit
2554 853 2873 906 destitutum
2904 868 2919 905 :
2945 851 3033 906 ubi
3060 852 3149 906 diu
3198 851 3399 920 qua-si-

1828 947 2020 1007 vimus,
2048 944 2137 1012 qui
2187 944 2422 997 ordinari
2456 943 2749 1008 debuisset,
2779 955 2832 999 et
2861 959 3195 1015 nequaquam
3227 944 3401 1010 potui-

1828 1054 1947 1094 mus
1998 1036 2271 1101 invenire;
2303 1036 2395 1090 sed
2451 1038 2578 1106 quia
2630 1038 2969 1107 Importunus
3005 1037 3133 1091 mihi
3180 1037 3291 1089 suis
3344 1037 3398 1089 itt

1825 1129 2085 1192 moribus,
2116 1128 2170 1181 in
2220 1128 2531 1196 psalmodize
2581 1131 2780 1191 studio,
2811 1130 2863 1182 in
2908 1143 3091 1184 amore
3135 1128 3398 1182 orationis

1823 1218 1978 1273 valde
2020 1218 2289 1284 laudatur,
2325 1227 2380 1272 et
2429 1218 2730 1288 religiosam
2774 1219 2936 1270 vitam
2983 1233 3140 1288 agere
3168 1218 3394 1280 dicitur;

1822 1308 1969 1362 hunc
1996 1305 2243 1360 volumus
2271 1315 2331 1359 ut
2367 1304 2680 1361 fraternitas
2727 1314 2907 1362 vestra
2940 1307 3006 1359 ad
3035 1320 3095 1360 se
3128 1304 3397 1361 faciatve—

1823 1397 1963 1459 nire,
2003 1405 2056 1451 et
2085 1396 2150 1449 de
2172 1396 2349 1449 anima
2378 1411 2471 1449 sua
2505 1396 2811 1456 admoneat,
2846 1405 3118 1463 quatenus
3158 1396 3211 1448 in
3242 1394 3397 1450 bonis

1822 1472 2016 1541 studiis
2039 1495 2247 1541 crescat
2273 1503 2287 1538 :
2316 1496 2368 1540 et
2390 1486 2433 1539 si
2451 1485 2591 1538 nulla
2626 1485 2674 1538 ei
2699 1485 2950 1548 crimina,
2982 1500 3102 1554 quae
3146 1500 3241 1554 per
3264 1483 3397 1554 legis

1820 1591 1992 1631 sacra:
2030 1575 2268 1645 regulam
2315 1582 2489 1629 morte
2520 1574 2747 1628 multata
2790 1570 2937 1637 sunt,
2962 1573 3211 1639 obviant;
3269 1584 3396 1629 tunc

1817 1665 2149 1720 ordinandus
2178 1673 2283 1729 est,
2336 1672 2395 1717 ut
2435 1663 2519 1716 vel
2550 1664 2867 1720 monachus.
2895 1662 3029 1717 vela
3062 1664 3214 1717 vobis
3264 1662 3394 1716 sub-

1816 1754 2078 1808 diaconus
2101 1754 2231 1817 liat;
2261 1763 2318 1807 et
2359 1762 2482 1821 post
2509 1753 2841 1821 aliquantum
2898 1752 3172 1822 temporis,
3215 1753 3260 1806 si
3287 1753 3394 1807 Deo

1814 1844 2103 1914 placuerit,
2138 1845 2249 1914 ipse
2283 1843 2349 1897 ad
2380 1843 2703 1911 pastoralem
2740 1859 2924 1896 curam
2951 1842 3144 1897 debeat
3177 1858 3393 1913 promo-

1814 1934 1949 1988 veri.
2002 1954 2021 1985 ι
2056 1934 2194 1987 Ecce
2227 1932 2313 1985 hic
2338 1943 2523 2000 aperte
2561 1931 2849 2002 colligitur,
2890 1932 3016 2001 quia
3038 1932 3279 2001 quisquis
3309 1934 3392 1987 vir

1811 2039 1935 2078 cum
1979 2023 2097 2078 viro
2146 1997 2385 2085 labitur,‘
2420 2020 2562 2092 quod
2611 1997 2862 2075 nimirum
2892 1997 3088 2085 scelus,
3128 2031 3185 2075 ut
3229 2038 3387 2092 snpra
3423 1997 3463 2054 Β

1813 2112 2119 2175 docuimus,
2162 2127 2259 2180 per
2286 2122 2510 2166 vetusta:
2532 2111 2665 2179 legis
2689 2111 3011 2165 sententiam
3044 2122 3218 2164 morte
3253 2112 3392 2165 mul-

1813 2208 1980 2262 tatur,
2005 2202 2217 2255 etiamsi
2253 2201 2491 2255 honestis
2538 2202 2777 2255 moribus
2820 2201 3037 2270 polleat,
3081 2202 3124 2255 si
3156 2202 3390 2270 psalmo-

1816 2289 1920 2343 dia:
1950 2288 2129 2342 studio
2160 2287 2385 2350 ferveat,
2414 2289 2461 2342 si
2515 2289 2568 2340 in
2600 2304 2781 2342 amore
2812 2289 3073 2343 orationis
3105 2290 3388 2355 enitescat,

1811 2387 1870 2432 et
1897 2379 2113 2434 omnino
2141 2379 2443 2449 religiosam
2469 2379 2632 2432 vitam
2661 2379 2761 2433 sub
2787 2381 3096 2448 approbata.-
3123 2379 3280 2434 famm
3313 2391 3390 2435 te-

1807 2468 2066 2523 stimonio
2094 2469 2295 2535 ducat;
2326 2469 2505 2524 reatus
2550 2470 2763 2539 quidem
2809 2469 3199 2539 indulgentiam
3230 2473 3388 2542 pletie

1808 2565 1988 2627 potest
2047 2559 2313 2629 accipere,
2360 2560 2427 2614 ad
2479 2560 2905 2614 ecclesiasticum
2955 2577 3084 2616 vero
3139 2563 3385 2618 ordinem

1814 2660 2157 2716 nequaquam
2183 2650 2517 2717 permittitur
2552 2650 2815 2717 aspirare.
2842 2648 2976 2702 Nam
3031 2667 3152 2705 cum
3197 2654 3262 2706 de
3299 2653 3388 2707 illo

1811 2737 2107 2790 venerabili
2149 2738 2285 2801 viro,
2339 2738 2589 2792 videlicet
2632 2738 2965 2807 lmportuno,
3018 2741 3107 2808 qui
3158 2742 3387 2808 primum

1808 2834 1960 2879 tanto
2007 2826 2220 2880 fervore
2266 2826 2437 2880 laudis
2472 2826 2750 2889 attollitur,
2785 2836 2859 2881 tot
2884 2827 3168 2898 religiosas,
3204 2840 3258 2883 et
3294 2831 3388 2884 hoc

1818 2924 1987 2971 nestae
2009 2918 2128 2982 vita:
2156 2917 2341 2972 infulis
2367 2919 2671 2983 redimitur,
2707 2927 2785 2972 tot
2823 2921 3076 2973 virtutum
3107 2922 3387 2989 praeconiis

1805 3006 2124 3071 decoratur;
2159 3017 2338 3061 tamen
2380 3010 2717 3077 postmodum
2743 3009 2941 3062 dicitur
2976 3027 2988 3062 :
3028 3027 3045 3059 ι
3078 3010 3134 3063 Si
3167 3009 3308 3062 nulla
3337 3009 3387 3063 ei

1808 3096 2062 3165 crimina,
2095 3113 2215 3167 qua:
2268 3113 2366 3167 per
2401 3114 2569 3153 sacra:
2615 3101 2747 3168 legis
2782 3100 3019 3169 regulam
3053 3110 3223 3155 morte
3252 3101 3386 3153 mul-

1807 3193 1920 3238 tata
1954 3197 2094 3252 sunt,
2141 3185 2413 3254 obiiciant,
2469 3199 2593 3244 tunc
2639 3191 2969 3245 ordinandus
3014 3201 3113 3245 est.
3151 3210 3170 3243 ι
3232 3191 3386 3246 Patet

1805 3276 2069 3348 profecto,
2119 3279 2242 3346 quia
2287 3295 2443 3346 quem
2478 3281 2695 3349 dignum
2728 3293 2902 3337 morte
2939 3284 3142 3337 crimen
3175 3283 3381 3350 abiece-

1804 3374 1914 3427 rat,
1947 3367 2197 3434 quaelibet
2224 3369 2473 3437 religiosa
2503 3370 2609 3423 vita
2634 3372 2966 3440 subsequens
2988 3374 3053 3425 ad
3086 3374 3379 3442 suscipien-

1804 3453 1933 3505 dum
1961 3454 2311 3510 ecclesiastici
2344 3458 2542 3524 gradus
2560 3460 2801 3512 ordinem
2829 3476 2933 3513 non
2965 3460 3240 3516 reformat.
3274 3461 3382 3516 Nec

1806 3540 1952 3595 valet
1987 3544 2052 3595 ad
2081 3544 2431 3598 obtinendum
2458 3546 2677 3600 honoris
2704 3547 2917 3601 culmen
2949 3564 3257 3616 assurgere,
3288 3551 3380 3617 qui

1802 3631 1857 3683 in
1892 3632 2136 3686 mortalis
2180 3634 2348 3703 culpa:
2392 3635 2710 3689 barathrum
2763 3653 2870 3691 non
2914 3639 3207 3708 ambigitur
3241 3639 3381 3692 (Ἑοί-

1801 3719 1964 3774 disse.
2003 3720 2147 3776 Luce
2176 3737 2304 3792 ergo
2331 3724 2528 3778 clarius
2547 3735 2781 3788 constat,
2804 3728 2929 3795 quia
2955 3730 3260 3798 quicunque
3291 3731 3375 3782 di-

1800 3818 1889 3861 cto
1918 3810 2077 3863 modo
2108 3810 2289 3880 lapsus
2341 3827 2460 3866 esse
2514 3814 2872 3878 convincitur,
2896 3818 3037 3883 quod
3073 3817 3187 3870 sine
3217 3818 3379 3869 dubio

1801 3896 2031 3950 mortale
2054 3898 2257 3954 crimen
2286 3910 2391 3962 est,
2426 3901 2647 3955 omnino
2671 3911 2862 3955 contra
2903 3918 3071 3975 saera:
3097 3902 3228 3972 legis
3257 3918 3381 3974 nor-

1806 4001 1974 4051 mam,
2001 3987 2221 4043 omnino
2256 3999 2441 4042 contra
2464 3989 2659 4045 divina:
2680 3990 3018 4045 auctoritatis
3047 3990 3286 4058 regulam
3311 3990 3377 4044 ad

1802 4075 2231 4137 ecclesiasticum
2261 4080 2504 4133 ordinem
2533 4088 2896 4148 promovetur.

2414 4169 2640 4223 CAPUT
2664 4170 2752 4224 IV.

1794 4253 1856 4309 Si
1882 4257 2225 4318 ecclesiastica
2252 4262 2525 4335 necessitas
2546 4270 2951 4335 poscatyulrum
2969 4263 3162 4318 talibus
3173 4266 3269 4319 hoc
3291 4267 3375 4335 of-

2246 4330 2422 4397 ﬁcium
2447 4347 2691 4400 peragere
2733 4332 2909 4385 liceat.

1864 4415 1970 4470 Sed
2002 4416 2233 4473 fortasse
2263 4420 2480 4486 dicitur,
2508 4424 2802 4477 necessitas
2825 4425 3091 4491 imminet,
3119 4441 3371 4495 persona,

1792 4520 1915 4575 qure
1937 4521 2150 4561 sacrum
2199 4510 2252 4563 in
2292 4510 2532 4567 Ecclesia
2577 4511 2810 4569 cilicium
2839 4527 3081 4585 peragat,
3110 4520 3288 4585 deest;
3318 4531 3374 4575 et

1792 4612 2032 4666 congrue
2060 4603 2343 4664 sententia,
2370 4618 2487 4671 qua:
2501 4606 2660 4671 prius
2690 4606 2868 4660 divina
2892 4609 3101 4676 justitia
3133 4611 3370 4666 dictante

3408 3334 3450 3395 C

3501 752 3702 820 ptione,
3744 769 3850 821 quo
3875 755 4164 808 temerario
4187 752 4324 807 fastu
4355 753 4405 805 in
4448 751 4703 813 Ecclesia,
4735 767 4853 820 qua:
4879 754 5074 809 nihilo-

3501 841 3679 894 minus
3705 850 3787 894 est
3815 856 4039 911 regnum
4078 844 4193 907 Dei,
4220 841 4460 895 obtineat
4489 841 4707 910 insuper
4725 841 5071 911 dignitatem?

3499 931 3746 1000 Nunquid
3770 933 3859 1000 qui
3880 934 4114 987 divinam
4139 933 4308 1001 legem
4336 932 4388 985 in
4414 931 4619 986 facinus
4659 933 4900 988 cadendo
4926 943 5071 1003 post-

3496 1024 3705 1088 posuit,
3759 1024 4097 1078 ascendendo
4141 1024 4301 1077 etiam
4341 1024 4408 1076 ad
4436 1021 4813 1076 ecclesiastica:
4842 1024 5072 1093 dignita-

3498 1112 3567 1164 tis
3616 1113 3846 1167 oﬂicium
3893 1123 4239 1169 contemnere
4286 1128 4389 1167 non
4425 1114 4681 1167 timebit?
4718 1114 4785 1168 Et
4812 1116 4944 1169 nihil
4968 1117 5067 1171 sibi

3498 1213 3758 1267 reservat,
3792 1205 3916 1272 quia
3973 1205 4142 1258 Deum
4170 1212 4517 1258 contemnere
4577 1205 4633 1258 in
4677 1205 4924 1261 omnibus
4964 1221 5070 1261 non

3496 1290 3771 1347 formidat.

3564 1381 3667 1435 Sed
3698 1382 3800 1436 illis
3824 1383 4064 1452 profecto
4091 1385 4207 1438 haec
4238 1389 4324 1438 lex
4348 1386 4657 1454 specialiter
4692 1396 4774 1441 est
4799 1388 5017 1452 Indicta,
5039 1402 5072 1444 a

3495 1473 3688 1541 quibus
3738 1475 3944 1528 exstitit
4000 1476 4220 1539 violata,
4254 1485 4388 1531 teste
4441 1475 4742 1546 Paulo,qui
4775 1478 4844 1532 ad
4893 1478 5071 1535 Timo-

3495 1563 3676 1615 theum
3727 1564 3988 1627 scribens,
4016 1565 4092 1619 ait
4116 1583 4130 1618 :
4164 1583 4182 1615 ι
4215 1564 4367 1620 Justo
4398 1567 4480 1621 lex
4509 1583 4614 1621 non
4642 1579 4725 1623 est
4753 1570 4946 1639 posita,
4975 1571 5071 1626 sed

3494 1652 3722 1722 injustis,
3749 1654 3926 1723 impiis
3954 1665 4003 1709 et
4054 1657 4454 1725 peccatoribus,
4501 1648 4778 1717 sceleratis
4802 1673 4856 1717 et
4885 1673 5071 1718 canta-

3495 1746 3740 1810 miuatis,
3787 1748 4063 1814 pati-iridis
4111 1759 4166 1804 et
4218 1752 4536 1815 matricidis,
4575 1754 4875 1819 bomicidis,
4904 1754 5070 1809 furni-

3492 1837 3677 1899 Cariis,
3723 1846 3777 1891 et
3831 1840 4190 1894 masculorum
4244 1843 4708 1908 concubitoribus,
4759 1846 5064 1917 plagiariis,

3493 1927 3862 1990 mendacibus,
3891 1927 4142 1996 perjuris,
4172 1940 4227 1984 et
4251 1931 4294 1985 si
4317 1932 4444 2001 quid
4467 1932 4612 1987 aliud
4642 1949 4785 1988 sana:
4812 1936 5068 1990 doetrina'

3491 2013 3807 2067 adversatur
3829 2016 3879 2083 (I
3916 2016 4050 2070 Tim.
4081 2021 4141 2088 t).
4180 2038 4200 2071 ι
4226 2019 4359 2072 Dum
4388 2021 4550 2088 igitur
4571 2023 4926 2077 masculorum
4941 2039 5069 2079 con-

3489 2099 3842 2164 cubitoribus,
3875 2112 3933 2164 ut
3988 2113 4265 2157 ostensum
4292 2114 4393 2169 est,
4432 2107 4516 2161 lex
4550 2108 4639 2161 illa
4668 2110 4741 2163 sit
4778 2111 4973 2178 posita,
5004 2125 5061 2167 ut

3491 2202 3676 2242 sacros
3722 2192 3941 2245 ordines
3986 2201 4253 2249 temerare
4303 2211 4410 2249 non
4463 2199 4713 2263 audeant,
4759 2215 4790 2253 a
4851 2202 5064 2269 quibus,

3459 2274 3468 2280 ’
3492 2292 3640 2346 rogo,
3680 2279 3765 2333 lex
3804 2281 3905 2334 ista
3935 2283 4260 2347 servabitur,
4285 2285 4330 2339 si
4358 2285 4425 2340 ab
4453 2287 4533 2340 his
4558 2287 4842 2359 praeeipue,
4871 2292 5068 2360 quibus

3490 2370 3689 2425 indicta
3717 2380 3820 2435 est,
3858 2377 4270 2428 contemnatur?
4295 2377 4359 2429 Et
4386 2379 4430 2433 si
4459 2378 4686 2433 fortasse
4709 2396 4935 2449 persona
4964 2383 5069 2436 uti-

3488 2458 3553 2514 lis
3577 2461 3793 2525 dicitur,
3811 2461 4015 2529 justum
4044 2475 4145 2529 est,
4179 2476 4237 2520 ut
4268 2482 4374 2536 quo
4399 2470 4709 2537 prudentius
4732 2472 5064 2540 ingeniorum

3487 2550 3679 2604 studiis
3702 2552 3867 2621 viget,
3904 2568 3970 2605 eo
4009 2556 4221 2610 cautius
4257 2558 4579 2611 authentiea:
4599 2560 4894 2614 sanctionis
4915 2577 5066 2615 man-

3487 2640 3610 2694 data
3643 2651 3948 2696 conservet.
3979 2642 4356 2714 Unusquisque
4383 2648 4523 2700 enim
4546 2664 4653 2716 quo
4683 2650 4877 2705 melius
4900 2653 5060 2720 sapit,

3486 2744 3553 2785 eo
3579 2731 3814 2786 deterius
3862 2734 4141 2805 delinquit.
4199 2736 4333 2801 Quia
4366 2737 4746 2792 inevitabiliter
4774 2742 5065 2797 merehitztr

3488 2823 3806 2890 supplicium
3836 2826 3925 2892 qui
3964 2827 4285 2894 prudenter,
4312 2828 4356 2882 si
4392 2828 4667 2891 voluisset,
4696 2831 4870 2899 potuit
4897 2832 5063 2884 evita-

3488 2926 3547 2965 re
3567 2920 3864 2979 peccatum.
3892 2913 4024 2968 Nam
4059 2927 4116 2970 ut
4168 2918 4358 2971 beatus
4389 2920 4465 2971 ait
4487 2918 4717 2973 Iacobus
4750 2937 4763 2972 :
4803 2940 4821 2971 ι
4858 2919 5062 2975 Scienti

3486 3000 3709 3066 bonum,
3739 3013 3793 3056 et
3827 3020 3930 3057 non
3960 3004 4201 3069 facienti,
4232 3016 4510 3075 peccatum
4540 3017 4621 3061 est
4644 3007 4717 3060 illi
4741 3007 4881 3077 (Jac.
4908 3009 5009 3078 tv).
5036 3029 5055 3062 υ

3491 3091 3555 3144 Et
3578 3093 3792 3147 Veritas
3818 3095 3950 3148 dicit
3984 3115 3995 3147 :
4035 3117 4052 3147 ‹
4082 3096 4177 3150 Cui
4203 3098 4319 3165 plus
4346 3099 4720 3161 committitur,
4762 3100 4879 3168 plus
4908 3102 4975 3154 ab
4996 3117 5061 3156 eo

3488 3182 3816 3250 requiratur.
3856 3202 3873 3235 ι
3908 3184 4040 3238 Nam
4069 3187 4113 3240 si
4148 3188 4196 3240 in
4224 3187 4435 3240 erudito
4461 3187 4699 3256 quolibet
4725 3190 4840 3241 viro
4884 3189 5060 3244 eccle-

3487 3272 3725 3327 siastica:
3747 3273 4043 3343 disciplinae
4088 3278 4220 3331 ordo
4269 3278 4635 3343 confunditur,
4668 3279 4863 3332 mirum
4897 3280 4941 3334 si
4992 3282 5059 3335 ab

3484 3366 3762 3434 ignorante
3788 3377 4053 3419 servatur.
4085 3368 4141 3420 Si
4173 3367 4315 3422 enim
4373 3370 4579 3436 peritus
4601 3370 4828 3437 quisque
4856 3371 5061 3426 inordi-

3481 3464 3605 3506 nate
3648 3453 3716 3506 ad
3764 3455 4007 3510 ordinem
4038 3457 4271 3517 dtteitur.
4318 3457 4528 3511 videtur
4558 3459 4953 3526 quodammodo
5000 3477 5061 3516 se

3481 3543 3848 3610 sequentibus,
3880 3554 3953 3606 et,
4008 3555 4064 3597 ut
4095 3545 4165 3597 ita
4198 3547 4396 3609 dicam,
4420 3536 4832 3613 simplicioribus
4859 3551 5060 3606 erroris

3479 3630 3724 3682 semitam
3775 3641 4042 3695 Sternere,
4073 3646 4235 3700 quam
4282 3632 4400 3701 ipse
4424 3648 4705 3702 aggressus
4725 3646 4825 3699 est,
4856 3638 5059 3692 tumido

3477 3723 3741 3791 superbiae
3762 3723 3898 3791 pede
3936 3723 4152 3777 calcare
4176 3742 4188 3777 :
4220 3735 4275 3778 et
4294 3740 4398 3778 non
4425 3724 4595 3778 solum
4612 3725 4931 3795 judicandus
4952 3737 5054 3791 est,

3477 3817 3602 3882 quia
3626 3816 3898 3884 peccavit;
3932 3817 4027 3870 sed
4055 3817 4217 3871 etiam
4258 3819 4380 3886 quia
4415 3819 4643 3888 propriae
4685 3822 5055 3890 praesumptio-

3479 3903 3565 3956 nis
3588 3904 3831 3971 exemplo
3853 3906 3918 3956 ad
3963 3906 4356 3960 annulationem
4380 3908 4634 3975 peccandi
4655 3915 4711 3962 et
4747 3906 4883 3962 alios
4919 3908 5054 3963 iuvi-

3479 3994 3636 4047 tavit.

4111 4085 4338 4142 CAPUT
4374 4085 4433 4140 ν.

3478 4172 3629 4238 Quod
3641 4243 3650 4247 _
3676 4174 3729 4247 in
3762 4174 4032 4241 reprabum
4083 4193 4289 4228 tensum
4337 4175 4470 4243 lapsi
4496 4186 4637 4241 sum,
4668 4178 4760 4247 qui
4813 4188 4926 4246 post
4955 4180 5049 4235 hoc

3605 4243 3780 4296 tilium
3809 4246 3996 4297 habere
4027 4262 4235 4297 sacrant
4265 4247 4498 4299 ordinem
4529 4243 4922 4317 concupiscam.

3547 4334 3676 4399 Quis
3708 4334 3849 4387 enim
3901 4336 4059 4388 surda
4113 4351 4243 4389 aure
4295 4346 4600 4404 praetereat,
4631 4338 4739 4392 imo
4785 4340 4907 4408 quis
4934 4354 5043 4396 non

3476 4423 3781 4476 medullitus
3811 4425 4212 4489 contremiscat,
4240 4425 4381 4494 quod
4423 4427 4487 4480 de
4523 4427 4716 4482 talibus
4739 4428 5042 4498 Apostolus,

3473 4512 3619 4565 velut
3667 4513 3793 4566 tuba
3851 4514 4158 4578 vehemens,
4208 4516 4435 4580 intonat,
4482 4517 4711 4572 dicens:
4750 4536 4767 4569 ι
4807 4518 5046 4574 Tradidit

3474 4603 3593 4657 illos
3623 4603 3764 4658 Deus
3795 4604 3846 4657 in
3891 4603 4156 4659 desideria
4207 4608 4386 4662 cordis
4429 4622 4640 4672 eorum,
4672 4609 4725 4662 in
4757 4609 5045 4663 immundi-

1791 4690 2145 4758 depromitur,
2189 4693 2369 4747 oblata
2422 4711 2599 4749 rerum
2653 4674 2971 4753 necessitate
3002 4701 3256 4755 "tollitur.
3285 4703 3366 4757 Ad
3397 4674 3444 4733 ί)
3474 4697 3621 4757 tiam,
3656 4705 3714 4749 ut
3739 4696 4076 4752 contumeliis
4112 4698 4344 4752 alliciant
4373 4715 4600 4769 corpora
4640 4717 4734 4755 sua
4768 4703 4821 4755 in
4848 4711 5045 4756 semet-

1791 4783 1906 4838 haec
1931 4798 2028 4853 ego
2070 4786 2450 4855 compendiose
2492 4789 2833 4857 respondeo:
2868 4791 3116 4859 Nunquid
3178 4802 3232 4845 et
3275 4809 3365 4847 ne-

1795 4876 2035 4928 nessitas
2094 4891 2198 4930 non
2272 4878 2605 4943 incubuerat,
2665 4896 2785 4934 cum
2834 4883 3152 4951 pontificalis
3210 4884 3364 4939 sedes

1793 4975 2011 5038 pastore
2043 4966 2312 5022 vacabat?
2369 4971 2449 5024 An
2499 4987 2594 5040 pro
2642 4973 2873 5026 utilitate
2922 4975 3078 5028 unius
3130 4976 3361 5031 hominis

1792 5070 2022 5109 censura
2057 5056 2361 5121 debebitur,
2392 5074 2509 5126 qua:
2542 5061 2591 5113 in
2622 5061 2969 5115 destitutione
3002 5063 3157 5117 unius
3181 5064 3364 5133 populi

1793 5144 1953 5213 152
1991 5144 2304 5200 inconcussa
2329 5148 2610 5200 servatur?
2639 5149 2704 5201 Et
2743 5165 2861 5219 qua:
2903 5167 3008 5204 non
3048 5151 3273 5205 solvitur
3295 5154 3361 5207 ad

1788 5231 2088 5300 profectum
2116 5234 2409 5289 innumerze
2439 5237 2814 5301 multitudinis,
2837 5239 3118 5293 violabitur
3144 5242 3212 5296 ob
3236 5258 3359 5311 per-

1787 5334 1934 5372 sona:
1960 5322 2302 5374 commodum
2334 5323 2655 5391 singularis?
2693 5327 2797 5381 Sed
2842 5326 2954 5395 jam
2986 5330 3098 5398 ipse
3151 5346 3361 5399 quoque

1789 5411 2114 5479 praedicator
2135 5414 2385 5483 egregius
2421 5417 2643 5489 accedat
2677 5420 2742 5474 ad
2774 5422 3029 5485 medium,
3061 5432 3115 5477 et
3142 5424 3267 5491 quid
3297 5425 3361 5479 de

1786 5502 1889 5556 hoc
1922 5505 2047 5558 vitio
2077 5508 2271 5559 sentiat
2299 5510 2615 5574 expressius
2645 5510 2964 5567 innotescat.
3016 5512 3105 5566 Ait
3135 5515 3276 5568 enim
3306 5515 3358 5569 In

1784 5592 2021 5660 Epistula
2057 5595 2123 5648 ad
2178 5596 2469 5664 Ephesios:
2503 5618 2518 5648 ι
2568 5598 2678 5655 Hoc
2726 5612 2904 5655 autem
2941 5604 3131 5659 scitote
3162 5605 3358 5659 intelli-

1788 5694 1992 5750 genles,
2027 5686 2165 5751 quod
2209 5687 2384 5740 omnis
2431 5689 2742 5755 fornicator,
2790 5703 2881 5745 aut
2914 5695 3239 5759 immundus,
3264 5705 3358 5748 aut

1788 5788 1998 5836 avarus,
2025 5791 2129 5830 non
2176 5778 2334 5833 habet
2368 5780 2736 5836 hmreiitatem
2774 5784 2827 5837 in
2860 5800 3024 5855 regno
3051 5786 3251 5841 Christi
3301 5798 3355 5841 et

1788 5862 1878 5918 Dei
1903 5865 2109 5933 (Εμιιεε.
2148 5872 2221 5940 v).
2268 5887 2284 5921 ι
2343 5869 2397 5925 Si
2431 5889 2558 5943 ergo
2592 5874 2900 5931 immundus
2956 5878 3009 5931 in
3058 5876 3193 5933 cmlo
3253 5893 3352 5933 nec

3469 4784 3607 4854 ipsis
3635 4785 3809 4851 (Rom.
3845 4788 3904 4855 r).
3945 4806 3961 4838 ι
3996 4787 4057 4841 Et
4088 4789 4245 4856 paulo
4271 4800 4390 4857 post
4432 4808 4444 4843 :
4499 4809 4516 4840 ι
4552 4789 4839 4860 Propterea
4882 4792 5044 4846 tradi-

3471 4875 3548 4927 dit
3593 4875 3710 4929 illos
3763 4874 3903 4929 Deus
3948 4877 4001 4930 in
4053 4882 4304 4947 passione
4346 4880 4668 4948 ignominim.
4713 4879 4841 4934 Nam
4885 4880 5042 4936 femi-

3469 4983 3551 5019 na:
3593 4981 3776 5019 eorum
3830 4969 4249 5022 itttntutaverunt
4297 4970 4591 5024 naturalem
4641 4986 4794 5023 usum
4840 4963 4889 5023 in
4919 4986 5040 5024 eum

3468 5073 3645 5118 usum,
3664 5059 3751 5125 qui
3778 5069 3861 5113 est
3877 5070 4061 5112 contra
4087 5071 4368 5125 naturain;
4398 5060 4644 5117 similiter
4666 5070 4842 5114 autem
4863 5069 4915 5114 et
4932 5077 5042 5114 ma.

3462 5149 3617 5214 sculi,
3656 5148 3808 5217 153
3837 5149 4022 5202 relicto
4051 5149 4278 5203 naturali
4311 5165 4408 5203 usu
4447 5150 4683 5211 feminas,
4715 5154 5041 5204 exarserunt

3462 5238 3518 5292 itt
3544 5237 3825 5291 desideriis
3854 5238 3966 5290 suis
4009 5237 4061 5290 in
4100 5238 4324 5291 invicem
4354 5280 4367 5302 ,
4417 5235 4637 5292 maseuli
4686 5238 4738 5291 in
4766 5237 5036 5292 masculos

3463 5327 3842 5396 turpitudinem
3880 5337 4164 5397 operantcs
4191 5347 4201 5380 :
4228 5335 4282 5383 et
4323 5328 4644 5392 mercedem,
4690 5342 4849 5395 quam
4874 5339 5036 5395 opor-

3462 5418 3583 5481 tuit,
3609 5417 3810 5471 erroris
3839 5417 3952 5480 sui,
3986 5418 4035 5471 in
4068 5419 4386 5487 semetipsos
4431 5418 4749 5487 recipientes
4776 5434 4788 5469 :
4817 5426 4872 5470 et
4897 5415 5036 5470 sicut

3458 5524 3563 5562 non
3600 5510 3958 5578 probaverunt
3999 5509 4196 5563 habere
4244 5508 4408 5562 Deum
4457 5509 4510 5563 in
4559 5508 4766 5571 notitia,
4820 5507 5036 5560 tradidit

3460 5600 3580 5655 illos
3613 5600 3752 5654 Deus
3782 5600 3833 5652 in
3866 5601 4150 5669 reprohum
4184 5616 4415 5663 sensum,
4468 5610 4526 5654 ut
4555 5600 4753 5655 faciant
4784 5614 4900 5666 qua:
4928 5613 5034 5652 non

3462 5692 4013 5762 conveniunt(lbid.).
4047 5712 4064 5743 ι
4098 5693 4234 5759 Quid
4281 5703 4363 5747 est
4392 5695 4533 5746 enim
4574 5694 4715 5763 quod
4761 5702 4881 5760 post
4927 5700 5033 5745 tant

3457 5799 3672 5853 gravem
3725 5781 3929 5851 lapsum
3966 5790 4241 5851 tantopere
4273 5783 4654 5836 sublimitatem
4684 5781 5031 5839 ecclesiastici

3457 5877 3660 5931 ordinis
3689 5875 3976 5928 ambiunt?
4009 5875 4144 5940 Quid
4172 5876 4494 5943 Opinandum
4531 5883 4630 5937 est,
4662 5874 4785 5942 quid
4811 5872 5033 5927 creden-
