5392 6580
378 420 473 484 165

1362 420 1603 479 OPUSC.
1639 418 1747 474 ΠΣ.
1783 448 1853 457 ——
1880 417 2086 471 LIBER
2125 414 2702 473 GOMORRHMNUS.

3597 418 3703 473 166

386 542 506 599 dum
547 549 655 606 est,
697 540 808 595 nisi
842 538 984 609 quod
1028 551 1120 591 eos
1153 536 1293 589 Deus
1337 533 1389 585 in
1443 532 1732 602 reprobum
1778 545 1999 584 sensum
2030 545 2075 600 Α
2107 530 2288 598 ptione
2316 528 2566 583 frustrari
2590 528 3053 600 eoguuturpmius
3076 529 3126 584 in
3149 530 3409 586 exteriori
3437 532 3703 589 vestibulo

392 634 657 689 tradidit?
695 634 809 688 Nec
841 648 929 696 ea,
955 644 1075 700 qua:
1103 628 1205 681 illis
1239 626 1542 680 necessaria
1581 634 1725 687 sunt,
1755 624 1995 693 peccatis

396 726 751 795 exigentibus,
786 726 973 778 videre
1000 718 1293 789 permittit.
1336 716 1469 782 Quia
1495 717 1637 769 enim
1669 714 1771 769 illis
1796 714 1996 768 occidit

402 820 497 882 sol,
534 818 621 872 ille
651 814 885 873 scilicet,
918 810 1008 880 qui
1058 809 1302 863 ascendit
1332 821 1493 875 super
1538 820 1789 860 occasum
1818 803 1992 873 (Psal.

405 914 589 975 van),
623 905 843 960 amissis
881 901 1224 954 interioribus
1263 898 1450 961 oculis,
1500 913 1601 951 nec
1647 898 1994 951 considerare

405 998 689 1070 praevalent
722 994 867 1063 quod
899 991 1082 1062 gravia
1132 989 1239 1043 sint
1269 987 1432 1052 mala,
1463 1002 1581 1055 qua:
1611 1001 1708 1054 per
1755 987 1982 1039 immun-

407 1092 585 1146 ditiam
606 1094 1028 1157 perpetrarunt;
1062 1098 1232 1151 neque
1250 1097 1410 1151 quam
1436 1082 1673 1135 deterius
1700 1079 1875 1132 adhuc
1897 1078 1993 1144 sit,

406 1184 545 1253 quod
572 1190 760 1235 contra
787 1178 1117 1232 voluntatem
1146 1174 1237 1227 Dei
1287 1174 1591 1227 inordinate
1627 1171 1825 1225 habere
1866 1186 1996 1224 con-

402 1272 687 1341 cupiscunt
712 1286 727 1334 ;
759 1278 815 1323 et
843 1267 945 1321 hoc
969 1280 1036 1320 ex
1066 1263 1499 1332 divinmjustitim
1528 1262 1707 1331 regula
1736 1270 1995 1315 consueto

405 1378 559 1416 more
588 1359 852 1429 procedit,
888 1366 945 1412 ut
971 1356 1025 1410 bi
1056 1355 1147 1425 qui
1189 1369 1249 1409 se
1291 1356 1392 1408 hac
1426 1352 1789 1423 perditissima
1837 1352 1997 1405 sorde

404 1451 831 1515 commaculant,
859 1450 1017 1519 digna
1039 1446 1270 1517 perculsi
1294 1446 1760 1500 animadversione
1781 1443 1994 1512 judicii,

403 1543 665 1598 tenebras
690 1541 951 1596 caecitatis
990 1540 1288 1593 incurrant.
1338 1536 1489 1590 Sicut
1528 1535 1592 1589 de
1623 1534 1863 1604 antiquis
1892 1534 1997 1589 illis

405 1639 569 1707 hujus
592 1636 848 1693 fmditatis
878 1633 1185 1688 auctoribus
1209 1631 1443 1700 legitur:
1471 1649 1487 1680 ‹
1530 1628 1663 1683 Cum
1682 1628 1830 1696 justo
1857 1627 1995 1681 Loth

405 1732 515 1783 vim
549 1726 1019 1783 vehementissime
1065 1723 1326 1779 facere..t.
1351 1722 1578 1793 jamque
1608 1735 1774 1790 prope
1816 1726 1999 1773 essent

406 1828 466 1871 ut
490 1816 837 1887 eth-ingerent
867 1813 1030 1867 fores.
1063 1812 1129 1866 Et
1158 1826 1305 1875 ecce,
1347 1811 1518 1880 inquit
1548 1809 1827 1879 Scriptura
1846 1850 1862 1873 ,
1892 1810 1998 1863 mi-

2099 636 2403 675 remanere.
2453 620 2521 674 Et
2579 621 2814 675 frontem
2860 621 3077 690 quidem
3141 632 3366 691 possunt
3423 624 3474 675 in
3528 639 3703 679 sacra:

2099 710 2394 781 Scriptura:
2417 726 2552 765 saxa
2588 726 2893 781 percutere,
2932 713 3025 766 sed
3054 714 3149 782 per
3175 713 3375 767 divina:
3404 716 3702 770 auctorita-

2101 802 2169 855 tis
2196 802 2401 855 aditum
2443 817 2783 872 nequaquam
2829 804 3489 874 permittunturiutrare;
3537 815 3703 875 atque

2099 894 2225 971 dum
2271 896 2519 965 ingredi,
2576 911 2684 964 quo
2733 913 2841 951 non
2896 897 3169 960 sinuntur,
3212 905 3515 963 attentam,
3564 898 3703 953 nihil

2098 983 2241 1037 aliud
2268 985 2499 1050 faciunt,
2530 1000 2692 1054 quam
2718 986 2994 1043 obtectum
3018 986 3285 1057 parietem
3315 987 3552 1042 inaniter
3579 988 3701 1058 pal-

2099 1087 2252 1143 pant.
2278 1076 2486 1143 Quibus
2514 1094 2621 1133 non
2665 1080 2939 1133 immerito
2968 1080 3240 1149 congruit,
3274 1081 3417 1149 quod
3449 1093 3547 1149 per
3576 1094 3706 1150 pto-

2098 1168 2317 1236 pbetam
2346 1169 2633 1223 diciturn
2670 1168 2824 1223 Sicut
2869 1168 2925 1222 in
2975 1179 3135 1223 nocte
3183 1158 3259 1224 ita
3301 1170 3597 1241 palpabunt
3646 1171 3702 1225 ιι

2100 1256 2328 1309 meridie
2350 1256 2470 1325 (Job
2493 1256 2567 1327 ν).
2603 1277 2622 1308 ι
2656 1258 2722 1311 Et
2739 1258 2831 1327 qui
2864 1258 2997 1312 recti
3024 1259 3205 1314 aditus
3230 1260 3392 1317 limen
3417 1270 3703 1316 transcen-

2099 1351 2225 1403 dere
2238 1358 2534 1417 nequeunt,
2550 1352 2879 1418 pererrando
2893 1352 2945 1404 in
2959 1351 3245 1405 circuitum
3260 1351 3467 1405 insania
3486 1359 3702 1406 rotante

2101 1438 2407 1493 volvuntur.
2436 1440 2510 1493 De
2535 1440 2733 1509 quibus
2760 1455 2857 1509 per
2876 1440 3222 1495 PSalmistam
3246 1442 3477 1496 dicitur:
3506 1459 3525 1493 ‹
3557 1441 3703 1499 Deus

2098 1545 2272 1591 meus.
2289 1544 2429 1599 pone
2459 1529 2580 1585 illos
2605 1540 2662 1584 ut
2702 1542 2876 1585 ratam
2900 1529 3075 1602 (Ριαι.
3096 1533 3346 1601 (Luxu).
3379 1553 3397 1586 ι
3426 1533 3494 1587 Et
3528 1535 3654 1588 item
3681 1550 3698 1587 :

2106 1637 2124 1669 ‹
2159 1619 2214 1673 ln
2257 1619 2487 1674 circuitu
2535 1620 2687 1689 impii
2728 1621 3010 1676 ambulant
3046 1620 3221 1692 (Ρωι,
3262 1624 3363 1693 xt).
3400 1642 3420 1675 ι
3472 1623 3549 1678 De
3581 1626 3703 1694 qui-

2100 1706 2205 1759 bus
2234 1709 2400 1761 etiam
2432 1707 2654 1773 Paulus,
2684 1725 2808 1763 etim
2835 1710 3088 1780 superius
3125 1721 3424 1765 memotata
3451 1712 3702 1782 loquere-

2104 1808 2210 1865 tur,
2233 1799 2391 1868 paulo
2416 1810 2538 1868 post
2559 1801 2762 1866 subdit,
2797 1800 3021 1856 dicens:
3056 1818 3075 1852 ι
3110 1800 3213 1869 Qui
3239 1802 3364 1856 talia
3394 1813 3582 1874 agunt,
3614 1805 3701 1860 di-

402 1914 595 1960 serunt
637 1919 853 1958 manum
888 1902 986 1955 viri
1008 1898 1030 1966 ’,
1060 1910 1113 1955 et
1155 1902 1569 1955 introduxerunt
1612 1900 1679 1953 ad
1729 1914 1787 1952 se
1830 1897 1988 1963 Loth,
2028 1900 2070 1958 Β
2100 1890 2190 1960 sui
2216 1900 2343 1945 ευηῑ
2370 1898 2565 1955 morie.
2599 1906 2704 1946 11011
2728 1892 2901 1946 δοίυω
2936 1893 3028 1961 qui
3071 1893 3160 1946 illa
3202 1894 3427 1959 factum.
3469 1895 3563 1949 sed
3605 1896 3700 1966 qui

402 1998 823 2064 clauseruntque
842 1995 1063 2057 ostium,
1086 2004 1140 2047 et
1162 2008 1276 2057 eos,
1306 1994 1395 2061 qtti
1426 1992 1556 2045 foais
1583 2000 1741 2045 erant
1763 2005 1987 2059 percus-

402 2098 593 2145 serunt
624 2089 861 2142 crs-citate
891 2103 919 2140 a
949 2087 1169 2140 minimo
1200 2100 1369 2156 usque
1392 2085 1459 2138 ad
1487 2084 1799 2145 maximum,
1834 2084 1904 2135 ita
1930 2090 1989 2136 ut

400 2183 602 2237 ostium
635 2180 875 2234 invenire
904 2194 1006 2233 non
1040 2187 1253 2247 possent
1280 2175 1431 2248 (Cen.
1460 2178 1591 2241 xix).
1637 2175 1864 2230 Constat
1894 2182 1990 2227 ati-

408 2283 540 2336 tem,
568 2271 691 2338 quia
734 2284 833 2338 per
876 2269 996 2321 illos
1040 2268 1174 2321 duos
1224 2267 1468 2335 angelos,
1514 2266 1609 2334 qui
1644 2266 1711 2318 ad
1744 2265 1801 2316 Β.
1848 2263 1987 2318 Loth

400 2362 618 2415 venisse
657 2359 925 2429 leguntur,
953 2373 1181 2427 persona
1212 2357 1411 2420 Patris,
1439 2368 1495 2410 et
1522 2357 1642 2410 Filii
1668 2371 1773 2410 non
1804 2357 1988 2409 incon-

404 2468 538 2522 grue
570 2452 897 2520 designatur.
928 2450 1079 2515 Quod
1110 2464 1205 2517 per
1230 2449 1330 2501 hoc
1356 2449 1634 2503 evidenter
1663 2448 1985 2511 ostenditur,

404 2544 548 2611 quod
579 2533 645 2594 ad
676 2556 769 2595 eos
800 2543 911 2609 ipse
940 2540 1076 2593 Loth
1106 2539 1350 2606 loquens,
1385 2538 1513 2593 dicit
1542 2555 1555 2590 :
1588 2555 1605 2588 t
1643 2537 1857 2603 Qua-so,
1885 2536 1992 2589 Do-

407 2636 554 2689 mine
587 2632 692 2696 mi,
733 2633 855 2701 quia
905 2632 1106 2685 invenit
1146 2644 1333 2684 servus
1381 2639 1500 2683 tuus
1530 2628 1761 2698 gratiam
1806 2641 1989 2681 coram

408 2738 485 2791 te,
512 2741 568 2781 et
594 2725 942 2796 magnificasti
972 2722 1396 2777 misericordiam
1428 2730 1596 2783 tuam,
1625 2735 1785 2789 quam
1813 2718 1990 2773 fecisti

406 2833 619 2872 mecum
648 2857 663 2880 ,
713 2826 771 2869 ut
815 2814 1052 2869 salvares
1097 2813 1328 2866 animam
1383 2826 1557 2864 meam
1588 2810 1797 2879 (Ibid).
1835 2829 1852 2861 ι
1889 2808 1991 2876 Qui

405 2909 551 2963 enim
600 2908 675 2960 sic
721 2904 929 2959 duobus
982 2904 1132 2971 quasi
1178 2902 1267 2955 nui
1314 2900 1661 2968 singulariter
1709 2898 1989 2967 loquitur,

405 3010 613 3054 certum
642 3006 725 3053 est
753 2997 878 3066 quia
913 2998 964 3050 iu
1005 2996 1211 3049 duabus
1241 2993 1487 3063 personis
1529 3006 1691 3045 unam
1736 2992 1993 3047 substan-

413 3097 539 3148 tiam
575 3102 882 3146 veneratur.

477 3184 769 3238 Sodomita:
812 3198 940 3251 ergo
970 3183 1035 3236 ad
1066 3180 1285 3251 angelos
1324 3189 1588 3233 conantur
1629 3180 1894 3235 violenter
1920 3179 1995 3235 ir-

2092 1982 2440 2037 conscntiunt
2474 1982 2801 2038 facientibus
2826 1982 3008 2055 (Rcui.
3037 1982 3100 2055 t).
3139 2004 3157 2036 ι

2162 2073 2327 2129 Plane
2361 2075 2454 2144 qui
2494 2075 2560 2129 ad
2600 2085 2709 2129 tam
2754 2075 2998 2131 terribile
3022 2077 3337 2147 apostolica:
3364 2079 3691 2136 invectionis

2091 2167 2294 2221 tonitru
2316 2182 2423 2221 non
2445 2168 2858 2239 expergiscitur,
2884 2169 2972 2223 hic
2995 2168 3237 2239 projecto
3260 2187 3366 2225 non
3392 2172 3696 2239 dormitns,

2090 2260 2185 2313 sed
2205 2270 2449 2315 mortuus
2475 2261 3021 2332 congruejudicatur.
3045 2264 3105 2318 Et
3125 2280 3246 2320 cum
3272 2266 3563 2335 Apostolus
3588 2283 3698 2323 non

2091 2349 2155 2403 de
2179 2348 2376 2405 Judteis
2424 2360 2700 2422 utcunque
2745 2353 3016 2420 fidelibus,
3049 2356 3144 2410 sed
3176 2356 3243 2411 de
3289 2358 3607 2427 gentilibus,
3639 2370 3701 2415 et

2090 2439 2260 2494 Deum
2285 2441 2660 2509 ignorantibus
2688 2453 2839 2498 tanto
2860 2446 3043 2499 studio
3066 2448 3397 2501 sententiam
3429 2449 3694 2507 districta:

2091 2530 2579 2586 animadversionis
2605 2544 2936 2603 exaggeret;
2967 2537 3116 2604 quid,
3152 2552 3281 2607 rogo
3303 2577 3319 2603 ,
3353 2538 3601 2605 dixisset,
3648 2530 3697 2598 si

2094 2620 2203 2674 tale
2251 2622 2353 2677 hoc
2404 2622 2599 2677 vulnus
2645 2624 2700 2677 in
2753 2625 2871 2693 ipso
2915 2640 3145 2695 corpore
3191 2638 3396 2683 sancta:
3440 2630 3701 2699 Ecclesiae

2093 2715 2262 2771 fetere
2290 2719 2631 2788 conspiceret
2653 2718 2676 2772 ?
2702 2718 3011 2775 Praesertim
3040 2722 3161 2789 quis
3189 2722 3366 2788 dolor,
3395 2725 3518 2793 quis
3545 2741 3695 2781 com-

2093 2809 2361 2878 passionis
2396 2809 2560 2865 ardor
2604 2810 2751 2879 pium
2803 2811 2949 2866 istud
2994 2822 3183 2882 pectus
3234 2816 3597 2882 accenderet,
3649 2818 3699 2874 si

2095 2899 2234 2954 hanc
2273 2903 2693 2969 peremptor-iatn
2721 2914 2930 2971 pestem
2959 2906 3203 2975 grassari
3230 2916 3283 2960 et
3315 2909 3367 2961 in
3399 2923 3557 2963 sacro
3603 2902 3698 2963 er-

2094 2989 2220 3044 dine
2245 2991 2565 3046 didicisset?
2597 2993 2836 3049 Audiant
2862 2993 3077 3051 desides
3106 2996 3465 3064 clericorum,
3512 3014 3698 3055 sacer-

2095 3081 2390 3151 dozumque
2420 3095 2699 3149 rectores;
2732 3086 2989 3152 audiant,
3019 3098 3072 3143 et
3113 3090 3240 3143 licet
3287 3092 3353 3145 de
3382 3107 3479 3145 suo
3519 3095 3699 3148 securi

2095 3170 2228 3235 sint,
2270 3173 2429 3225 alieni
2477 3184 2761 3253 reatus‘se
2799 3190 2920 3229 esse
2960 3178 3252 3246 partit-ipes
3292 3181 3699 3248 pertimescant.

405 3289 678 3341 rumpere,
706 3288 826 3325 cum
859 3272 1113 3323 immundi
1162 3272 1404 3323 homines
1455 3270 1521 3323 ad
1571 3270 1738 3323 Deum
1785 3278 1995 3322 tentant
2024 3264 2065 3325 C
2098 3260 2177 3314 U11
2216 3263 2495 3328 nimirum.
2527 3266 2617 3334 (lui
2647 3266 2714 3319 ad
2740 3268 3062 3337 corrigenda
3094 3269 3435 3325 subditorum
3474 3286 3699 3341 peceata

404 3380 505 3433 per
530 3364 671 3417 sacri
697 3362 901 3416 ordinis
926 3361 1095 3415 oliicia
1122 3361 1501 3430 propinquare.
1535 3359 1639 3415 Sed
1672 3361 1723 3413 hi
1751 3359 1993 3429 profecto

406 3456 649 3510 excitate
671 3453 1064 3522 percutiuntur,
1106 3452 1230 3519 quia
1259 3452 1409 3517 justo
1441 3450 1534 3503 Dei
1576 3446 1783 3516 judicio
1829 3449 1882 3502 in
1918 3458 1995 3502 te-

406 3546 605 3599 nebras
628 3544 913 3598 interiores
938 3542 1169 3605 cadunt;
1206 3542 1274 3594 ita
1309 3551 1488 3594 utnec
1519 3542 1717 3594 ostium
1747 3540 1994 3595 invenire

404 3636 757 3703 praevaleant,
798 3633 924 3702 quia
964 3648 993 3684 a
1046 3631 1154 3685 Deo
1199 3632 1471 3699 peccando
1517 3631 1699 3693 divisi,
1740 3633 1877 3683 unde
1926 3632 1994 3685 ad

405 3747 531 3783 eunt
570 3737 915 3783 revertuntur
948 3727 1212 3796 ignorant.
1245 3726 1343 3792 Qui
1373 3725 1517 3779 enim
1556 3740 1659 3778 non
1687 3741 1784 3793 per
1813 3725 1991 3777 humi-

406 3822 600 3885 litatis,
627 3820 719 3875 sed
754 3834 851 3889 per
878 3818 1220 3887 arrogantiae,
1261 3827 1316 3871 et
1363 3818 1587 3871 tumoris
1618 3816 1895 3870 anfractus
1926 3819 1993 3870 ad

411 3914 577 3967 Deum
619 3912 1159 3982 accederegestiunt,
1207 3922 1353 3979 patet
1388 3912 1648 3978 profecto,
1680 3913 1802 3980 quia
1855 3912 1995 3967 unde

408 4003 761 4073 ingressionis
790 4002 966 4056 aditus
989 4009 1169 4071 pateat
1196 4016 1299 4055 noa
1332 4009 1631 4071 agnoscunt
1657 4018 1671 4065 ;
1714 4001 1795 4054 vel
1826 4002 1992 4056 etiam

406 4097 530 4162 quia
560 4095 755 4147 ostium
780 4093 1027 4147 Christus
1051 4100 1153 4153 est,
1185 4092 1322 4145 sicut
1355 4091 1467 4159 ipse
1489 4091 1656 4143 dicit:
1688 4110 1704 4141 t
1736 4090 1847 4159 Ego
1874 4107 1992 4144 sum

405 4188 605 4237 ostium
630 4182 812 4255 (Joan.
846 4184 923 4252 ι).
957 4203 975 4235 ›
1020 4182 1122 4248 Qui
1158 4181 1427 4236 Christum
1467 4183 1701 4250 peccatis
1728 4183 1996 4251 exigenti-

405 4276 509 4329 bus
539 4276 813 4337 amittunt,
858 4272 1013 4341 quasi
1045 4273 1121 4325 int
1155 4286 1248 4324 are
1278 4272 1580 4348 caelestium
1610 4271 1811 4324 civium
1842 4272 1994 4325 habi-

408 4366 645 4420 taculum
674 4382 777 4420 non
809 4365 1039 4434 possint,
1068 4364 1266 4419 ostium
1300 4379 1405 4417 non
1443 4364 1739 4417 inveniunt.

482 4456 538 4510 In
575 4458 862 4525 reprobum
890 4470 1018 4527 ergo
1043 4470 1259 4510 sensum
1306 4456 1487 4509 traditi
1517 4466 1662 4519 sunt,
1704 4456 1830 4524 quia
1864 4456 1990 4509 dum

411 4559 594 4602 rcatus
623 4548 702 4602 sui
728 4548 931 4617 pondus
961 4549 1012 4601 in
1045 4547 1273 4617 propria:
1296 4548 1488 4600 mentis
1516 4556 1713 4600 statera
1740 4562 1844 4599 nou
1878 4554 1989 4600 ιιοιι-

410 4640 611 4700 tinam,
639 4638 1007 4705 gravissimam
1038 4638 1237 4707 plumbi
1271 4654 1523 4699 massam,
1560 4654 1840 4704 pomarurn
1876 4639 1990 4691 iua-
2024 4615 2070 4673 D

410 4730 558 4780 nium
584 4727 853 4781 levitatem
879 4736 1088 4796 putant.
1116 4727 1268 4794 Quod
1289 4742 1416 4797 ergo
1441 4728 1545 4781 illic
1568 4728 1793 4782 dicitur:
1816 4748 1833 4778 ι
1863 4728 1987 4782 Per-

407 4826 693 4871 cusserunt
715 4830 828 4881 eos,
868 4818 956 4886 qui
985 4815 1115 4871 foris
1148 4826 1301 4872 erant
1327 4819 1569 4873 caecitate
1598 4817 1749 4889 (Ceu.
1786 4818 1931 4889 XIX);
1964 4838 1982 4871 ι

409 4909 512 4961 hoc
542 4906 830 4975 Apostolus
856 4906 1138 4962 manifeste
1168 4909 1427 4974 declarat,
1453 4924 1575 4962 cum
1609 4910 1774 4963 dicit:
1804 4929 1821 4960 ι
1858 4909 1987 4964 Tra-

410 4997 545 5050 didit
570 4986 665 5051 eos
690 4996 829 5052 Deus
861 4998 912 5050 in
952 4997 1235 5066 reprobum
1266 5012 1481 5051 sensum
1510 5013 1525 5063 ;
1564 5016 1581 5048 ι
1611 5006 1664 5053 et
1692 5001 1833 5069 quod
1878 5000 1991 5056 iléic

411 5087 787 5156 subiungitur:
821 5106 837 5137 ι
884 5087 951 5142 Ut
993 5086 1190 5142 ostium
1243 5087 1486 5142 invenire
1528 5104 1632 5142 non
1679 5098 1935 5157 possent;
1965 5110 1984 5142 ι

412 5178 514 5233 hoc
537 5178 701 5231 etiam
731 5187 972 5247 patenter
991 5179 1244 5247 exponit,
1288 5194 1411 5233 cum
1456 5178 1531 5233 ait
1566 5198 1578 5233 :
1611 5197 1629 5230 ι
1679 5178 1750 5233 Ut
1792 5178 1994 5234 faciant

410 5287 529 5340 qua:
550 5286 653 5326 non
678 5272 1021 5325 conveniunt.
1059 5292 1077 5323 ι
1109 5273 1185 5327 Ac
1214 5274 1257 5327 si
1288 5274 1494 5329 diceret
1520 5292 1531 5327 :
1562 5284 1619 5328 ut
1645 5276 1847 5331 intrare
1876 5286 1993 5330 ten-

412 5372 541 5427 teut,
566 5362 711 5421 unde
750 5377 854 5416 non
881 5362 1092 5417 debent.
1130 5364 1289 5437 154
1315 5365 1415 5433 Qui
1445 5366 1586 5420 enim
1631 5367 1881 5438 indignus
1905 5383 1995 5423 or-

409 5454 530 5508 dine
576 5455 642 5508 ad
684 5454 825 5509 sacri
874 5453 1061 5509 altaris
1104 5455 1336 5511 ollicium
1378 5468 1605 5512 conatur
1650 5459 1989 5530 irrumpere,

411 5545 533 5614 quid
563 5543 704 5599 aliud
733 5560 896 5613 quam
928 5544 1115 5600 relicto
1137 5545 1315 5629 japuze
1357 5547 1559 5611 limine,
1591 5563 1685 5616 per
1713 5550 1995 5605 immeabi~

412 5638 511 5692 lem
542 5639 767 5709 parieds
809 5638 1019 5692 obicem
1070 5639 1255 5694 nititur
1291 5640 1514 5696 introire
1540 5642 1561 5694 ξ’
1587 5641 1650 5695 Ει
1685 5643 1808 5711 quia
1859 5643 1995 5698 liber

412 5731 627 5798 pedibus
660 5744 765 5783 non
800 5737 950 5797 patet
978 5729 1266 5798 ingressus,
1300 5734 1352 5787 hi
1395 5734 1527 5788 tales
1556 5735 1681 5789 dum
1710 5736 1812 5789 sibi
1840 5751 1996 5805 spon-

414 5823 530 5880 dout
577 5823 642 5878 ad
688 5821 993 5876 sacrarium
1035 5835 1191 5890 posse
1228 5826 1557 5896 pertingere,
1593 5843 1685 5881 sua
1734 5842 1995 5896 praesum—

2099 3354 2413 3420 connivent,
2439 3363 2493 3409 et
2514 3356 2915 3413 inconsiderato
2944 3360 3160 3415 silentio
3182 3364 3415 3418 subditis
3434 3367 3694 3433 peccandi

2097 3443 2371 3498 licentiam
2407 3448 2670 3515 prmbent.
2716 3450 2986 3513 Audiant,
3036 3453 3280 3521 inqnazn,
3327 3464 3379 3507 et
3409 3456 3706 3521 prudenter

2099 3535 2424 3605 intelligant,
2447 3538 2571 3607 quia
2599 3553 2791 3592 omnes
2811 3540 3156 3596 uniformiter
3180 3544 3323 3613 digni
3348 3555 3474 3599 sunt
3495 3556 3701 3615 morte;

2096 3625 2351 3680 videlicet
2378 3641 2481 3679 non
2512 3627 2683 3681 solum
2718 3630 2807 3697 qui
2838 3629 2928 3683 illa
2960 3630 3188 3699 faciunt,
3217 3637 3312 3687 sed
3353 3643 3406 3688 et
3450 3635 3541 3707 qui
3575 3652 3707 3691 con-

2098 3716 2343 3771 sentiunt
2375 3716 2717 3771 facientibus.
2780 3764 2795 3819 ἱ

2721 3820 2953 3890 CAPUT
2992 3836 3077 3890 \‘l.

2101 3924 2177 3979 De
2199 3924 2563 3995 spiritualibus
2604 3927 2841 3995 patribus
2881 3929 2969 3996 qui
3000 3944 3117 3981 cum
3165 3928 3293 3996 [iliis
3328 3931 3436 3985 suis
3466 3933 3705 4005 coinqui-

2801 4009 3015 4050 nuntur.

2172 4085 2302 4151 Sed,
2318 4106 2350 4140 ο
2367 4086 2541 4141 scelus
2561 4087 2899 4143 inauditum!
2928 4105 2961 4143 ο
2979 4088 3188 4143 facinus
3208 4101 3320 4145 toto
3337 4093 3704 4165 lacrymarum

2099 4177 2247 4231 fonte
2293 4178 2623 4248 lugentium!
2661 4179 2718 4232 Si
2763 4180 2815 4233 hi
2869 4190 3043 4235 morte
3088 4182 3357 4250 plecterni
3407 4194 3572 4250 sunt,
3611 4188 3704 4257 qui

2100 4268 2538 4323 facientibusista
2563 4272 2932 4336 consentiunt,
2962 4276 3106 4342 quod
3132 4276 3353 4345 dignum
3377 4278 3483 4332 illis
3504 4283 3708 4348 poterit

2098 4360 2396 4429 excogitari
2413 4360 2758 4429 supplicium,
2783 4363 3012 4431 quicum
3030 4366 3141 4419 suis
3156 4369 3528 4436 spiritualibus
3569 4374 3697 4427 liliis

2096 4449 2213 4504 lure
2228 4450 2364 4503 mala
2381 4442 2623 4504 extrema
2641 4452 2989 4509 damnatione
3006 4456 3276 4525 punienda
3296 4462 3647 4517 committunt
3674 4466 3699 4519 ?

2097 4540 2229 4606 Quis
2251 4538 2363 4607 jam
2412 4540 2464 4593 in
2496 4540 2751 4611 gregibus
2798 4545 3024 4611 reperiri
3076 4546 3251 4601 valeat
3287 4548 3523 4617 fructus,
3570 4568 3702 4609 cum

2099 4650 2281 4703 paStor
2308 4636 2357 4688 in
2384 4646 2629 4690 ventrem
2658 4637 2855 4691 diaboli
2890 4648 2996 4693 tam
3028 4641 3293 4709 profunda
3337 4644 3409 4697 sit
3444 4648 3702 4715 principi-

2100 4726 2304 4779 tatione
2327 4728 2644 4781 demersus?
2666 4728 2798 4794 Quis
2814 4730 2925 4799 jam
2955 4734 3054 4784 sub
3075 4733 3193 4799 ejus
3213 4734 3442 4803 imperio
3459 4752 3700 4804 maneat,

2098 4832 2259 4885 quem
2288 4828 2397 4871 tam
2439 4818 2710 4872 hostiliter
2749 4836 2776 4871 a
2809 4821 2920 4874 Deo
2952 4830 3273 4878 extraneum
3310 4842 3416 4880 non
3445 4827 3704 4897 ignorat?

2097 4910 2200 4978 Qui
2250 4911 2314 4964 de
2350 4912 2650 4980 ptrnitente
2682 4912 2813 4967 facit
2842 4913 3112 4982 pellicem,
3160 4925 3215 4968 et
3245 4931 3405 4984 quem
3439 4920 3700 4989 Spiritua-

2100 5000 2221 5055 liter
2253 5000 2363 5054 Deo
2388 5010 2651 5072 genuerat
2698 5002 2890 5066 lilium,
2921 5002 3101 5057 ferreo
3143 5005 3423 5061 diabolica:
3452 5014 3701 5077 tyrann-

2097 5091 2179 5145 dis
2208 5091 2432 5159 imperio
2467 5106 2565 5160 per
2606 5108 2716 5145 suae
2749 5093 2929 5147 carnis
2978 5094 3381 5151 immunditiam
3410 5098 3703 5170 subiungat

2096 5182 2355 5236 servum?
2404 5180 2459 5235 Si
2510 5182 2790 5243 mulierem
2840 5184 2962 5252 quis
3010 5184 3194 5251 violat,
3238 5203 3399 5255 quam
3432 5188 3499 5243 de
3544 5206 3701 5247 :acro

2096 5273 2245 5327 fonte
2279 5272 2495 5337 levavit,
2525 5275 2764 5342 nunquid
2797 5290 2903 5327 non
2932 5275 3135 5344 absque
3180 5278 3290 5330 ullo
3338 5281 3699 5336 cunctatioiiis

2097 5367 2380 5421 obstaculo
2432 5368 2810 5421 communione
2860 5369 3156 5436 privandus
3203 5385 3323 5424 esse
3367 5372 3698 5439 decernitur,

2103 5455 2262 5526 155
2294 5466 2348 5510 et
2379 5470 2666 5510 sacrorum
2716 5472 2946 5512 censura
2980 5473 3245 5513 canonum
3288 5476 3384 5529 per
3429 5461 3698 5530 publicam

2098 5547 2479 5616 paenitentiam
2510 5547 2746 5601 transire
2761 5545 3015 5613 jubctur?
3030 5547 3119 5601 Scr
3138 5548 3305 5617 iptum
3330 5563 3567 5618 namque
3580 5564 3695 5605 est:

2101 5638 2235 5706 Quia
2266 5636 2437 5705 major
2465 5651 2547 5692 est
2576 5635 2855 5707 generatio
2886 5639 3203 5708 spiritualis,
3253 5657 3413 5708 quam
3444 5641 3696 5696 tarnalis.

2173 5730 2428 5798 Sequitur
2454 5744 2585 5799 ergo
2610 5772 2623 5792 ,
2674 5740 2731 5783 ut
2756 5732 2944 5785 eadem
2986 5734 3251 5785 sententia
3285 5732 3443 5802 digne
3475 5732 3699 5787 feriatur

2101 5830 2155 5878 et
2183 5820 2277 5891 qui
2324 5821 2597 5876 carnalem
2643 5821 2806 5875 filiam
2840 5823 3089 5892 perdidit,
3140 5832 3190 5876 et
3238 5823 3327 5891 qui
3363 5822 3695 5893 spiritualem
