5392 6568
1861 542 1961 599 167
2321 540 2379 594 S.
2416 537 2617 593 PETRI
2651 532 2929 591 DAMIANI
2965 532 3117 590 OPP.
3159 526 3396 586 TOMUS
3433 524 3562 581 SEU
3602 522 3780 577 PARS
3815 520 3902 575 lll.
3933 552 4001 561 ——
4033 519 4390 577 OPUSCULA
4439 517 4669 573 \‘ARIA.
5019 516 5116 574 168

1863 657 2127 727 sacrilega
2172 655 2543 711 commistione
2575 650 2830 720 corrupit
2856 666 2872 715 ς
2918 648 3020 702 nisi
3061 646 3205 701 forte
3246 646 3298 699 in
3344 642 3447 697 hoc
3474 645 3519 702 Α
3551 637 3763 697 metuit,
3793 649 3915 687 cum
3943 649 4008 688 eo
4030 632 4209 696 simul,
4239 633 4328 701 qui
4357 632 4620 700 sequitur,
4643 628 4922 701 praesentis
4948 628 5118 685 ruina

1862 750 2145 817 utriusque
2226 743 2467 801 criminis
2545 741 2780 810 qualitas
2850 740 3233 801 discernatur,
3303 732 3445 802 quod

1865 846 2114 906 uterque,
2165 833 2289 887 licet
2338 832 2665 894 ineestuose,
2705 828 3020 883 naturaliter
3059 837 3272 887 tamen,
3317 822 3444 891 quia

1864 940 1989 980 cum
2062 920 2285 976 muliere
2356 919 2637 989 peccavit;
2682 917 2768 971 ille
2863 927 3043 971 autem
3104 911 3441 980 sacrilegium

1865 1012 2133 1068 commisit
2180 1011 2233 1065 in
2288 1009 2501 1072 filium,
2565 1009 2806 1062 incestus
2862 1008 3065 1060 crimen
3112 1003 3340 1059 incurrit
3388 1002 3442 1056 in

1865 1101 2181 1163 masculum,
2213 1109 2416 1155 natura:
2435 1098 2557 1167 jura
2576 1098 2841 1152 dissolvit.
2869 1097 2952 1162 Et,
2980 1104 3037 1150 ut
3060 1094 3440 1153 mihividetur,

1866 1191 2194 1248 tolerabilius
2216 1199 2299 1245 est
2322 1204 2444 1244 cum
2468 1188 2689 1258 pecude,
2722 1202 2880 1256 quam
2911 1199 3032 1238 cum
3056 1185 3175 1236 viro
3206 1183 3257 1234 in
3284 1182 3442 1234 luxu-

1867 1285 1961 1339 riae
1988 1283 2245 1351 flagitium
2286 1282 2413 1336 labi.
2443 1280 2656 1347 Quanto
2702 1278 2947 1333 videlicet
2980 1276 3149 1331 levius
3168 1274 3443 1342 judicatur

1867 1374 2162 1445 quemlibet
2190 1373 2362 1428 solum
2390 1373 2585 1440 perire,
2629 1384 2788 1438 quam
2813 1382 2993 1421 secum
3024 1379 3237 1434 quoque
3280 1363 3438 1417 alium

1774 1487 1783 1495 ν’
1869 1464 1941 1516 ad
1987 1463 2240 1517 interitus
2263 1460 2552 1529 perniciem
2605 1458 2838 1510 trahere.
2884 1453 3204 1508 Miserabilis
3245 1453 3440 1519 quippe

1866 1555 2108 1608 conditio
2132 1562 2232 1617 est,
2265 1553 2352 1605 ubi
2380 1553 2456 1606 sic
2499 1551 2657 1604 unius
2686 1550 2838 1603 ruina
2880 1548 3078 1618 pendet
3121 1561 3187 1601 ex
3233 1546 3438 1609 altero;

1868 1652 1927 1695 ut
1956 1645 2077 1696 dum
2108 1658 2243 1695 unus
2271 1640 2654 1712 exstinguitur,
2686 1640 2820 1694 alter
2847 1639 2903 1693 in
2934 1648 3160 1693 mortem
3190 1652 3442 1693 necessa-

1864 1733 1954 1786 rio
1977 1733 2356 1801 subsequatur.

2468 1853 2696 1914 CAPUT
2743 1858 2849 1913 VII.

3546 728 3759 783 foveam
3790 742 3893 781 non
3922 728 4120 782 evadit.

4129 815 4358 871 CAPUT
4400 814 4533 869 Vlll.

3547 906 3697 971 Quod
3734 907 3867 959 sicut
3926 906 4211 976 sacrilegus
4256 906 4466 975 virginis
4506 904 4766 976 violator,
4798 904 4874 958 ita
4910 920 5113 976 quoque

3647 977 3744 1043 ﬁlii
3775 976 4066 1045 spirituali:
4094 975 4400 1045 prostitutor
4416 977 4540 1044 jure
4568 975 4633 1029 st't
4657 975 5011 1044 deponendus.

3621 1087 3724 1143 Sed
3743 1090 3855 1156 jam
3896 1100 3947 1143 te
3969 1103 4062 1143 ore
4085 1089 4150 1142 ad
4179 1103 4257 1149 os,
4289 1088 4532 1157 quisquis
4559 1102 4638 1152 es,
4666 1085 4900 1142 carnalis
4924 1085 5111 1152 homo,

3540 1180 3820 1232 convenio.
3851 1177 4227 1248 Nunquidnam
4255 1178 4373 1231 ideo
4403 1176 4776 1246 spiritualibus
4813 1176 4945 1230 viris
4975 1190 5112 1230 con-

3541 1270 3681 1325 ﬁteri
3714 1272 4004 1326 commissa
4048 1271 4358 1333 detrectas;
4394 1271 4517 1338 quia
4545 1278 4600 1323 et
4649 1267 4719 1323 ab
4748 1266 5119 1324 ecclesiastico

3540 1365 3708 1433 gradu
3733 1380 3946 1418 cessare
3975 1362 4277 1417 formidas?
4308 1362 4415 1416 Sed
4459 1370 4666 1430 quanto
4707 1360 4976 1416 salubrius
5003 1365 5121 1415 erat

3539 1456 3593 1509 in
3623 1463 3914 1524 conspectu
3940 1453 4218 1506 hominum
4255 1452 4604 1522 temporalem
4632 1452 4837 1521 perpeti
4861 1464 5121 1506 verecun-

3540 1552 3705 1613 diam,
3733 1564 3895 1617 quam
3944 1557 4068 1600 ante
4105 1545 4339 1599 tribunal
4371 1544 4587 1614 superni
4622 1543 4828 1598 Judicis
4853 1552 5113 1598 aeternam

3542 1640 3719 1692 subire
3741 1636 4030 1691 vindictam
4055 1635 4077 1687 ?
4106 1633 4246 1688 Dicis
4272 1634 4499 1688 forsitan
4524 1633 4654 1687 mibi
4684 1650 4697 1686 :
4728 1632 4785 1687 Si
4830 1632 5121 1687 solummo-

3543 1727 3611 1782 do
3643 1727 3782 1779 inter
3811 1726 4016 1778 femora
4045 1724 4126 1777 vir
4155 1738 4274 1775 cum
4303 1722 4418 1776 viro
4439 1721 4720 1784 ceciderit,
4737 1719 5116 1789 paenitentiam

3542 1816 3769 1885 quidem
3796 1822 3941 1884 aget,
3981 1812 4076 1867 sed
4105 1813 4203 1879 piae
4223 1811 4575 1865 humanitatis
4604 1810 4801 1864 intuitu
4851 1808 5123 1863 irrevoca-

3549 1907 3727 1961 biliter
3750 1919 3780 1957 a
3813 1919 3909 1958 suo
3934 1904 4102 1973 gradu
4125 1901 4285 1969 dejici
4318 1918 4423 1955 non
4466 1902 4644 1955 debet.
4672 1900 4868 1966 Quaero
4894 1901 4991 1957 abs
5022 1908 5073 1954 te
5104 1917 5116 1953 :

1870 1970 2415 2040 Deil’i‘tqu-ici‘dem'
2441 1969 2920 2063 τπῖξθέῖίίῗξξίαρή
2941 1978 3081 2035 """t
3106 1984 3200 2022 ³³⁸⁸
3222 1969 3442 2022 “imm
3476 1977 3518 2035 Β
3548 1997 3606 2050 Si
3648 1995 3771 2063 quis
3812 1969 4095 2063 sacrilege
4125 2008 4250 2047 cum
4300 1992 4507 2058 virgine
4545 1991 4873 2058 periclitatus
4919 1989 5081 2044 fuerit
5104 2029 5120 2052 ,

2493 2041 2824 2108 conﬁtentur.

1949 2152 2014 2207 Ut
2036 2164 2214 2207 autem
2241 2151 2516 2207 diabolica:
2542 2151 2956 2206 machinationis
3000 2158 3311 2219 argumenta
3343 2165 3447 2202 non

1874 2245 2112 2311 lateant,
2164 2245 2256 2299 sed
2306 2260 2425 2313 qua:
2475 2246 2530 2299 in
2590 2245 2805 2299 ofﬁcina
2862 2246 3062 2300 veteris
3105 2246 3322 2300 malitize
3362 2260 3449 2298 se-

1877 2343 2032 2390 creto
2051 2333 2403 2398 fabricantur,
2422 2334 2473 2387 in
2495 2333 2667 2387 lucem
2684 2348 2768 2386 me
2782 2332 3107 2401 palliﬁcante
3120 2334 3444 2402 procedant;

1876 2424 2007 2479 illud
2036 2424 2353 2478 absconsum
2390 2424 2455 2477 iri
2486 2439 2593 2478 non
2637 2424 2833 2493 patior,
2863 2423 3005 2492 quod
3047 2424 3261 2492 quidam
3290 2423 3447 2488 hujus

1874 2527 2082 2568 veneno
2108 2512 2349 2566 criminis
2381 2511 2585 2577 satiati,
2625 2511 2751 2565 dum
2783 2512 2936 2579 quasi
2967 2512 3032 2564 ad
3076 2526 3169 2565 cor
3199 2511 3445 2575 redeunt,

1875 2616 1946 2656 ne
1972 2610 2150 2656 reatus
2182 2602 2247 2655 ad
2278 2601 2503 2655 aliorum
2548 2601 2795 2655 notitiam
2822 2600 3065 2668 prodeat,
3115 2601 3250 2654 inter
3276 2616 3334 2655 se
3363 2600 3446 2654 in-

1874 2694 2050 2746 vicem
2078 2675 2439 2766 conﬁtentur:
2468 2699 2522 2746 et
2545 2690 2672 2745 dum
2700 2691 2974 2744 hominum
3020 2690 3211 2744 faciem
3253 2691 3448 2745 erube-

1876 2795 2054 2847 scunt,
2078 2783 2168 2852 qui
2196 2793 2373 2838 reatus
2391 2792 2638 2837 auctores
2660 2782 2916 2844 existunt,
2942 2782 3038 2850 ipsi
3056 2781 3262 2849 judices
3282 2781 3447 2835 ﬁunt.

1876 2883 1934 2928 et
1960 2873 2307 2927 indiscretam
2351 2871 2752 2940 indulgentiam,
2786 2886 2945 2938 quam
2977 2870 3076 2928 sibi
3106 2871 3331 2940 quisque
3375 2869 3452 2922 af-

1866 2960 2046 3023 fectat
2082 2960 2334 3029 impendi,
2361 2962 2590 3030 gaudeat
2631 2960 2784 3014 alteri
2815 2961 3010 3014 vicaria
3057 2961 3452 3029 permutatione

1876 3049 2080 3118 largiri.
2131 3048 2284 3105 Unde
2328 3048 2408 3112 ﬁt,
2436 3060 2496 3102 ut
2533 3058 2588 3102 et
2620 3063 2928 3115 magnorum
2968 3049 3250 3102 criminum
3278 3049 3452 3118 patui-

1877 3145 2056 3191 tentes
2083 3137 2211 3201 sint,
2237 3144 2293 3190 et
2321 3144 2496 3190 tamen
2532 3152 2631 3191 nec
2659 3152 2752 3190 ora
2799 3136 3003 3207 jejunio
3043 3136 3307 3206 palleant,
3355 3151 3453 3190 nec

1880 3240 2107 3294 corpora
2155 3228 2328 3280 macie
2378 3229 2796 3292 contabescant;
2847 3236 2900 3281 et
2938 3229 3061 3281 dum
3107 3228 3247 3282 nullo
3293 3230 3452 3283 modo

1880 3325 2071 3369 venter
2100 3316 2167 3369 ab
2191 3315 2538 3370 immoderata
2581 3317 2951 3370 alimentorum
2984 3319 3325 3386 perceptione
3368 3332 3444 3372 re-
3478 3312 3520 3372 C

1880 3407 2200 3475 stringitur,
2250 3408 2303 3459 in
2356 3407 2599 3461 ardorem
2648 3417 2916 3462 consueta:
2963 3408 3196 3463 libidinis
3241 3409 3453 3463 animus

1879 3501 2112 3567 turpiter
2164 3496 2543 3550 inflammatur.
2593 3499 2709 3564 Quo
2775 3499 2851 3562 ﬁt,
2907 3508 2964 3552 ut
3016 3501 3107 3569 qui
3168 3501 3450 3557 commissa

1882 3605 2112 3643 necuum
2144 3588 2379 3652 ﬂeverat,
2415 3591 2586 3642 adhuc
2614 3590 2849 3643 deterius
2876 3589 3100 3657 lugenda
3132 3593 3449 3646 committat.

1960 3680 2066 3732 Sed
2087 3679 2553 3747 legisprzeceptum
2575 3688 2892 3741 est,utcum
2922 3681 3199 3750 quislepra
3231 3682 3453 3751 perfun-

1887 3769 2069 3831 ditur,
2114 3767 2478 3821 sacerdotibus
2527 3769 2841 3822 ostendatur
2881 3786 2896 3831 ;
2948 3779 3071 3824 tunc
3115 3780 3292 3826 autem
3344 3787 3453 3829 non

1891 3857 2259 3912 sacerdotibus
2313 3857 2405 3910 sed
2463 3856 2672 3925 leproso
2724 3859 2899 3926 potius
2952 3862 3280 3926 ostenditur,
3334 3876 3456 3916 cum

1888 3949 2193 4002 immundus
2217 3948 2491 4000 immundo
2507 3957 2779 4017 peractam
2801 3966 3143 4006 communem
3161 3954 3453 4022 nequitiam

1862 4031 1866 4035 ’
1892 4038 2194 4092 conﬁtetur.
2224 4037 2327 4091 Sed
2344 4055 2463 4092 cum
2480 4039 2747 4095 confessio
2769 4043 2951 4109 utique
2972 4044 3336 4099 manifestatio
3362 4046 3450 4109 sit,

1890 4130 2038 4198 quid,
2089 4130 2334 4191 obsecro,
2376 4129 2714 4195 manifestat,
2762 4132 2851 4200 qui
2900 4134 3133 4187 audienti
3181 4136 3451 4203 cognitum

1892 4230 2096 4282 narrat,
2128 4226 2221 4270 aut
2246 4233 2352 4286 quo
2375 4228 2533 4286 pacto
2559 4218 2825 4275 confessio
2854 4221 2941 4295 illa
2969 4223 3191 4277 dicenda
3220 4234 3322 4291 est,
3362 4226 3452 4279 ubi

1891 4308 2024 4362 nihil
2048 4325 2076 4361 a
2098 4308 2387 4362 conﬁtente
2413 4310 2808 4375 manifestatur,
2836 4312 2937 4365 nisi
2964 4314 3104 4381 quod
3128 4312 3455 4383 jampridem

1860 4387 1959 4472 ‘yab
2007 4392 2252 4453 au'diente
2312 4401 2702 4468 cognoscitur?
2750 4402 2818 4456 Et
2862 4403 2953 4471 qui
3014 4404 3197 4457 sociali
3245 4404 3456 4459 vinculo

1855 4483 2123 4559 'peraetze
2150 4490 2446 4557 iniquitatis
2491 4490 2827 4561 astringitur,
2859 4508 2963 4561 qua
3004 4493 3142 4562 lege,
3191 4509 3297 4563 quo
3334 4495 3454 4562 jure

1891 4580 2115 4634 alterum
2142 4580 2334 4648 poterit
2365 4579 2530 4647 ligare
2555 4580 2635 4634 vel
2656 4582 2903 4651 solvere?
2927 4582 3145 4636 Frustra
3169 4585 3311 4638 enim
3337 4587 3457 4654 quis

1895 4671 2059 4723 alium
2090 4671 2299 4724 solvere
2325 4672 2528 4735 nititur,
2558 4671 2648 4740 qui
2677 4681 2731 4726 et
2770 4674 2881 4742 ipse
2926 4674 3149 4728 vinculis
3196 4677 3454 4730 irretitur.
3488 4670 3534 4724 Ι)

1894 4761 1959 4844 fit
1989 4761 2077 4830 qni
2105 4752 2248 4815 casco
2290 4760 2403 4814 vult
2448 4762 2561 4813 fieri
2609 4763 2716 4815 dux
2747 4764 2971 4826 itineris,
3014 4780 3232 4821 necesse
3270 4777 3350 4821 est
3403 4779 3458 4821 ut

1894 4856 2009 4923 ipse
2040 4855 2235 4917 videat,
2284 4868 2351 4906 ne
2387 4855 2630 4922 sequenti
2678 4868 2737 4907 se
2792 4865 2979 4908 auctor
3027 4857 3459 4925 praecipitationis

1896 4944 2012 5007 ﬁat,
2043 4944 2181 5000 sicut
2207 4958 2335 4996 voce
2364 4943 2615 4997 Veritatis
2642 4944 2854 5007 dicitur,
2885 4944 2970 4997 ubi
3003 4947 3110 4997 ait:
3144 4965 3160 4994 ε
3199 4947 3255 4999 Si
3284 4962 3459 5000 caecus

1894 5050 2094 5091 cazcutn
2120 5036 2349 5098 duxerit,
2369 5038 2527 5090 ambo
2551 5036 3035 5092 infoveamca‘dunt
3056 5038 3264 5108 (Matth.
3284 5040 3405 5110 xv);
3436 5061 3453 5092 ι

1893 5126 2211 5179 etiterum:
2254 5145 2271 5176 ι
2311 5125 2472 5179 Vides
2521 5125 2779 5181 festucam
2827 5130 2878 5181 in
2925 5129 3078 5181 oculo
3126 5129 3306 5183 fratris
3364 5131 3456 5195 tui,

1898 5216 2102 5269 trabem
2131 5225 2326 5277 autem,
2361 5232 2475 5283 quae
2507 5216 2558 5269 in
2590 5217 2746 5271 oculo
2779 5227 2865 5271 tuo
2892 5227 2992 5281 est,
3022 5235 3127 5273 non
3155 5223 3461 5277 consideras

1899 5309 2110 5370 (Matth.
2155 5308 2594 5379 vn);ﬂypocrita
2623 5351 2636 5374 ,
2681 5310 2816 5376 ejice
2860 5315 3089 5380 primum
3148 5317 3351 5370 trabem
3397 5319 3462 5371 de

1896 5400 2048 5452 oculo
2081 5408 2170 5452 tuo
2196 5409 2250 5452 et
2283 5411 2407 5453 tunc
2436 5402 2743 5469 perspicies,
2789 5410 2846 5455 ut
2872 5404 3063 5457 educas
3107 5404 3367 5460 festucam
3397 5409 3462 5461 de

1898 5487 2051 5540 oculo
2084 5487 2265 5542 fralris
2294 5489 2365 5541 tui
2390 5488 2537 5556 (Luc.
2567 5492 2659 5558 Vl).
2699 5510 2716 5542 ι

1972 5597 2128 5666 156
2176 5598 2269 5652 His
2295 5599 2618 5669 evangelicis
2649 5603 2965 5656 testimoniis
2990 5607 3326 5672 apertissime
3369 5607 3463 5661 deo

1899 5687 2151 5751 claratur,
2184 5692 2310 5756 quia
2335 5692 2425 5759 qui
2451 5692 2689 5760 ejusdem
2721 5704 2897 5749 reatus
2923 5699 3154 5750 tenebris
3177 5702 3458 5767 premitur,

1901 5775 2097 5829 frustra
2121 5779 2283 5832 alium
2310 5780 2375 5833 ad
2397 5781 2570 5836 lumen
2590 5786 2917 5851 ptenitentite
2942 5802 3192 5843 revocare
3211 5803 3457 5855 conatur;

1901 5881 1923 5918 ε
1975 5867 2096 5921 dum
2128 5885 2285 5939 supra
2315 5871 2454 5928 vires
2483 5889 2606 5930 suas
2644 5874 2805 5931 alium
2860 5879 3088 5934 errando
3119 5882 3299 5949 perire
3351 5898 3458 5937 non

3548 2085 3790 2153 nunquid
3821 2085 3873 2137 in
3906 2098 4004 2136 suo
4048 2082 4215 2152 gradu
4247 2091 4337 2136 tuo
4371 2081 4574 2147 judicio
4604 2079 4988 2147 permanebit?
5016 2078 5120 2133 Sed

3550 2193 3659 2230 non
3707 2184 3789 2229 est
3835 2174 4166 2244 ambiguum,
4198 2173 4326 2241 quin
4378 2169 4674 2239 hujusmodi
4710 2185 4933 2225 censeas
4960 2171 5121 2238 depo-

3551 2269 3825 2332 nendum;
3854 2280 4193 2334 consequens
4223 2265 4386 2331 igitur
4438 2271 4561 2325 est,
4597 2272 4656 2316 nt
4682 2262 4822 2330 quod
4856 2264 4921 2317 de
4966 2277 5120 2316 sacra

3551 2356 3762 2424 virgine
3810 2352 4205 2408 rationabiliter
4253 2351 4492 2415 asseris,
4543 2353 4611 2404 de
4671 2351 4777 2404 ﬁlio
4850 2348 5116 2418 spirituali

3547 2448 3712 2501 etiam
3748 2445 4133 2500 inevitabiliter
4160 2442 4380 2496 fatearis
4408 2458 4422 2506 ;
4456 2457 4518 2496 ac
4558 2456 4651 2510 per
4695 2441 4796 2494 hoc
4820 2479 4835 2503 ,
4882 2439 5024 2509 quod
5058 2439 5125 2493 de

3549 2537 3919 2607 spiritualibus
3954 2537 4197 2604 patribus
4231 2535 4427 2587 videris
4470 2548 4714 2587 asserere
4736 2571 4752 2595 ,
4780 2531 5008 2600 idipsum
5046 2538 5119 2593 te,

3549 2641 3773 2681 necesse
3800 2634 3924 2687 est,
3973 2626 4039 2677 de
4071 2622 4282 2677 clericis
4327 2621 4572 2675 deﬁnire.
4634 2620 4743 2673 llac
4794 2628 4969 2672 tamen
4998 2659 5013 2683 ,
5067 2627 5125 2673 ut

3551 2718 3751 2772 dictum
3779 2725 3882 2780 est,
3910 2715 4221 2768 diversitate
4250 2722 4467 2765 servata
4495 2751 4509 2776 ,
4540 2710 4663 2779 quia
4703 2710 4801 2763 hoc
4827 2715 4974 2764 tanto
5004 2723 5123 2775 per-

3555 2809 3804 2878 penditur
3825 2822 3946 2861 esse
3972 2805 4227 2868 deterius,
4256 2813 4459 2872 quanto
4508 2818 4603 2870 per
4650 2801 4984 2855 identitatem
5036 2815 5120 2853 se—

3552 2915 3715 2953 xuum
3746 2908 3949 2951 natura:
3982 2897 4237 2965 probatur
4287 2895 4612 2976 adversum,
4646 2902 4700 2947 et
4733 2902 4841 2945 tum
4887 2893 4939 2945 in
4978 2890 5120 2957 judi-

3553 2990 3739 3043 candis
3767 2988 4076 3042 excessibus
4112 2984 4231 3051 jure
4260 2984 4326 3037 ad
4372 2983 4734 3053 delinquentis
4776 2996 4989 3050 semper
5037 2998 5121 3035 re-

3560 3077 4146 3139 curratttraibitrium,
4195 3076 4284 3143 qui
4332 3074 4626 3128 masculina
4668 3072 4870 3126 femora
4911 3071 5121 3140 polluit,

3554 3171 3596 3222 si
3627 3178 3816 3222 natura
3845 3168 4203 3235 permitteret,
4228 3164 4484 3234 quidquid
4511 3164 4563 3216 in
4594 3161 4903 3216 mulieribus
4925 3161 5121 3230 agitur,

3556 3273 3723 3315 totum
3767 3264 3817 3313 in
3849 3260 4085 3313 masculo
4118 3274 4213 3326 per
4265 3255 4539 3310 effrenata:
4576 3254 4811 3308 libidinis
4858 3252 5123 3305 insaniam

3553 3360 3904 3423 perpetraret,
3931 3350 4058 3403 fecit
4078 3349 4221 3418 quod
4253 3348 4420 3416 potuit
4451 3364 4463 3398 :
4493 3346 4560 3399 ad
4601 3346 4714 3399 haec
4742 3355 4911 3413 usque
4931 3357 5123 3411 perve-

3552 3443 3704 3494 niens
3734 3457 3852 3508 qua:
3902 3448 4090 3492 natura
4147 3438 4390 3505 negavit,
4422 3445 4475 3489 et
4522 3434 4633 3488 illic
4672 3433 4872 3486 invitus
4920 3441 5121 3486 metant

3553 3530 3796 3583 criminis
3823 3529 3957 3591 ﬁxit,
3994 3528 4079 3580 ubi
4130 3537 4334 3579 natura:
4364 3525 4665 3578 necessitas
4707 3523 5122 3577 intransmeabi-

3554 3620 3656 3673 lem
3690 3618 3960 3673 facultatis
3986 3617 4270 3671 terminum
4301 3615 4600 3669 collocavit.
4629 3613 4761 3678 Quia
4787 3628 4915 3682 ergo
4936 3614 5124 3667 eadem

3553 3709 3638 3763 lex
3673 3719 3756 3763 est
3804 3708 4083 3774 utriusque
4130 3722 4293 3759 sexus
4341 3705 4471 3759 viris
4516 3704 4686 3758 sacris
4714 3744 4728 3768 ,
4777 3712 4830 3758 et
4870 3702 5121 3766 clericis;

3556 3799 3931 3853 concludamus
3961 3812 4178 3851 necesse
4202 3803 4303 3859 est,
4334 3807 4391 3849 ut
4419 3806 4557 3848 sicut
4581 3795 4804 3863 virginis
4829 3793 5124 3863 sacrilegus

3557 3889 3934 3955 violatorjnre
3976 3888 4297 3956 deponitur,
4353 3889 4424 3940 ita
4475 3888 4637 3941 etiam
4685 3885 4777 3939 ﬁlii
4832 3885 5126 3954 spiritualis

3555 3982 3870 4050 proslitutor
3916 3980 4088 4034 modis
4130 3980 4378 4034 omnibus
4418 3994 4448 4032 a
4499 3993 4596 4033 suo
4655 3978 4999 4033 nihilominus
5041 3993 5128 4031 ar-

3554 4080 3743 4125 ceatur
3770 4068 3968 4125 ofﬁcio.

4164 4159 4390 4215 CAPUT
4431 4155 4521 4213 ιχ.

3560 4251 3713 4316 Quod
3749 4250 4238 4331 rjusdemlcriminis
4267 4266 4385 4329 reus
4402 4251 4508 4331 “sit,
4538 4249 4707 4331 [alqui
4733 4265 4849 4302 cum
4900 4246 5123 4310 carnali,

3929 4320 4003 4375 vel
4039 4320 4360 4388 baptismatis
4389 4319 4503 4388 ﬁlia
4535 4319 4750 4373 labitur.

3628 4436 3695 4490 Et
3732 4443 3790 4491 ut
3816 4435 3883 4491 ad
3913 4450 4116 4498 sacros,
4150 4435 4200 4488 id
4232 4443 4351 4499 est,
4393 4434 4757 4489 exsecrabiles
4782 4433 5126 4490 confrssores

3559 4528 3733 4582 adhuc
3758 4541 3816 4581 se
3844 4525 4223 4594 disputationis
4248 4540 4427 4579 sermo
4463 4534 4768 4594 retorqueat
4791 4543 4803 4578 :
4836 4526 4881 4580 si
4904 4526 5128 4596 quilibet

3559 4616 3853 4669 canonicus
3899 4615 4181 4684 presbyter
4214 4629 4345 4667 cum.
4377 4614 4601 4669 muliere
4637 4614 4847 4679 cecidit,
4899 4616 4980 4669 cui
5012 4629 5126 4684 pm-

3561 4705 3797 4760 nitentiae
3818 4705 4075 4773 judicium
4107 4703 4188 4758 vel
4224 4703 4390 4757 semel
4419 4705 4626 4767 indixit,
4658 4720 4689 4758 a
4735 4707 4949 4759 nemine
4970 4719 5126 4774 pror-

3560 4816 3652 4853 sus
3679 4797 3986 4866 ambigitur,
4012 4796 4138 4863 quin
4167 4796 4441 4867 synodalis
4462 4812 4688 4852 censura
4709 4795 4899 4865 judicii
4931 4797 5122 4866 degrao

3561 4892 3718 4946 detur
3752 4906 3766 4952 ;
3796 4891 3838 4942 si
3884 4899 4059 4942 autem
4108 4889 4390 4958 religiosus
4435 4905 4556 4944 cum
4609 4889 4857 4960 religioso
4902 4887 5122 4952 labitur,

3561 4981 3644 5033 Ctli
3675 4978 3920 5032 videlicet
3956 4979 4035 5031 vel
4065 4979 4115 5031 in
4150 4978 4324 5031 danda
4355 4978 4852 5047 pcenitentiajudex
4898 4977 5122 5039 exstitit,

3562 5070 3645 5122 vel
3709 5069 3762 5121 in
3827 5069 4138 5136 accipiendo
4189 5067 4463 5134 judicatus
4517 5067 4664 5133 fuit,
4719 5067 4951 5136 nunquid
5016 5081 5122 5121 non

3563 5158 3800 5211 dictante
3822 5156 4027 5222 jnstitia
4051 5160 4131 5210 sui
4155 5159 4362 5212 ordinis
4388 5158 4590 5213 honore
4612 5159 4848 5212 carebit?
4872 5157 4946 5211 lta
4973 5175 5125 5213 nam-

3564 5262 3667 5315 que
3699 5246 3907 5313 vulgata
3947 5246 4334 5300 consuetudine
4362 5245 4559 5304 dicitur
4587 5246 4726 5302 ﬁlius
4776 5247 5121 5317 paenitentia},

3569 5336 3730 5406 157
3760 5337 3899 5389 sicut
3951 5337 4093 5390 filius
4142 5336 4414 5404 baptismi.
4447 5336 4595 5391 Unde
4644 5347 4699 5391 et
4743 5337 4808 5390 de
4848 5336 4909 5388 B.
4943 5335 5123 5390 Marco

3566 5426 3894 5495 evangelista
3945 5426 4138 5495 legitur
4173 5445 4184 5479 :
4219 5444 4235 5475 t
4271 5426 4405 5491 Quia
4441 5425 4582 5480 Petri
4613 5436 4694 5480 est
4723 5427 4775 5479 in
4807 5424 5124 5494 baptismate

3567 5517 3706 5572 ﬁlius
3735 5517 3785 5588 (1
3803 5515 3924 5571 Cor.
3954 5519 4014 5587 ι).
4042 5538 4057 5567 ι
4079 5517 4143 5569 Et
4170 5518 4413 5587 egregius
4437 5518 4759 5587 praedicator
4786 5516 4941 5572 dicit:
4971 5538 4989 5569 ‹
5010 5518 5122 5572 Non

3564 5608 3704 5661 enim
3765 5608 3911 5661 misit
3961 5622 4045 5659 me
4092 5606 4338 5661 Christus
4383 5608 4675 5678 baptizare,
4721 5608 4813 5662 sed
4861 5610 5123 5678 evangeli-

3565 5714 3722 5763 zure;
3760 5719 3776 5749 ι
3815 5699 3931 5766 ipse
3960 5699 4087 5750 item
4121 5698 4285 5751 dicit:
4325 5717 4343 5748 t
4373 5698 4501 5765 Quae
4531 5708 4613 5752 est
4639 5700 4781 5752 enim
4813 5700 4978 5769 gloria
5007 5715 5121 5756 mea

3564 5802 3686 5843 ante
3732 5789 4050 5842 Dominum?
4096 5806 4271 5845 nonne
4300 5791 4428 5845 vos?
4471 5793 4522 5844 in
4572 5790 4783 5847 Christo
4827 5793 4968 5847 enim
4999 5791 5122 5848 Jesu

3564 5895 3656 5950 per
3672 5879 4017 5952 Evangelium
4041 5885 4245 5955 egozvos
4267 5884 4422 5954 genui
4440 5882 4486 5954 (1
4503 5881 4732 5957 Comv).
4748 5904 4764 5935 t
4785 5884 5123 5957 Rursumque
