5392 6554
376 365 468 418 Ϊῦθ
1340 359 1579 416 OPUSC.
1618 358 1723 412 VII.
1756 389 1825 399 ---
1848 358 2049 413 LIBER
2088 352 2663 413 GOMOllRlllANUS.

3566 343 3668 397 {70

380 479 441 531 ad
458 475 686 533 Galatas
715 476 797 531 ait
834 492 846 530 :
879 494 897 528 ι
930 475 1107 530 Filioli
1138 476 1267 540 mei,
1292 489 1429 545 quos
1476 476 1670 529 iterum
1703 476 1966 543 partui-Io,
1998 478 2047 536 Α
2078 472 2385 536 redeamus,
2414 470 2616 525 dicitur
2651 487 2663 521 :
2694 466 2831 533 Quia
2872 464 3160 535 presbyter
3186 476 3290 515 non
3322 457 3530 530 prolato
3560 476 3669 513 mo-

385 566 546 621 donec
574 566 853 620 formetur
875 566 1129 619 Christus
1155 564 1209 618 in
1237 565 1388 618 vobis
1416 562 1558 633 (Gal.
1584 563 1681 631 iv).
1714 582 1731 614 ι
1764 562 1819 616 Si
1843 578 1973 631 ergo

388 653 467 710 ille
494 657 706 725 genuit,
740 655 835 709 ille
864 655 1138 724 parturiit,
1172 655 1265 725 qui
1298 670 1401 709 non
1438 664 1523 709 est
1550 656 1747 709 missus
1799 655 1974 723 bap:i-

393 762 527 811 zare,
556 747 651 802 sed
678 747 1078 817 evangelizare,
1104 762 1168 801 ac
1196 763 1293 817 per
1315 748 1417 801 hoc
1444 747 1818 817 paenitentiam
1851 761 1972 815 pro-

394 853 603 904 vocare,
625 852 865 907 congrue
892 839 1091 893 dicitur
1117 846 1172 892 et
1216 838 1303 894 ille
1335 839 1493 903 illius,
1532 839 1624 908 qui
1651 839 1885 907 accipit;
1919 847 1973 892 et

397 929 477 984 ille
520 938 693 999 pater,
739 931 835 997 qui
886 930 1259 998 paenitentiam
1312 931 1558 1000 imponit.
1594 929 1713 984 Jam
1764 946 1894 1000 ergo
1924 931 1971 984 si

396 1021 633 1089 superius
660 1020 809 1074 dicta
861 1020 1132 1074 subtiliter
1176 1022 1550 1083 attenduntur,
1606 1021 1725 1076 luce
1771 1021 1973 1075 clarius

395 1118 619 1175 constat,
652 1110 777 1179 quia
805 1107 1048 1176 ejusdem
1076 1110 1321 1165 criminis
1354 1127 1478 1165 reus
1510 1120 1611 1173 est.
1644 1121 1699 1165 et
1729 1112 1968 1179 quicum

394 1200 611 1265 carnali,
661 1200 742 1254 vel
790 1200 1131 1270 baptismatis
1182 1202 1290 1255 lilia
1324 1201 1657 1267 fornicatur;
1698 1212 1752 1255 ct
1783 1202 1847 1266 is,
1879 1202 1969 1271 qui

393 1306 508 1343 cum
525 1291 634 1345 filio
664 1292 999 1360 pcenitentite
1030 1293 1415 1361 turpitudinem
1440 1301 1718 1361 operatur.
1748 1292 1811 1344 lit
1831 1293 1967 1354 sicut

392 1380 453 1444 is,
486 1381 578 1448 qui
622 1396 743 1435 cum
773 1394 835 1434 ea
866 1381 1047 1450 lapsus
1074 1390 1175 1444 est,
1229 1396 1391 1450 quam
1439 1380 1733 1435 carnaliter
1762 1382 1969 1451 genuit,

391 1470 468 1523 vel
493 1484 656 1539 quam
682 1469 749 1524 de
799 1470 1068 1539 baptismo
1098 1474 1360 1540 suscepit,
1393 1471 1475 1525 vel
1506 1473 1591 1525 cui
1634 1473 1969 1539 poenitentire

384 1557 637 1625 judicium
668 1559 881 1627 posuit;
916 1559 987 1612 ita
1012 1559 1176 1613 etiam
1214 1560 1304 1627 qui
1336 1575 1459 1613 cum
1490 1560 1603 1615 filio
1630 1561 1969 1629 paenitentiae

388 1662 480 1717 per
529 1648 924 1702 immunditiam
980 1647 1201 1713 labitur,
1228 1648 1438 1717 justum
1487 1658 1572 1703 est
1617 1649 1686 1703 ab
1718 1664 1781 1701 eo
1816 1650 1968 1719 cujus

387 1737 791 1792 administrator
815 1747 899 1794 est
923 1740 1116 1794 ordine
1142 1740 1470 1795 omnimodis
1496 1751 1831 1811 segregetur.

1011 1850 1237 1905 CAPUT
1275 1850 1343 1905 Χ.

384 1939 459 1993 De
479 1940 1132 2012 apocryphisrcanonibus,
1171 1942 1225 1993 in
1266 1941 1454 2009 quibus
1485 1943 1780 2012 quicunque
1806 1945 1963 2011 con/i-

776 2011 926 2075 duut,
963 2012 1174 2064 omnino
1221 2012 1578 2080 decipiuntur.

410 2097 558 2156 oSed
607 2098 863 2167 quoniam
919 2098 1164 2167 quaedam
1198 2100 1387 2154 naeniae
1442 2100 1614 2155 sacris
1665 2103 1967 2158 eanonibus

383 2190 735 2258 reperiuntur
762 2189 1026 2253 admistm,
1046 2190 1099 2243 in
1122 2190 1317 2258 quibus
1342 2191 1535 2259 perditi
1559 2191 1805 2247 homines
1829 2208 1964 2246 vana

382 2282 801 2350 prmsumptione
830 2282 1129 2348 conlidunt,
1178 2298 1242 2337 ex
1275 2283 1405 2351 ipsis
1432 2283 1640 2352 aliquas
1669 2284 1758 2338 hic
1796 2299 1962 2353 appo-

380 2370 579 2432 nimus,
632 2378 826 2424 utnon
857 2370 1030 2425 solum
1059 2385 1174 2435 eas,
1227 2371 1321 2425 sed
1345 2380 1402 2424 et
1447 2386 1637 2427 omnes
1682 2373 1816 2427 alias
1864 2374 1963 2428 sibi

358 2460 584 2557 ‘similcs
642 2461 897 2530 scriptas,
934 2461 1245 2531 ubicunque
1277 2471 1504 2531 reperta:
1553 2462 1773 2529 fuerint,
1804 2463 1967 2519 falsas

378 2552 432 2605 'et
461 2552 684 2606 omnino
714 2552 1053 2622 apocryphas
1103 2553 1308 2621 liquido
1332 2554 1788 2608 demonstremus.
1824 2554 1966 2607 Dici-

378 2650 467 2693 tur
493 2640 636 2694 enim
667 2640 805 2695 inter
826 2650 1017 2696 caetera
1045 2660 1056 2694 :
1084 2641 1373 2711 Presbyter
1398 2657 1503 2696 non
1532 2643 1743 2711 prolato
1769 2660 1960 2699 mona-

374 2730 464 2783 ehi
493 2739 639 2794 voto,
673 2745 793 2784 cum
823 2730 1022 2801 puella,
1058 2732 1141 2785 vel
1193 2733 1481 2787 meretrice
1508 2748 1760 2802 peccans,
1793 2750 1965 2789 annos

375 2816 545 2883 duos,
565 2810 621 2873 et
670 2818 843 2873 tribus
874 2819 1348 2889 quadragesimi»
1372 2820 1629 2884 secunda,
1666 2833 1879 2890 quarta,
1911 2832 1966 2877 et

374 2918 526 2961 sexta
558 2908 692 2963 feria
719 2920 775 2963 et
799 2908 1041 2963 Sabbato
1069 2925 1284 2979 semper
1310 2926 1434 2964 cum
1458 2913 1603 2966 sicco
1628 2927 1765 2981 pane
1789 2915 1961 2981 poeni-

375 3009 519 3066 teat;
554 3001 600 3055 si
623 3016 745 3054 cum
776 3000 971 3055 ancilla
1003 3001 1120 3065 Dei,
1151 3010 1244 3054 aut
1273 3001 1535 3065 masculo,
1568 3002 1798 3055 addatur
1822 3002 1962 3069 jeju-

371 3088 544 3151 nium,
578 3088 631 3143 id
652 3098 757 3152 est,
784 3090 1025 3159 quinque
1057 3105 1253 3154 annos,
1285 3090 1328 3144 si
1362 3092 1414 3144 in
1444 3092 1837 3146 consuetudine
1858 3103 1957 3147 est.

2080 562 2237 616 nachi
2271 570 2416 624 voto,
2450 575 2570 614 eum
2615 557 2815 627 puclla,
2844 555 2929 613 vel
2970 552 3257 609 meretrice
3283 564 3536 619 peccans,
3572 565 3669 603 an—

2078 669 2175 707 nos
2225 654 2359 706 duos
2401 651 2680 721 pceniteat.
2738 649 2803 701 Et
2850 646 2973 715 quis
3023 655 3129 697 tam
3182 644 3370 707 hebes,
3401 642 3524 710 quis
3557 650 3668 695 tam

2078 744 2301 795 insanus
2325 739 2552 809 reperiri
2585 737 2787 797 valeat.
2817 735 2913 804 qui
2942 734 3170 787 duorum
3203 746 3469 784 annorum
3494 729 3670 798 poeni-

2078 834 2324 897 tentiam,
2385 831 2723 900 deprehenso
2791 829 2843 881 in
2909 826 3269 881 fornicatione
3325 825 3665 893 presbytero,

2078 923 2328 977 idoneam
2381 921 2613 975 credat?
2665 920 2721 973 Si
2780 919 2901 986 quis
2945 918 3088 971 enim
3133 913 3671 984 quantulamcunque

2076 1013 2362 1067 scientiam
2423 1010 2697 1066 canonica:
2752 1007 3093 1061 auctoritatis
3150 1005 3234 1058 vel
3290 1013 3668 1058 summotenus

2074 1104 2278 1173 attigit,
2304 1110 2367 1156 ut
2418 1094 2988 1165 districtiora'judicia
3033 1106 3327 1157 taceamus,
3362 1094 3486 1163 quia
3517 1094 3669 1163 lapso

2075 1193 2129 1245 in
2161 1190 2518 1245 fornicatione
2574 1192 2916 1259 presbytero,
2949 1187 3141 1241 saltem
3172 1187 3359 1239 decem
3399 1200 3668 1238 annorum

2072 1281 2391 1351 paenitentia
2423 1280 2770 1343 decernatur,
2802 1288 3048 1348 patenter
3089 1277 3358 1347 agnoscit.
3412 1276 3537 1330 ilzec
3568 1292 3670 1328 au-

2032 1382 2180 1427 ttem
2232 1372 2460 1426 duorum
2506 1386 2770 1424 annorum
2819 1372 2884 1423 de
2934 1368 3297 1422 fornicatione
3350 1368 3668 1436 pcenitentia

2073 1478 2179 1516 non
2208 1462 2368 1515 modo
2411 1476 2516 1514 non
2550 1460 2913 1523 sacerdotum,
2961 1458 3054 1512 sed
3092 1472 3190 1511 nec
3240 1457 3500 1511 laicorum
3546 1472 3668 1509 esse

2072 1554 2442 1623 perpenditur,
2491 1552 2687 1620 quibus
2730 1551 2987 1604 nimirum
3029 1565 3092 1603 ex
3134 1549 3235 1602 hac
3288 1549 3441 1600 ruina
3485 1547 3551 1600 ad
3585 1562 3669 1599 sa-

2073 1643 2436 1698 tisfactionem
2456 1642 2821 1703 currentibus.
2840 1639 3441 1705 trienniumjudicatur.
3462 1637 3665 1693 Deinde

2070 1733 2285 1787 additur
2314 1750 2327 1784 :
2357 1730 2414 1785 Si
2442 1746 2565 1785 cum
2596 1730 2789 1784 ancilla
2832 1731 2947 1794 Dei,
2990 1737 3082 1782 aut
3114 1727 3374 1790 masculo,
3405 1726 3662 1780 subaudi-

1999 1818 2044 1874 B
2077 1833 2163 1878 tur
2191 1824 2493 1894 presbyter,
2530 1823 2858 1892 peccaverit,
2892 1821 3123 1875 addatur
3162 1819 3454 1888 jejunium,
3484 1818 3535 1871 id
3556 1829 3660 1879 est,

2068 1917 2307 1986 quinque
2337 1930 2628 1979 annorum,
2658 1914 2701 1968 si
2737 1916 2788 1968 in
2830 1914 3218 1968 consuetudine
3247 1921 3329 1965 est
3364 1930 3374 1963 :
3411 1910 3665 1965 similiter

2070 2009 2303 2073 diaconi,
2328 2009 2371 2061 si
2395 2008 2642 2062 monachi
2679 2022 2783 2059 non
2808 2015 2957 2069 sunt,
2991 2006 3201 2059 duobus
3242 2004 3417 2068 anuis,
3449 2004 3591 2057 sicut
3612 2012 3666 2055 et

2070 2098 2321 2153 monachi
2355 2099 2444 2168 qui
2486 2099 2602 2152 sine
2635 2097 2802 2166 gradu
2855 2105 2997 2161 sunt,
3044 2095 3362 2165 pmuiteant.
3400 2092 3577 2147 Unum
3611 2093 3663 2145 in

2069 2191 2242 2262 capite
2271 2191 2430 2259 hujus
2454 2191 2745 2243 insensatze
2772 2188 3075 2249 sententi-.e,
3100 2203 3260 2256 quam
3289 2201 3522 2256 expono,
3548 2186 3630 2239 ala
3649 2214 3667 2225 -

2068 2283 2235 2335 criter
2261 2282 2439 2345 video,
2487 2280 2722 2333 libenter
2770 2279 3027 2342 attendo;
3062 2279 3317 2331 nimirum
3362 2278 3505 2345 quod
3532 2277 3669 2331 dici-

2069 2381 2200 2426 tur:
2229 2372 2283 2426 Si
2311 2386 2433 2424 cum
2460 2369 2653 2424 ancilla
2682 2368 2797 2432 Dei,
2831 2378 2925 2422 aut
2952 2383 3074 2422 cum
3126 2367 3391 2422 masculo.
3427 2368 3590 2435 Ecce,
3633 2384 3667 2422 ο

2066 2460 2205 2514 bone
2235 2460 2317 2512 vir
2341 2458 2639 2521 Sodomita,
2672 2458 2727 2511 in
2756 2458 2870 2525 ipsa
2905 2467 2993 2511 tua
3037 2458 3329 2525 scriptura,
3359 2473 3520 2526 quam
3549 2459 3665 2511 sin-

2067 2551 2326 2623 gulariter
2354 2550 2550 2619 diligis,
2598 2564 2761 2618 quam
2793 2548 3071 2601 inhianter
3098 2547 3467 2615 amplecteris,
3500 2563 3665 2617 quam

2068 2641 2162 2695 tibi
2192 2640 2335 2695 velut
2362 2638 2610 2709 clypeum
2660 2636 2998 2691 defensionis
3042 2636 3291 2706 opponis,
3322 2644 3510 2705 aperte
3535 2652 3670 2689 con-

2066 2730 2293 2793 sideras,
2317 2729 2442 2799 quia
2472 2728 2585 2782 sive
2609 2742 2732 2780 cum
2782 2726 2973 2779 ancilla
3018 2726 3112 2779 Dei
3161 2726 3283 2795 quis
3316 2735 3525 2794 peccet,
3551 2718 3666 2780 sive

2067 2833 2189 2874 Cum
2236 2818 2497 2882 masculo,
2552 2816 2686 2871 nihil
2720 2814 2929 2880 dili‘ert;
2958 2815 3051 2869 sed
3098 2814 3303 2884 aequale
3354 2825 3662 2883 peccatum,

2067 2925 2165 2977 par
2191 2910 2503 2963 decernitur
2532 2923 2654 2962 esse
2705 2908 2989 2976 judicium.
3034 2906 3153 2959 iam
3206 2906 3337 2959 nihil
3387 2916 3469 2959 est
3523 2908 3665 2960 unde

2067 3014 2278 3052 mecum
2301 2997 2619 3068 confligere,
2647 2997 2781 3051 nihil
2805 2998 2945 3051 unde
2978 3012 3006 3049 a
3037 2996 3172 3050 meis
3192 2996 3313 3064 jure
3338 2998 3510 3064 possis
3535 2996 3664 3050 alle-

2067 3090 2376 3159 gationibus
2406 3091 2717 3145 dissentire.
2928 3121 2961 3155 ,

371 3177 638 3233 Similiter
669 3179 903 3244 diaconi,
934 3180 978 3233 si
1006 3181 1260 3234 monachi
1292 3197 1395 3235 non
1424 3183 1724 3246 sunt,duos
1751 3198 1956 3249 annos;
1988 3173 2032 3233 C
2136 3180 2242 3235 Sed
2275 3181 2397 3249 quis
2425 3188 2532 3233 tam
2568 3196 2764 3249 vesane
2795 3180 3049 3250 desipiat,
3088 3179 3212 3250 quis
3244 3188 3349 3231 tam
3382 3178 3663 3248 profunda:

367 3268 513 3322 sicut
558 3279 614 3322 et
669 3269 943 3333 monachi,
975 3270 1067 3339 qui
1097 3270 1215 3324 sine
1263 3272 1431 3339 gradu
1469 3280 1613 3325 sunt.
1649 3270 1814 3325 Paulo
1839 3284 1961 3343 post

368 3357 620 3413 subditur
644 3377 655 3410 :
681 3357 923 3414 Clericus
944 3375 1066 3413 eum
1094 3359 1269 3428 puella
1297 3361 1341 3415 si
1377 3361 1494 3415 sine
1526 3370 1650 3415 voto
1680 3363 1957 3427 monachi,

366 3443 671 3501 fornicatus
702 3447 886 3511 fuerit,
920 3448 1203 3501 dimidium
1230 3462 1432 3503 annum
1467 3451 1759 3518 pcenitcat;
1791 3452 1832 3505 si
1864 3467 1957 3505 ca-

367 3538 617 3602 nonieus,
652 3538 935 3604 similiter;
972 3540 1016 3594 si
1046 3540 1382 3609 frequenter,
1435 3541 1571 3595 duos
1607 3558 1795 3597 annos.
1826 3543 1958 3596 item

364 3628 409 3680 si
442 3629 569 3697 quis
599 3630 930 3697 peccaverit,
971 3629 1113 3683 sicut
1160 3628 1474 3694 Sodomitas,
1508 3632 1728 3700 quidam
1776 3633 1963 3687 tllCttlll

363 3718 555 3772 decem
582 3732 755 3771 annos
786 3718 1121 3787 poenitentiae
1153 3737 1167 3772 :
1206 3722 1296 3788 qui
1352 3721 1404 3773 in
1438 3721 1829 3777 consuetudine
1860 3724 1958 3776 ha-

365 3808 478 3872 bet,
509 3808 739 3877 amplius
770 3808 932 3879 plecti
962 3810 1151 3875 debet;
1189 3810 1233 3865 si
1279 3820 1363 3864 est
1392 3812 1442 3865 in
1470 3814 1663 3882 gradu,
1697 3814 1962 3882 degrade-

366 3906 480 3963 tur,
526 3908 582 3953 et
608 3900 750 3956 sicut
782 3900 953 3954 laicus
980 3902 1263 3969 pmniteat.
1310 3902 1425 3965 Vir,
1462 3904 1551 3971 qui
1580 3905 1722 3957 inter
1755 3904 1960 3959 fenmra

364 3988 672 4044 fornicatus
699 3990 883 4053 fuerit,
916 4006 1022 4044 uno
1053 4006 1195 4045 anno
1230 3993 1522 4062 paeniteat;
1576 3994 1620 4047 si
1653 3994 1960 4059 iteraverit,

364 4080 579 4135 duobus
609 4082 791 4147 annis;
829 4081 874 4137 si
902 4089 1083 4137 autem
1114 4082 1167 4137 in
1223 4092 1371 4155 terga
1425 4084 1727 4141 fornicatus
1776 4086 1957 4152 fuerit,

363 4178 488 4225 tres'
505 4186 674 4225 annos
702 4173 997 4239 pceniteat;
1032 4174 1077 4228 si
1109 4190 1267 4243 puer,
1303 4177 1438 4230 duos
1465 4193 1636 4232 annos
1664 4181 1957 4247 poeniteat;

360 4261 408 4315 si
432 4277 559 4316 eum
592 4263 796 4330 pecude
827 4261 987 4317 fuerit
1014 4263 1312 4327 fornicatus
1355 4267 1438 4321 vel
1464 4268 1733 4339 jumento,
1766 4270 1959 4325 decem

361 4366 539 4406 annos
566 4354 848 4421 pceuiteat.
894 4352 1049 4420 Item,
1102 4355 1385 4426 episcopus
1434 4374 1553 4412 cum
1615 4361 1963 4431 quadrupede

362 4455 626 4509 peccans,
657 4443 842 4497 decem
867 4460 1039 4500 annos
1066 4448 1350 4515 praeniteat,
1381 4454 1433 4504 et
1452 4451 1677 4520 gradum
1703 4454 1954 4515 amittat;

2064 3274 2314 3327 tenebras
2340 3272 2602 3327 cmcitatis
2628 3272 2891 3335 incurrat,
2925 3282 2985 3325 ut
3024 3272 3089 3325 de
3132 3272 3282 3341 lapsu
3313 3287 3434 3325 cum
3464 3271 3661 3323 ancilla

2062 3362 2180 3429 Dei,
2204 3365 2309 3418 hoc
2335 3374 2441 3427 est,
2466 3364 2887 3427 sanctimoniali,
2912 3363 2993 3417 vel
3018 3364 3357 3433 presbytero,
3384 3365 3657 3432 quinque;

2062 3454 2146 3508 vel
2169 3454 2419 3518 diacono,
2453 3454 2567 3509 sive
2592 3456 2880 3517 monacho,
2913 3454 3141 3507 duorum
3190 3471 3455 3507 annorum
3483 3455 3659 3524 iunpo-

2064 3549 2295 3603 nendam
2317 3546 2701 3614 pcenitentiam
2731 3545 2988 3598 censeat?
3033 3544 3222 3598 Nonne
3260 3546 3375 3599 haec
3406 3556 3487 3599 est
3521 3546 3657 3599 insi-

2062 3637 2259 3691 diatrix
2292 3634 2559 3689 tendicula
2612 3633 2990 3703 pereuntium?
3020 3632 3209 3686 Nonne
3238 3634 3324 3687 hic
3361 3642 3442 3686 cst
3472 3650 3663 3687 errau-

2065 3726 2195 3779 tium
2242 3725 2465 3794 laqueus
2507 3723 2850 3777 animarum?
2880 3722 3011 3776 Illud
3043 3732 3226 3776 autem
3254 3724 3376 3793 quis
3421 3739 3527 3778 non
3560 3741 3660 3794 po-

2064 3816 2191 3869 terit
2224 3814 2555 3883 improbare,
2616 3813 2759 3881 quod
2804 3812 3003 3867 dicitur
3034 3830 3046 3865 :
3080 3812 3215 3880 Quia
3260 3813 3490 3867 clericus
3537 3830 3661 3867 cum

2061 3904 2237 3973 puella
2277 3903 2321 3956 si
2357 3903 2476 3956 sine
2525 3912 2649 3955 voto
2680 3904 2930 3956 monachi
2958 3902 3260 3956 fornicatus
3282 3902 3467 3967 fuerit,
3499 3904 3660 3957 dimi-

2064 3994 2209 4047 dium
2241 4008 2441 4046 annum
2472 3993 2769 4060 pcenitcat?
2802 3994 2865 4046 Et
2894 3994 3016 4063 quis
3058 3994 3130 4047 ita
3160 4010 3330 4048 seem
3362 3995 3662 4063 Scriptura:

2063 4088 2286 4142 scientia
2318 4088 2535 4157 polleat,
2563 4088 2685 4157 quis
2714 4088 2786 4140 ita
2822 4087 2905 4141 vel
2939 4088 2991 4140 in
3023 4088 3321 4142 dialectica:
3346 4088 3663 4142 subtilitatis

2063 4178 2311 4231 acumine
2366 4186 2783 4245 argumentosus
2837 4177 3063 4239 existat,
3122 4189 3180 4230 ut
3242 4186 3350 4229 tam
3416 4194 3481 4231 ex
3543 4178 3664 4249 lege

2063 4268 2258 4337 legem,
2294 4278 2397 4323 tam
2424 4270 2775 4323 laudabiliter
2795 4269 3125 4323 detestanda:
3154 4269 3662 4335 auctoritatisjudi-

2064 4362 2236 4416 cabilc
2288 4362 2660 4432 prtcjudicium
2716 4364 3081 4417 condemnare
3128 4365 3457 4432 prazsumat?
3509 4364 3664 4419 Unde

2065 4452 2205 4507 laico
2254 4454 2546 4507 triennium
2600 4454 2780 4518 datur,
2824 4454 2946 4507 inde
2986 4453 3219 4509 clericus
3269 4456 3492 4510 dimidio
3520 4472 3662 4511 anno

362 4532 656 4623 presbyter
680 4535 950 4603 quinque;
982 4536 1243 4594 diaconus
1294 4548 1436 4607 tres;
1470 4542 1700 4596 clericus
1728 4543 1831 4599 duo
1859 4563 1870 4597 ;
1904 4554 1957 4599 et
1989 4517 2040 4576 D
2067 4546 2329 4614 poenitere
2356 4546 2700 4614 prrecipitur?
2745 4542 2897 4599 Beati
2932 4562 3069 4623 ergo
3115 4547 3321 4609 clerici,
3355 4548 3444 4616 qui
3493 4547 3663 4602 forni-

365 4621 539 4675 tnulta
569 4620 671 4675 alia
702 4625 980 4691 mendosa,
1006 4636 1166 4695 atque
1197 4630 1464 4699 sacrilega
1488 4632 1724 4685 versutia
1757 4632 1954 4687 diaboli

364 4714 544 4769 sacris
594 4715 893 4769 Canonibus
950 4720 1293 4786 reperiuntur
1348 4721 1573 4784 inserta,
1632 4738 1752 4789 qua:
1800 4722 1956 4777 nobis

367 4803 546 4873 magis
575 4802 705 4857 libet
751 4804 1066 4872 obliterare,
1117 4824 1280 4878 quam
1311 4810 1584 4875 scribere;
1618 4812 1793 4882 magis
1823 4828 1947 4867 con-

368 4906 591 4960 spuere,
620 4908 780 4961 quam
808 4903 915 4947 tam
939 4910 1075 4949 vana
1106 4896 1336 4951 ludibria
1362 4900 1635 4955 schedulis
1662 4900 1953 4956 ineulcare.

369 4981 509 5037 Ecce
550 4983 635 5037 his
682 4984 1055 5041 deliramentis
1088 4990 1335 5045 carnales
1367 4992 1614 5047 homines
1656 4994 1954 5057 confidunt,

370 5073 455 5127 his
503 5074 652 5128 velut
703 5079 1035 5132 somniorum
1089 5082 1353 5150 portentis
1409 5083 1569 5137 fidem
1626 5084 1951 5152 attribuunt,

373 5163 538 5235 158
565 5176 620 5219 et
653 5182 802 5238 vana:
849 5184 905 5222 se
938 5171 1050 5239 spei
1102 5174 1394 5227 securitate
1426 5175 1703 5229 deludunt.
1740 5175 1846 5232 Sed
1875 5180 1954 5231 vi-

370 5257 615 5321 deamus,
648 5259 690 5313 si
717 5262 990 5318 canonica:
1027 5267 1339 5320 auctoritati
1385 5268 1486 5321 ista
1514 5270 1870 5333 conveniant;
1899 5281 1953 5325 et

372 5356 551 5403 utrum
602 5353 830 5407 tenenda
881 5354 1009 5419 sint,
1039 5370 1105 5410 an
1159 5358 1402 5424 vitanda,
1443 5377 1550 5416 non
1597 5371 1705 5416 tam
1750 5364 1952 5431 verbis,

376 5452 532 5506 quam
566 5443 725 5497 rebus
746 5446 1127 5501 attestautibus
1152 5449 1512 5505 innotescunt.

976 5534 1200 5592 CAPUT
1258 5538 1343 5593 XI.

482 5620 776 5676 Probabilis
802 5624 1092 5691 reprobatio
1122 5630 1540 5697 supradictorum
1564 5650 1844 5687 canonum.

446 5709 624 5785 Igitur,
652 5725 711 5770 ut
740 5715 815 5767 ad
863 5714 1186 5786 principium
1235 5721 1393 5789 hujus
1452 5725 1676 5793 captiosi
1730 5727 1951 5796 capituli

732 5808 1009 5867 Ρλτκοι..
1062 5812 1302 5875 CXLV.
1648 5816 1659 5825 ‘

2066 4642 2281 4695 cantur,
2307 4633 2709 4687 Sodomitarum
2747 4634 2789 4687 si
2824 4633 3051 4687 arbitrio
3076 4636 3391 4703 judicentur
3422 4654 3433 4688 :
3468 4638 3661 4691 eadem

2063 4726 2262 4795 quippe
2280 4740 2531 4779 mensura
2554 4742 2655 4793 qua
2682 4726 2977 4779 metiuntur
3000 4727 3145 4791 aliis,
3172 4728 3411 4782 remetiri
3436 4732 3663 4797 cupiunt

2064 4817 2435 4887 sibimetipsis.
2471 4816 2615 4871 Satis
2648 4818 2750 4870 iste
2793 4826 2985 4871 auctor
3014 4820 3219 4872 erroris
3256 4820 3324 4872 ad
3370 4820 3660 4874 lncrandas

2065 4907 2278 4961 diabolo
2332 4909 2542 4962 animos
2587 4908 2775 4961 avidus
2806 4909 3035 4971 exstitit,
3069 4910 3158 4978 qui
3188 4911 3312 4964 dum
3362 4913 3660 4966 monachos

2062 5000 2287 5068 perdere
2322 5000 2544 5063 studuit,
2572 5014 2744 5067 usque
2780 4999 2938 5069 159
2964 5000 3028 5053 ad
3058 5002 3302 5055 ordinem
3327 5003 3655 5056 clericorum

2061 5092 2249 5161 dogma
2311 5108 2421 5145 sum
2478 5092 2851 5160 perversitatis
2907 5092 3177 5153 extendit;
3237 5102 3289 5146 et
3349 5093 3656 5147 animarum

2058 5182 2346 5244 homicida,
2379 5182 2502 5234 dum
2534 5182 2643 5234 sola
2670 5182 3057 5235 monachorum
3099 5194 3271 5237 morte
3316 5185 3657 5238 stomachum

2059 5290 2169 5329 sum
2194 5274 2416 5328 malitia:
2444 5275 2725 5345 gulatenus
2760 5276 2977 5344 explere
3006 5292 3111 5329 non
3148 5278 3345 5346 potuit,
3367 5279 3571 5332 satiare
3599 5296 3657 5333 se

2058 5367 2141 5422 vel
2172 5383 2235 5421 ex
2268 5368 2373 5421 alio
2402 5368 2593 5421 ordéne
2618 5368 2947 5436 concupivit.

2134 5456 2249 5511 iam
2278 5474 2404 5511 vero
2428 5457 2566 5526 quod
2592 5460 2857 5527 sequitur,
2886 5460 3161 5514 videamus
3188 5478 3200 5514 :
3235 5460 3290 5514 Si
3320 5463 3441 5529 quis
3464 5477 3656 5530 pecca-

2064 5550 2205 5603 verit
2234 5551 2374 5604 sicut
2409 5550 2726 5613 Soelomilar,
2758 5553 2974 5619 quidam
3023 5552 3207 5606 decem
3251 5568 3421 5605 annos
3470 5554 3655 5606 dicunt

2063 5641 2425 5708 pcenitentim;
2477 5642 2568 5709 qui
2632 5641 2682 5693 in
2740 5641 3133 5696 consuetudine
3188 5643 3371 5705 habet,
3425 5643 3655 5711 amplius

2062 5731 2222 5798 plecti
2248 5731 2435 5797 debet;
2461 5731 2505 5784 si
2532 5731 2582 5785 in
2610 5732 2781 5801 gradu
2805 5741 2907 5796 est,
2936 5732 3279 5802 degradetur,
3303 5740 3357 5787 et
3388 5733 3525 5787 sicut
3550 5732 3651 5785 lai-

3133 5824 3171 5883 6

4602 6241 5074 6416 ‘
