5392 6574
85 6430 803 6574 -μ

1900 542 1995 599 επ

1897 674 1992 716 ου,
2016 655 2299 729 maneat.
2323 652 2435 715 Vir,
2456 650 2553 719 qni
2581 650 2723 704 inter
2756 647 2960 704 femora
2990 646 3288 702 fornicatus
3328 644 3448 697 fue-
3474 643 3524 701 Α
3552 650 3759 710 mergat
3785 658 3798 694 :
3831 655 3936 694 non
3964 648 4015 694 te
4041 648 4349 700 sanctorum
4379 640 4729 695 conciliorum
4749 639 4968 712 pelagus
4997 654 5115 709 pro-

1898 754 1988 815 rit,
2024 764 2132 803 uno
2169 760 2308 800 anno
2331 742 2618 811 poeniteat;
2647 740 2695 794 si
2738 738 3033 801 iteraverit,
3059 736 3264 791 duobus
3296 731 3452 786 annis

1897 839 2182 909 peniteat;
2211 835 2256 887 si
2277 841 2456 886 autem
2477 831 2531 885 in
2556 839 2699 898 terga
2728 826 3022 881 fornicatus
3070 823 3250 885 fuerit,
3280 821 3451 876 tribus

1895 927 2053 982 annis
2070 923 2346 994 paeniteat.
2394 921 2604 973 Etcum
2634 931 2859 985 peccare
2898 917 3037 970 sicut
3078 911 3371 974 Sodomita,
3395 917 3453 963 ut

1896 1012 1998 1084 ipsi
2046 1009 2364 1081 perhibetis,
2408 1006 2542 1061 nihil
2591 1004 2735 1058 aliud
2774 1005 2863 1069 sit,
2903 1017 3061 1072 quam
3109 998 3363 1054 fornicari
3396 998 3450 1052 in

1895 1113 2078 1173 terga;
2130 1099 2256 1167 quid
2282 1100 2384 1160 est,
2424 1096 2566 1164 quod
2596 1095 2760 1150 vestri
2804 1106 3035 1149 canones
3075 1091 3127 1144 in
3173 1103 3281 1143 uno
3315 1101 3453 1157 pene

1895 1188 2162 1246 versiculo
2192 1196 2296 1240 tam
2334 1184 2686 1238 multiformes
2709 1183 3055 1237 inveniuntur
3087 1188 3141 1232 et
3190 1177 3364 1240 varii;
3395 1185 3453 1229 ut

1895 1277 2241 1348 peccantibus
2276 1275 2415 1328 sicut
2443 1267 2751 1333 Sodomita,
2774 1268 3015 1324 decennii
3044 1266 3251 1335 pondus
3277 1263 3455 1331 injun-

1893 1380 2051 1434 gant;
2086 1368 2137 1421 in
2195 1376 2341 1435 terga
2392 1379 2519 1423 vero
2559 1362 2969 1425 fornicantibus,
3004 1360 3146 1429 quod
3174 1359 3311 1413 idem
3346 1367 3449 1422 est,

1894 1455 2033 1521 infra
2064 1457 2274 1510 triennii
2295 1453 2662 1521 compendium
2683 1450 3019 1520 paenitentia:
3043 1450 3276 1504 lamenta
3300 1462 3450 1499 coer—

1893 1546 2087 1600 ceant?
2138 1544 2321 1599 Nonne
2369 1544 2483 1596 haec
2514 1540 2768 1596 monstris
2806 1540 2998 1594 merito
3046 1547 3447 1607 comparantur,

1892 1650 2000 1688 non
2024 1642 2215 1686 natura
2249 1631 2492 1701 prolatis,
2521 1631 2614 1685 sed
2637 1630 2898 1684 industria
2923 1629 3156 1683 humana
3185 1628 3450 1695 Composi-

1892 1724 1983 1785 tis,
2013 1735 2240 1796 quorum
2285 1720 2531 1789 quaedam
2562 1733 2590 1772 a
2621 1719 2886 1787 capitibus
2930 1718 3137 1786 equinis
3168 1718 3447 1786 incipiunt,

1889 1811 2022 1864 etin
2060 1810 2332 1862 hircorum
2380 1806 2605 1876 ungulas
2659 1806 3056 1861 terminantur?
3090 1805 3293 1870 Quibus
3321 1818 3447 1872 ergo

1889 1898 2201 1959 canonibus,
2234 1897 2425 1964 quibus
2452 1895 2668 1948 Patrum
2698 1896 2926 1949 decretis
2949 1891 3178 1947 ludibrio
3203 1894 3300 1948 ista
3325 1909 3446 1946 con-

2350 536 2408 593 S.
2439 534 2641 592 PETRI
2678 526 2961 588 DAMIANI
3001 527 3150 586 OPP.
3181 525 3417 586 TOMUS
3455 523 3586 582 SEU
3626 524 3806 581 PARS
3844 525 3928 580 lll.
3960 556 4027 566 -
4053 524 4413 583 OPUSCULA
4451 525 4678 582 VARlA.

5018 530 5117 587 ΠΩ

3555 730 3662 784 lata
3694 731 3915 785 forsitan
3956 732 4270 786 austeritate
4315 739 4643 801 perterrent;
4691 744 4795 784 non
4838 738 4891 783 te
4933 731 5113 785 vadosi

3554 828 3731 887 syrtes
3785 821 4212 888 apocryphorum
4255 833 4527 890 (canonum
4584 818 4845 885 promissa
4901 817 5115 872 lenitate

3551 903 3803 961 fluctuum
3821 910 4060 963 trahant.
4079 908 4230 976 Stepe
4243 911 4385 962 enim
4407 909 4557 962 navis
4575 908 4898 976 procellosos
4913 908 5115 978 fugiens

3550 992 3765 1058 fluctus,
3779 995 3903 1050 dum
3917 995 4143 1051 littoreis
4156 999 4540 1065 propinquaret
4556 995 4756 1062 arenis,
4777 995 5111 1066 naufragium

3550 1084 3795 1152 pertulit;
3824 1092 3877 1138 et
3921 1094 4062 1153 stepe
4098 1083 4204 1138 alta
4256 1085 4426 1155 pelagi
4466 1084 4699 1150 sulcans,
4750 1086 4866 1140 sine
4906 1086 5114 1154 Jactura

3551 1175 3755 1239 oneris,
3794 1174 4080 1229 incolumis
4106 1176 4358 1229 enatavit.

4143 1283 4365 1339 CAPUT
4414 1284 4522 1337 ΧΠ.

3554 1371 3706 1435 Quod
3729 1372 3838 1425 Irim:
3869 1372 4093 1424 ludibria
4112 1373 4233 1439 jure
4255 1388 4284 1425 (ι
4323 1392 4535 1427 numero
4550 1389 4804 1429 canonum
4828 1377 5109 1432 excludun-

3616 1450 3717 1499 tur.
3745 1442 3880 1510 quod
3903 1453 4094 1494 certum
4115 1444 4299 1495 habere
4324 1459 4425 1498 non
4446 1445 4714 1496 rideantur
4734 1458 5014 1499 auctorem.

3619 1526 3998 1582 Verumtamen
4036 1532 4156 1597 quis
4209 1530 4339 1585 istos
4396 1547 4628 1586 canones
4657 1532 4972 1588 fabricavit?
4997 1538 5116 1604 quis

3551 1616 3605 1671 in
3649 1632 3916 1686 purpureo
3960 1619 4213 1673 Ecclesiae
4259 1635 4477 1675 nemore
4524 1631 4631 1674 tam
4686 1624 4951 1689 spinosos,
5002 1634 5109 1678 tam

3552 1706 3819 1761 aculeatos
3875 1707 4064 1776 paliuri
4131 1709 4357 1763 tribulos
4411 1711 4680 1765 seminare
4737 1715 5114 1782 prmsumpsit?

3552 1796 3776 1849 Constat
3800 1796 4069 1860 nimirum,
4124 1797 4261 1865 quod
4304 1813 4496 1852 omnes
4531 1800 4826 1853 authentici
4859 1816 5112 1862 canones,

3555 1896 3645 1938 aut
3673 1886 3724 1938 in
3748 1888 4062 1939 venerandis
4094 1886 4435 1954 synodalibus
4464 1888 4705 1941 conciliis
4745 1898 4868 1941 sunt
4890 1888 5112 1951 inventi,

1887 1985 2122 2045 veniant,
2169 1997 2286 2052 quae
2330 1997 2359 2035 a
2404 1982 2709 2049 semetipsis
2757 1992 2862 2035 tant
2915 1983 3151 2047 dissona,
3203 1991 3257 2035 ct
3309 1982 3445 2034 ultra
3476 1964 3522 2024 B
3551 1984 3643 2026 aut
3674 1989 3704 2025 a
3731 1975 3934 2028 sanctis
3963 1974 4211 2027 Patribus
4239 1977 4382 2028 sedis
4430 1976 4733 2043 apostolicae
4772 1976 5116 2046 pontificibus

1888 2080 2111 2125 cornuta
2137 2064 2311 2124 fronte
2331 2070 2621 2124 resultant?
2645 2070 2892 2138 Quazquaa
2923 2074 3207 2138 semetipsa
3236 2070 3445 2125 convel-

1887 2162 2026 2223 lunt,
2051 2156 2243 2228 quibus
2264 2159 2671 2212 auctoritatibus
2699 2159 3021 2213 fulciantur?
3059 2177 3076 2209 ι
3107 2160 3276 2213 Omne
3297 2160 3442 2212 enim

1893 2259 2134 2316 regnum,
2166 2248 2239 2299 ait
2281 2245 2549 2307 Salvator,
2585 2247 2638 2299 in
2668 2247 3153 2315 seipsumodivisum
3186 2248 3448 2300 desolabi-

1890 2343 1996 2399 tur,
2039 2344 2093 2388 et
2134 2336 2321 2390 domus
2350 2349 2510 2403 supra
2541 2334 2752 2389 domum
2784 2336 2953 2398 cadet,
2981 2346 3033 2389 et
3065 2338 3106 2389 si
3142 2338 3364 2390 Satanas
3396 2340 3443 2389 in

1888 2427 2122 2495 seipsum
2144 2424 2461 2490 divisusest,
2483 2427 2749 2494 quomodo
2765 2427 2925 2479 stabit
2946 2428 3187 2479 doctrina
3213 2428 3376 2495 ipsius
3392 2428 3409 2477 7
3426 2448 3440 2476 ι

1887 2501 2040 2585 (Luc.
2071 2518 2169 2583 χι.)
2232 2511 2388 2570 Modo
2429 2513 2851 2582 enimj'udicium
2901 2516 3252 2569 districtionis
3276 2516 3448 2569 inten-

1888 2608 2035 2671 dere,
2067 2607 2223 2661 modo
2253 2606 2521 2661 crudelem
2553 2606 2802 2661 videntur
2829 2606 2981 2674 quasi
3026 2606 3446 2660 misericordiam

1885 2696 2183 2751 exhibere:
2212 2704 2267 2749 et
2291 2694 2435 2750 velut
2466 2695 2518 2749 in
2549 2695 2825 2750 chimerali
2856 2704 3095 2749 monstro
3125 2695 3248 2748 hinc
3275 2695 3450 2748 minas

1884 2787 2055 2841 leonis
2086 2786 2261 2855 specie
2313 2785 2626 2842 terribiliter
2655 2786 2884 2851 intonat,
2925 2785 3051 2839 inde
3076 2784 3199 2838 vilis
3245 2784 3447 2851 capella

1881 2876 2159 2931 humiliter
2205 2876 2362 2938 beat;
2395 2882 2450 2929 et
2496 2876 2599 2929 hac
2626 2874 2770 2929 velut
2816 2875 3087 2927 variarum
3130 2873 3445 2926 diversitate

1879 2960 2175 3022 formarum
2205 2967 2258 3020 in
2286 2967 2453 3021 risum
2477 2967 2655 3036 potius
2683 2967 2943 3032 excitant,
2976 2981 3139 3036 quam
3169 2966 3238 3019 ad
3264 2967 3442 3034 ι)ωηί-

1880 3059 2063 3113 tentize
2086 3057 2320 3113 lamenta
2343 3062 2722 3125 compungant.

1947 3137 2153 3212 Quibus
2167 3156 2382 3215 quoque
2406 3144 2459 3198 in
2488 3158 2674 3199 errore
2696 3133 2893 3198 similia
2916 3150 3055 3207 sunt,
3076 3158 3195 3213 qua:
3216 3158 3446 3212 sequun-

1880 3235 2118 3303 tuerui
2144 3250 2270 3291 cum
2301 3235 2507 3305 pecude
2530 3233 2694 3289 Merit
2724 3234 3041 3298 fornicatus,
3077 3232 3157 3287 vel
3180 3232 3441 3300 jumento,

1880 3326 2066 3378 decem
2098 3323 2253 3378 annis
2280 3323 2564 3391 paeniteat;
2597 3323 2723 3376 item
2753 3322 3033 3390 episcopus
3056 3336 3176 3375 cum
3203 3322 3440 3390 quadru-

1879 3412 2105 3480 pedibus
2130 3426 2381 3480 peccans,
2412 3411 2597 3466 decem
2642 3412 2799 3465 annis
2828 3412 3106 3478 poeniteat,
3139 3419 3194 3465 et
3213 3410 3438 3479 gradum

1877 3501 2127 3565 amittat;
2161 3493 2444 3569 presbyter
2469 3500 2726 3569 quinque,
2769 3499 3024 3554 diaconus
3055 3509 3183 3563 tres,
3215 3500 3442 3554 clericus

1877 3591 2041 3653 duos;
2083 3603 2204 3643 cum
2252 3588 2403 3657 prius
2456 3588 2699 3643 absolute
2745 3587 2932 3642 dicat:
2964 3588 3100 3653 Quia
3137 3589 3441 3657 quicunque

1878 3691 1999 3729 cum
2053 3674 2255 3744 pecude
2282 3674 2362 3728 vel
2395 3674 2636 3743 jumento
2677 3674 2841 3730 fuerit
2886 3674 3203 3740 fornicatus,
3255 3676 3438 3731 decem

1877 3772 2139 3819 annorum
2171 3762 2539 3819 satisfactione
2569 3765 2914 3829 multabitur;
2962 3767 3228 3835 quomodo
3257 3781 3444 3821 conse~

1876 3868 2051 3921 quens
2068 3855 2170 3916 est,
2195 3853 2335 3921 quod
2361 3851 2697 3920 subjungitur
2724 3870 2736 3905 :
2770 3864 2823 3906 nt
2849 3855 3159 3923 presbytero
3186 3855 3439 3922 quinque,

1877 3943 2103 3997 diacono
2133 3944 2312 4006 trium,
2347 3943 2541 3997 clerico
2568 3945 2795 3996 duorum
2825 3959 3086 3997 annorum
3135 3946 3199 3999 dc
3236 3945 3441 4012 pecuali

1878 4030 2161 4084 concubitu
2206 4030 2524 4099 paenitentia
2576 4031 2882 4085 indicetur?
2918 4031 3066 4087 Unde
3115 4034 3436 4101 quicunque,

1874 4111 1980 4171 hoc
2017 4126 2118 4180 est,
2165 4118 2391 4187 quilibet
2440 4119 2601 4172 etiam
2642 4119 2810 4173 laicus
2850 4127 2903 4173 et
2941 4121 3251 4174 decennalis
3284 4121 3439 4188 spatii

1877 4204 2166 4260 afflictione
2195 4207 2596 4274 constringitur,
2648 4208 2772 4262 inde
2798 4209 3112 4278 presbytero
3148 4210 3440 4278 quinquen-

1874 4294 2022 4347 nium
2073 4294 2307 4363 ponitur,
2356 4295 2408 4347 id
2448 4304 2549 4358 e‘st,
2600 4295 2878 4349 dimidium
2913 4298 3076 4351 totius
3110 4297 3441 4365 ptenitcntize

1875 4380 2168 4434 relaxatur.
2218 4381 2446 4448 Quibus,
2481 4392 2626 4451 rogo,
2655 4384 2797 4437 sacri
2834 4380 3031 4452 eloquii
3082 4386 3295 4454 paginis
3325 4387 3439 4438 haec

1875 4466 2066 4523 frivola
2097 4469 2363 4525 insomnia
2388 4474 2708 4539 congruunt,
2736 4483 2854 4541 qum
2880 4475 3167 4542 semetipsa
3202 4484 3306 4527 tam
3329 4475 3438 4530 evi-

1875 4560 2067 4615 denter
2095 4557 2442 4626 impugnant?
2471 4557 2601 4623 Quis
2627 4575 2727 4613 non
2771 4563 3084 4630 perpendat,
3112 4564 3230 4631 quis
3255 4572 3436 4632 aperte

3552 2069 3873 2135 promulgat;
3914 2088 3923 2119 :
3961 2085 4057 2121 nec
4086 2086 4331 2135 cmquam
4364 2070 4456 2121 soli
4493 2071 4691 2124 homini
4733 2073 4860 2126 licet
4883 2089 5117 2129 canones

3550 2156 3729 2219 edere,
3764 2156 3853 2208 sed
3904 2157 3972 2206 illi
4030 2158 4397 2207 tantw'ni'uMa
4450 2159 4547 2209 hoc
4602 2161 4851 2226 Competit
4896 2162 5081 2228 privilc

3552 2243 3713 2307 gium,
3748 2244 3834 2310 qui
3869 2245 3918 2295 in
3949 2244 4001 2294 ll.
4053 2244 4193 2295 I’ctii
4242 2246 4497 2296 t‘Z:.llL’tll'Il
4532 2248 4766 2299 cernitur
4808 2250 5111 2315 praesidere.

3552 2334 3673 2386 llr-t3
3723 2345 3917 2394 autem,
3973 2341 4036 2387 uc
4072 2339 4267 2401 quibus.
4321 2337 4604 2401 loquimur,
4637 2340 4813 2406 spuria
4851 2356 5113 2394 canonum

3552 2420 3882 2480 vitnlmiina,
3920 2435 3969 2473 et
4012 2438 4037 2473 a
4071 2427 4236 2475 sacris
4285 2424 4524 2475 cnncihis
4556 2439 4844 2479 noscuntur
4873 2429 5110 2491 exclusa,

3552 2518 3598 2560 et
3631 2526 3656 2560 ιι.
3689 2510 3918 2563 decretis
3962 2511 4179 2563 Patrum
4230 2518 4448 2565 υιιιιηιιυ
4494 2518 4784 2583 probantur
4812 2528 5067 2573 extranea
5099 2539 5110 2572 :

3548 2599 3788 2667 sequitur
3808 2615 3957 2669 ergo,
3989 2609 4045 2653 ut
4073 2617 4408 2670 nequaquam
4445 2606 4585 2659 inter
4628 2623 4860 2663 canones
4882 2610 5136 2698 habean;

3550 2698 3654 2752 tur,
3687 2704 3805 2756 qua:
3859 2705 3957 2743 nec
4003 2690 4361 2746 decretalibus
4412 2693 4632 2749 Patrum
4685 2698 4895 2761 edictis,
4943 2714 5042 2753 nec
5083 2690 5112 2752 a

3549 2777 3718 2829 sacris
3768 2778 4021 2832 videntur
4061 2780 4277 2847 prodire
4327 2782 4589 2836 conciliis.
4648 2784 4914 2853 Quidquid
4969 2789 5112 2841 enim

3548 2864 3685 2917 inter
3707 2868 3914 2933 species
3933 2882 4036 2919 non
4055 2880 4456 2934 annumeratur,
4477 2886 4505 2923 a
4522 2887 4716 2941 genere
4739 2875 4924 2942 procul
4952 2876 5113 2930 dubio

3545 2953 3776 3007 alienum
3817 2970 3935 3009 esse
3962 2957 4285 3010 decernitur.
4343 2958 4495 3022 Quod
4542 2962 4585 3014 si
4636 2978 4829 3017 nomen
4877 2967 5113 3019 auctoris

3546 3044 3856 3112 inquiritur,
3892 3054 4097 3099 certum
4126 3064 4227 3101 non
4263 3050 4401 3101 valet
4446 3051 4573 3115 dici,
4618 3053 4740 3120 quia
4770 3069 4868 3107 nec
4906 3064 5116 3121 poterat

3546 3132 3600 3186 in
3646 3135 3812 3190 variis
3852 3137 4130 3191 codicibus
4156 3139 4496 3193 uniformiter
4525 3141 4773 3196 inveniri.
4801 3143 4939 3196 Alibi
4965 3146 5112 3198 enim

3558 3225 3831 3290 scribitur,
3861 3225 4172 3282 Theodorus
4201 3230 4362 3293 dicit;
4396 3230 4546 3296 alibi,
4581 3231 4969 3287 Paanitentialis
5001 3234 5114 3287 Ro-

3471 3301 3515 3362 C
3546 3333 3737 3375 manus
3764 3320 3927 3384 dicit;
3960 3322 4109 3384 alibi,
4143 3321 4389 3378 Canones
4414 3325 4805 3393 apostolorum;
4828 3328 4983 3381 aliter
5003 3330 5110 3394 hic,

3543 3404 3702 3459 aliter
3733 3406 4014 3461 litulantur
4040 3409 4149 3462 illic
4176 3420 4260 3462 :et
4298 3412 4419 3464 dum
4447 3429 4608 3466 unum
4641 3415 4840 3469 habere
4866 3431 4969 3470 non
4999 3433 5113 3471 me-

3541 3506 3727 3550 rentur
3755 3506 4046 3563 auctorem,
4073 3491 4283 3553 omnem
4315 3501 4544 3569 perdunt
4575 3505 4690 3558 sine
4727 3506 4887 3560 dubio
4921 3517 5110 3561 aucto-

3543 3586 3781 3639 ritatem.
3832 3587 3961 3653 Qum
3996 3589 4137 3642 enim
4182 3590 4280 3643 sub
4307 3600 4382 3645 tot
4421 3593 4643 3647 incertis
4679 3597 4989 3650 auctoribus
5017 3615 5113 3651 nu-

3544 3682 3681 3737 tant,
3711 3675 3914 3727 nullum
3933 3686 4077 3728 certa
4103 3681 4423 3732 auctoritate
4447 3680 4868 3736 confirmant.Et
4891 3697 5114 3739 necesse

3540 3774 3641 3828 est,
3678 3774 3737 3819 ut
3780 3780 3897 3835 qua:
3927 3767 4214 3822 dubietatis
4262 3764 4551 3837 caliginem
4607 3770 4908 3842 legentibus
4948 3787 5112 3843 gene-

3542 3865 3683 3921 rant,
3716 3871 3745 3908 a
3775 3858 3892 3910 luce
3924 3873 4197 3912 sacrarum
4225 3859 4647 3928 Scripturarnm,
4703 3873 4908 3920 remota
4958 3867 5110 3920 omni

3542 3944 3834 4011 dubietate,
3885 3949 4156 4001 recedant.
4210 3948 4326 4003 Jam
4382 3966 4507 4005 vero
4553 3953 4636 4008 his
4663 3956 4890 4010 scenicis
4920 3957 5111 4011 delira-

3538 4036 3762 4099 mentis,
3788 4037 3854 4091 de
3885 4037 4077 4105 quibus
4111 4039 4355 4093 carnales
4398 4042 4645 4097 homines
4687 4047 5102 4113 praesumebant,

3538 4133 3606 4177 ex
3637 4139 3860 4179 numero
3899 4141 4167 4181 canonum
4201 4129 4506 4191 eliminatis,
4541 4146 4606 4185 ac
4635 4134 4913 4202 perspicua
4952 4150 5108 4206 argu-

3540 4220 3842 4265 mentorum
3875 4216 4084 4268 ratione
4114 4218 4400 4281 convictis,
4448 4219 4564 4273 illos
4607 4235 4840 4277 canones
4865 4237 5104 4291 appona-

3539 4316 3682 4362 mus,
3709 4304 3772 4355 de
3801 4317 4028 4370 quorum
4082 4305 4185 4359 ﬁde
4228 4315 4283 4361 et
4326 4310 4646 4363 auctoritate
4689 4311 4835 4365 nulla
4878 4327 5102 4381 prorsus

3539 4391 3888 4459 ambiguitate
3919 4392 4222 4451 diffidimus.
4250 4397 4305 4452 tn
4333 4399 4624 4469 Ancyrano
4644 4402 4841 4473 quippe
4869 4404 5102 4462 concilio

3539 4480 3824 4548 reperitur.

4125 4576 4351 4632 CAPUT
4382 4579 4515 4635 Xﬂl.

1875 4665 1983 4704 non
1999 4649 2207 4712 videat,
2233 4647 2512 4737 quiah‘vazc,
2539 4659 2593 4703 et
2616 4653 2703 4704 his
2730 4652 2921 4705 similia
2950 4655 3117 4707 sacris
3142 4659 3434 4713 canonibus
3469 4641 3511 4695 ί)
3540 4659 3752 4741 Dahis,
3791 4664 3882 4731 qui
3920 4664 4250 4747 fornicamur
4287 4671 4739 4739 irrationabiliter,
4789 4676 4844 4728 id
4879 4686 4968 4739 est,
5010 4681 5104 4747 qui

1870 4739 2241 4795 fraudulenter
2267 4738 2523 4803 immista,
2541 4740 2790 4810 ﬁgmenta
2812 4755 2934 4797 sunt
2961 4744 3240 4809 diabolica,
3273 4757 3434 4818 atque

1853 4829 1944 4906 _ad
1974 4827 2315 4898 decipiendas
2341 4827 2657 4897 simplicium
2689 4832 2893 4886 animas
2929 4834 3134 4893 callidis
3162 4839 3437 4899 machina-
3505 4879 3508 4885 .

1830 4924 1833 4927 ’
1873 4918 2107 4975 tionibus
2136 4919 2413 4974 instituta?
2438 4918 2587 4975 Sicut
2613 4921 2754 4974 enim
2808 4922 2963 4986 melli,
3003 4925 3085 4981 vel
3111 4927 3432 4998 quibuslibet

1827 5007 1834 5014 ’
1871 5007 2318 5064 esculentioribus
2342 5006 2476 5063 cibis
2504 5023 2762 5065 venenum
2796 5010 3162 5068 fraudulenter
3187 5016 3430 5071 immitti-

1873 5105 1979 5161 tur,
2009 5104 2069 5150 ut
2093 5096 2219 5152 dum
2240 5096 2307 5151 ad
2337 5097 2719 5154 comedendum
2769 5098 3139 5155 alimentorum
3192 5105 3432 5160 suavitas

1869 5194 2149 5256 provocat,
2169 5186 2338 5251 virus,
2362 5187 2506 5255 quod
2533 5186 2677 5250 latet,
2713 5185 2921 5245 facilius
2950 5189 3003 5242 in
3036 5190 3265 5247 hominis
3291 5193 3430 5247 inte-

1813 5301 1820 5306 -
1870 5273 2019 5328 riora
2065 5286 2124 5328 se
2150 5272 2516 5341 transfundat;
2558 5276 2629 5330 ita
2659 5277 2774 5331 hazc
2812 5278 3031 5333 subdola
3080 5289 3135 5334 et
3178 5282 3430 5338 mendosa

1875 5360 2034 5441 ιω
2059 5373 2361 5419 commenta
2382 5366 2551 5421 sacris
2575 5366 2881 5422 inseruntur
2905 5369 3150 5439 eloquiis,
3177 5354 3236 5425 ut
3255 5375 3430 5443 suspi-

1868 5455 2077 5509 cionem
2121 5454 2377 5524 effugiant
2422 5455 2698 5522 falsitatis;
2731 5467 2786 5513 et
2831 5461 3060 5528 quodam
3095 5466 3247 5533 quasi
3276 5467 3429 5522 melle

1869 5550 1995 5596 sunt
2021 5542 2267 5609 oblinita,
2300 5544 2427 5598 dum
2450 5545 2595 5599 falsae
2639 5548 2854 5615 pietatis
2883 5550 3126 5606 videntur
3151 5554 3428 5610 dulcedine

1869 5621 2137 5696 sbporata.
2167 5630 2273 5685 Sed
2297 5647 2428 5703 cave
2455 5635 2521 5687 ab
2550 5635 2976 5706 bis,-quicunque
3005 5653 3085 5701 es,
3108 5656 3174 5695 ne
3202 5650 3252 5696 te
3281 5642 3426 5696 Sire-

1869 5732 2057 5772 narum
2112 5733 2328 5775 carmen
2385 5722 2658 5777 mortifera
2704 5726 2965 5780 sua-vitate
3005 5728 3326 5797 dcmulceat;
3359 5748 3426 5787 ne

1872 5806 2053 5860 navim
2076 5815 2177 5863 tute
2201 5811 2463 5867 mentis-in
2490 5813 2723 5884 Scyllaea:
2761 5819 3028 5890 voraginis
3048 5821 3309 5890 profunda
3333 5825 3425 5880 dc-

3573 4731 3853 4785 miscentur
3886 4736 4175 4802 pecoribus,
4205 4749 4296 4791 aut
4323 4756 4439 4793 cum
4472 4731 5061 4814 masculis'polluunlu}.

3608 4841 3683 4895 De
3736 4842 3821 4896 his
3873 4845 3963 4912 qui
4025 4845 4465 4904 irrationabiliter
4521 4852 4719 4907 versati
4777 4864 4920 4918 sunt,
4986 4856 5103 4911 sive

3535 4940 3852 4986 versantur:
3889 4944 4150 5002 quotquot
4196 4949 4320 4993 ante
4368 4941 4679 5010 vigesimum
4713 4944 4863 5015 ιθι
4897 4960 5099 5000 annum

3536 5020 3639 5075 tale
3689 5023 3891 5078 crimen
3956 5029 4388 5096 commiserunt,
4445 5035 4749 5102 quindecim
4796 5039 4951 5092 annis
4996 5051 5095 5092 ex-

3535 5111 3669 5165 actis
3698 5113 3749 5167 in
3777 5115 4115 5183 pmnitentia,
4159 5122 4584 5177 communionem
4614 5135 4920 5180 mereantur
4969 5141 5096 5182 ora-

3536 5200 3788 5269 tionum;
3865 5206 4058 5260 deinde
4118 5209 4481 5278 quinquennio
4543 5213 4595 5267 in
4678 5215 4779 5269 hac
4855 5230 5097 5271 commu-

3535 5290 3695 5346 nione
3738 5293 4013 5359 durantes,
4049 5306 4175 5351 tunc
4204 5300 4415 5354 demum
4444 5301 4730 5359 oblationis
4757 5318 5093 5364 sacramenta

3534 5382 3862 5451 contingant.
3895 5383 4224 5442 Discutiatur
4249 5398 4425 5444 autem
4453 5400 4508 5445 et
4537 5393 4644 5446 vita
4675 5408 4877 5460 eorum,
4919 5395 5101 5465 qualis

3534 5477 3770 5540 tempore
3796 5476 4144 5542 ptenitudinis
4165 5480 4454 5543 exstiterit,
4487 5491 4543 5557 et
4571 5485 4641 5538 ita
4675 5485 5091 5543 misericordiam

3535 5573 3947 5631 consequantur.
3981 5566 4129 5632 Quod
4160 5570 4203 5622 si
4234 5569 4621 5638 inexplebiliter
4651 5574 4734 5628 bis
4760 5562 4960 5630 haesere
4986 5577 5094 5632 cri-

3532 5651 3764 5706 minibus
3785 5693 3798 5718 ,
3825 5656 3889 5707 ad
3923 5658 4179 5724 agendam
4207 5660 4576 5727 ptenitentiam
4602 5663 4856 5732 prolixius
4884 5674 5093 5737 tempus

3532 5742 3822 5799 insumant.
3850 5747 4122 5817 Quotquot
4148 5757 4323 5804 autem
4358 5762 4572 5821 peracta
4614 5755 4799 5824 viginti
4828 5770 5090 5811 annorum

3531 5840 3685 5888 aetate
3707 5873 3721 5899 ,
3756 5842 3828 5890 et
3878 5851 4097 5893 uxorem
4147 5838 4405 5897 habentes
4429 5881 4445 5909 ,
4490 5843 4591 5898 hoc
4615 5852 4834 5913 peccato
4858 5845 5091 5915 prolapsi
