5392 6660
4190 56 4197 59 Α
4254 44 4323 57 θην-³
4577 42 4580 44 ’

2032 192 2035 193 7
2116 196 2127 201 ὁ
2241 180 2319 203 ..μ’
2395 181 2440 208 *ο
2467 179 2510 188 ...ο
2591 187 2650 202 M._
2799 215 2806 218 -
2875 191 2888 198 ς

1468 177 2198 286 “.—
2072 230 2075 231 ν
2128 224 2149 227 -η
2479 158 2606 276 _;;
2593 158 2652 275 -έμν
2727 225 2730 230 -
2805 227 2816 232 --
2919 243 2922 246 ,
3159 110 3300 278 __
3254 242 3259 243 .
3305 239 3328 246 -.

2070 240 2091 241 κ
2112 234 2149 243 Α»
2210 238 2221 241 ν
2284 238 2293 241 -
2354 236 2373 241 ⁴ν
2484 252 2531 257 γχ.
2632 248 2639 249 κ
2715 241 2760 256 ,νὴ
2795 243 2798 246 ’
2838 246 2847 247 ί
3106 250 3167 257 Ι
3254 256 3267 257 κ
3437 257 3600 268 καθ-τη
3633 267 3640 270 ,,
3673 263 3728 268 η.-.
3785 263 3824 270 ε...
3847 265 3854 271 .
3885 263 3892 266 -
3915 263 3932 268 υ-
4167 261 4180 266 ’

2672 266 2679 271 ι
2768 268 2783 271 ν
2886 268 2897 273 ι
2920 268 2925 271 -
2946 268 2947 271 η
3113 271 3118 276 .
3201 271 3212 278 ι
3231 275 3240 278 .

329 657 422 717 ηδ

328 764 654 838 sunt,viginti
676 767 918 836 quinque
935 781 1198 822 annorum
1215 770 1603 837 ptenitudinem
1629 781 1894 840 gerentes,

327 865 376 918 in
418 862 848 919 communionem
902 861 1232 932 recipiantur
1277 863 1581 917 orationum
1611 905 1624 927 ,
1679 863 1731 916 in
1791 878 1894 931 qua

323 955 673 1024 quinquennio
715 953 1112 1024 perdurantes,
1168 962 1294 1008 tunc
1340 955 1554 1009 demum
1609 955 1894 1009 oblationis

320 1057 647 1102 sacramenta
694 1046 1014 1114 percipiant.
1062 1045 1216 1111 Quod
1259 1046 1302 1099 si
1335 1047 1424 1116 qui
1470 1056 1523 1100 et
1552 1062 1744 1100 uxores
1793 1046 1890 1099 ha-

319 1136 522 1204 bentes,
548 1149 611 1192 et
666 1136 1111 1191 transcendentes
1154 1135 1661 1205 quinquagesimum
1693 1151 1892 1189 annum

315 1227 476 1282 sitatis
503 1227 575 1281 ita
611 1224 971 1294 deliquerint,
1000 1225 1068 1280 ad
1097 1224 1301 1280 exitum
1341 1225 1465 1280 vitae
1492 1225 1892 1280 communionis

316 1316 526 1382 gratiam
553 1325 981 1386 consequantur.

374 1428 502 1482 Ecce
543 1429 600 1482 in
647 1428 764 1497 ipso
799 1427 958 1498 hujus
987 1429 1309 1484 venerandae
1352 1429 1693 1484 auctoritatis
1731 1429 1889 1483 titulo

313 1518 576 1573 manifeste
605 1518 1006 1588 perpendimus,
1031 1519 1159 1588 quia
1188 1534 1292 1574 non
1318 1518 1492 1574 solum
1524 1519 1603 1585 hi,
1631 1519 1723 1588 qui
1759 1533 1890 1574 con-

310 1616 560 1661 summato
587 1617 716 1662 actu
740 1614 926 1661 contra
951 1616 1201 1663 naturam
1228 1608 1574 1677 delinquunt;
1603 1609 1696 1663 sed
1724 1618 1779 1663 et
1804 1609 1883 1674 hi,

307 1697 389 1766 qui
415 1698 659 1767 quolibet
696 1698 906 1766 ingenio
935 1712 1058 1753 cum
1093 1698 1349 1754 masculis
1389 1699 1720 1767 polluuntur,
1752 1713 1886 1753 con-

306 1789 630 1844 cubitoribus
676 1805 932 1859 pecorum
983 1804 1082 1861 per
1133 1792 1313 1845 omnia
1365 1801 1767 1859 comparantur.
1825 1789 1883 1844 Si

305 1878 433 1931 enim
472 1882 534 1932 ad
567 1877 852 1945 interjecta
884 1877 1048 1932 verba
1075 1880 1395 1948 respicimus
1423 1919 1436 1944 ,
1471 1889 1628 1934 caute
1658 1891 1712 1933 et
1757 1895 1880 1934 cum

305 1983 495 2035 magna:
542 1968 890 2023 discretionis
943 1969 1229 2024 libramine
1277 1971 1448 2039 posita
1492 1970 1836 2039 pervidemus
1864 2010 1877 2034 ,

303 2073 411 2111 cum
451 2059 651 2113 dicitur
683 2077 696 2110 :
731 2058 831 2123 Qui
885 2059 1186 2114 miscentur
1235 2061 1521 2128 pecoribus
1550 2100 1562 2119 .
1613 2070 1706 2113 aut
1755 2076 1875 2112 cum

303 2147 536 2201 masculis
565 2147 901 2216 polluuntur.
936 2148 1070 2201 Nam
1103 2149 1146 2202 si
1183 2162 1280 2216 per
1323 2149 1454 2204 hoc.
1486 2151 1627 2215 quod
1661 2149 1878 2204 dicitur.

304 2241 381 2306 qui
406 2255 522 2294 cum
559 2239 822 2294 masculis
850 2239 1195 2307 polluuntur,
1223 2255 1316 2293 cos
1344 2244 1715 2294 tantummodo
1741 2283 1752 2302 ,
1787 2246 1876 2298 aui

300 2340 654 2383 consummato
709 2336 831 2383 actu
871 2339 1060 2382 contra
1112 2339 1360 2382 naturam
1391 2342 1658 2396 peccant,
1693 2336 1874 2399 expri-

301 2433 433 2473 mere
457 2422 747 2483 voluisset,
778 2436 1116 2488 nequaquam
1161 2424 1210 2474 ei
1263 2435 1482 2475 necesse
1529 2424 1720 2476 fuisset
1768 2425 1873 2477 duo

301 2511 440 2563 verba
472 2526 798 2579 proponere,
828 2513 915 2579 qui
947 2527 1067 2566 cum
1103 2513 1217 2567 solo
1245 2528 1331 2566 eo
1356 2556 1368 2576 ,
1406 2516 1548 2580 qmd
1592 2527 1705 2571 cst.
1744 2531 1871 2568 mis-

297 2609 500 2662 centur,
549 2603 815 2668 potuisset
858 2618 967 2656 sua:
1014 2604 1329 2658 intentionis
1383 2608 1526 2658 dicta
1573 2607 1862 2675 complere.

297 2686 558 2746 Suliiceret
605 2693 806 2762 quippe
846 2693 914 2746 ad
961 2694 1084 2764 styli
1138 2698 1512 2752 compendium
1541 2739 1553 2760 ,
1596 2714 1642 2751 ει
1701 2707 1864 2751 totam

295 2781 593 2834 sententiam
624 2797 736 2836 uno
771 2782 936 2836 verbo
969 2786 1470 2852 comprehenderet,
1506 2791 1692 2840 dicens
1723 2807 1734 2841 :
1763 2790 1860 2854 Qui

293 2865 566 2921 miscentur
606 2868 896 2937 pecoribus
921 2911 936 2936 ,
967 2881 1059 2924 aut
1091 2874 1364 2928 masculis.
1397 2875 1690 2930 Miscentur
1717 2880 1859 2932 enim

292 2967 382 3006 uno
411 2957 562 3010 modo
588 2966 643 3011 et
666 2958 741 3020 hi,
771 2958 861 3026 qui
896 2973 1114 3027 pecora,
1139 2971 1191 3013 et
1219 2962 1296 3026 lii,
1327 2977 1415 3030 qui
1448 2965 1717 3020 masculos
1748 2968 1846 3024 vio-

289 3040 402 3100 L’l'll.
443 3045 545 3103 Sed
577 3063 702 3104 eum
745 3043 879 3104 alios
921 3051 1134 3106 misceri
1193 3056 1476 3119 pecoribus
1505 3096 1519 3118 ,
1569 3063 1704 3112 alios
1751 3077 1857 3114 non

291 3138 513 3205 misceri,
539 3142 631 3195 sed
674 3141 840 3211 pollui
881 3159 1000 3198 cum
1037 3146 1290 3200 masculis
1321 3147 1500 3213 dicat;
1550 3161 1694 3217 patet
1726 3169 1853 3219 pro-

288 3223 427 3291 fecto,
458 3232 582 3298 quia
618 3233 671 3284 in
719 3232 826 3286 line
864 3237 1148 3289 commatis
1193 3252 1296 3291 non
1325 3240 1391 3292 de
1445 3245 1853 3309 corruptoribus

287 3319 636 3373 tantummodo
664 3321 1057 3388 masculorum,
1101 3325 1196 3379 sed
1227 3336 1282 3380 et
1327 3327 1392 3382 de
1423 3319 1665 3396 quolibet
1691 3335 1851 3390 modo

283 3402 613 3470 pollutoribus
642 3411 970 3465 sententiam
1015 3413 1276 3482 proferat.
1317 3417 1621 3473 Notandum
1667 3432 1843 3477 autem

1290 659 1528 718 OPUSC.
1561 660 1668 715 VII.
1703 690 1773 700 —
1801 659 2000 715 LIBER
2041 659 2614 724 GOMORRHIANUS.

3487 674 3591 729 174

2574 775 2800 832 CAPUT
2849 779 2987 834 XIV.

2002 858 2076 912 De
2104 862 2182 945 his
2218 863 2306 943 qui
2330 864 2383 916 in
2413 870 2637 945 pecudes
2656 909 2669 930 ,
2705 868 2781 921 vel
2819 869 2884 945 ἱηΔ
2910 870 3172 945 masculos
3201 882 3296 945 aut
3326 871 3452 927 olim
3473 875 3592 945 pol—

2159 930 2257 983 luti
2293 930 2435 996 sum,
2470 948 2560 988 aut
2583 937 2832 991 hactenus
2863 939 2961 992 hoc
2985 941 3108 994 vitio
3134 941 3425 996 tabescunt.

1929 785 1971 840 Λ

2068 1039 2176 1095 Eos
2202 1043 2290 1110 qui
2334 1044 2779 1102 irrationabiliter
2804 1049 3056 1104 vixerunt
3082 1092 3097 1116 ,
3129 1060 3184 1107 et
3211 1052 3364 1122 lepra
3405 1053 3593 1125 injusti

1996 1129 2243 1184 criminis
2285 1133 2420 1187 alios
2462 1135 2794 1205 polluerunt,
2836 1140 3094 1207 prmcepit
3131 1149 3321 1196 sancta
3349 1147 3603 1213 synodus,

1996 1217 2138 1270 inter
2171 1234 2263 1273 eos
2292 1235 2470 1285 orare,
2503 1223 2594 1292 qui
2637 1225 2827 1292 spiritu
2871 1227 3249 1296 periclitantur
3287 1228 3588 1287 immundo.

1993 1305 2158 1362 Plane
2179 1309 2303 1363 dum
2350 1327 2455 1365 non
2481 1313 2634 1377 dicit,
2664 1316 2753 1384 qui
2782 1315 2931 1386 lepra
2964 1318 3150 1388 injusti
3179 1321 3426 1378 criminis
3451 1321 3589 1378 alios

1993 1412 2368 1470 corruperunt,
2405 1403 2498 1457 sed
2531 1404 2860 1473 polluerunt,
2891 1411 3035 1477 quod
3069 1411 3232 1464 etiam
3259 1427 3382 1467 cum
3417 1414 3590 1483 ipsius

1993 1487 2133 1541 tituli
2161 1490 2478 1557 praefatione
2527 1493 2863 1561 concordat,
2912 1497 3002 1552 ubi
3049 1514 3153 1553 non
3207 1500 3274 1555 de
3313 1503 3588 1572 corruptis

1989 1578 2085 1632 sed
2115 1579 2181 1633 de
2208 1580 2427 1649 pollutis
2472 1597 2726 1638 exorsum
2769 1593 2888 1650 est;
2935 1587 3107 1657 liquet
3156 1589 3431 1659 profecto,
3459 1595 3587 1664 quia

1988 1683 2311 1738 quocunque
2336 1669 2496 1726 modo
2529 1687 2626 1742 per
2655 1674 2908 1730 ardorem
2938 1676 3176 1734 libidinis
3218 1681 3297 1735 vir
3316 1697 3442 1737 cum
3469 1686 3588 1737 viro

1986 1758 2267 1827 polluitur,
2299 1775 2401 1814 non
2436 1762 2579 1817 inter
2597 1765 2900 1820 catholicos
2924 1763 3286 1838 Christianos,
3317 1775 3410 1829 sed
3440 1775 3585 1829 inter

1986 1849 2346 1903 daemoniacos
2372 1864 2531 1905 orare
2560 1854 2902 1921 praecipitur;
2938 1865 3207 1923 quatenus
3249 1860 3294 1914 si
3338 1865 3584 1918 carnales

1984 1934 2229 1992 homines
2251 1953 2316 1991 ex
2344 1940 2646 2010 semetipsis
2681 1945 2934 1997 nesciunt
2968 1960 3198 2013 pensare
3237 1951 3381 2019 quod
3413 1957 3541 2008 sum
3565 1995 3579 2016 ,

1983 2027 2050 2079 ab
2085 2027 2217 2095 ipsis
2257 2029 2449 2083 saltem
2496 2032 2713 2087 valeant
2755 2034 3012 2102 edoceri,
3044 2053 3168 2094 cum
3212 2041 3410 2111 quibus
3453 2056 3583 2101 sunt

1915 2122 1958 2181 Β
1987 2120 2258 2174 communi
2295 2121 2558 2176 orationis
2585 2124 2858 2195 ergastulo
2885 2125 3148 2196 deputati.

2052 2207 2118 2261 Et
2139 2219 2290 2265 certe
2314 2213 2449 2267 satis
2480 2213 2702 2284 dignum
2724 2227 2830 2282 est,
2859 2229 2919 2272 ut
2944 2223 3034 2289 qui
3067 2231 3256 2279 contra
3279 2225 3454 2298 legem
3480 2246 3578 2284 na-

1982 2302 2131 2350 turae.
2153 2305 2340 2353 contra
2358 2301 2606 2356 humanae
2622 2305 2850 2360 rationis
2871 2309 3146 2372 ordinem,
3177 2327 3396 2370 carnem
3420 2332 3572 2372 suam

1974 2400 2072 2453 per
2101 2396 2208 2440 tam
2231 2387 2370 2444 {teda
2394 2395 2718 2448 commercia
2756 2396 3091 2455 daamonibus
3133 2405 3370 2469 tradunt,
3418 2423 3570 2465 com-

1975 2492 2191 2532 munem
2241 2484 2506 2538 orationis
2526 2487 2782 2553 angulum
2813 2505 2934 2544 cum
2966 2493 3316 2554 da‘moniacis
3339 2504 3573 2557 sortian-

1974 2578 2078 2620 tur.
2114 2567 2244 2624 Nam
2273 2587 2394 2626 cum
2427 2575 2511 2629 his
2542 2577 2699 2634 malis
2726 2579 2838 2648 ipsa
2868 2585 3084 2650 penitus
3112 2588 3345 2644 humana
3376 2602 3570 2650 natura

1972 2663 2206 2729 resistat,
2247 2662 2613 2720 difﬁcultatem
2658 2670 2856 2724 diversi
2896 2688 3058 2728 sexus
3101 2677 3418 2745 abhorreat,
3450 2684 3569 2737 luce

1975 2750 2166 2804 :larius
2181 2764 2414 2821 constat,
2435 2757 2557 2824 quia
2582 2773 2859 2836 nunquam
2891 2772 2999 2823 tam
3028 2781 3240 2836 aversa.
3267 2773 3565 2832 taiiia’riena

1962 2855 2377 2914 praasumerent,
2407 2847 2508 2906 nia!
2536 2863 2650 2919 eos,
2680 2867 2737 2911 ut
2759 2871 2888 2927 puta
2918 2876 3039 2915 vasa
3071 2862 3164 2917 ira!
3196 2868 3389 2935 aptain
3424 2869 3566 2922 inte-

1966 2935 2150 3005 ritum,
2177 2942 2347 3012 iniqui
2380 2947 2597 3013 spiritus
2634 2949 2866 3018 pleniter
2905 2954 3406 3036 possiderertt;.sea
3438 2978 3560 3014 cum

1960 3047 2053 3085 eos
2093 3035 2370 3102 possidere
2415 3039 2711 3108 incipiant,
2747 3052 2892 3097 tunc‘
2914 3059 3010 3114 per
3036 3061 3199 3102 omne
3223 3090 3238 3113 ,
3277 3035 3419 3118 quod
3453 3053 3558 3104 im-

1958 3124 2103 3190 plent
2129 3167 2141 3189 ,
2179 3127 2348 3182 invasi
2390 3132 2627 3198 pectoris
2659 3142 2956 3189 tartaream
2985 3137 3134 3191 virus
3160 3153 3270 3193 sum
3299 3141 3554 3211 maligni-

1959 3214 2083 3266 tatis
2129 3216 2448 3283 infundunt,
2478 3230 2538 3273 ut
2560 3222 2671 3290 jam
2715 3222 2801 3276 illa
2836 3224 3109 3281 inhianter
3140 3239 3418 3298 appetant,
3445 3248 3552 3287 non

1953 3316 2072 3369 qua:
2100 3306 2361 3360 naturalis
2393 3318 2572 3364 motus
2604 3313 2786 3367 carnis
2817 3313 3076 3386 clllagitet
3098 3359 3114 3383 ,
3149 3322 3242 3373 sed
3287 3335 3407 3389 qua:
3433 3323 3548 3377 sola

1951 3396 2214 3453 diabolica
2246 3405 2600 3473 praecipitatio
2628 3409 3027 3469 subministret.
3060 3412 3194 3467 Nam
3227 3431 3351 3470 cum
3383 3418 3466 3472 vir
3494 3420 3547 3472 in

283 3463 420 3560 hujus
447 3463 852 3555 constitutionis
875 3463 1108 3558 edictiim
1155 3508 1427 3578 praecipue
1455 3512 1521 3564 de
1566 3512 1718 3567 laicis
1765 3518 1844 3568 in-
1875 3463 1918 3523 Ο
1952 3486 2125 3578 νίωεη
2165 3489 2231 3543 δά
2269 3497 2684 3560 ρθψθίτ³¹¹ί¹³¹¹¹
2741 3499 3140 3557 immunditiam
3193 3506 3352 3560 imm
3378 3548 3393 3573 ’
3438 3524 3545 3563 non

282 3584 500 3640 stitutnm
519 3629 535 3653 ,
563 3591 708 3658 quod
745 3589 903 3644 facile
931 3596 1280 3661 perpenditur
1309 3599 1361 3650 in
1389 3613 1474 3664 eo,
1499 3602 1642 3668 quod
1680 3603 1734 3656 in
1758 3620 1844 3658 sc-

282 3677 542 3736 quentibus
593 3677 929 3732 subinfertur
981 3699 994 3734 :
1046 3681 1320 3752 Quotquot
1372 3697 1552 3742 autem
1621 3703 1836 3759 peracta

280 3758 440 3828 viginti
476 3780 740 3820 annorum
787 3777 946 3823 mtate
973 3810 988 3834 ,
1033 3781 1087 3824 et
1139 3788 1360 3828 uxorem
1408 3778 1700 3844 habentes,
1737 3785 1838 3838 hoc

279 3861 470 3913 peccato
490 3855 727 3924 prolapsi
751 3865 894 3922 sunt,
914 3858 1095 3927 viginti
1117 3862 1354 3930 quinque
1377 3880 1654 3921 annorum.
1666 3875 1836 3938 pteni-

279 3938 486 3994 tudinem
519 3956 794 4013 gerentes,
820 3946 873 3999 in
895 3952 1330 4007 communionem
1363 3958 1691 4026 recipiantur
1713 3978 1834 4014 ora-

279 4027 474 4096 tionum,
507 4033 561 4087 in
593 4050 701 4103 qua
729 4037 1100 4106 quinquennio
1144 4045 1500 4110 perdurantes
1526 4091 1538 4114 ,
1587 4059 1712 4105 tunc
1743 4053 1832 4106 de—

279 4131 396 4172 mum
419 4123 705 4182 oblationis
736 4141 1078 4186 sacramenta
1115 4135 1433 4204 percipiant.

332 4231 378 4284 Si
406 4249 526 4306 ergo
567 4238 798 4307 quilibet
847 4243 1118 4298 sazcularis
1167 4246 1326 4316 hujus
1373 4249 1630 4308 facinoris
1661 4271 1782 4311 rens
1812 4301 1824 4324 ,

277 4330 456 4384 peracta
503 4327 693 4398 viginti
741 4330 979 4400 quinque
1038 4349 1302 4391 annorum
1362 4343 1717 4410 poenitentia,
1770 4350 1821 4402 in

275 4419 671 4475 communionem
705 4423 924 4490 quidem
955 4425 1268 4482 orationum
1296 4469 1311 4493 ,
1360 4433 1591 4487 necdum
1641 4445 1821 4491 autem

275 4502 326 4553 ad
344 4510 665 4577 percipienda
691 4513 1022 4570 oblationum
1059 4530 1394 4577 sacramenta
1424 4525 1817 4596 admittuntur;

274 4602 359 4686 quo
389 4612 536 4664 pacto
564 4604 853 4673 religiosus
879 4621 985 4662 non
1015 4609 1188 4665 solum
1220 4613 1288 4666 ad
1326 4618 1697 4686 percipienda,
1725 4625 1818 4678 sed

272 4684 403 4740 etiam
429 4693 489 4745 ad
515 4692 816 4762 olTerenda,
863 4706 918 4751 et
959 4705 1320 4758 consecranda
1365 4706 1478 4774 ipsa
1512 4723 1666 4765 sacra
1704 4730 1815 4785 my-

271 4778 404 4830 steria
448 4782 668 4839 idoneus
697 4787 1073 4856 judicabitur?
1117 4791 1171 4846 Si
1205 4794 1291 4848 vix
1346 4796 1422 4851 illi
1454 4778 1808 4871 permittitur,

269 4871 315 4912 ut
337 4869 597 4946 ecclesiam
641 4891 767 4930 cum
816 4877 936 4934 aliis
978 4891 1228 4940 oraturus
1264 4887 1528 4956 introeat;
1571 4896 1805 4961 qualiter

270 4948 337 5006 isti
363 4957 592 5029 dabitur,
624 4976 685 5020 ut
725 4967 792 5021 ad
821 4969 991 5024 altare
1038 4971 1245 5029 Domini
1274 4991 1371 5045 pro
1398 4979 1517 5035 aliis
1544 4981 1805 5041 interces-

269 5051 394 5099 surus
416 5054 666 5108 accedat?
703 5055 763 5110 Si
796 5057 885 5111 ille
911 5070 1200 5129 antequam
1242 5073 1345 5118 tam
1378 5068 1650 5136 prolixum
1686 5087 1804 5142 pte-

269 5129 464 5221 flilentize
502 5147 738 5210 spatium
781 5148 1042 5219 transigat
1070 5191 1085 5216 ,
1124 5168 1228 5208 non
1282 5167 1525 5214 meretur
1572 5129 1797 5229 audire;

269 5213 344 5272 ἱιιε
369 5233 619 5293 quomodo
645 5235 842 5305 dignus
885 5249 967 5292 est
1014 5255 1165 5296 sacra
1207 5245 1496 5302 missarum
1539 5251 1799 5306 solemnia

267 5307 524 5410 lcelebrare?
548 5319 605 5410 Si
657 5323 751 5378 ille
802 5326 890 5393 qui
941 5328 1119 5384 minus
1159 5335 1437 5400 peccavit,
1471 5349 1678 5408 utputa
1703 5357 1800 5410 per

267 5387 392 5492 latum
415 5407 585 5461 amuli
628 5410 734 5464 iter
774 5411 1053 5481 incedens,
1090 5387 1244 5489 [G2
1285 5421 1529 5492 indignus
1554 5387 1650 5482 lest
1689 5387 1797 5484 crte-

268 5480 377 5545 lestis
400 5493 742 5557 Eucharistiae
771 5520 962 5560 munus
996 5522 1089 5563 ore
1104 5513 1412 5580 percipere;
1439 5518 1670 5582 qualiter
1693 5522 1794 5576 iste

267 5582 507 5640 merebitur
542 5599 648 5644 tam
684 5593 926 5649 terribile
955 5601 1267 5667 mysterium
1301 5604 1512 5671 pollutis
1544 5611 1791 5668 manibus

268 5677 583 5766 contrectare?
612 5682 907 5737 Videamus
933 5687 1106 5743 adhuc
1136 5690 1272 5746 idem
1297 5695 1637 5766 Ancyranum
1662 5717 1788 5755 con-

266 5753 430 5826 cilium,
457 5771 576 5836 qnid
601 5787 668 5827 ex
690 5774 882 5827 eodem
914 5776 1138 5834 crimine
1162 5782 1353 5840 iterum
1384 5789 1672 5846 definierit.

862 5958 1035 5972 GI“

1946 3585 2025 3629 est
2049 3576 2136 3631 ille
2159 3583 2422 3635 naturalis
2445 3585 2676 3653 impetus
2691 3591 2892 3652 carnis,
2913 3593 3006 3646 sed
3030 3600 3237 3648 tantum
3265 3597 3546 3653 diabolica:

1941 3667 2190 3724 stimulus
2219 3672 2574 3741 impulsionis.
2612 3679 2912 3747 Vigilanter
2957 3699 3088 3754 ergo
3129 3690 3307 3742 sancti
3349 3691 3539 3746 Patres

1941 3753 2247 3816 Sodomitas
2276 3780 2397 3817 cum
2432 3772 2815 3838 energtnnenis
2845 3774 3001 3828 simul
3033 3792 3192 3832 orare
3218 3794 3535 3846 sanxerunt,

1937 3865 2072 3918 quos
2096 3853 2282 3907 eodem
2328 3855 2599 3913 diabolico
2621 3861 2814 3929 spiritu
2849 3863 3067 3920 invasos
3090 3883 3209 3923 esse
3243 3887 3350 3926 non
3381 3874 3536 3928 dubi-

1938 3946 2202 3994 taverunt.
2247 3942 2526 4009 Quomodo
2556 3962 2685 4017 ergo
2717 3964 2815 4018 per
2843 3955 3198 4012 sacerdotalis
3242 3959 3401 4016 oflicii
3447 3964 3532 4018 di—

1934 4029 2194 4096 gnitatem
2245 4032 2391 4086 inter
2433 4035 2600 4090 Deum
2648 4047 2702 4092 et
2755 4044 3010 4110 populum
3063 4047 3221 4101 debet
3266 4052 3533 4108 mediator

1931 4119 2207 4185 assistere,
2231 4125 2321 4192 qui
2345 4139 2373 4176 a
2400 4126 2561 4180 totius
2583 4128 2760 4197 populi
2786 4136 3202 4203 congregatione
3227 4139 3526 4206 sejunctus,

1929 4221 2202 4277 nunquam
2235 4213 2339 4267 nisi
2371 4215 2510 4270 inter
2538 4217 2900 4275 daemoniacos
2932 4223 3155 4290 jubetur
3194 4232 3390 4284 orare?
3419 4232 3527 4288 Sed

1926 4303 2180 4366 quoniam
2206 4303 2313 4359 duo
2343 4320 2408 4359 ex
2441 4323 2547 4362 uno
2576 4324 2730 4364 sacro
2753 4314 2983 4370 concilio
3015 4320 3324 4374 testimonia
3365 4323 3521 4378 adhi-

1925 4392 2055 4446 bere
2082 4395 2391 4450 curavimus
2417 4436 2430 4460 ,
2461 4399 2589 4465 quid
2615 4401 2779 4455 etiam
2811 4419 3041 4473 magnus
3059 4407 3299 4476 _Basilius
3322 4412 3388 4466 de
3414 4428 3480 4468 eo
3514 4456 3528 4477 ,

1925 4485 1994 4539 de
2015 4499 2122 4552 quo
2148 4502 2291 4540 nunc
2316 4488 2512 4558 agitur,
2559 4492 2689 4546 vitio
2729 4495 2950 4560 sentiat,
2997 4497 3302 4564 inseramus
3335 4521 3346 4557 :
3375 4515 3434 4558 ut
3475 4506 3530 4559 in

1921 4589 2018 4628 ore
2054 4576 2283 4632 duorum
2329 4579 2412 4635 vel
2444 4582 2602 4636 trium
2644 4583 2862 4639 testium
2908 4595 3018 4642 stet
3059 4604 3222 4647 omne
3247 4594 3469 4649 verbum
3510 4613 3525 4662 ;

1922 4665 1999 4721 ait
2019 4667 2163 4722 enim
2194 4686 2209 4722 :

2520 4765 2751 4824 CAPUT
2797 4768 2911 4822 XV.

1848 4819 1895 4877 ί)
1993 4846 2065 4902 De
2087 4849 2310 4917 clericis,
2335 4851 2412 4905 vel
2435 4857 2710 4910 monac/tis
2728 4898 2741 4920 ,
2779 4859 2825 4910 si
2853 4859 3048 4925 fuerint
3076 4866 3433 4921 masculorum

2525 4926 2882 4981 insectatores.

1983 5024 2244 5095 Clericus,
2283 5029 2366 5084 vel
2400 5033 2701 5092 monachus
2727 5036 3152 5108 adolescentum,
3186 5046 3268 5099 vel
3297 5061 3498 5116 parvu-

1910 5113 2084 5171 lorum
2107 5117 2418 5181 insectator,
2448 5125 2532 5178 vel
2553 5125 2646 5193 qui
2675 5128 2880 5195 osculo,
2901 5129 2987 5185 vel
3012 5133 3106 5202 qui
3135 5113 3315 5205 aliqua
3339 5155 3499 5194 occa-

1909 5207 2061 5262 sione
2095 5212 2236 5280 turpi
2284 5213 2651 5283 deprehensus
2692 5219 2874 5288 fuerit,
2917 5225 3129 5292 publice
3154 5231 3492 5300 verberetur,

1908 5306 1961 5350 et
2007 5313 2262 5356 coronam
2312 5305 2560 5372 amittat,
2598 5310 2753 5380 163
2802 5313 3217 5388 decalvatusque
3265 5325 3496 5392 turpiter

1907 5395 2261 5459 Sputamentis
2289 5397 2580 5454 obliniatur
2604 5402 2657 5454 in
2686 5402 2847 5470 facie,
2878 5408 3215 5480 vinculisque
3247 5424 3490 5470 arctatus

1902 5477 2115 5548 ferreis,
2149 5487 2409 5540 carcerali
2447 5503 2537 5542 sex
2571 5493 2847 5549 mensibus
2874 5501 3120 5566 angustia
3164 5514 3484 5571 macerctur,

1897 5579 1948 5624 et
1975 5572 2153 5628 triduo
2170 5591 2266 5644 per
2281 5577 2644 5637 hebdomadas
2665 5584 2904 5656 singulas
2929 5605 2994 5644 ex
3021 5607 3160 5660 pane
3179 5593 3482 5652 hordeaceo

1893 5664 1960 5716 ad
2003 5678 2282 5735 vesperam
2313 5669 2577 5737 feriatur;
2629 5685 2750 5744 post
2791 5664 2907 5734 haec
2934 5681 3054 5737 aliis
3083 5700 3174 5739 sex
3208 5689 3483 5744 mensibus

1891 5756 1994 5810 sub
2019 5758 2248 5814 senioris
2273 5763 2567 5829 spiritualis
2609 5769 2850 5824 custodia
2877 5813 2890 5838 ,
2923 5786 3199 5846 segregata
3233 5779 3286 5830 in
3315 5782 3479 5834 curti~

1890 5837 2006 5901 cula
2035 5849 2254 5918 degens,
2291 5856 2439 5922 operi
2470 5872 2726 5914 manuum
2760 5872 2815 5916 et
2835 5867 3066 5922 orationi
3103 5869 3173 5922 sit
3206 5871 3467 5938 intentus,

1887 5937 2085 6006 vigiliis
2134 5951 2187 5995 et
2233 5945 2566 6003 orationibus
2619 5952 2934 6021 subjectus,
2985 5970 3040 6010 ct
3079 5959 3180 6013 sub
3227 5937 3470 6016 custodia

1885 6041 2103 6094 semper
2167 6033 2395 6092 duorum
2462 6040 2817 6106 spiritualium
2877 6045 3122 6104 lfratrum
3191 6053 3463 6121 ambulet,

4497 6428 5198 6660 ‘
