  <div class='ocr_page' id='page_1' title='image "/cluster/home/n/w/nwhite01/storage/ocr_20150623/144-145/uc1.31175001639262/627.png"; bbox 0 0 5392 6576; ppageno 0'>
   <div class='ocr_carea' id='block_1_1' title="bbox 1933 570 2034 626">
    <p class='ocr_par' dir='ltr' id='par_1_1' title="bbox 1933 570 2034 626">
     <span class='ocr_line' id='line_1_1' title="bbox 1933 570 2034 626; baseline -0.04 0"><span class='ocrx_word' id='word_1_1' title='bbox 1933 570 2034 626; x_wconf 73' lang='grc'><strong>175</strong></span> 
     </span>
    </p>
   </div>
   <div class='ocr_carea' id='block_1_2' title="bbox 1925 673 5191 753">
    <p class='ocr_par' dir='ltr' id='par_1_2' title="bbox 1925 673 5191 753">
     <span class='ocr_line' id='line_1_2' title="bbox 1925 673 5191 753; baseline 0.001 -16"><span class='ocrx_word' id='word_1_2' title='bbox 1925 680 2072 737; x_wconf 84' lang='lat' dir='ltr'><strong>nulla</strong></span> <span class='ocrx_word' id='word_1_3' title='bbox 2095 692 2263 749; x_wconf 86' lang='lat' dir='ltr'><strong>prava</strong></span> <span class='ocrx_word' id='word_1_4' title='bbox 2291 677 2581 741; x_wconf 90' lang='lat' dir='ltr'><strong>locutione,</strong></span> <span class='ocrx_word' id='word_1_5' title='bbox 2605 675 2688 729; x_wconf 94' lang='lat' dir='ltr'><strong>vel</strong></span> <span class='ocrx_word' id='word_1_6' title='bbox 2710 675 2938 730; x_wconf 85' lang='lat' dir='ltr'><strong>concilio</strong></span> <span class='ocrx_word' id='word_1_7' title='bbox 2958 674 3212 743; x_wconf 81' lang='lat' dir='ltr'><strong>deinceps</strong></span> <span class='ocrx_word' id='word_1_8' title='bbox 3235 673 3529 741; x_wconf 80' lang='lat' dir='ltr'><strong>juvenibus</strong></span> <span class='ocrx_word' id='word_1_9' title='bbox 3558 680 3605 732; x_wconf 73' lang='grc' dir='ltr'><strong>Α</strong></span> <span class='ocrx_word' id='word_1_10' title='bbox 3636 682 3899 738; x_wconf 75' lang='lat' dir='ltr'><strong>evertere,</strong></span> <span class='ocrx_word' id='word_1_11' title='bbox 3927 683 3982 728; x_wconf 90' lang='lat' dir='ltr'><strong>et</strong></span> <span class='ocrx_word' id='word_1_12' title='bbox 4011 675 4252 731; x_wconf 87' lang='lat' dir='ltr'><strong>rediviva</strong></span> <span class='ocrx_word' id='word_1_13' title='bbox 4278 688 4484 732; x_wconf 80' lang='lat' dir='ltr'><strong>exustae</strong></span> <span class='ocrx_word' id='word_1_14' title='bbox 4515 677 4763 735; x_wconf 65' lang='lat' dir='ltr'><strong>Sodoma:</strong></span> <span class='ocrx_word' id='word_1_15' title='bbox 4788 683 4982 753; x_wconf 85' lang='lat' dir='ltr'><strong>satagit</strong></span> <span class='ocrx_word' id='word_1_16' title='bbox 5008 689 5191 743; x_wconf 75' lang='lat' dir='ltr'><strong>moenia</strong></span> 
     </span>
    </p>
   </div>
   <div class='ocr_carea' id='block_1_3' title="bbox 1926 770 2355 841">
    <p class='ocr_par' dir='ltr' id='par_1_3' title="bbox 1926 770 2355 841">
     <span class='ocr_line' id='line_1_3' title="bbox 1926 770 2355 841; baseline -0.014 -13"><span class='ocrx_word' id='word_1_17' title='bbox 1926 770 2355 841; x_wconf 81' lang='lat' dir='ltr'><strong>coniungendas.</strong></span> 
     </span>
    </p>
   </div>
   <div class='ocr_carea' id='block_1_4' title="bbox 1995 855 3525 924">
    <p class='ocr_par' dir='ltr' id='par_1_4' title="bbox 1995 855 3525 924">
     <span class='ocr_line' id='line_1_4' title="bbox 1995 855 3525 924; baseline -0.007 -8"><span class='ocrx_word' id='word_1_18' title='bbox 1995 862 2096 916; x_wconf 79' lang='lat' dir='ltr'><strong>llic</strong></span> <span class='ocrx_word' id='word_1_19' title='bbox 2125 859 2361 915; x_wconf 85' lang='lat' dir='ltr'><strong>carnalis</strong></span> <span class='ocrx_word' id='word_1_20' title='bbox 2389 859 2550 911; x_wconf 90' lang='lat' dir='ltr'><strong>homo</strong></span> <span class='ocrx_word' id='word_1_21' title='bbox 2577 857 2816 911; x_wconf 89' lang='lat' dir='ltr'><strong>studiose</strong></span> <span class='ocrx_word' id='word_1_22' title='bbox 2843 855 3177 924; x_wconf 89' lang='lat' dir='ltr'><strong>perpendat,</strong></span> <span class='ocrx_word' id='word_1_23' title='bbox 3226 862 3404 906; x_wconf 91' lang='lat' dir='ltr'><strong>utrum</strong></span> <span class='ocrx_word' id='word_1_24' title='bbox 3437 868 3525 906; x_wconf 82' lang='lat' dir='ltr'><strong>ec-</strong></span> 
     </span>
    </p>
   </div>
   <div class='ocr_carea' id='block_1_5' title="bbox 1927 942 3525 1009">
    <p class='ocr_par' dir='ltr' id='par_1_5' title="bbox 1927 942 3525 1009">
     <span class='ocr_line' id='line_1_5' title="bbox 1927 942 3525 1009; baseline -0.008 -3"><span class='ocrx_word' id='word_1_25' title='bbox 1927 950 2250 1006; x_wconf 89' lang='lat' dir='ltr'><strong>clesiasticis</strong></span> <span class='ocrx_word' id='word_1_26' title='bbox 2271 946 2462 1002; x_wconf 87' lang='lat' dir='ltr'><strong>olliciis</strong></span> <span class='ocrx_word' id='word_1_27' title='bbox 2486 956 2600 999; x_wconf 91' lang='lat' dir='ltr'><strong>tuto</strong></span> <span class='ocrx_word' id='word_1_28' title='bbox 2629 944 2938 998; x_wconf 88' lang='lat' dir='ltr'><strong>ministrare</strong></span> <span class='ocrx_word' id='word_1_29' title='bbox 2966 942 3160 1004; x_wconf 87' lang='lat' dir='ltr'><strong>valeat,</strong></span> <span class='ocrx_word' id='word_1_30' title='bbox 3184 956 3344 1009; x_wconf 88' lang='lat' dir='ltr'><strong>quem</strong></span> <span class='ocrx_word' id='word_1_31' title='bbox 3369 955 3525 994; x_wconf 91' lang='lat' dir='ltr'><strong>sacra</strong></span> 
     </span>
    </p>
   </div>
   <div class='ocr_carea' id='block_1_6' title="bbox 1929 1031 3524 1106">
    <p class='ocr_par' dir='ltr' id='par_1_6' title="bbox 1929 1031 3524 1106">
     <span class='ocr_line' id='line_1_6' title="bbox 1929 1031 3524 1106; baseline -0.008 -12"><span class='ocrx_word' id='word_1_32' title='bbox 1929 1039 2228 1094; x_wconf 83' lang='lat' dir='ltr'><strong>auctoritas</strong></span> <span class='ocrx_word' id='word_1_33' title='bbox 2269 1045 2377 1090; x_wconf 86' lang='lat' dir='ltr'><strong>tam</strong></span> <span class='ocrx_word' id='word_1_34' title='bbox 2415 1035 2783 1106; x_wconf 78' lang='lat' dir='ltr'><strong>ignominiosis</strong></span> <span class='ocrx_word' id='word_1_35' title='bbox 2809 1074 2823 1096; x_wconf 91' lang='lat'><strong>,</strong></span> <span class='ocrx_word' id='word_1_36' title='bbox 2857 1042 2967 1085; x_wconf 90' lang='lat' dir='ltr'><strong>tam</strong></span> <span class='ocrx_word' id='word_1_37' title='bbox 3006 1032 3255 1100; x_wconf 80' lang='lat' dir='ltr'><strong>turpibus</strong></span> <span class='ocrx_word' id='word_1_38' title='bbox 3284 1031 3524 1083; x_wconf 89' lang='lat' dir='ltr'><strong>dehone-</strong></span> 
     </span>
    </p>
   </div>
   <div class='ocr_carea' id='block_1_7' title="bbox 1929 1120 3526 1194">
    <p class='ocr_par' dir='ltr' id='par_1_7' title="bbox 1929 1120 3526 1194">
     <span class='ocr_line' id='line_1_7' title="bbox 1929 1120 3526 1194; baseline -0.008 -10"><span class='ocrx_word' id='word_1_39' title='bbox 1929 1130 2183 1185; x_wconf 89' lang='lat' dir='ltr'><strong>standum</strong></span> <span class='ocrx_word' id='word_1_40' title='bbox 2209 1126 2549 1182; x_wconf 86' lang='lat' dir='ltr'><strong>contumeliis</strong></span> <span class='ocrx_word' id='word_1_41' title='bbox 2568 1125 2810 1194; x_wconf 86' lang='lat' dir='ltr'><strong>iudicat;</strong></span> <span class='ocrx_word' id='word_1_42' title='bbox 2844 1137 2944 1176; x_wconf 91' lang='lat' dir='ltr'><strong>nec</strong></span> <span class='ocrx_word' id='word_1_43' title='bbox 2968 1137 3030 1175; x_wconf 81' lang='lat' dir='ltr'><strong>ex</strong></span> <span class='ocrx_word' id='word_1_44' title='bbox 3056 1138 3120 1174; x_wconf 94' lang='lat' dir='ltr'><strong>co</strong></span> <span class='ocrx_word' id='word_1_45' title='bbox 3149 1121 3251 1174; x_wconf 85' lang='lat' dir='ltr'><strong>sibi</strong></span> <span class='ocrx_word' id='word_1_46' title='bbox 3283 1120 3526 1175; x_wconf 90' lang='lat' dir='ltr'><strong>blandia-</strong></span> 
     </span>
    </p>
   </div>
   <div class='ocr_carea' id='block_1_8' title="bbox 1928 1211 3526 1290">
    <p class='ocr_par' dir='ltr' id='par_1_8' title="bbox 1928 1211 3526 1290">
     <span class='ocr_line' id='line_1_8' title="bbox 1928 1211 3526 1290; baseline -0.007 -16"><span class='ocrx_word' id='word_1_47' title='bbox 1928 1229 2040 1285; x_wconf 90' lang='lat' dir='ltr'><strong>tur,</strong></span> <span class='ocrx_word' id='word_1_48' title='bbox 2071 1220 2194 1290; x_wconf 83' lang='lat' dir='ltr'><strong>quia</strong></span> <span class='ocrx_word' id='word_1_49' title='bbox 2227 1219 2498 1273; x_wconf 89' lang='lat' dir='ltr'><strong>neminem</strong></span> <span class='ocrx_word' id='word_1_50' title='bbox 2530 1215 2852 1284; x_wconf 84' lang='lat' dir='ltr'><strong>corruperit,</strong></span> <span class='ocrx_word' id='word_1_51' title='bbox 2881 1230 3002 1267; x_wconf 89' lang='lat' dir='ltr'><strong>cum</strong></span> <span class='ocrx_word' id='word_1_52' title='bbox 3033 1214 3372 1281; x_wconf 88' lang='lat' dir='ltr'><strong>apertissime</strong></span> <span class='ocrx_word' id='word_1_53' title='bbox 3392 1211 3526 1265; x_wconf 85' lang='lat' dir='ltr'><strong>seri-</strong></span> 
     </span>
    </p>
   </div>
   <div class='ocr_carea' id='block_1_9' title="bbox 1925 1299 3528 1382">
    <p class='ocr_par' dir='ltr' id='par_1_9' title="bbox 1925 1299 3528 1382">
     <span class='ocr_line' id='line_1_9' title="bbox 1925 1299 3528 1382; baseline -0.008 -18"><span class='ocrx_word' id='word_1_54' title='bbox 1925 1320 2078 1382; x_wconf 91' lang='lat' dir='ltr'><strong>ptum</strong></span> <span class='ocrx_word' id='word_1_55' title='bbox 2113 1308 2333 1369; x_wconf 88' lang='lat' dir='ltr'><strong>videat,</strong></span> <span class='ocrx_word' id='word_1_56' title='bbox 2361 1307 2484 1375; x_wconf 88' lang='lat' dir='ltr'><strong>quia</strong></span> <span class='ocrx_word' id='word_1_57' title='bbox 2516 1304 2604 1373; x_wconf 88' lang='lat' dir='ltr'><strong>qui</strong></span> <span class='ocrx_word' id='word_1_58' title='bbox 2652 1303 2767 1356; x_wconf 68' lang='lat' dir='ltr'><strong>solo</strong></span> <span class='ocrx_word' id='word_1_59' title='bbox 2794 1301 2977 1355; x_wconf 86' lang='lat' dir='ltr'><strong>osculo</strong></span> <span class='ocrx_word' id='word_1_60' title='bbox 3003 1341 3016 1363; x_wconf 92' lang='lat'><strong>,</strong></span> <span class='ocrx_word' id='word_1_61' title='bbox 3049 1299 3133 1352; x_wconf 89' lang='lat' dir='ltr'><strong>vel</strong></span> <span class='ocrx_word' id='word_1_62' title='bbox 3161 1299 3338 1367; x_wconf 88' lang='lat' dir='ltr'><strong>aliqua</strong></span> <span class='ocrx_word' id='word_1_63' title='bbox 3371 1314 3528 1353; x_wconf 89' lang='lat' dir='ltr'><strong>occa-</strong></span> 
     </span>
    </p>
   </div>
   <div class='ocr_carea' id='block_1_10' title="bbox 1890 1389 3527 1466">
    <p class='ocr_par' dir='ltr' id='par_1_10' title="bbox 1890 1389 3527 1466">
     <span class='ocr_line' id='line_1_10' title="bbox 1890 1389 3527 1466; baseline -0.005 -11"><span class='ocrx_word' id='word_1_64' title='bbox 1890 1389 2081 1455; x_wconf 27' lang='lat' dir='ltr'><strong>Isione</strong></span> <span class='ocrx_word' id='word_1_65' title='bbox 2126 1397 2267 1466; x_wconf 83' lang='lat' dir='ltr'><strong>turpi</strong></span> <span class='ocrx_word' id='word_1_66' title='bbox 2311 1397 2681 1466; x_wconf 87' lang='lat' dir='ltr'><strong>deprehensus</strong></span> <span class='ocrx_word' id='word_1_67' title='bbox 2728 1393 2910 1452; x_wconf 87' lang='lat' dir='ltr'><strong>fuerit.</strong></span> <span class='ocrx_word' id='word_1_68' title='bbox 2941 1392 3196 1446; x_wconf 89' lang='lat' dir='ltr'><strong>omnibus</strong></span> <span class='ocrx_word' id='word_1_69' title='bbox 3244 1392 3351 1444; x_wconf 89' lang='lat' dir='ltr'><strong>illis</strong></span> <span class='ocrx_word' id='word_1_70' title='bbox 3402 1406 3527 1460; x_wconf 86' lang='lat' dir='ltr'><strong>pro-</strong></span> 
     </span>
    </p>
   </div>
   <div class='ocr_carea' id='block_1_11' title="bbox 1928 1481 3523 1555">
    <p class='ocr_par' dir='ltr' id='par_1_11' title="bbox 1928 1481 3523 1555">
     <span class='ocr_line' id='line_1_11' title="bbox 1928 1481 3523 1555; baseline -0.004 -13"><span class='ocrx_word' id='word_1_71' title='bbox 1928 1489 2106 1544; x_wconf 71' lang='lat' dir='ltr'><strong>brosae</strong></span> <span class='ocrx_word' id='word_1_72' title='bbox 2146 1487 2444 1555; x_wconf 68' lang='lat' dir='ltr'><strong>disciplina:</strong></span> <span class='ocrx_word' id='word_1_73' title='bbox 2487 1482 2891 1539; x_wconf 88' lang='lat' dir='ltr'><strong>eonfusiouibus</strong></span> <span class='ocrx_word' id='word_1_74' title='bbox 2950 1483 3147 1536; x_wconf 92' lang='lat' dir='ltr'><strong>merito</strong></span> <span class='ocrx_word' id='word_1_75' title='bbox 3203 1481 3523 1550; x_wconf 86' lang='lat' dir='ltr'><strong>subiacebit.</strong></span> 
     </span>
    </p>
   </div>
   <div class='ocr_carea' id='block_1_12' title="bbox 1930 1572 3528 1646">
    <p class='ocr_par' dir='ltr' id='par_1_12' title="bbox 1930 1572 3528 1646">
     <span class='ocr_line' id='line_1_12' title="bbox 1930 1572 3528 1646; baseline -0.003 -15"><span class='ocrx_word' id='word_1_76' title='bbox 1930 1579 2082 1646; x_wconf 77' lang='lat' dir='ltr'><strong>Quod</strong></span> <span class='ocrx_word' id='word_1_77' title='bbox 2139 1579 2185 1633; x_wconf 91' lang='lat' dir='ltr'><strong>si</strong></span> <span class='ocrx_word' id='word_1_78' title='bbox 2238 1576 2480 1632; x_wconf 87' lang='lat' dir='ltr'><strong>osculum</strong></span> <span class='ocrx_word' id='word_1_79' title='bbox 2532 1584 2640 1629; x_wconf 90' lang='lat' dir='ltr'><strong>tam</strong></span> <span class='ocrx_word' id='word_1_80' title='bbox 2696 1584 2927 1629; x_wconf 65' lang='lat' dir='ltr'><strong>austerae</strong></span> <span class='ocrx_word' id='word_1_81' title='bbox 2979 1572 3201 1627; x_wconf 86' lang='lat' dir='ltr'><strong>ultionis</strong></span> <span class='ocrx_word' id='word_1_82' title='bbox 3266 1574 3528 1642; x_wconf 65' lang='lat' dir='ltr'><strong>supplicio</strong></span> 
     </span>
    </p>
   </div>
   <div class='ocr_carea' id='block_1_13' title="bbox 1928 1657 3528 1740">
    <p class='ocr_par' dir='ltr' id='par_1_13' title="bbox 1928 1657 3528 1740">
     <span class='ocr_line' id='line_1_13' title="bbox 1928 1657 3528 1740; baseline -0.005 -16"><span class='ocrx_word' id='word_1_83' title='bbox 1928 1673 2206 1740; x_wconf 89' lang='lat' dir='ltr'><strong>plectitur,</strong></span> <span class='ocrx_word' id='word_1_84' title='bbox 2240 1670 2353 1739; x_wconf 88' lang='lat' dir='ltr'><strong>ipsa</strong></span> <span class='ocrx_word' id='word_1_85' title='bbox 2394 1684 2515 1724; x_wconf 90' lang='lat' dir='ltr'><strong>cum</strong></span> <span class='ocrx_word' id='word_1_86' title='bbox 2548 1668 2655 1721; x_wconf 90' lang='lat' dir='ltr'><strong>alio</strong></span> <span class='ocrx_word' id='word_1_87' title='bbox 2684 1666 3070 1722; x_wconf 86' lang='lat' dir='ltr'><strong>contaminatio</strong></span> <span class='ocrx_word' id='word_1_88' title='bbox 3098 1667 3229 1735; x_wconf 91' lang='lat' dir='ltr'><strong>quid</strong></span> <span class='ocrx_word' id='word_1_89' title='bbox 3255 1657 3528 1719; x_wconf 81' lang='lat' dir='ltr'><strong>meretur?</strong></span> 
     </span>
    </p>
   </div>
   <div class='ocr_carea' id='block_1_14' title="bbox 1931 1755 3528 1830">
    <p class='ocr_par' dir='ltr' id='par_1_14' title="bbox 1931 1755 3528 1830">
     <span class='ocr_line' id='line_1_14' title="bbox 1931 1755 3528 1830; baseline -0.004 -16"><span class='ocrx_word' id='word_1_90' title='bbox 1931 1763 2011 1814; x_wconf 82' lang='lat' dir='ltr'><strong>Ad</strong></span> <span class='ocrx_word' id='word_1_91' title='bbox 2036 1761 2363 1830; x_wconf 72' lang='lat' dir='ltr'><strong>puniendum</strong></span> <span class='ocrx_word' id='word_1_92' title='bbox 2392 1773 2624 1827; x_wconf 78' lang='lat' dir='ltr'><strong>namque</strong></span> <span class='ocrx_word' id='word_1_93' title='bbox 2647 1758 2732 1811; x_wconf 91' lang='lat' dir='ltr'><strong>cui</strong></span> <span class='ocrx_word' id='word_1_94' title='bbox 2754 1755 2991 1820; x_wconf 89' lang='lat' dir='ltr'><strong>crimini,</strong></span> <span class='ocrx_word' id='word_1_95' title='bbox 3017 1756 3104 1809; x_wconf 90' lang='lat' dir='ltr'><strong>cui</strong></span> <span class='ocrx_word' id='word_1_96' title='bbox 3130 1756 3528 1809; x_wconf 90' lang='lat' dir='ltr'><strong>immanissimo</strong></span> 
     </span>
    </p>
   </div>
   <div class='ocr_carea' id='block_1_15' title="bbox 1931 1845 3526 1915">
    <p class='ocr_par' dir='ltr' id='par_1_15' title="bbox 1931 1845 3526 1915">
     <span class='ocr_line' id='line_1_15' title="bbox 1931 1845 3526 1915; baseline -0.004 -11"><span class='ocrx_word' id='word_1_97' title='bbox 1931 1850 2122 1904; x_wconf 89' lang='lat' dir='ltr'><strong>sceleri</strong></span> <span class='ocrx_word' id='word_1_98' title='bbox 2164 1865 2269 1903; x_wconf 92' lang='lat' dir='ltr'><strong>non</strong></span> <span class='ocrx_word' id='word_1_99' title='bbox 2318 1846 2586 1902; x_wconf 78' lang='lat' dir='ltr'><strong>suﬂiceret</strong></span> <span class='ocrx_word' id='word_1_100' title='bbox 2640 1845 2854 1915; x_wconf 85' lang='lat' dir='ltr'><strong>publice</strong></span> <span class='ocrx_word' id='word_1_101' title='bbox 2902 1845 3216 1908; x_wconf 87' lang='lat' dir='ltr'><strong>verberari,</strong></span> <span class='ocrx_word' id='word_1_102' title='bbox 3269 1859 3526 1899; x_wconf 88' lang='lat' dir='ltr'><strong>coronam</strong></span> 
     </span>
    </p>
   </div>
   <div class='ocr_carea' id='block_1_16' title="bbox 1931 1933 3526 2006">
    <p class='ocr_par' dir='ltr' id='par_1_16' title="bbox 1931 1933 3526 2006">
     <span class='ocr_line' id='line_1_16' title="bbox 1931 1933 3526 2006; baseline -0.004 -13"><span class='ocrx_word' id='word_1_103' title='bbox 1931 1942 2224 2003; x_wconf 87' lang='lat' dir='ltr'><strong>amittere,</strong></span> <span class='ocrx_word' id='word_1_104' title='bbox 2284 1938 2512 2006; x_wconf 88' lang='lat' dir='ltr'><strong>turpiter</strong></span> <span class='ocrx_word' id='word_1_105' title='bbox 2560 1935 2851 1999; x_wconf 89' lang='lat' dir='ltr'><strong>decalvari,</strong></span> <span class='ocrx_word' id='word_1_106' title='bbox 2913 1934 3203 1988; x_wconf 86' lang='lat' dir='ltr'><strong>salivarum</strong></span> <span class='ocrx_word' id='word_1_107' title='bbox 3251 1933 3526 2002; x_wconf 89' lang='lat' dir='ltr'><strong>spurcitiis</strong></span> 
     </span>
    </p>
   </div>
   <div class='ocr_carea' id='block_1_17' title="bbox 2399 565 4528 633">
    <p class='ocr_par' dir='ltr' id='par_1_17' title="bbox 2399 565 4528 625">
     <span class='ocr_line' id='line_1_17' title="bbox 2399 565 4528 625; baseline 0.003 -6"><span class='ocrx_word' id='word_1_108' title='bbox 2399 567 2455 620; x_wconf 77' lang='lat'><strong>3.</strong></span> <span class='ocrx_word' id='word_1_109' title='bbox 2488 567 2691 619; x_wconf 67' lang='lat' dir='ltr'><strong>PE&#39;l‘lil</strong></span> <span class='ocrx_word' id='word_1_110' title='bbox 2736 566 3017 618; x_wconf 67' lang='lat' dir='ltr'><strong>DAMIALVI</strong></span> <span class='ocrx_word' id='word_1_111' title='bbox 3060 565 3213 619; x_wconf 77' lang='lat' dir='ltr'><strong>OPl’.</strong></span> <span class='ocrx_word' id='word_1_112' title='bbox 3240 565 3479 621; x_wconf 73' lang='lat' dir='ltr'><strong>TOMUS</strong></span> <span class='ocrx_word' id='word_1_113' title='bbox 3512 565 3639 618; x_wconf 78' lang='lat' dir='ltr'><strong>SEU</strong></span> <span class='ocrx_word' id='word_1_114' title='bbox 3680 565 3858 621; x_wconf 79' lang='lat' dir='ltr'><strong>PARS</strong></span> <span class='ocrx_word' id='word_1_115' title='bbox 3898 566 3982 621; x_wconf 89' lang='grc' dir='ltr'><strong>ΙΙΙ.</strong></span> <span class='ocrx_word' id='word_1_116' title='bbox 4014 599 4079 608; x_wconf 83' lang='lat'><strong>——</strong></span> <span class='ocrx_word' id='word_1_117' title='bbox 4108 567 4475 625; x_wconf 83' lang='lat' dir='ltr'><strong>OPUSCULA</strong></span> <span class='ocrx_word' id='word_1_118' title='bbox 4517 572 4528 598; x_wconf 84' lang='lat'>‘</span> 
     </span>
    </p>
   </div>
   <div class='ocr_carea' id='block_1_18' title="bbox 3058 565 5187 633">
    <p class='ocr_par' dir='ltr' id='par_1_18' title="bbox 3060 565 5187 633">
     <span class='ocr_line' id='line_1_18' title="bbox 3060 565 5187 633; baseline 0.007 -14"><span class='ocrx_word' id='word_1_119' title='bbox 3060 565 3213 619; x_wconf 77' lang='lat' dir='ltr'><strong>OPl’.</strong></span> <span class='ocrx_word' id='word_1_120' title='bbox 3240 565 3479 621; x_wconf 74' lang='lat' dir='ltr'><strong>TOMUS</strong></span> <span class='ocrx_word' id='word_1_121' title='bbox 3512 565 3639 618; x_wconf 72' lang='grc' dir='ltr'><strong>εει]</strong></span> <span class='ocrx_word' id='word_1_122' title='bbox 3680 565 3858 621; x_wconf 79' lang='lat' dir='ltr'><strong>PARS</strong></span> <span class='ocrx_word' id='word_1_123' title='bbox 3898 566 3982 621; x_wconf 90' lang='grc' dir='ltr'><strong>ΙΙΙ.</strong></span> <span class='ocrx_word' id='word_1_124' title='bbox 4014 599 4079 608; x_wconf 85' lang='lat'><strong>——</strong></span> <span class='ocrx_word' id='word_1_125' title='bbox 4108 567 4475 625; x_wconf 82' lang='lat' dir='ltr'><strong>OPUSCULA</strong></span> <span class='ocrx_word' id='word_1_126' title='bbox 4517 572 4745 626; x_wconf 76' lang='lat' dir='ltr'><strong>VAlllA.</strong></span> <span class='ocrx_word' id='word_1_127' title='bbox 5101 577 5187 633; x_wconf 75' lang='lat' dir='ltr'><strong>I76</strong></span> 
     </span>
    </p>
   </div>
   <div class='ocr_carea' id='block_1_19' title="bbox 3631 766 5188 841">
    <p class='ocr_par' dir='ltr' id='par_1_19' title="bbox 3631 766 5188 841">
     <span class='ocr_line' id='line_1_19' title="bbox 3631 766 5188 841; baseline 0.01 -24"><span class='ocrx_word' id='word_1_128' title='bbox 3631 780 3903 832; x_wconf 90' lang='lat' dir='ltr'><strong>reparare.</strong></span> <span class='ocrx_word' id='word_1_129' title='bbox 3942 766 4055 821; x_wconf 89' lang='lat' dir='ltr'><strong>Hoc</strong></span> <span class='ocrx_word' id='word_1_130' title='bbox 4096 777 4180 823; x_wconf 87' lang='lat' dir='ltr'><strong>est</strong></span> <span class='ocrx_word' id='word_1_131' title='bbox 4224 771 4390 833; x_wconf 87' lang='lat' dir='ltr'><strong>enim,</strong></span> <span class='ocrx_word' id='word_1_132' title='bbox 4443 770 4589 839; x_wconf 89' lang='lat' dir='ltr'><strong>quod</strong></span> <span class='ocrx_word' id='word_1_133' title='bbox 4633 772 4976 828; x_wconf 82' lang='lat' dir='ltr'><strong>sobrietatem</strong></span> <span class='ocrx_word' id='word_1_134' title='bbox 5022 777 5188 841; x_wconf 80' lang='lat' dir='ltr'><strong>violat,</strong></span> 
     </span>
    </p>
   </div>
   <div class='ocr_carea' id='block_1_20' title="bbox 3628 858 5187 936">
    <p class='ocr_par' dir='ltr' id='par_1_20' title="bbox 3628 858 5187 936">
     <span class='ocr_line' id='line_1_20' title="bbox 3628 858 5187 936; baseline 0.012 -30"><span class='ocrx_word' id='word_1_135' title='bbox 3628 858 3943 924; x_wconf 80' lang='lat' dir='ltr'><strong>pudicitiam</strong></span> <span class='ocrx_word' id='word_1_136' title='bbox 3974 869 4174 924; x_wconf 89' lang='lat' dir='ltr'><strong>necat,</strong></span> <span class='ocrx_word' id='word_1_137' title='bbox 4226 862 4529 915; x_wconf 80' lang='lat' dir='ltr'><strong>castitatem</strong></span> <span class='ocrx_word' id='word_1_138' title='bbox 4562 862 4791 931; x_wconf 78' lang='lat' dir='ltr'><strong>jugulat,</strong></span> <span class='ocrx_word' id='word_1_139' title='bbox 4820 867 5187 936; x_wconf 79' lang='lat' dir='ltr'><strong>virginitatem,</strong></span> 
     </span>
    </p>
   </div>
   <div class='ocr_carea' id='block_1_21' title="bbox 3629 947 5190 1027">
    <p class='ocr_par' dir='ltr' id='par_1_21' title="bbox 3629 947 5190 1027">
     <span class='ocr_line' id='line_1_21' title="bbox 3629 947 5190 1027; baseline 0.01 -30"><span class='ocrx_word' id='word_1_140' title='bbox 3629 960 3747 1013; x_wconf 60' lang='lat' dir='ltr'><strong>quae</strong></span> <span class='ocrx_word' id='word_1_141' title='bbox 3802 947 4239 1015; x_wconf 89' lang='lat' dir='ltr'><strong>irrecuperabilis</strong></span> <span class='ocrx_word' id='word_1_142' title='bbox 4293 959 4395 1016; x_wconf 87' lang='lat' dir='ltr'><strong>est,</strong></span> <span class='ocrx_word' id='word_1_143' title='bbox 4453 953 4818 1019; x_wconf 77' lang='lat' dir='ltr'><strong>spurcissima:</strong></span> <span class='ocrx_word' id='word_1_144' title='bbox 4874 959 5190 1027; x_wconf 78' lang='lat' dir='ltr'><strong>contagionis</strong></span> 
     </span>
    </p>
   </div>
   <div class='ocr_carea' id='block_1_22' title="bbox 3630 1039 5189 1110">
    <p class='ocr_par' dir='ltr' id='par_1_22' title="bbox 3630 1039 5189 1110">
     <span class='ocr_line' id='line_1_22' title="bbox 3630 1039 5189 1110; baseline 0.01 -22"><span class='ocrx_word' id='word_1_145' title='bbox 3630 1050 3886 1090; x_wconf 89' lang='lat' dir='ltr'><strong>mucrone</strong></span> <span class='ocrx_word' id='word_1_146' title='bbox 3948 1039 4199 1092; x_wconf 87' lang='lat' dir='ltr'><strong>trucidat.</strong></span> <span class='ocrx_word' id='word_1_147' title='bbox 4252 1039 4444 1094; x_wconf 86' lang='lat' dir='ltr'><strong>Omnia</strong></span> <span class='ocrx_word' id='word_1_148' title='bbox 4510 1041 4699 1108; x_wconf 61' lang='lat' dir='ltr'><strong>foedat,</strong></span> <span class='ocrx_word' id='word_1_149' title='bbox 4727 1045 4905 1098; x_wconf 90' lang='lat' dir='ltr'><strong>omnia</strong></span> <span class='ocrx_word' id='word_1_150' title='bbox 4956 1049 5189 1110; x_wconf 89' lang='lat' dir='ltr'><strong>maculat.</strong></span> 
     </span>
    </p>
   </div>
   <div class='ocr_carea' id='block_1_23' title="bbox 3626 1126 5194 1202">
    <p class='ocr_par' dir='ltr' id='par_1_23' title="bbox 3626 1126 5194 1202">
     <span class='ocr_line' id='line_1_23' title="bbox 3626 1126 5194 1202; baseline 0.009 -25"><span class='ocrx_word' id='word_1_151' title='bbox 3626 1126 3805 1178; x_wconf 88' lang='lat' dir='ltr'><strong>omnia</strong></span> <span class='ocrx_word' id='word_1_152' title='bbox 3844 1127 4060 1195; x_wconf 91' lang='lat' dir='ltr'><strong>polluit;</strong></span> <span class='ocrx_word' id='word_1_153' title='bbox 4097 1137 4151 1181; x_wconf 94' lang='lat' dir='ltr'><strong>et</strong></span> <span class='ocrx_word' id='word_1_154' title='bbox 4176 1140 4434 1196; x_wconf 87' lang='lat' dir='ltr'><strong>quantum</strong></span> <span class='ocrx_word' id='word_1_155' title='bbox 4465 1132 4532 1185; x_wconf 87' lang='lat' dir='ltr'><strong>ad</strong></span> <span class='ocrx_word' id='word_1_156' title='bbox 4562 1147 4639 1194; x_wconf 89' lang='lat' dir='ltr'><strong>se.</strong></span> <span class='ocrx_word' id='word_1_157' title='bbox 4672 1134 4803 1187; x_wconf 90' lang='lat' dir='ltr'><strong>nihil</strong></span> <span class='ocrx_word' id='word_1_158' title='bbox 4829 1149 5050 1202; x_wconf 90' lang='lat' dir='ltr'><strong>purum,</strong></span> <span class='ocrx_word' id='word_1_159' title='bbox 5076 1139 5194 1191; x_wconf 90' lang='lat' dir='ltr'><strong>nihil</strong></span> 
     </span>
    </p>
   </div>
   <div class='ocr_carea' id='block_1_24' title="bbox 3629 1216 5190 1293">
    <p class='ocr_par' dir='ltr' id='par_1_24' title="bbox 3629 1216 5190 1293">
     <span class='ocr_line' id='line_1_24' title="bbox 3629 1216 5190 1293; baseline 0.008 -25"><span class='ocrx_word' id='word_1_160' title='bbox 3629 1232 3657 1268; x_wconf 88' lang='lat' dir='ltr'><strong>a</strong></span> <span class='ocrx_word' id='word_1_161' title='bbox 3686 1216 3936 1270; x_wconf 77' lang='lat' dir='ltr'><strong>sordibus</strong></span> <span class='ocrx_word' id='word_1_162' title='bbox 3973 1217 4232 1282; x_wconf 90' lang='lat' dir='ltr'><strong>alienum,</strong></span> <span class='ocrx_word' id='word_1_163' title='bbox 4265 1220 4398 1272; x_wconf 84' lang='lat' dir='ltr'><strong>nihil</strong></span> <span class='ocrx_word' id='word_1_164' title='bbox 4430 1225 4688 1275; x_wconf 89' lang='lat' dir='ltr'><strong>mundum</strong></span> <span class='ocrx_word' id='word_1_165' title='bbox 4739 1239 4858 1277; x_wconf 88' lang='lat' dir='ltr'><strong>esse</strong></span> <span class='ocrx_word' id='word_1_166' title='bbox 4908 1227 5190 1293; x_wconf 83' lang='lat' dir='ltr'><strong>permittit:</strong></span> 
     </span>
    </p>
   </div>
   <div class='ocr_carea' id='block_1_25' title="bbox 3633 1306 5190 1379">
    <p class='ocr_par' dir='ltr' id='par_1_25' title="bbox 3633 1306 5190 1379">
     <span class='ocr_line' id='line_1_25' title="bbox 3633 1306 5190 1379; baseline 0.01 -23"><span class='ocrx_word' id='word_1_167' title='bbox 3633 1323 3650 1356; x_wconf 71' lang='grc' dir='ltr'>ι</span> <span class='ocrx_word' id='word_1_168' title='bbox 3690 1306 3880 1360; x_wconf 79' lang='lat' dir='ltr'><strong>Omnia</strong></span> <span class='ocrx_word' id='word_1_169' title='bbox 3911 1309 4052 1361; x_wconf 88' lang='lat' dir='ltr'><strong>enim</strong></span> <span class='ocrx_word' id='word_1_170' title='bbox 4082 1348 4096 1372; x_wconf 92' lang='lat'><strong>,</strong></span> <span class='ocrx_word' id='word_1_171' title='bbox 4125 1317 4183 1361; x_wconf 92' lang='lat' dir='ltr'><strong>ut</strong></span> <span class='ocrx_word' id='word_1_172' title='bbox 4222 1311 4513 1379; x_wconf 82' lang='lat' dir='ltr'><strong>Apostolus</strong></span> <span class='ocrx_word' id='word_1_173' title='bbox 4562 1314 4657 1376; x_wconf 88' lang='lat' dir='ltr'><strong>ait,</strong></span> <span class='ocrx_word' id='word_1_174' title='bbox 4714 1316 4909 1369; x_wconf 90' lang='lat' dir='ltr'><strong>munda</strong></span> <span class='ocrx_word' id='word_1_175' title='bbox 4961 1317 5190 1372; x_wconf 86' lang='lat' dir='ltr'><strong>mundis:</strong></span> 
     </span>
    </p>
   </div>
   <div class='ocr_carea' id='block_1_26' title="bbox 3625 1399 5193 1461">
    <p class='ocr_par' dir='ltr' id='par_1_26' title="bbox 3625 1399 5193 1461">
     <span class='ocr_line' id='line_1_26' title="bbox 3625 1399 5193 1461; baseline 0.007 -13"><span class='ocrx_word' id='word_1_176' title='bbox 3625 1399 4006 1451; x_wconf 83' lang='lat' dir='ltr'><strong>contaminatis</strong></span> <span class='ocrx_word' id='word_1_177' title='bbox 4058 1409 4240 1453; x_wconf 90' lang='lat' dir='ltr'><strong>autem</strong></span> <span class='ocrx_word' id='word_1_178' title='bbox 4294 1410 4348 1453; x_wconf 91' lang='lat' dir='ltr'><strong>et</strong></span> <span class='ocrx_word' id='word_1_179' title='bbox 4399 1401 4704 1457; x_wconf 73' lang='lat' dir='ltr'><strong>infidelibus</strong></span> <span class='ocrx_word' id='word_1_180' title='bbox 4747 1403 4880 1458; x_wconf 85' lang='lat' dir='ltr'><strong>nihil</strong></span> <span class='ocrx_word' id='word_1_181' title='bbox 4948 1407 5193 1461; x_wconf 87' lang='lat' dir='ltr'><strong>mundum</strong></span> 
     </span>
    </p>
   </div>
   <div class='ocr_carea' id='block_1_27' title="bbox 3626 1483 3897 1554">
    <p class='ocr_par' dir='ltr' id='par_1_27' title="bbox 3626 1483 3897 1554">
     <span class='ocr_line' id='line_1_27' title="bbox 3626 1483 3897 1554; baseline -0.004 -19"><span class='ocrx_word' id='word_1_182' title='bbox 3626 1483 3755 1554; x_wconf 75' lang='lat' dir='ltr'><strong>(Tit.</strong></span> <span class='ocrx_word' id='word_1_183' title='bbox 3782 1485 3843 1553; x_wconf 89' lang='lat' dir='ltr'><strong>t).</strong></span> <span class='ocrx_word' id='word_1_184' title='bbox 3880 1505 3897 1534; x_wconf 73' lang='grc' dir='ltr'><strong><em>ι</em></strong></span> 
     </span>
    </p>
   </div>
   <div class='ocr_carea' id='block_1_28' title="bbox 3700 1576 5195 1637">
    <p class='ocr_par' dir='ltr' id='par_1_28' title="bbox 3700 1576 5195 1637">
     <span class='ocr_line' id='line_1_28' title="bbox 3700 1576 5195 1637; baseline 0.006 -8"><span class='ocrx_word' id='word_1_185' title='bbox 3700 1576 3809 1630; x_wconf 79' lang='lat' dir='ltr'><strong>llnc</strong></span> <span class='ocrx_word' id='word_1_186' title='bbox 3833 1577 4019 1630; x_wconf 82' lang='lat' dir='ltr'><strong>vitium</strong></span> <span class='ocrx_word' id='word_1_187' title='bbox 4051 1593 4079 1630; x_wconf 94' lang='lat' dir='ltr'><strong>a</strong></span> <span class='ocrx_word' id='word_1_188' title='bbox 4116 1578 4284 1633; x_wconf 88' lang='lat' dir='ltr'><strong>choro</strong></span> <span class='ocrx_word' id='word_1_189' title='bbox 4322 1579 4679 1633; x_wconf 89' lang='lat' dir='ltr'><strong>ecclesiastici</strong></span> <span class='ocrx_word' id='word_1_190' title='bbox 4708 1591 5006 1636; x_wconf 87' lang='lat' dir='ltr'><strong>conventus</strong></span> <span class='ocrx_word' id='word_1_191' title='bbox 5032 1582 5195 1637; x_wconf 87' lang='lat' dir='ltr'><strong>elimi-</strong></span> 
     </span>
    </p>
   </div>
   <div class='ocr_carea' id='block_1_29' title="bbox 3629 1670 5198 1738">
    <p class='ocr_par' dir='ltr' id='par_1_29' title="bbox 3629 1670 5198 1738">
     <span class='ocr_line' id='line_1_29' title="bbox 3629 1670 5198 1738; baseline 0.004 -18"><span class='ocrx_word' id='word_1_192' title='bbox 3629 1677 3742 1731; x_wconf 87' lang='lat' dir='ltr'><strong>nat,</strong></span> <span class='ocrx_word' id='word_1_193' title='bbox 3768 1677 3822 1720; x_wconf 90' lang='lat' dir='ltr'><strong>et</strong></span> <span class='ocrx_word' id='word_1_194' title='bbox 3851 1684 3972 1720; x_wconf 92' lang='lat' dir='ltr'><strong>eum</strong></span> <span class='ocrx_word' id='word_1_195' title='bbox 4025 1670 4404 1738; x_wconf 87' lang='lat' dir='ltr'><strong>energumenis</strong></span> <span class='ocrx_word' id='word_1_196' title='bbox 4434 1685 4497 1724; x_wconf 88' lang='lat' dir='ltr'><strong>ac</strong></span> <span class='ocrx_word' id='word_1_197' title='bbox 4534 1670 4800 1724; x_wconf 63' lang='lat' dir='ltr'><strong>daemonio</strong></span> <span class='ocrx_word' id='word_1_198' title='bbox 4847 1671 5198 1726; x_wconf 86' lang='lat' dir='ltr'><strong>laborantibus</strong></span> 
     </span>
    </p>
   </div>
   <div class='ocr_carea' id='block_1_30' title="bbox 3627 1756 5196 1826">
    <p class='ocr_par' dir='ltr' id='par_1_30' title="bbox 3627 1756 5196 1826">
     <span class='ocr_line' id='line_1_30' title="bbox 3627 1756 5196 1826; baseline 0.002 -16"><span class='ocrx_word' id='word_1_199' title='bbox 3627 1771 3784 1810; x_wconf 89' lang='lat' dir='ltr'><strong>orare</strong></span> <span class='ocrx_word' id='word_1_200' title='bbox 3811 1756 4103 1824; x_wconf 89' lang='lat' dir='ltr'><strong>compellit,</strong></span> <span class='ocrx_word' id='word_1_201' title='bbox 4136 1772 4165 1809; x_wconf 90' lang='lat' dir='ltr'><strong>a</strong></span> <span class='ocrx_word' id='word_1_202' title='bbox 4202 1756 4310 1810; x_wconf 91' lang='lat' dir='ltr'><strong>Deo</strong></span> <span class='ocrx_word' id='word_1_203' title='bbox 4335 1758 4569 1811; x_wconf 90' lang='lat' dir='ltr'><strong>animam</strong></span> <span class='ocrx_word' id='word_1_204' title='bbox 4599 1766 4928 1826; x_wconf 83' lang='lat' dir='ltr'><strong>separat,.ut</strong></span> <span class='ocrx_word' id='word_1_205' title='bbox 4952 1759 5196 1814; x_wconf 75' lang='lat' dir='ltr'><strong>dmmoni-</strong></span> 
     </span>
    </p>
   </div>
   <div class='ocr_carea' id='block_1_31' title="bbox 3631 1848 5198 1924">
    <p class='ocr_par' dir='ltr' id='par_1_31' title="bbox 3631 1848 5198 1924">
     <span class='ocr_line' id='line_1_31' title="bbox 3631 1848 5198 1924; baseline 0.003 -23"><span class='ocrx_word' id='word_1_206' title='bbox 3631 1848 3732 1902; x_wconf 84' lang='lat' dir='ltr'><strong>bus</strong></span> <span class='ocrx_word' id='word_1_207' title='bbox 3756 1849 3966 1918; x_wconf 83' lang='lat' dir='ltr'><strong>jungat.</strong></span> <span class='ocrx_word' id='word_1_208' title='bbox 4002 1848 4126 1903; x_wconf 68' lang='grc' dir='ltr'><strong>ιιίεο</strong></span> <span class='ocrx_word' id='word_1_209' title='bbox 4155 1850 4601 1917; x_wconf 79' lang='lat' dir='ltr'><strong>pestilentissima</strong></span> <span class='ocrx_word' id='word_1_210' title='bbox 4628 1852 4980 1906; x_wconf 80' lang='lat' dir='ltr'><strong>Sodomorum</strong></span> <span class='ocrx_word' id='word_1_211' title='bbox 5028 1854 5198 1924; x_wconf 88' lang='lat' dir='ltr'><strong>regina</strong></span> 
     </span>
    </p>
   </div>
   <div class='ocr_carea' id='block_1_32' title="bbox 3630 1940 5201 2011">
    <p class='ocr_par' dir='ltr' id='par_1_32' title="bbox 3630 1940 5201 2011">
     <span class='ocr_line' id='line_1_32' title="bbox 3630 1940 5201 2011; baseline 0.004 -19"><span class='ocrx_word' id='word_1_212' title='bbox 3630 1956 3739 1993; x_wconf 67' lang='lat' dir='ltr'><strong>suae</strong></span> <span class='ocrx_word' id='word_1_213' title='bbox 3770 1941 4072 2010; x_wconf 73' lang='lat' dir='ltr'><strong>tyrannidis</strong></span> <span class='ocrx_word' id='word_1_214' title='bbox 4106 1940 4311 2011; x_wconf 88' lang='lat' dir='ltr'><strong>legibus</strong></span> <span class='ocrx_word' id='word_1_215' title='bbox 4332 1942 4743 2011; x_wconf 78' lang='lat' dir='ltr'><strong>obsequentem,</strong></span> <span class='ocrx_word' id='word_1_216' title='bbox 4767 1943 5068 1999; x_wconf 88' lang='lat' dir='ltr'><strong>hominibus</strong></span> <span class='ocrx_word' id='word_1_217' title='bbox 5098 1954 5201 1998; x_wconf 86' lang='lat' dir='ltr'><strong>tur-</strong></span> 
     </span>
    </p>
   </div>
   <div class='ocr_carea' id='block_1_33' title="bbox 1931 2023 5201 2096">
    <p class='ocr_par' dir='ltr' id='par_1_33' title="bbox 1931 2023 5201 2096">
     <span class='ocr_line' id='line_1_33' title="bbox 1931 2023 5201 2096; baseline -0.006 -13"><span class='ocrx_word' id='word_1_218' title='bbox 1931 2030 2144 2083; x_wconf 87' lang='lat' dir='ltr'><strong>obliniri</strong></span> <span class='ocrx_word' id='word_1_219' title='bbox 2175 2071 2189 2094; x_wconf 91' lang='lat'><strong>,</strong></span> <span class='ocrx_word' id='word_1_220' title='bbox 2243 2027 2605 2083; x_wconf 87' lang='lat' dir='ltr'><strong>carceralibus</strong></span> <span class='ocrx_word' id='word_1_221' title='bbox 2650 2025 2913 2096; x_wconf 89' lang='lat' dir='ltr'><strong>angustiis</strong></span> <span class='ocrx_word' id='word_1_222' title='bbox 2959 2024 3160 2078; x_wconf 90' lang='lat' dir='ltr'><strong>diutius</strong></span> <span class='ocrx_word' id='word_1_223' title='bbox 3194 2023 3478 2092; x_wconf 88' lang='lat' dir='ltr'><strong>comprimi</strong></span> <span class='ocrx_word' id='word_1_224' title='bbox 3511 2062 3525 2087; x_wconf 92' lang='lat'><strong>,</strong></span> <span class='ocrx_word' id='word_1_225' title='bbox 3559 2024 3603 2081; x_wconf 83' lang='grc' dir='ltr'><strong>Β</strong></span> <span class='ocrx_word' id='word_1_226' title='bbox 3632 2045 3777 2096; x_wconf 70' lang='lat' dir='ltr'><strong>pem,</strong></span> <span class='ocrx_word' id='word_1_227' title='bbox 3813 2029 3923 2082; x_wconf 74' lang='lat' dir='ltr'><strong>Deo</strong></span> <span class='ocrx_word' id='word_1_228' title='bbox 3949 2030 4124 2083; x_wconf 61' lang='lat' dir='ltr'><strong>reddi;</strong></span> <span class='ocrx_word' id='word_1_229' title='bbox 4149 2031 4436 2094; x_wconf 69' lang='lat' dir='ltr'><strong>odibnem;</strong></span> <span class='ocrx_word' id='word_1_230' title='bbox 4471 2032 4731 2085; x_wconf 65' lang='lat' dir='ltr'><strong>adversus</strong></span> <span class='ocrx_word' id='word_1_231' title='bbox 4774 2033 4938 2086; x_wconf 66' lang='lat' dir='ltr'><strong>Deum</strong></span> <span class='ocrx_word' id='word_1_232' title='bbox 4981 2032 5201 2086; x_wconf 66' lang='lat' dir='ltr'><strong>nefanda</strong></span> 
     </span>
    </p>
   </div>
   <div class='ocr_carea' id='block_1_34' title="bbox 1934 2115 3530 2189">
    <p class='ocr_par' dir='ltr' id='par_1_34' title="bbox 1934 2115 3530 2189">
     <span class='ocr_line' id='line_1_34' title="bbox 1934 2115 3530 2189; baseline -0.003 -16"><span class='ocrx_word' id='word_1_233' title='bbox 1934 2122 2126 2176; x_wconf 84' lang='lat' dir='ltr'><strong>ferreis</strong></span> <span class='ocrx_word' id='word_1_234' title='bbox 2172 2121 2392 2189; x_wconf 89' lang='lat' dir='ltr'><strong>insuper</strong></span> <span class='ocrx_word' id='word_1_235' title='bbox 2418 2117 2647 2172; x_wconf 86' lang='lat' dir='ltr'><strong>vinculis</strong></span> <span class='ocrx_word' id='word_1_236' title='bbox 2672 2115 2986 2171; x_wconf 86' lang='lat' dir='ltr'><strong>coarctari?</strong></span> <span class='ocrx_word' id='word_1_237' title='bbox 3024 2125 3357 2185; x_wconf 88' lang='lat' dir='ltr'><strong>postremum</strong></span> <span class='ocrx_word' id='word_1_238' title='bbox 3398 2130 3530 2185; x_wconf 81' lang='lat' dir='ltr'><strong>quo-</strong></span> 
     </span>
    </p>
   </div>
   <div class='ocr_carea' id='block_1_35' title="bbox 1935 2208 3529 2285">
    <p class='ocr_par' dir='ltr' id='par_1_35' title="bbox 1935 2208 3529 2285">
     <span class='ocr_line' id='line_1_35' title="bbox 1935 2208 3529 2285; baseline -0.004 -17"><span class='ocrx_word' id='word_1_239' title='bbox 1935 2231 2040 2285; x_wconf 88' lang='lat' dir='ltr'><strong>que</strong></span> <span class='ocrx_word' id='word_1_240' title='bbox 2092 2215 2395 2268; x_wconf 89' lang='lat' dir='ltr'><strong>hordeaceo</strong></span> <span class='ocrx_word' id='word_1_241' title='bbox 2447 2227 2586 2282; x_wconf 85' lang='lat' dir='ltr'><strong>pane</strong></span> <span class='ocrx_word' id='word_1_242' title='bbox 2638 2210 2820 2265; x_wconf 87' lang='lat' dir='ltr'><strong>feriari</strong></span> <span class='ocrx_word' id='word_1_243' title='bbox 2875 2209 3218 2278; x_wconf 62' lang='lat' dir='ltr'><strong>praecipitur;</strong></span> <span class='ocrx_word' id='word_1_244' title='bbox 3261 2209 3386 2277; x_wconf 87' lang='lat' dir='ltr'><strong>quia</strong></span> <span class='ocrx_word' id='word_1_245' title='bbox 3436 2208 3529 2276; x_wconf 94' lang='lat' dir='ltr'><strong>qui</strong></span> 
     </span>
    </p>
   </div>
   <div class='ocr_carea' id='block_1_36' title="bbox 1932 2298 3530 2372">
    <p class='ocr_par' dir='ltr' id='par_1_36' title="bbox 1932 2298 3530 2372">
     <span class='ocr_line' id='line_1_36' title="bbox 1932 2298 3530 2372; baseline -0.006 -12"><span class='ocrx_word' id='word_1_246' title='bbox 1932 2306 2106 2361; x_wconf 85' lang='lat' dir='ltr'><strong>factus</strong></span> <span class='ocrx_word' id='word_1_247' title='bbox 2164 2314 2246 2359; x_wconf 92' lang='lat' dir='ltr'><strong>est</strong></span> <span class='ocrx_word' id='word_1_248' title='bbox 2289 2304 2429 2358; x_wconf 90' lang='lat' dir='ltr'><strong>sicut.</strong></span> <span class='ocrx_word' id='word_1_249' title='bbox 2474 2318 2645 2372; x_wconf 87' lang='lat' dir='ltr'><strong>equus</strong></span> <span class='ocrx_word' id='word_1_250' title='bbox 2683 2309 2738 2355; x_wconf 90' lang='lat' dir='ltr'><strong>et</strong></span> <span class='ocrx_word' id='word_1_251' title='bbox 2777 2300 2953 2354; x_wconf 87' lang='lat' dir='ltr'><strong>mulus</strong></span> <span class='ocrx_word' id='word_1_252' title='bbox 2984 2298 3152 2369; x_wconf 78' lang='lat' dir='ltr'><strong>(Psal.</strong></span> <span class='ocrx_word' id='word_1_253' title='bbox 3211 2300 3360 2363; x_wconf 76' lang='lat' dir='ltr'><strong>xui)</strong></span> <span class='ocrx_word' id='word_1_254' title='bbox 3403 2313 3530 2352; x_wconf 89' lang='lat' dir='ltr'><strong>con-</strong></span> 
     </span>
    </p>
   </div>
   <div class='ocr_carea' id='block_1_37' title="bbox 1934 2390 3531 2470">
    <p class='ocr_par' dir='ltr' id='par_1_37' title="bbox 1934 2390 3531 2470">
     <span class='ocr_line' id='line_1_37' title="bbox 1934 2390 3531 2470; baseline -0.006 -18"><span class='ocrx_word' id='word_1_255' title='bbox 1934 2414 2067 2470; x_wconf 88' lang='lat' dir='ltr'><strong>grue</strong></span> <span class='ocrx_word' id='word_1_256' title='bbox 2098 2412 2208 2451; x_wconf 92' lang='lat' dir='ltr'><strong>non</strong></span> <span class='ocrx_word' id='word_1_257' title='bbox 2241 2397 2361 2450; x_wconf 91' lang='lat' dir='ltr'><strong>cibo</strong></span> <span class='ocrx_word' id='word_1_258' title='bbox 2388 2395 2630 2449; x_wconf 83' lang='lat' dir='ltr'><strong>reficitur</strong></span> <span class='ocrx_word' id='word_1_259' title='bbox 2681 2393 2998 2454; x_wconf 89' lang='lat' dir='ltr'><strong>hominum,</strong></span> <span class='ocrx_word' id='word_1_260' title='bbox 3043 2390 3138 2445; x_wconf 92' lang='lat' dir='ltr'><strong>sed</strong></span> <span class='ocrx_word' id='word_1_261' title='bbox 3181 2404 3394 2443; x_wconf 90' lang='lat' dir='ltr'><strong>annona</strong></span> <span class='ocrx_word' id='word_1_262' title='bbox 3438 2404 3531 2458; x_wconf 81' lang='lat' dir='ltr'><strong>pa-</strong></span> 
     </span>
    </p>
   </div>
   <div class='ocr_carea' id='block_1_38' title="bbox 1934 2490 2521 2559">
    <p class='ocr_par' dir='ltr' id='par_1_38' title="bbox 1934 2490 2521 2559">
     <span class='ocr_line' id='line_1_38' title="bbox 1934 2490 2521 2559; baseline -0.014 -13"><span class='ocrx_word' id='word_1_263' title='bbox 1934 2492 2103 2546; x_wconf 89' lang='lat' dir='ltr'><strong>scitur</strong></span> <span class='ocrx_word' id='word_1_264' title='bbox 2131 2490 2521 2559; x_wconf 87' lang='lat' dir='ltr'><strong>iumentorum.</strong></span> 
     </span>
    </p>
   </div>
   <div class='ocr_carea' id='block_1_39' title="bbox 2005 2569 3529 2646">
    <p class='ocr_par' dir='ltr' id='par_1_39' title="bbox 2005 2569 3529 2646">
     <span class='ocr_line' id='line_1_39' title="bbox 2005 2569 3529 2646; baseline -0.007 -12"><span class='ocrx_word' id='word_1_265' title='bbox 2005 2581 2176 2634; x_wconf 88' lang='lat' dir='ltr'><strong>Porro</strong></span> <span class='ocrx_word' id='word_1_266' title='bbox 2205 2579 2247 2633; x_wconf 91' lang='lat' dir='ltr'><strong>si</strong></span> <span class='ocrx_word' id='word_1_267' title='bbox 2276 2577 2436 2646; x_wconf 89' lang='lat' dir='ltr'><strong>lmius</strong></span> <span class='ocrx_word' id='word_1_268' title='bbox 2453 2574 2659 2645; x_wconf 88' lang='lat' dir='ltr'><strong>peccati</strong></span> <span class='ocrx_word' id='word_1_269' title='bbox 2690 2572 2903 2642; x_wconf 90' lang='lat' dir='ltr'><strong>pondus</strong></span> <span class='ocrx_word' id='word_1_270' title='bbox 2929 2585 3159 2642; x_wconf 88' lang='lat' dir='ltr'><strong>pensare</strong></span> <span class='ocrx_word' id='word_1_271' title='bbox 3187 2569 3529 2639; x_wconf 83' lang='lat' dir='ltr'><strong>negligimus,</strong></span> 
     </span>
    </p>
   </div>
   <div class='ocr_carea' id='block_1_40' title="bbox 1934 2662 3530 2742">
    <p class='ocr_par' dir='ltr' id='par_1_40' title="bbox 1934 2662 3530 2742">
     <span class='ocr_line' id='line_1_40' title="bbox 1934 2662 3530 2742; baseline -0.008 -15"><span class='ocrx_word' id='word_1_272' title='bbox 1934 2674 1987 2727; x_wconf 91' lang='lat' dir='ltr'><strong>in</strong></span> <span class='ocrx_word' id='word_1_273' title='bbox 2030 2671 2148 2742; x_wconf 90' lang='lat' dir='ltr'><strong>ipso</strong></span> <span class='ocrx_word' id='word_1_274' title='bbox 2193 2669 2386 2723; x_wconf 87' lang='lat' dir='ltr'><strong>saltem</strong></span> <span class='ocrx_word' id='word_1_275' title='bbox 2419 2666 2748 2735; x_wconf 73' lang='lat' dir='ltr'><strong>ptenitentite</strong></span> <span class='ocrx_word' id='word_1_276' title='bbox 2771 2662 2996 2731; x_wconf 86' lang='lat' dir='ltr'><strong>iudicio,</strong></span> <span class='ocrx_word' id='word_1_277' title='bbox 3027 2662 3171 2731; x_wconf 89' lang='lat' dir='ltr'><strong>quod</strong></span> <span class='ocrx_word' id='word_1_278' title='bbox 3215 2662 3530 2730; x_wconf 88' lang='lat' dir='ltr'><strong>imponitur,</strong></span> 
     </span>
    </p>
   </div>
   <div class='ocr_carea' id='block_1_41' title="bbox 1934 2752 3531 2821">
    <p class='ocr_par' dir='ltr' id='par_1_41' title="bbox 1934 2752 3531 2821">
     <span class='ocr_line' id='line_1_41' title="bbox 1934 2752 3531 2821; baseline -0.01 -2"><span class='ocrx_word' id='word_1_279' title='bbox 1934 2761 2375 2819; x_wconf 82' lang='lat' dir='ltr'><strong>manifestissime</strong></span> <span class='ocrx_word' id='word_1_280' title='bbox 2415 2756 2739 2811; x_wconf 88' lang='lat' dir='ltr'><strong>declaratur.</strong></span> <span class='ocrx_word' id='word_1_281' title='bbox 2773 2752 3027 2821; x_wconf 78' lang='lat' dir='ltr'><strong>Quisquis</strong></span> <span class='ocrx_word' id='word_1_282' title='bbox 3077 2753 3222 2806; x_wconf 91' lang='lat' dir='ltr'><strong>enim</strong></span> <span class='ocrx_word' id='word_1_283' title='bbox 3269 2752 3531 2805; x_wconf 89' lang='lat' dir='ltr'><strong>canonica</strong></span> 
     </span>
    </p>
   </div>
   <div class='ocr_carea' id='block_1_42' title="bbox 1932 2842 3532 2922">
    <p class='ocr_par' dir='ltr' id='par_1_42' title="bbox 1932 2842 3532 2922">
     <span class='ocr_line' id='line_1_42' title="bbox 1932 2842 3532 2922; baseline -0.011 -11"><span class='ocrx_word' id='word_1_284' title='bbox 1932 2869 2163 2911; x_wconf 90' lang='lat' dir='ltr'><strong>censura</strong></span> <span class='ocrx_word' id='word_1_285' title='bbox 2204 2851 2473 2922; x_wconf 86' lang='lat' dir='ltr'><strong>publicam</strong></span> <span class='ocrx_word' id='word_1_286' title='bbox 2519 2845 2702 2901; x_wconf 84' lang='lat' dir='ltr'><strong>subire</strong></span> <span class='ocrx_word' id='word_1_287' title='bbox 2739 2842 3113 2912; x_wconf 72' lang='lat' dir='ltr'><strong>pmnitentiam</strong></span> <span class='ocrx_word' id='word_1_288' title='bbox 3142 2842 3373 2911; x_wconf 90' lang='lat' dir='ltr'><strong>cogitur,</strong></span> <span class='ocrx_word' id='word_1_289' title='bbox 3405 2856 3532 2910; x_wconf 85' lang='lat' dir='ltr'><strong>pro-</strong></span> 
     </span>
    </p>
   </div>
   <div class='ocr_carea' id='block_1_43' title="bbox 1931 2930 3533 3004">
    <p class='ocr_par' dir='ltr' id='par_1_43' title="bbox 1931 2930 3533 3004">
     <span class='ocr_line' id='line_1_43' title="bbox 1931 2930 3533 3004; baseline -0.014 0"><span class='ocrx_word' id='word_1_290' title='bbox 1931 2949 2075 3004; x_wconf 87' lang='lat' dir='ltr'><strong>fecto</strong></span> <span class='ocrx_word' id='word_1_291' title='bbox 2101 2940 2486 2999; x_wconf 83' lang='lat' dir='ltr'><strong>ecclesiasticis</strong></span> <span class='ocrx_word' id='word_1_292' title='bbox 2513 2937 2764 3003; x_wconf 83' lang='lat' dir='ltr'><strong>indignus</strong></span> <span class='ocrx_word' id='word_1_293' title='bbox 2792 2932 2980 2987; x_wconf 81' lang='lat' dir='ltr'><strong>ofﬁciis</strong></span> <span class='ocrx_word' id='word_1_294' title='bbox 3003 2932 3283 3001; x_wconf 89' lang='lat' dir='ltr'><strong>perspicua</strong></span> <span class='ocrx_word' id='word_1_295' title='bbox 3309 2930 3533 2983; x_wconf 84' lang='lat' dir='ltr'><strong>Patrum</strong></span> 
     </span>
    </p>
   </div>
   <div class='ocr_carea' id='block_1_44' title="bbox 1933 3019 3536 3099">
    <p class='ocr_par' dir='ltr' id='par_1_44' title="bbox 1933 3019 3536 3099">
     <span class='ocr_line' id='line_1_44' title="bbox 1933 3019 3536 3099; baseline -0.01 -8"><span class='ocrx_word' id='word_1_296' title='bbox 1933 3035 2207 3093; x_wconf 82' lang='lat' dir='ltr'><strong>sententia</strong></span> <span class='ocrx_word' id='word_1_297' title='bbox 2251 3030 2550 3099; x_wconf 89' lang='lat' dir='ltr'><strong>iudicatur.</strong></span> <span class='ocrx_word' id='word_1_298' title='bbox 2589 3025 2742 3080; x_wconf 88' lang='lat' dir='ltr'><strong>Unde</strong></span> <span class='ocrx_word' id='word_1_299' title='bbox 2786 3033 2841 3077; x_wconf 90' lang='lat' dir='ltr'><strong>et</strong></span> <span class='ocrx_word' id='word_1_300' title='bbox 2889 3022 3078 3076; x_wconf 89' lang='lat' dir='ltr'><strong>beatus</strong></span> <span class='ocrx_word' id='word_1_301' title='bbox 3131 3036 3268 3091; x_wconf 89' lang='lat' dir='ltr'><strong>papa</strong></span> <span class='ocrx_word' id='word_1_302' title='bbox 3309 3019 3536 3075; x_wconf 89' lang='lat' dir='ltr'><strong>Siricius</strong></span> 
     </span>
    </p>
   </div>
   <div class='ocr_carea' id='block_1_45' title="bbox 1932 3112 3537 3189">
    <p class='ocr_par' dir='ltr' id='par_1_45' title="bbox 1932 3112 3537 3189">
     <span class='ocr_line' id='line_1_45' title="bbox 1932 3112 3537 3189; baseline -0.012 -7"><span class='ocrx_word' id='word_1_303' title='bbox 1932 3128 2078 3183; x_wconf 87' lang='lat' dir='ltr'><strong>inter</strong></span> <span class='ocrx_word' id='word_1_304' title='bbox 2119 3132 2316 3178; x_wconf 73' lang='lat' dir='ltr'><strong>caetera</strong></span> <span class='ocrx_word' id='word_1_305' title='bbox 2360 3117 2612 3189; x_wconf 87' lang='lat' dir='ltr'><strong>scripsit,</strong></span> <span class='ocrx_word' id='word_1_306' title='bbox 2656 3115 2841 3169; x_wconf 89' lang='lat' dir='ltr'><strong>dicens</strong></span> <span class='ocrx_word' id='word_1_307' title='bbox 2871 3130 2883 3164; x_wconf 89' lang='lat'>:</span> <span class='ocrx_word' id='word_1_308' title='bbox 2919 3112 3047 3165; x_wconf 91' lang='lat' dir='ltr'><strong>Illud</strong></span> <span class='ocrx_word' id='word_1_309' title='bbox 3074 3125 3291 3181; x_wconf 88' lang='lat' dir='ltr'><strong>quoque</strong></span> <span class='ocrx_word' id='word_1_310' title='bbox 3316 3125 3413 3164; x_wconf 90' lang='lat' dir='ltr'><strong>nos</strong></span> <span class='ocrx_word' id='word_1_311' title='bbox 3438 3126 3537 3179; x_wconf 89' lang='lat' dir='ltr'><strong>par</strong></span> 
     </span>
    </p>
   </div>
   <div class='ocr_carea' id='block_1_46' title="bbox 1932 3202 3533 3287">
    <p class='ocr_par' dir='ltr' id='par_1_46' title="bbox 1932 3202 3533 3287">
     <span class='ocr_line' id='line_1_46' title="bbox 1932 3202 3533 3287; baseline -0.012 -13"><span class='ocrx_word' id='word_1_312' title='bbox 1932 3219 2034 3274; x_wconf 80' lang='lat' dir='ltr'><strong>fuit</strong></span> <span class='ocrx_word' id='word_1_313' title='bbox 2055 3214 2343 3287; x_wconf 87' lang='lat' dir='ltr'><strong>providere</strong></span> <span class='ocrx_word' id='word_1_314' title='bbox 2369 3252 2383 3275; x_wconf 89' lang='lat'><strong>,</strong></span> <span class='ocrx_word' id='word_1_315' title='bbox 2411 3219 2466 3263; x_wconf 89' lang='lat' dir='ltr'><strong>ut</strong></span> <span class='ocrx_word' id='word_1_316' title='bbox 2506 3208 2648 3262; x_wconf 89' lang='lat' dir='ltr'><strong>sicut</strong></span> <span class='ocrx_word' id='word_1_317' title='bbox 2678 3204 3053 3275; x_wconf 67' lang='lat' dir='ltr'><strong>paenitentiam</strong></span> <span class='ocrx_word' id='word_1_318' title='bbox 3080 3217 3241 3271; x_wconf 89' lang='lat' dir='ltr'><strong>agere</strong></span> <span class='ocrx_word' id='word_1_319' title='bbox 3283 3202 3533 3270; x_wconf 91' lang='lat' dir='ltr'><strong>cuiquam</strong></span> 
     </span>
    </p>
   </div>
   <div class='ocr_carea' id='block_1_47' title="bbox 1932 3293 3528 3365">
    <p class='ocr_par' dir='ltr' id='par_1_47' title="bbox 1932 3293 3528 3365">
     <span class='ocr_line' id='line_1_47' title="bbox 1932 3293 3528 3365; baseline -0.014 0"><span class='ocrx_word' id='word_1_320' title='bbox 1932 3326 2042 3365; x_wconf 87' lang='lat' dir='ltr'><strong>non</strong></span> <span class='ocrx_word' id='word_1_321' title='bbox 2068 3305 2384 3363; x_wconf 88' lang='lat' dir='ltr'><strong>conceditur</strong></span> <span class='ocrx_word' id='word_1_322' title='bbox 2411 3299 2758 3360; x_wconf 85' lang='lat' dir='ltr'><strong>clericorum,</strong></span> <span class='ocrx_word' id='word_1_323' title='bbox 2784 3295 2856 3347; x_wconf 88' lang='lat' dir='ltr'><strong>ita</strong></span> <span class='ocrx_word' id='word_1_324' title='bbox 2883 3301 2937 3347; x_wconf 89' lang='lat' dir='ltr'><strong>et</strong></span> <span class='ocrx_word' id='word_1_325' title='bbox 2964 3301 3085 3362; x_wconf 89' lang='lat' dir='ltr'><strong>post</strong></span> <span class='ocrx_word' id='word_1_326' title='bbox 3115 3293 3528 3361; x_wconf 72' lang='lat' dir='ltr'><strong>paenitudinem,</strong></span> 
     </span>
    </p>
   </div>
   <div class='ocr_carea' id='block_1_48' title="bbox 1934 3371 3605 3456">
    <p class='ocr_par' dir='ltr' id='par_1_48' title="bbox 1934 3371 3605 3456">
     <span class='ocr_line' id='line_1_48' title="bbox 1934 3371 3605 3456; baseline -0.016 0"><span class='ocrx_word' id='word_1_327' title='bbox 1934 3418 1999 3456; x_wconf 86' lang='lat' dir='ltr'><strong>ac</strong></span> <span class='ocrx_word' id='word_1_328' title='bbox 2025 3395 2523 3455; x_wconf 88' lang='lat' dir='ltr'><strong>reconciliationem</strong></span> <span class='ocrx_word' id='word_1_329' title='bbox 2551 3387 2686 3443; x_wconf 91' lang='lat' dir='ltr'><strong>nulli</strong></span> <span class='ocrx_word' id='word_1_330' title='bbox 2720 3401 2960 3455; x_wconf 88' lang='lat' dir='ltr'><strong>unquam</strong></span> <span class='ocrx_word' id='word_1_331' title='bbox 2993 3385 3130 3437; x_wconf 93' lang='lat' dir='ltr'><strong>laico</strong></span> <span class='ocrx_word' id='word_1_332' title='bbox 3172 3384 3333 3437; x_wconf 89' lang='lat' dir='ltr'><strong>liceat</strong></span> <span class='ocrx_word' id='word_1_333' title='bbox 3362 3384 3531 3437; x_wconf 90' lang='lat' dir='ltr'><strong>bono-</strong></span> <span class='ocrx_word' id='word_1_334' title='bbox 3563 3371 3605 3430; x_wconf 91' lang='lat' dir='ltr'>C</span> 
     </span>
    </p>
   </div>
   <div class='ocr_carea' id='block_1_49' title="bbox 1935 3474 3532 3553">
    <p class='ocr_par' dir='ltr' id='par_1_49' title="bbox 1935 3474 3532 3553">
     <span class='ocr_line' id='line_1_49' title="bbox 1935 3474 3532 3553; baseline -0.013 -7"><span class='ocrx_word' id='word_1_335' title='bbox 1935 3508 2052 3546; x_wconf 90' lang='lat' dir='ltr'><strong>rem</strong></span> <span class='ocrx_word' id='word_1_336' title='bbox 2080 3488 2367 3545; x_wconf 89' lang='lat' dir='ltr'><strong>clericatus</strong></span> <span class='ocrx_word' id='word_1_337' title='bbox 2398 3482 2658 3553; x_wconf 90' lang='lat' dir='ltr'><strong>adipisci;</strong></span> <span class='ocrx_word' id='word_1_338' title='bbox 2689 3477 2814 3547; x_wconf 89' lang='lat' dir='ltr'><strong>quia</strong></span> <span class='ocrx_word' id='word_1_339' title='bbox 2856 3478 3105 3543; x_wconf 90' lang='lat' dir='ltr'><strong>quamvis</strong></span> <span class='ocrx_word' id='word_1_340' title='bbox 3145 3474 3257 3528; x_wconf 89' lang='lat' dir='ltr'><strong>sint</strong></span> <span class='ocrx_word' id='word_1_341' title='bbox 3295 3474 3532 3527; x_wconf 91' lang='lat' dir='ltr'><strong>omnium</strong></span> 
     </span>
    </p>
   </div>
   <div class='ocr_carea' id='block_1_50' title="bbox 1936 3563 3537 3652">
    <p class='ocr_par' dir='ltr' id='par_1_50' title="bbox 1936 3563 3537 3652">
     <span class='ocr_line' id='line_1_50' title="bbox 1936 3563 3537 3652; baseline -0.014 -15"><span class='ocrx_word' id='word_1_342' title='bbox 1936 3589 2288 3652; x_wconf 88' lang='lat' dir='ltr'><strong>peccatorum</strong></span> <span class='ocrx_word' id='word_1_343' title='bbox 2314 3572 2637 3640; x_wconf 90' lang='lat' dir='ltr'><strong>contagione</strong></span> <span class='ocrx_word' id='word_1_344' title='bbox 2666 3566 2930 3628; x_wconf 89' lang='lat' dir='ltr'><strong>mundati,</strong></span> <span class='ocrx_word' id='word_1_345' title='bbox 2959 3563 3099 3617; x_wconf 86' lang='lat' dir='ltr'><strong>nulla</strong></span> <span class='ocrx_word' id='word_1_346' title='bbox 3129 3573 3306 3617; x_wconf 88' lang='lat' dir='ltr'><strong>tamen</strong></span> <span class='ocrx_word' id='word_1_347' title='bbox 3342 3563 3537 3617; x_wconf 89' lang='lat' dir='ltr'><strong>debent</strong></span> 
     </span>
    </p>
   </div>
   <div class='ocr_carea' id='block_1_51' title="bbox 1937 3655 3531 3742">
    <p class='ocr_par' dir='ltr' id='par_1_51' title="bbox 1937 3655 3531 3742">
     <span class='ocr_line' id='line_1_51' title="bbox 1937 3655 3531 3742; baseline -0.011 -15"><span class='ocrx_word' id='word_1_348' title='bbox 1937 3671 2297 3742; x_wconf 83' lang='lat' dir='ltr'><strong>gerendorum</strong></span> <span class='ocrx_word' id='word_1_349' title='bbox 2330 3667 2791 3719; x_wconf 88' lang='lat' dir='ltr'><strong>sacramentorum</strong></span> <span class='ocrx_word' id='word_1_350' title='bbox 2828 3658 3184 3711; x_wconf 89' lang='lat' dir='ltr'><strong>instrumenta</strong></span> <span class='ocrx_word' id='word_1_351' title='bbox 3223 3655 3531 3724; x_wconf 82' lang='lat' dir='ltr'><strong>suscipere,</strong></span> 
     </span>
    </p>
   </div>
   <div class='ocr_carea' id='block_1_52' title="bbox 1938 3743 3536 3830">
    <p class='ocr_par' dir='ltr' id='par_1_52' title="bbox 1938 3743 3536 3830">
     <span class='ocr_line' id='line_1_52' title="bbox 1938 3743 3536 3830; baseline -0.011 -15"><span class='ocrx_word' id='word_1_352' title='bbox 1938 3762 2028 3830; x_wconf 91' lang='lat' dir='ltr'><strong>qui</strong></span> <span class='ocrx_word' id='word_1_353' title='bbox 2068 3759 2271 3813; x_wconf 90' lang='lat' dir='ltr'><strong>dudum</strong></span> <span class='ocrx_word' id='word_1_354' title='bbox 2319 3753 2532 3807; x_wconf 79' lang='lat' dir='ltr'><strong>fuerant</strong></span> <span class='ocrx_word' id='word_1_355' title='bbox 2561 3764 2688 3803; x_wconf 86' lang='lat' dir='ltr'><strong>vasa</strong></span> <span class='ocrx_word' id='word_1_356' title='bbox 2726 3747 3004 3800; x_wconf 86' lang='lat' dir='ltr'><strong>vitiorum.</strong></span> <span class='ocrx_word' id='word_1_357' title='bbox 3041 3744 3173 3797; x_wconf 89' lang='lat' dir='ltr'><strong>Cum</strong></span> <span class='ocrx_word' id='word_1_358' title='bbox 3220 3759 3350 3814; x_wconf 88' lang='lat' dir='ltr'><strong>ergo</strong></span> <span class='ocrx_word' id='word_1_359' title='bbox 3379 3743 3536 3811; x_wconf 80' lang='lat' dir='ltr'><strong>hujus</strong></span> 
     </span>
    </p>
   </div>
   <div class='ocr_carea' id='block_1_53' title="bbox 1939 3831 3534 3922">
    <p class='ocr_par' dir='ltr' id='par_1_53' title="bbox 1939 3831 3534 3922">
     <span class='ocr_line' id='line_1_53' title="bbox 1939 3831 3534 3922; baseline -0.013 -17"><span class='ocrx_word' id='word_1_360' title='bbox 1939 3849 2148 3922; x_wconf 84' lang='lat' dir='ltr'><strong>peccati</strong></span> <span class='ocrx_word' id='word_1_361' title='bbox 2172 3844 2462 3899; x_wconf 80' lang='lat' dir='ltr'><strong>obnoxium</strong></span> <span class='ocrx_word' id='word_1_362' title='bbox 2494 3855 2598 3894; x_wconf 89' lang='lat' dir='ltr'><strong>non</strong></span> <span class='ocrx_word' id='word_1_363' title='bbox 2627 3838 2797 3893; x_wconf 91' lang='lat' dir='ltr'><strong>solum</strong></span> <span class='ocrx_word' id='word_1_364' title='bbox 2823 3836 3033 3897; x_wconf 90' lang='lat' dir='ltr'><strong>duram,</strong></span> <span class='ocrx_word' id='word_1_365' title='bbox 3066 3834 3158 3887; x_wconf 91' lang='lat' dir='ltr'><strong>sed</strong></span> <span class='ocrx_word' id='word_1_366' title='bbox 3184 3841 3239 3887; x_wconf 90' lang='lat' dir='ltr'><strong>et</strong></span> <span class='ocrx_word' id='word_1_367' title='bbox 3263 3831 3534 3902; x_wconf 88' lang='lat' dir='ltr'><strong>publicam</strong></span> 
     </span>
    </p>
   </div>
   <div class='ocr_carea' id='block_1_54' title="bbox 1937 3926 3533 4013">
    <p class='ocr_par' dir='ltr' id='par_1_54' title="bbox 1937 3926 3533 4013">
     <span class='ocr_line' id='line_1_54' title="bbox 1937 3926 3533 4013; baseline -0.011 -17"><span class='ocrx_word' id='word_1_368' title='bbox 1937 3938 2318 4013; x_wconf 78' lang='lat' dir='ltr'><strong>paenitentiam</strong></span> <span class='ocrx_word' id='word_1_369' title='bbox 2361 3934 2421 3987; x_wconf 87' lang='grc' dir='ltr'><strong>Β.</strong></span> <span class='ocrx_word' id='word_1_370' title='bbox 2455 3930 2685 3986; x_wconf 84' lang='lat' dir='ltr'><strong>Basilius</strong></span> <span class='ocrx_word' id='word_1_371' title='bbox 2719 3928 2902 3982; x_wconf 85' lang='lat' dir='ltr'><strong>subire</strong></span> <span class='ocrx_word' id='word_1_372' title='bbox 2940 3927 3242 3996; x_wconf 84' lang='lat' dir='ltr'><strong>praecipiat,</strong></span> <span class='ocrx_word' id='word_1_373' title='bbox 3267 3926 3533 3996; x_wconf 75' lang='lat' dir='ltr'><strong>poeniten-</strong></span> 
     </span>
    </p>
   </div>
   <div class='ocr_carea' id='block_1_55' title="bbox 1940 4016 3533 4088">
    <p class='ocr_par' dir='ltr' id='par_1_55' title="bbox 1940 4016 3533 4088">
     <span class='ocr_line' id='line_1_55' title="bbox 1940 4016 3533 4088; baseline -0.011 -1"><span class='ocrx_word' id='word_1_374' title='bbox 1940 4045 2050 4088; x_wconf 90' lang='lat' dir='ltr'><strong>tem</strong></span> <span class='ocrx_word' id='word_1_375' title='bbox 2083 4045 2212 4085; x_wconf 87' lang='lat' dir='ltr'><strong>vero</strong></span> <span class='ocrx_word' id='word_1_376' title='bbox 2235 4026 2522 4081; x_wconf 89' lang='lat' dir='ltr'><strong>clericatus</strong></span> <span class='ocrx_word' id='word_1_377' title='bbox 2551 4021 2797 4075; x_wconf 90' lang='lat' dir='ltr'><strong>ordinem</strong></span> <span class='ocrx_word' id='word_1_378' title='bbox 2834 4018 3081 4072; x_wconf 87' lang='lat' dir='ltr'><strong>obtinere</strong></span> <span class='ocrx_word' id='word_1_379' title='bbox 3109 4016 3339 4070; x_wconf 89' lang='lat' dir='ltr'><strong>Siricius</strong></span> <span class='ocrx_word' id='word_1_380' title='bbox 3365 4016 3533 4070; x_wconf 87' lang='lat' dir='ltr'><strong>inter-</strong></span> 
     </span>
    </p>
   </div>
   <div class='ocr_carea' id='block_1_56' title="bbox 1940 4104 3540 4187">
    <p class='ocr_par' dir='ltr' id='par_1_56' title="bbox 1940 4104 3540 4187">
     <span class='ocr_line' id='line_1_56' title="bbox 1940 4104 3540 4187; baseline -0.016 -8"><span class='ocrx_word' id='word_1_381' title='bbox 1940 4126 2117 4187; x_wconf 87' lang='lat' dir='ltr'><strong>dicat;</strong></span> <span class='ocrx_word' id='word_1_382' title='bbox 2152 4116 2440 4173; x_wconf 80' lang='lat' dir='ltr'><strong>manifeste</strong></span> <span class='ocrx_word' id='word_1_383' title='bbox 2474 4111 2766 4180; x_wconf 76' lang='lat' dir='ltr'><strong>colligitur,</strong></span> <span class='ocrx_word' id='word_1_384' title='bbox 2800 4109 2925 4177; x_wconf 90' lang='lat' dir='ltr'><strong>quia</strong></span> <span class='ocrx_word' id='word_1_385' title='bbox 2962 4106 3053 4176; x_wconf 90' lang='lat' dir='ltr'><strong>qui</strong></span> <span class='ocrx_word' id='word_1_386' title='bbox 3078 4104 3218 4159; x_wconf 88' lang='lat' dir='ltr'><strong>foeda</strong></span> <span class='ocrx_word' id='word_1_387' title='bbox 3242 4119 3362 4158; x_wconf 92' lang='lat' dir='ltr'><strong>cum</strong></span> <span class='ocrx_word' id='word_1_388' title='bbox 3394 4120 3540 4159; x_wconf 86' lang='lat' dir='ltr'><strong>mas-</strong></span> 
     </span>
    </p>
   </div>
   <div class='ocr_carea' id='block_1_57' title="bbox 1941 4196 3538 4272">
    <p class='ocr_par' dir='ltr' id='par_1_57' title="bbox 1941 4196 3538 4272">
     <span class='ocr_line' id='line_1_57' title="bbox 1941 4196 3538 4272; baseline -0.014 0"><span class='ocrx_word' id='word_1_389' title='bbox 1941 4214 2062 4272; x_wconf 86' lang='lat' dir='ltr'><strong>culo</strong></span> <span class='ocrx_word' id='word_1_390' title='bbox 2107 4215 2413 4269; x_wconf 77' lang='lat' dir='ltr'><strong>libidinosae</strong></span> <span class='ocrx_word' id='word_1_391' title='bbox 2455 4205 2809 4262; x_wconf 82' lang='lat' dir='ltr'><strong>immunditiae</strong></span> <span class='ocrx_word' id='word_1_392' title='bbox 2851 4201 3010 4256; x_wconf 89' lang='lat' dir='ltr'><strong>sorde</strong></span> <span class='ocrx_word' id='word_1_393' title='bbox 3056 4198 3336 4268; x_wconf 89' lang='lat' dir='ltr'><strong>polluitur,</strong></span> <span class='ocrx_word' id='word_1_394' title='bbox 3364 4196 3538 4250; x_wconf 90' lang='lat' dir='ltr'><strong>eccle-</strong></span> 
     </span>
    </p>
   </div>
   <div class='ocr_carea' id='block_1_58' title="bbox 1941 4287 3539 4372">
    <p class='ocr_par' dir='ltr' id='par_1_58' title="bbox 1941 4287 3539 4372">
     <span class='ocr_line' id='line_1_58' title="bbox 1941 4287 3539 4372; baseline -0.015 -8"><span class='ocrx_word' id='word_1_395' title='bbox 1941 4308 2178 4365; x_wconf 89' lang='lat' dir='ltr'><strong>siasticis</strong></span> <span class='ocrx_word' id='word_1_396' title='bbox 2209 4302 2356 4372; x_wconf 88' lang='lat' dir='ltr'><strong>fungi</strong></span> <span class='ocrx_word' id='word_1_397' title='bbox 2402 4297 2589 4354; x_wconf 71' lang='lat' dir='ltr'><strong>ofﬁciis</strong></span> <span class='ocrx_word' id='word_1_398' title='bbox 2618 4310 2725 4350; x_wconf 88' lang='lat' dir='ltr'><strong>non</strong></span> <span class='ocrx_word' id='word_1_399' title='bbox 2769 4301 3038 4356; x_wconf 89' lang='lat' dir='ltr'><strong>meretur;</strong></span> <span class='ocrx_word' id='word_1_400' title='bbox 3074 4303 3175 4342; x_wconf 93' lang='lat' dir='ltr'><strong>nec</strong></span> <span class='ocrx_word' id='word_1_401' title='bbox 3204 4287 3382 4342; x_wconf 82' lang='lat' dir='ltr'><strong>idonei</strong></span> <span class='ocrx_word' id='word_1_402' title='bbox 3413 4296 3539 4341; x_wconf 82' lang='lat' dir='ltr'><strong>Sunt</strong></span> 
     </span>
    </p>
   </div>
   <div class='ocr_carea' id='block_1_59' title="bbox 1944 4374 3534 4454">
    <p class='ocr_par' dir='ltr' id='par_1_59' title="bbox 1944 4374 3534 4454">
     <span class='ocr_line' id='line_1_59' title="bbox 1944 4374 3534 4454; baseline -0.014 -6"><span class='ocrx_word' id='word_1_403' title='bbox 1944 4396 2185 4448; x_wconf 88' lang='lat' dir='ltr'><strong>divinum</strong></span> <span class='ocrx_word' id='word_1_404' title='bbox 2211 4398 2445 4444; x_wconf 87' lang='lat' dir='ltr'><strong>tractare</strong></span> <span class='ocrx_word' id='word_1_405' title='bbox 2487 4385 2826 4454; x_wconf 86' lang='lat' dir='ltr'><strong>mysterium,</strong></span> <span class='ocrx_word' id='word_1_406' title='bbox 2851 4378 2966 4450; x_wconf 91' lang='lat' dir='ltr'><strong>qui,</strong></span> <span class='ocrx_word' id='word_1_407' title='bbox 2996 4387 3053 4431; x_wconf 92' lang='lat' dir='ltr'><strong>ut</strong></span> <span class='ocrx_word' id='word_1_408' title='bbox 3084 4376 3306 4440; x_wconf 90' lang='lat' dir='ltr'><strong>dicitur,</strong></span> <span class='ocrx_word' id='word_1_409' title='bbox 3335 4374 3534 4428; x_wconf 91' lang='lat' dir='ltr'><strong>dudum</strong></span> 
     </span>
    </p>
   </div>
   <div class='ocr_carea' id='block_1_60' title="bbox 1945 4479 2613 4539">
    <p class='ocr_par' dir='ltr' id='par_1_60' title="bbox 1945 4479 2613 4539">
     <span class='ocr_line' id='line_1_60' title="bbox 1945 4479 2613 4539; baseline -0.019 0"><span class='ocrx_word' id='word_1_410' title='bbox 1945 4488 2163 4539; x_wconf 84' lang='lat' dir='ltr'><strong>fuerant</strong></span> <span class='ocrx_word' id='word_1_411' title='bbox 2186 4495 2310 4534; x_wconf 89' lang='lat' dir='ltr'><strong>vasa</strong></span> <span class='ocrx_word' id='word_1_412' title='bbox 2338 4479 2613 4532; x_wconf 86' lang='lat' dir='ltr'><strong>vitiorum.</strong></span> 
     </span>
    </p>
   </div>
   <div class='ocr_carea' id='block_1_61' title="bbox 2533 4562 2940 4621">
    <p class='ocr_par' dir='ltr' id='par_1_61' title="bbox 2533 4562 2940 4621">
     <span class='ocr_line' id='line_1_61' title="bbox 2533 4562 2940 4621; baseline -0.015 -1"><span class='ocrx_word' id='word_1_413' title='bbox 2533 4563 2763 4621; x_wconf 79' lang='lat' dir='ltr'><strong>CAPUT</strong></span> <span class='ocrx_word' id='word_1_414' title='bbox 2804 4562 2940 4617; x_wconf 59' lang='lat' dir='ltr'><strong>\ZVI.</strong></span> 
     </span>
    </p>
   </div>
   <div class='ocr_carea' id='block_1_62' title="bbox 2165 4649 3335 4730">
    <p class='ocr_par' dir='ltr' id='par_1_62' title="bbox 2165 4649 3335 4730">
     <span class='ocr_line' id='line_1_62' title="bbox 2165 4649 3335 4730; baseline -0.015 -14"><span class='ocrx_word' id='word_1_415' title='bbox 2165 4660 2429 4730; x_wconf 68' lang='lat' dir='ltr'><strong>Nefanda’</strong></span> <span class='ocrx_word' id='word_1_416' title='bbox 2452 4654 2789 4725; x_wconf 79' lang='lat' dir='ltr'><strong>turpitudinis</strong></span> <span class='ocrx_word' id='word_1_417' title='bbox 2818 4652 2975 4721; x_wconf 82' lang='lat' dir='ltr'><strong>digna</strong></span> <span class='ocrx_word' id='word_1_418' title='bbox 3002 4649 3335 4719; x_wconf 79' lang='lat' dir='ltr'><strong>vituperatio.</strong></span> 
     </span>
    </p>
   </div>
   <div class='ocr_carea' id='block_1_63' title="bbox 2022 4718 3612 4815">
    <p class='ocr_par' dir='ltr' id='par_1_63' title="bbox 2022 4718 3612 4815">
     <span class='ocr_line' id='line_1_63' title="bbox 2022 4718 3612 4815; baseline -0.012 -5"><span class='ocrx_word' id='word_1_419' title='bbox 2022 4758 2131 4811; x_wconf 87' lang='lat' dir='ltr'><strong>Hoc</strong></span> <span class='ocrx_word' id='word_1_420' title='bbox 2161 4769 2290 4808; x_wconf 86' lang='lat' dir='ltr'><strong>sane</strong></span> <span class='ocrx_word' id='word_1_421' title='bbox 2318 4751 2504 4803; x_wconf 82' lang='lat' dir='ltr'><strong>vitium</strong></span> <span class='ocrx_word' id='word_1_422' title='bbox 2554 4747 2679 4800; x_wconf 89' lang='lat' dir='ltr'><strong>nulli</strong></span> <span class='ocrx_word' id='word_1_423' title='bbox 2725 4758 2947 4815; x_wconf 88' lang='lat' dir='ltr'><strong>prorsus</strong></span> <span class='ocrx_word' id='word_1_424' title='bbox 2979 4753 3057 4797; x_wconf 91' lang='lat' dir='ltr'><strong>est</strong></span> <span class='ocrx_word' id='word_1_425' title='bbox 3085 4742 3216 4795; x_wconf 91' lang='lat' dir='ltr'><strong>vitio</strong></span> <span class='ocrx_word' id='word_1_426' title='bbox 3256 4741 3534 4794; x_wconf 85' lang='lat' dir='ltr'><strong>conferen-</strong></span> <span class='ocrx_word' id='word_1_427' title='bbox 3564 4718 3612 4773; x_wconf 81' lang='grc' dir='ltr'><strong>Ῑ)</strong></span> 
     </span>
    </p>
   </div>
   <div class='ocr_carea' id='block_1_64' title="bbox 1949 4831 3529 4914">
    <p class='ocr_par' dir='ltr' id='par_1_64' title="bbox 1949 4831 3529 4914">
     <span class='ocr_line' id='line_1_64' title="bbox 1949 4831 3529 4914; baseline -0.013 -13"><span class='ocrx_word' id='word_1_428' title='bbox 1949 4851 2099 4911; x_wconf 88' lang='lat' dir='ltr'><strong>dum,</strong></span> <span class='ocrx_word' id='word_1_429' title='bbox 2135 4841 2277 4914; x_wconf 90' lang='lat' dir='ltr'><strong>quod</strong></span> <span class='ocrx_word' id='word_1_430' title='bbox 2305 4840 2543 4896; x_wconf 87' lang='lat' dir='ltr'><strong>omnium</strong></span> <span class='ocrx_word' id='word_1_431' title='bbox 2591 4836 2978 4887; x_wconf 73' lang='lat' dir='ltr'><strong>immanitatem</strong></span> <span class='ocrx_word' id='word_1_432' title='bbox 3009 4839 3226 4898; x_wconf 89' lang='lat' dir='ltr'><strong>superat</strong></span> <span class='ocrx_word' id='word_1_433' title='bbox 3254 4831 3529 4883; x_wconf 84' lang='lat' dir='ltr'><strong>vitiorum.</strong></span> 
     </span>
    </p>
   </div>
   <div class='ocr_carea' id='block_1_65' title="bbox 1950 4918 3537 5004">
    <p class='ocr_par' dir='ltr' id='par_1_65' title="bbox 1950 4918 3537 5004">
     <span class='ocr_line' id='line_1_65' title="bbox 1950 4918 3537 5004; baseline -0.014 -10"><span class='ocrx_word' id='word_1_434' title='bbox 1950 4941 2063 4995; x_wconf 81' lang='lat' dir='ltr'><strong>Hoc</strong></span> <span class='ocrx_word' id='word_1_435' title='bbox 2091 4935 2358 5004; x_wconf 54' lang='lat' dir='ltr'><strong>siquidem</strong></span> <span class='ocrx_word' id='word_1_436' title='bbox 2401 4928 2594 4981; x_wconf 66' lang='lat' dir='ltr'><strong>vidum</strong></span> <span class='ocrx_word' id='word_1_437' title='bbox 2623 4939 2766 4979; x_wconf 89' lang='lat' dir='ltr'><strong>mors</strong></span> <span class='ocrx_word' id='word_1_438' title='bbox 2806 4932 2889 4977; x_wconf 92' lang='lat' dir='ltr'><strong>est</strong></span> <span class='ocrx_word' id='word_1_439' title='bbox 2929 4936 3253 4990; x_wconf 90' lang='lat' dir='ltr'><strong>corporum,</strong></span> <span class='ocrx_word' id='word_1_440' title='bbox 3287 4918 3537 4972; x_wconf 83' lang='lat' dir='ltr'><strong>interitus</strong></span> 
     </span>
    </p>
   </div>
   <div class='ocr_carea' id='block_1_66' title="bbox 1950 5012 3535 5088">
    <p class='ocr_par' dir='ltr' id='par_1_66' title="bbox 1950 5012 3535 5088">
     <span class='ocr_line' id='line_1_66' title="bbox 1950 5012 3535 5088; baseline -0.015 0"><span class='ocrx_word' id='word_1_441' title='bbox 1950 5040 2033 5088; x_wconf 87' lang='lat' dir='ltr'><strong>est</strong></span> <span class='ocrx_word' id='word_1_442' title='bbox 2058 5030 2384 5088; x_wconf 83' lang='lat' dir='ltr'><strong>animarum,</strong></span> <span class='ocrx_word' id='word_1_443' title='bbox 2415 5035 2631 5076; x_wconf 81' lang='lat' dir='ltr'><strong>carnem</strong></span> <span class='ocrx_word' id='word_1_444' title='bbox 2657 5017 2842 5087; x_wconf 75' lang='lat' dir='ltr'><strong>polluit</strong></span> <span class='ocrx_word' id='word_1_445' title='bbox 2867 5055 2880 5078; x_wconf 90' lang='lat'><strong>,</strong></span> <span class='ocrx_word' id='word_1_446' title='bbox 2910 5014 3103 5067; x_wconf 88' lang='lat' dir='ltr'><strong>mentis</strong></span> <span class='ocrx_word' id='word_1_447' title='bbox 3133 5013 3308 5066; x_wconf 86' lang='lat' dir='ltr'><strong>lumen</strong></span> <span class='ocrx_word' id='word_1_448' title='bbox 3338 5012 3535 5065; x_wconf 63' lang='lat' dir='ltr'><strong>exstino</strong></span> 
     </span>
    </p>
   </div>
   <div class='ocr_carea' id='block_1_67' title="bbox 1952 5105 3534 5199">
    <p class='ocr_par' dir='ltr' id='par_1_67' title="bbox 1952 5105 3534 5199">
     <span class='ocr_line' id='line_1_67' title="bbox 1952 5105 3534 5199; baseline -0.014 -18"><span class='ocrx_word' id='word_1_449' title='bbox 1952 5128 2065 5199; x_wconf 90' lang='lat' dir='ltr'><strong>guit</strong></span> <span class='ocrx_word' id='word_1_450' title='bbox 2093 5167 2106 5190; x_wconf 93' lang='lat'><strong>,</strong></span> <span class='ocrx_word' id='word_1_451' title='bbox 2138 5123 2400 5193; x_wconf 85' lang='lat' dir='ltr'><strong>Spiritqu</strong></span> <span class='ocrx_word' id='word_1_452' title='bbox 2432 5123 2676 5170; x_wconf 74' lang='lat' dir='ltr'><strong>sanctum</strong></span> <span class='ocrx_word' id='word_1_453' title='bbox 2724 5113 2789 5165; x_wconf 89' lang='lat' dir='ltr'><strong>de</strong></span> <span class='ocrx_word' id='word_1_454' title='bbox 2821 5109 3018 5177; x_wconf 81' lang='lat' dir='ltr'><strong>templo</strong></span> <span class='ocrx_word' id='word_1_455' title='bbox 3049 5108 3269 5162; x_wconf 89' lang='lat' dir='ltr'><strong>humani</strong></span> <span class='ocrx_word' id='word_1_456' title='bbox 3297 5105 3534 5174; x_wconf 89' lang='lat' dir='ltr'><strong>pectoris</strong></span> 
     </span>
    </p>
   </div>
   <div class='ocr_carea' id='block_1_68' title="bbox 1951 5194 3536 5289">
    <p class='ocr_par' dir='ltr' id='par_1_68' title="bbox 1951 5194 3536 5289">
     <span class='ocr_line' id='line_1_68' title="bbox 1951 5194 3536 5289; baseline -0.021 -15"><span class='ocrx_word' id='word_1_457' title='bbox 1951 5194 2116 5289; x_wconf 51' lang='lat' dir='ltr'><strong>iiicit,</strong></span> <span class='ocrx_word' id='word_1_458' title='bbox 2142 5218 2471 5270; x_wconf 70' lang='lat' dir='ltr'><strong>incentorem</strong></span> <span class='ocrx_word' id='word_1_459' title='bbox 2499 5207 2722 5261; x_wconf 65' lang='lat' dir='ltr'><strong>luxuria:</strong></span> <span class='ocrx_word' id='word_1_460' title='bbox 2746 5202 3014 5257; x_wconf 78' lang='lat' dir='ltr'><strong>diabolum</strong></span> <span class='ocrx_word' id='word_1_461' title='bbox 3039 5200 3348 5261; x_wconf 71' lang='lat' dir='ltr'><strong>introducit,</strong></span> <span class='ocrx_word' id='word_1_462' title='bbox 3378 5194 3536 5266; x_wconf 63' lang='grc'><strong>164</strong></span> 
     </span>
    </p>
   </div>
   <div class='ocr_carea' id='block_1_69' title="bbox 1952 5287 3531 5364">
    <p class='ocr_par' dir='ltr' id='par_1_69' title="bbox 1952 5287 3531 5364">
     <span class='ocr_line' id='line_1_69' title="bbox 1952 5287 3531 5364; baseline -0.015 -1"><span class='ocrx_word' id='word_1_463' title='bbox 1952 5287 2123 5364; x_wconf 84' lang='lat' dir='ltr'><strong>mittit</strong></span> <span class='ocrx_word' id='word_1_464' title='bbox 2144 5307 2195 5359; x_wconf 93' lang='lat' dir='ltr'><strong>iu</strong></span> <span class='ocrx_word' id='word_1_465' title='bbox 2228 5316 2491 5362; x_wconf 89' lang='lat' dir='ltr'><strong>errorem,</strong></span> <span class='ocrx_word' id='word_1_466' title='bbox 2523 5293 3052 5359; x_wconf 64' lang='lat' dir='ltr'><strong>subtrahit-decepta!</strong></span> <span class='ocrx_word' id='word_1_467' title='bbox 3088 5290 3254 5344; x_wconf 88' lang='lat' dir='ltr'><strong>menti</strong></span> <span class='ocrx_word' id='word_1_468' title='bbox 3289 5287 3531 5340; x_wconf 85' lang='lat' dir='ltr'><strong>funditus</strong></span> 
     </span>
    </p>
   </div>
   <div class='ocr_carea' id='block_1_70' title="bbox 1954 5379 3530 5458">
    <p class='ocr_par' dir='ltr' id='par_1_70' title="bbox 1954 5379 3530 5458">
     <span class='ocr_line' id='line_1_70' title="bbox 1954 5379 3530 5458; baseline -0.013 -7"><span class='ocrx_word' id='word_1_469' title='bbox 1954 5399 2263 5458; x_wconf 76' lang='lat' dir='ltr'><strong>veritatem,</strong></span> <span class='ocrx_word' id='word_1_470' title='bbox 2304 5391 2452 5445; x_wconf 88' lang='lat' dir='ltr'><strong>eunti</strong></span> <span class='ocrx_word' id='word_1_471' title='bbox 2505 5389 2723 5456; x_wconf 80' lang='lat' dir='ltr'><strong>laqueos</strong></span> <span class='ocrx_word' id='word_1_472' title='bbox 2759 5389 3043 5451; x_wconf 71' lang='lat' dir='ltr'><strong>praeparat,</strong></span> <span class='ocrx_word' id='word_1_473' title='bbox 3088 5380 3298 5435; x_wconf 85' lang='lat' dir='ltr'><strong>cadenti</strong></span> <span class='ocrx_word' id='word_1_474' title='bbox 3341 5379 3392 5431; x_wconf 92' lang='lat' dir='ltr'><strong>in</strong></span> <span class='ocrx_word' id='word_1_475' title='bbox 3433 5393 3530 5447; x_wconf 91' lang='lat' dir='ltr'><strong>pu-</strong></span> 
     </span>
    </p>
   </div>
   <div class='ocr_carea' id='block_1_71' title="bbox 1952 5470 3530 5553">
    <p class='ocr_par' dir='ltr' id='par_1_71' title="bbox 1952 5470 3530 5553">
     <span class='ocr_line' id='line_1_71' title="bbox 1952 5470 3530 5553; baseline -0.017 -11"><span class='ocrx_word' id='word_1_476' title='bbox 1952 5501 2125 5552; x_wconf 86' lang='lat' dir='ltr'><strong>teum,</strong></span> <span class='ocrx_word' id='word_1_477' title='bbox 2156 5499 2221 5539; x_wconf 91' lang='lat' dir='ltr'><strong>ne</strong></span> <span class='ocrx_word' id='word_1_478' title='bbox 2251 5482 2556 5553; x_wconf 89' lang='lat' dir='ltr'><strong>egrediatur</strong></span> <span class='ocrx_word' id='word_1_479' title='bbox 2585 5474 2806 5544; x_wconf 92' lang='lat' dir='ltr'><strong>oppilat,</strong></span> <span class='ocrx_word' id='word_1_480' title='bbox 2837 5470 3100 5526; x_wconf 83' lang='lat' dir='ltr'><strong>infernum</strong></span> <span class='ocrx_word' id='word_1_481' title='bbox 3148 5470 3339 5540; x_wconf 88' lang='lat' dir='ltr'><strong>aperit,</strong></span> <span class='ocrx_word' id='word_1_482' title='bbox 3375 5484 3530 5538; x_wconf 55' lang='lat' dir='ltr'><strong>para.</strong></span> 
     </span>
    </p>
   </div>
   <div class='ocr_carea' id='block_1_72' title="bbox 1958 5561 3525 5648">
    <p class='ocr_par' dir='ltr' id='par_1_72' title="bbox 1958 5561 3525 5648">
     <span class='ocr_line' id='line_1_72' title="bbox 1958 5561 3525 5648; baseline -0.014 -17"><span class='ocrx_word' id='word_1_483' title='bbox 1958 5582 2058 5636; x_wconf 82' lang='lat' dir='ltr'><strong>disi</strong></span> <span class='ocrx_word' id='word_1_484' title='bbox 2085 5580 2305 5648; x_wconf 85' lang='lat' dir='ltr'><strong>ianuam</strong></span> <span class='ocrx_word' id='word_1_485' title='bbox 2361 5574 2580 5637; x_wconf 89' lang='lat' dir='ltr'><strong>claudit,</strong></span> <span class='ocrx_word' id='word_1_486' title='bbox 2612 5569 2845 5623; x_wconf 75' lang='lat' dir='ltr'><strong>cu-lcstis</strong></span> <span class='ocrx_word' id='word_1_487' title='bbox 2881 5563 3175 5620; x_wconf 86' lang='lat' dir='ltr'><strong>Jerusalem</strong></span> <span class='ocrx_word' id='word_1_488' title='bbox 3209 5561 3379 5614; x_wconf 89' lang='lat' dir='ltr'><strong>civem</strong></span> <span class='ocrx_word' id='word_1_489' title='bbox 3415 5567 3525 5610; x_wconf 88' lang='lat' dir='ltr'><strong>tar-</strong></span> 
     </span>
    </p>
   </div>
   <div class='ocr_carea' id='block_1_73' title="bbox 1957 5648 3529 5737">
    <p class='ocr_par' dir='ltr' id='par_1_73' title="bbox 1957 5648 3529 5737">
     <span class='ocr_line' id='line_1_73' title="bbox 1957 5648 3529 5737; baseline -0.018 -11"><span class='ocrx_word' id='word_1_490' title='bbox 1957 5684 2119 5726; x_wconf 64' lang='lat' dir='ltr'><strong>tareae</strong></span> <span class='ocrx_word' id='word_1_491' title='bbox 2150 5666 2442 5737; x_wconf 77' lang='lat' dir='ltr'><strong>Babylonis</strong></span> <span class='ocrx_word' id='word_1_492' title='bbox 2469 5663 2594 5716; x_wconf 82' lang='lat' dir='ltr'><strong>facit</strong></span> <span class='ocrx_word' id='word_1_493' title='bbox 2621 5658 2909 5721; x_wconf 70' lang='lat' dir='ltr'><strong>hzeredem,</strong></span> <span class='ocrx_word' id='word_1_494' title='bbox 2932 5657 2996 5709; x_wconf 85' lang='lat' dir='ltr'><strong>de</strong></span> <span class='ocrx_word' id='word_1_495' title='bbox 3018 5653 3169 5708; x_wconf 87' lang='lat' dir='ltr'><strong>stella</strong></span> <span class='ocrx_word' id='word_1_496' title='bbox 3198 5651 3343 5713; x_wconf 73' lang='lat' dir='ltr'><strong>cmli,</strong></span> <span class='ocrx_word' id='word_1_497' title='bbox 3367 5648 3529 5716; x_wconf 87' lang='lat' dir='ltr'><strong>stipu-</strong></span> 
     </span>
    </p>
   </div>
   <div class='ocr_carea' id='block_1_74' title="bbox 1953 5739 3526 5826">
    <p class='ocr_par' dir='ltr' id='par_1_74' title="bbox 1953 5739 3526 5826">
     <span class='ocr_line' id='line_1_74' title="bbox 1953 5739 3526 5826; baseline -0.016 -9"><span class='ocrx_word' id='word_1_498' title='bbox 1953 5766 2058 5817; x_wconf 82' lang='lat' dir='ltr'><strong>lam</strong></span> <span class='ocrx_word' id='word_1_499' title='bbox 2090 5760 2310 5816; x_wconf 80' lang='lat' dir='ltr'><strong>exhibet</strong></span> <span class='ocrx_word' id='word_1_500' title='bbox 2335 5757 2472 5826; x_wconf 86' lang='lat' dir='ltr'><strong>ignis</strong></span> <span class='ocrx_word' id='word_1_501' title='bbox 2498 5753 2704 5815; x_wconf 70' lang='lat' dir='ltr'><strong>retenti,</strong></span> <span class='ocrx_word' id='word_1_502' title='bbox 2730 5748 2994 5804; x_wconf 88' lang='lat' dir='ltr'><strong>abscindit</strong></span> <span class='ocrx_word' id='word_1_503' title='bbox 3017 5742 3314 5799; x_wconf 89' lang='lat' dir='ltr'><strong>membrum</strong></span> <span class='ocrx_word' id='word_1_504' title='bbox 3345 5739 3526 5794; x_wconf 81' lang='lat' dir='ltr'><strong>Eccle-</strong></span> 
     </span>
    </p>
   </div>
   <div class='ocr_carea' id='block_1_75' title="bbox 1953 5835 3527 5917">
    <p class='ocr_par' dir='ltr' id='par_1_75' title="bbox 1953 5835 3527 5917">
     <span class='ocr_line' id='line_1_75' title="bbox 1953 5835 3527 5917; baseline -0.015 -8"><span class='ocrx_word' id='word_1_505' title='bbox 1953 5858 2069 5917; x_wconf 64' lang='lat' dir='ltr'><strong>sia).</strong></span> <span class='ocrx_word' id='word_1_506' title='bbox 2099 5863 2151 5909; x_wconf 92' lang='lat' dir='ltr'><strong>et</strong></span> <span class='ocrx_word' id='word_1_507' title='bbox 2203 5852 2256 5905; x_wconf 91' lang='lat' dir='ltr'><strong>in</strong></span> <span class='ocrx_word' id='word_1_508' title='bbox 2287 5864 2447 5904; x_wconf 82' lang='lat' dir='ltr'><strong>vorax</strong></span> <span class='ocrx_word' id='word_1_509' title='bbox 2477 5844 2688 5916; x_wconf 86' lang='lat' dir='ltr'><strong>proiicit</strong></span> <span class='ocrx_word' id='word_1_510' title='bbox 2734 5843 2990 5910; x_wconf 72' lang='lat' dir='ltr'><strong>gehennae</strong></span> <span class='ocrx_word' id='word_1_511' title='bbox 3027 5835 3304 5892; x_wconf 69' lang='lat' dir='ltr'><strong>aestuantis</strong></span> <span class='ocrx_word' id='word_1_512' title='bbox 3345 5835 3527 5887; x_wconf 85' lang='lat' dir='ltr'><strong>incen-</strong></span> 
     </span>
    </p>
   </div>
   <div class='ocr_carea' id='block_1_76' title="bbox 1952 5931 3525 6003">
    <p class='ocr_par' dir='ltr' id='par_1_76' title="bbox 1952 5931 3525 6003">
     <span class='ocr_line' id='line_1_76' title="bbox 1952 5931 3525 6003; baseline -0.013 -5"><span class='ocrx_word' id='word_1_513' title='bbox 1952 5943 2117 5998; x_wconf 83' lang='lat' dir='ltr'><strong>dium.</strong></span> <span class='ocrx_word' id='word_1_514' title='bbox 2175 5940 2285 5995; x_wconf 86' lang='lat' dir='ltr'><strong>Hoc</strong></span> <span class='ocrx_word' id='word_1_515' title='bbox 2332 5938 2516 5993; x_wconf 79' lang='lat' dir='ltr'><strong>vitium</strong></span> <span class='ocrx_word' id='word_1_516' title='bbox 2548 5947 2791 6003; x_wconf 72' lang='lat' dir='ltr'><strong>superate</strong></span> <span class='ocrx_word' id='word_1_517' title='bbox 2835 5931 3020 5999; x_wconf 81' lang='lat' dir='ltr'><strong>patriae</strong></span> <span class='ocrx_word' id='word_1_518' title='bbox 3071 5941 3253 5981; x_wconf 86' lang='lat' dir='ltr'><strong>muros</strong></span> <span class='ocrx_word' id='word_1_519' title='bbox 3301 5934 3525 5978; x_wconf 90' lang='lat' dir='ltr'><strong>conatur</strong></span> 
     </span>
    </p>
   </div>
   <div class='ocr_carea' id='block_1_77' title="bbox 3629 2122 5202 2194">
    <p class='ocr_par' dir='ltr' id='par_1_77' title="bbox 3629 2122 5202 2194">
     <span class='ocr_line' id='line_1_77' title="bbox 3629 2122 5202 2194; baseline 0.003 -19"><span class='ocrx_word' id='word_1_520' title='bbox 3629 2122 3765 2175; x_wconf 87' lang='lat' dir='ltr'><strong>bella</strong></span> <span class='ocrx_word' id='word_1_521' title='bbox 3788 2138 4095 2187; x_wconf 89' lang='lat' dir='ltr'><strong>conserere,</strong></span> <span class='ocrx_word' id='word_1_522' title='bbox 4127 2123 4438 2186; x_wconf 81' lang='lat' dir='ltr'><strong>nequissimi</strong></span> <span class='ocrx_word' id='word_1_523' title='bbox 4470 2124 4695 2191; x_wconf 88' lang='lat' dir='ltr'><strong>spiritus</strong></span> <span class='ocrx_word' id='word_1_524' title='bbox 4723 2124 4950 2194; x_wconf 89' lang='lat' dir='ltr'><strong>imperat</strong></span> <span class='ocrx_word' id='word_1_525' title='bbox 4967 2125 5202 2179; x_wconf 89' lang='lat' dir='ltr'><strong>militiam</strong></span> 
     </span>
    </p>
   </div>
   <div class='ocr_carea' id='block_1_78' title="bbox 3630 2209 5206 2283">
    <p class='ocr_par' dir='ltr' id='par_1_78' title="bbox 3630 2209 5206 2283">
     <span class='ocr_line' id='line_1_78' title="bbox 3630 2209 5206 2283; baseline 0.003 -18"><span class='ocrx_word' id='word_1_526' title='bbox 3630 2209 3901 2277; x_wconf 86' lang='lat' dir='ltr'><strong>baiulare;</strong></span> <span class='ocrx_word' id='word_1_527' title='bbox 3932 2212 3999 2267; x_wconf 89' lang='lat' dir='ltr'><strong>ab</strong></span> <span class='ocrx_word' id='word_1_528' title='bbox 4023 2211 4332 2281; x_wconf 88' lang='lat' dir='ltr'><strong>angelorum</strong></span> <span class='ocrx_word' id='word_1_529' title='bbox 4364 2213 4635 2267; x_wconf 89' lang='lat' dir='ltr'><strong>consortio</strong></span> <span class='ocrx_word' id='word_1_530' title='bbox 4673 2225 4921 2283; x_wconf 88' lang='lat' dir='ltr'><strong>separat,</strong></span> <span class='ocrx_word' id='word_1_531' title='bbox 4947 2223 5000 2268; x_wconf 93' lang='lat' dir='ltr'><strong>et</strong></span> <span class='ocrx_word' id='word_1_532' title='bbox 5039 2214 5206 2269; x_wconf 73' lang='lat' dir='ltr'><strong>infeli-</strong></span> 
     </span>
    </p>
   </div>
   <div class='ocr_carea' id='block_1_79' title="bbox 3631 2304 5201 2374">
    <p class='ocr_par' dir='ltr' id='par_1_79' title="bbox 3631 2304 5201 2374">
     <span class='ocr_line' id='line_1_79' title="bbox 3631 2304 5201 2374; baseline 0.001 -17"><span class='ocrx_word' id='word_1_533' title='bbox 3631 2319 3747 2357; x_wconf 90' lang='lat' dir='ltr'><strong>cem</strong></span> <span class='ocrx_word' id='word_1_534' title='bbox 3794 2305 4031 2357; x_wconf 90' lang='lat' dir='ltr'><strong>animam</strong></span> <span class='ocrx_word' id='word_1_535' title='bbox 4066 2304 4165 2358; x_wconf 91' lang='lat' dir='ltr'><strong>sub</strong></span> <span class='ocrx_word' id='word_1_536' title='bbox 4193 2305 4423 2374; x_wconf 71' lang='lat' dir='ltr'><strong>propria:</strong></span> <span class='ocrx_word' id='word_1_537' title='bbox 4469 2304 4854 2359; x_wconf 88' lang='lat' dir='ltr'><strong>dominationis</strong></span> <span class='ocrx_word' id='word_1_538' title='bbox 4881 2305 5008 2374; x_wconf 90' lang='lat' dir='ltr'><strong>iugo</strong></span> <span class='ocrx_word' id='word_1_539' title='bbox 5043 2320 5073 2357; x_wconf 91' lang='lat' dir='ltr'><strong>a</strong></span> <span class='ocrx_word' id='word_1_540' title='bbox 5113 2320 5201 2360; x_wconf 89' lang='lat' dir='ltr'><strong>sua</strong></span> 
     </span>
    </p>
   </div>
   <div class='ocr_carea' id='block_1_80' title="bbox 3632 2394 5204 2464">
    <p class='ocr_par' dir='ltr' id='par_1_80' title="bbox 3632 2394 5204 2464">
     <span class='ocr_line' id='line_1_80' title="bbox 3632 2394 5204 2464; baseline 0.002 -16"><span class='ocrx_word' id='word_1_541' title='bbox 3632 2394 3914 2449; x_wconf 88' lang='lat' dir='ltr'><strong>nobilitate</strong></span> <span class='ocrx_word' id='word_1_542' title='bbox 3961 2395 4216 2464; x_wconf 91' lang='lat' dir='ltr'><strong>captivat.</strong></span> <span class='ocrx_word' id='word_1_543' title='bbox 4291 2394 4565 2448; x_wconf 69' lang='lat' dir='ltr'><strong>Virtutum</strong></span> <span class='ocrx_word' id='word_1_544' title='bbox 4612 2397 4779 2450; x_wconf 90' lang='lat' dir='ltr'><strong>armis</strong></span> <span class='ocrx_word' id='word_1_545' title='bbox 4828 2412 4953 2450; x_wconf 90' lang='lat' dir='ltr'><strong>suos</strong></span> <span class='ocrx_word' id='word_1_546' title='bbox 5013 2397 5204 2451; x_wconf 85' lang='lat' dir='ltr'><strong>milites</strong></span> 
     </span>
    </p>
   </div>
   <div class='ocr_carea' id='block_1_81' title="bbox 3632 2485 5202 2556">
    <p class='ocr_par' dir='ltr' id='par_1_81' title="bbox 3632 2485 5202 2556">
     <span class='ocr_line' id='line_1_81' title="bbox 3632 2485 5202 2556; baseline 0.001 -17"><span class='ocrx_word' id='word_1_547' title='bbox 3632 2487 3801 2550; x_wconf 78' lang='lat' dir='ltr'><strong>exuit,</strong></span> <span class='ocrx_word' id='word_1_548' title='bbox 3825 2488 4173 2556; x_wconf 90' lang='lat' dir='ltr'><strong>omniumque</strong></span> <span class='ocrx_word' id='word_1_549' title='bbox 4202 2485 4453 2539; x_wconf 90' lang='lat' dir='ltr'><strong>vitiorum</strong></span> <span class='ocrx_word' id='word_1_550' title='bbox 4479 2485 4697 2553; x_wconf 82' lang='lat' dir='ltr'><strong>iaculis,</strong></span> <span class='ocrx_word' id='word_1_551' title='bbox 4730 2494 4789 2539; x_wconf 91' lang='lat' dir='ltr'><strong>ut</strong></span> <span class='ocrx_word' id='word_1_552' title='bbox 4815 2485 5202 2549; x_wconf 78' lang='lat' dir='ltr'><strong>confodiantur,</strong></span> 
     </span>
    </p>
   </div>
   <div class='ocr_carea' id='block_1_82' title="bbox 3632 2578 5205 2649">
    <p class='ocr_par' dir='ltr' id='par_1_82' title="bbox 3632 2578 5205 2649">
     <span class='ocr_line' id='line_1_82' title="bbox 3632 2578 5205 2649; baseline 0.001 -15"><span class='ocrx_word' id='word_1_553' title='bbox 3632 2581 3871 2649; x_wconf 81' lang='lat' dir='ltr'><strong>exponit.</strong></span> <span class='ocrx_word' id='word_1_554' title='bbox 3896 2578 3955 2633; x_wconf 83' lang='lat' dir='ltr'><strong>In</strong></span> <span class='ocrx_word' id='word_1_555' title='bbox 3985 2580 4224 2635; x_wconf 85' lang='lat' dir='ltr'><strong>Ecclesia</strong></span> <span class='ocrx_word' id='word_1_556' title='bbox 4248 2579 4516 2642; x_wconf 86' lang='lat' dir='ltr'><strong>humiliat,</strong></span> <span class='ocrx_word' id='word_1_557' title='bbox 4536 2580 4589 2632; x_wconf 92' lang='lat' dir='ltr'><strong>in</strong></span> <span class='ocrx_word' id='word_1_558' title='bbox 4616 2578 4732 2634; x_wconf 89' lang='lat' dir='ltr'><strong>foro</strong></span> <span class='ocrx_word' id='word_1_559' title='bbox 4754 2581 5092 2642; x_wconf 70' lang='lat' dir='ltr'><strong>condemnat,</strong></span> <span class='ocrx_word' id='word_1_560' title='bbox 5116 2578 5205 2635; x_wconf 68' lang='lat' dir='ltr'><strong>fm-</strong></span> 
     </span>
    </p>
   </div>
   <div class='ocr_carea' id='block_1_83' title="bbox 3634 2668 5207 2738">
    <p class='ocr_par' dir='ltr' id='par_1_83' title="bbox 3634 2668 5207 2738">
     <span class='ocr_line' id='line_1_83' title="bbox 3634 2668 5207 2738; baseline -0.001 -16"><span class='ocrx_word' id='word_1_561' title='bbox 3634 2670 3725 2725; x_wconf 89' lang='lat' dir='ltr'><strong>dat</strong></span> <span class='ocrx_word' id='word_1_562' title='bbox 3771 2671 3822 2722; x_wconf 91' lang='lat' dir='ltr'><strong>in</strong></span> <span class='ocrx_word' id='word_1_563' title='bbox 3851 2679 4081 2733; x_wconf 89' lang='lat' dir='ltr'><strong>secreto,</strong></span> <span class='ocrx_word' id='word_1_564' title='bbox 4115 2670 4434 2724; x_wconf 89' lang='lat' dir='ltr'><strong>dehonestat</strong></span> <span class='ocrx_word' id='word_1_565' title='bbox 4478 2670 4528 2720; x_wconf 90' lang='lat' dir='ltr'><strong>in</strong></span> <span class='ocrx_word' id='word_1_566' title='bbox 4565 2669 4800 2738; x_wconf 90' lang='lat' dir='ltr'><strong>publico,</strong></span> <span class='ocrx_word' id='word_1_567' title='bbox 4831 2668 5207 2722; x_wconf 90' lang='lat' dir='ltr'><strong>conscientiam</strong></span> 
     </span>
    </p>
   </div>
   <div class='ocr_carea' id='block_1_84' title="bbox 3634 2758 5211 2829">
    <p class='ocr_par' dir='ltr' id='par_1_84' title="bbox 3634 2758 5211 2829">
     <span class='ocr_line' id='line_1_84' title="bbox 3634 2758 5211 2829; baseline -0.003 -14"><span class='ocrx_word' id='word_1_568' title='bbox 3634 2762 3777 2815; x_wconf 83' lang='lat' dir='ltr'><strong>rodit</strong></span> <span class='ocrx_word' id='word_1_569' title='bbox 3805 2772 3863 2814; x_wconf 93' lang='lat' dir='ltr'><strong>ut</strong></span> <span class='ocrx_word' id='word_1_570' title='bbox 3889 2762 4110 2824; x_wconf 89' lang='lat' dir='ltr'><strong>vermis,</strong></span> <span class='ocrx_word' id='word_1_571' title='bbox 4144 2775 4362 2813; x_wconf 89' lang='lat' dir='ltr'><strong>carnem</strong></span> <span class='ocrx_word' id='word_1_572' title='bbox 4407 2761 4588 2812; x_wconf 82' lang='lat' dir='ltr'><strong>exurit</strong></span> <span class='ocrx_word' id='word_1_573' title='bbox 4613 2767 4672 2812; x_wconf 93' lang='lat' dir='ltr'><strong>ut</strong></span> <span class='ocrx_word' id='word_1_574' title='bbox 4694 2759 4856 2829; x_wconf 86' lang='lat' dir='ltr'><strong>ignis;</strong></span> <span class='ocrx_word' id='word_1_575' title='bbox 4892 2758 5127 2821; x_wconf 87' lang='lat' dir='ltr'><strong>anhelat,</strong></span> <span class='ocrx_word' id='word_1_576' title='bbox 5154 2771 5211 2811; x_wconf 92' lang='lat' dir='ltr'><strong>ut</strong></span> 
     </span>
    </p>
   </div>
   <div class='ocr_carea' id='block_1_85' title="bbox 3635 2846 5211 2920">
    <p class='ocr_par' dir='ltr' id='par_1_85' title="bbox 3635 2846 5211 2920">
     <span class='ocr_line' id='line_1_85' title="bbox 3635 2846 5211 2920; baseline -0.002 -18"><span class='ocrx_word' id='word_1_577' title='bbox 3635 2850 3962 2920; x_wconf 87' lang='lat' dir='ltr'><strong>voluptatem</strong></span> <span class='ocrx_word' id='word_1_578' title='bbox 3990 2849 4239 2918; x_wconf 74' lang='lat' dir='ltr'><strong>expleat;</strong></span> <span class='ocrx_word' id='word_1_579' title='bbox 4291 2858 4348 2902; x_wconf 90' lang='lat' dir='ltr'><strong>at</strong></span> <span class='ocrx_word' id='word_1_580' title='bbox 4381 2857 4566 2901; x_wconf 88' lang='lat' dir='ltr'><strong>contra</strong></span> <span class='ocrx_word' id='word_1_581' title='bbox 4611 2847 4760 2901; x_wconf 88' lang='lat' dir='ltr'><strong>timet</strong></span> <span class='ocrx_word' id='word_1_582' title='bbox 4781 2860 4845 2901; x_wconf 83' lang='lat' dir='ltr'><strong>ne</strong></span> <span class='ocrx_word' id='word_1_583' title='bbox 4886 2846 4951 2899; x_wconf 85' lang='lat' dir='ltr'><strong>ad</strong></span> <span class='ocrx_word' id='word_1_584' title='bbox 4982 2846 5211 2904; x_wconf 86' lang='lat' dir='ltr'><strong>medium</strong></span> 
     </span>
    </p>
   </div>
   <div class='ocr_carea' id='block_1_86' title="bbox 3637 2936 5213 3009">
    <p class='ocr_par' dir='ltr' id='par_1_86' title="bbox 3637 2936 5213 3009">
     <span class='ocr_line' id='line_1_86' title="bbox 3637 2936 5213 3009; baseline -0.001 -17"><span class='ocrx_word' id='word_1_585' title='bbox 3637 2942 3839 3003; x_wconf 89' lang='lat' dir='ltr'><strong>veniat,</strong></span> <span class='ocrx_word' id='word_1_586' title='bbox 3874 2955 3941 2993; x_wconf 93' lang='lat' dir='ltr'><strong>ne</strong></span> <span class='ocrx_word' id='word_1_587' title='bbox 3973 2940 4024 2994; x_wconf 90' lang='lat' dir='ltr'><strong>in</strong></span> <span class='ocrx_word' id='word_1_588' title='bbox 4053 2939 4325 3009; x_wconf 90' lang='lat' dir='ltr'><strong>publicum</strong></span> <span class='ocrx_word' id='word_1_589' title='bbox 4354 2947 4548 3002; x_wconf 80' lang='lat' dir='ltr'><strong>exeat,</strong></span> <span class='ocrx_word' id='word_1_590' title='bbox 4591 2953 4657 2991; x_wconf 91' lang='lat' dir='ltr'><strong>ne</strong></span> <span class='ocrx_word' id='word_1_591' title='bbox 4688 2936 4991 2991; x_wconf 87' lang='lat' dir='ltr'><strong>hominibus</strong></span> <span class='ocrx_word' id='word_1_592' title='bbox 5017 2936 5213 2991; x_wconf 84' lang='lat' dir='ltr'><strong>iuncte-</strong></span> 
     </span>
    </p>
   </div>
   <div class='ocr_carea' id='block_1_87' title="bbox 3636 3029 5212 3098">
    <p class='ocr_par' dir='ltr' id='par_1_87' title="bbox 3636 3029 5212 3098">
     <span class='ocr_line' id='line_1_87' title="bbox 3636 3029 5212 3098; baseline -0.004 -12"><span class='ocrx_word' id='word_1_593' title='bbox 3636 3041 3770 3086; x_wconf 88' lang='lat' dir='ltr'><strong>scat.</strong></span> <span class='ocrx_word' id='word_1_594' title='bbox 3805 3032 3974 3098; x_wconf 84' lang='lat' dir='ltr'><strong>Quem</strong></span> <span class='ocrx_word' id='word_1_595' title='bbox 4006 3032 4149 3085; x_wconf 90' lang='lat' dir='ltr'><strong>enim</strong></span> <span class='ocrx_word' id='word_1_596' title='bbox 4178 3030 4267 3083; x_wconf 91' lang='lat' dir='ltr'><strong>illc</strong></span> <span class='ocrx_word' id='word_1_597' title='bbox 4304 3045 4412 3083; x_wconf 92' lang='lat' dir='ltr'><strong>non</strong></span> <span class='ocrx_word' id='word_1_598' title='bbox 4444 3030 4646 3094; x_wconf 89' lang='lat' dir='ltr'><strong>timeat,</strong></span> <span class='ocrx_word' id='word_1_599' title='bbox 4672 3029 4760 3098; x_wconf 91' lang='lat' dir='ltr'><strong>qui</strong></span> <span class='ocrx_word' id='word_1_600' title='bbox 4793 3037 4846 3083; x_wconf 92' lang='lat' dir='ltr'><strong>et</strong></span> <span class='ocrx_word' id='word_1_601' title='bbox 4882 3029 5053 3097; x_wconf 87' lang='lat' dir='ltr'><strong>ipsum</strong></span> <span class='ocrx_word' id='word_1_602' title='bbox 5078 3042 5212 3082; x_wconf 87' lang='lat' dir='ltr'><strong>com-</strong></span> 
     </span>
    </p>
   </div>
   <div class='ocr_carea' id='block_1_88' title="bbox 3638 3118 5214 3190">
    <p class='ocr_par' dir='ltr' id='par_1_88' title="bbox 3638 3118 5214 3190">
     <span class='ocr_line' id='line_1_88' title="bbox 3638 3118 5214 3190; baseline -0.002 -15"><span class='ocrx_word' id='word_1_603' title='bbox 3638 3122 3815 3176; x_wconf 80' lang='lat' dir='ltr'><strong>munis</strong></span> <span class='ocrx_word' id='word_1_604' title='bbox 3844 3123 4010 3175; x_wconf 68' lang='lat' dir='ltr'><strong>ruinae</strong></span> <span class='ocrx_word' id='word_1_605' title='bbox 4036 3121 4354 3190; x_wconf 87' lang='lat' dir='ltr'><strong>participem</strong></span> <span class='ocrx_word' id='word_1_606' title='bbox 4389 3120 4580 3189; x_wconf 88' lang='lat' dir='ltr'><strong>pavida</strong></span> <span class='ocrx_word' id='word_1_607' title='bbox 4604 3120 4904 3190; x_wconf 91' lang='lat' dir='ltr'><strong>suspicione</strong></span> <span class='ocrx_word' id='word_1_608' title='bbox 4932 3118 5214 3173; x_wconf 79' lang='lat' dir='ltr'><strong>formidat?</strong></span> 
     </span>
    </p>
   </div>
   <div class='ocr_carea' id='block_1_89' title="bbox 3639 3208 5212 3280">
    <p class='ocr_par' dir='ltr' id='par_1_89' title="bbox 3639 3208 5212 3280">
     <span class='ocr_line' id='line_1_89' title="bbox 3639 3208 5212 3280; baseline -0.003 -13"><span class='ocrx_word' id='word_1_609' title='bbox 3639 3213 3716 3267; x_wconf 87' lang='lat' dir='ltr'><strong>Ne</strong></span> <span class='ocrx_word' id='word_1_610' title='bbox 3740 3213 3993 3267; x_wconf 85' lang='lat' dir='ltr'><strong>videlicet</strong></span> <span class='ocrx_word' id='word_1_611' title='bbox 4034 3223 4089 3266; x_wconf 93' lang='lat' dir='ltr'><strong>et</strong></span> <span class='ocrx_word' id='word_1_612' title='bbox 4119 3213 4232 3280; x_wconf 88' lang='lat' dir='ltr'><strong>ipse</strong></span> <span class='ocrx_word' id='word_1_613' title='bbox 4260 3212 4349 3279; x_wconf 91' lang='lat' dir='ltr'><strong>qui</strong></span> <span class='ocrx_word' id='word_1_614' title='bbox 4377 3210 4539 3265; x_wconf 87' lang='lat' dir='ltr'><strong>simul</strong></span> <span class='ocrx_word' id='word_1_615' title='bbox 4573 3219 4780 3279; x_wconf 88' lang='lat' dir='ltr'><strong>peccat,</strong></span> <span class='ocrx_word' id='word_1_616' title='bbox 4807 3208 5212 3277; x_wconf 77' lang='lat' dir='ltr'><strong>iudex-sceleris</strong></span> 
     </span>
    </p>
   </div>
   <div class='ocr_carea' id='block_1_90' title="bbox 3636 3300 5212 3372">
    <p class='ocr_par' dir='ltr' id='par_1_90' title="bbox 3636 3300 5212 3372">
     <span class='ocr_line' id='line_1_90' title="bbox 3636 3300 5212 3372; baseline -0.003 -15"><span class='ocrx_word' id='word_1_617' title='bbox 3636 3319 3733 3372; x_wconf 84' lang='lat' dir='ltr'><strong>per</strong></span> <span class='ocrx_word' id='word_1_618' title='bbox 3760 3304 4151 3357; x_wconf 75' lang='lat' dir='ltr'><strong>confessionem</strong></span> <span class='ocrx_word' id='word_1_619' title='bbox 4183 3303 4273 3354; x_wconf 88' lang='lat' dir='ltr'><strong>liat</strong></span> <span class='ocrx_word' id='word_1_620' title='bbox 4292 3342 4304 3363; x_wconf 94' lang='lat'><strong>,</strong></span> <span class='ocrx_word' id='word_1_621' title='bbox 4349 3301 4475 3354; x_wconf 90' lang='lat' dir='ltr'><strong>dum</strong></span> <span class='ocrx_word' id='word_1_622' title='bbox 4507 3315 4610 3354; x_wconf 92' lang='lat' dir='ltr'><strong>non</strong></span> <span class='ocrx_word' id='word_1_623' title='bbox 4638 3301 4792 3354; x_wconf 91' lang='lat' dir='ltr'><strong>modo</strong></span> <span class='ocrx_word' id='word_1_624' title='bbox 4815 3300 4939 3368; x_wconf 90' lang='lat' dir='ltr'><strong>quia</strong></span> <span class='ocrx_word' id='word_1_625' title='bbox 4961 3313 5212 3368; x_wconf 88' lang='lat' dir='ltr'><strong>peccave-</strong></span> 
     </span>
    </p>
   </div>
   <div class='ocr_carea' id='block_1_91' title="bbox 3642 3388 5214 3458">
    <p class='ocr_par' dir='ltr' id='par_1_91' title="bbox 3642 3388 5214 3458">
     <span class='ocr_line' id='line_1_91' title="bbox 3642 3388 5214 3458; baseline -0.002 -13"><span class='ocrx_word' id='word_1_626' title='bbox 3642 3394 3730 3455; x_wconf 89' lang='lat' dir='ltr'><strong>rit,</strong></span> <span class='ocrx_word' id='word_1_627' title='bbox 3753 3392 3998 3446; x_wconf 86' lang='lat' dir='ltr'><strong>contiteri</strong></span> <span class='ocrx_word' id='word_1_628' title='bbox 4026 3407 4132 3445; x_wconf 91' lang='lat' dir='ltr'><strong>non</strong></span> <span class='ocrx_word' id='word_1_629' title='bbox 4161 3391 4411 3458; x_wconf 83' lang='lat' dir='ltr'><strong>ambigat,</strong></span> <span class='ocrx_word' id='word_1_630' title='bbox 4452 3388 4545 3443; x_wconf 89' lang='lat' dir='ltr'><strong>sed</strong></span> <span class='ocrx_word' id='word_1_631' title='bbox 4568 3390 4728 3443; x_wconf 91' lang='lat' dir='ltr'><strong>etiam</strong></span> <span class='ocrx_word' id='word_1_632' title='bbox 4755 3403 4875 3442; x_wconf 92' lang='lat' dir='ltr'><strong>cum</strong></span> <span class='ocrx_word' id='word_1_633' title='bbox 4902 3405 5007 3458; x_wconf 93' lang='lat' dir='ltr'><strong>quo</strong></span> <span class='ocrx_word' id='word_1_634' title='bbox 5026 3403 5214 3457; x_wconf 85' lang='lat' dir='ltr'><strong>pecca-</strong></span> 
     </span>
    </p>
   </div>
   <div class='ocr_carea' id='block_1_92' title="bbox 3640 3478 5211 3549">
    <p class='ocr_par' dir='ltr' id='par_1_92' title="bbox 3640 3478 5211 3549">
     <span class='ocr_line' id='line_1_92' title="bbox 3640 3478 5211 3549; baseline -0.002 -16"><span class='ocrx_word' id='word_1_635' title='bbox 3640 3483 3715 3535; x_wconf 89' lang='lat' dir='ltr'><strong>vit</strong></span> <span class='ocrx_word' id='word_1_636' title='bbox 3741 3490 4133 3549; x_wconf 89' lang='lat' dir='ltr'><strong>consequenter</strong></span> <span class='ocrx_word' id='word_1_637' title='bbox 4161 3478 4413 3549; x_wconf 81' lang='lat' dir='ltr'><strong>adiungat</strong></span> <span class='ocrx_word' id='word_1_638' title='bbox 4439 3493 4454 3531; x_wconf 92' lang='lat'><strong>:</strong></span> <span class='ocrx_word' id='word_1_639' title='bbox 4490 3487 4548 3531; x_wconf 90' lang='lat' dir='ltr'><strong>ut</strong></span> <span class='ocrx_word' id='word_1_640' title='bbox 4577 3479 4718 3532; x_wconf 87' lang='lat' dir='ltr'><strong>sicut</strong></span> <span class='ocrx_word' id='word_1_641' title='bbox 4743 3494 4879 3531; x_wconf 91' lang='lat' dir='ltr'><strong>unus</strong></span> <span class='ocrx_word' id='word_1_642' title='bbox 4909 3479 4960 3531; x_wconf 91' lang='lat' dir='ltr'><strong>in</strong></span> <span class='ocrx_word' id='word_1_643' title='bbox 4993 3488 5211 3546; x_wconf 86' lang='lat' dir='ltr'><strong>peccato</strong></span> 
     </span>
    </p>
   </div>
   <div class='ocr_carea' id='block_1_93' title="bbox 3640 3567 5213 3637">
    <p class='ocr_par' dir='ltr' id='par_1_93' title="bbox 3640 3567 5213 3637">
     <span class='ocr_line' id='line_1_93' title="bbox 3640 3567 5213 3637; baseline -0.004 -10"><span class='ocrx_word' id='word_1_644' title='bbox 3640 3573 3795 3633; x_wconf 88' lang='lat' dir='ltr'><strong>mori,</strong></span> <span class='ocrx_word' id='word_1_645' title='bbox 3833 3573 3931 3624; x_wconf 68' lang='lat' dir='ltr'><strong>nisi</strong></span> <span class='ocrx_word' id='word_1_646' title='bbox 3991 3571 4162 3624; x_wconf 85' lang='lat' dir='ltr'><strong>altero</strong></span> <span class='ocrx_word' id='word_1_647' title='bbox 4219 3569 4483 3622; x_wconf 90' lang='lat' dir='ltr'><strong>moriente</strong></span> <span class='ocrx_word' id='word_1_648' title='bbox 4519 3584 4622 3621; x_wconf 91' lang='lat' dir='ltr'><strong>non</strong></span> <span class='ocrx_word' id='word_1_649' title='bbox 4655 3568 4858 3637; x_wconf 88' lang='lat' dir='ltr'><strong>potuit;</strong></span> <span class='ocrx_word' id='word_1_650' title='bbox 4886 3569 4958 3623; x_wconf 87' lang='lat' dir='ltr'><strong>ita</strong></span> <span class='ocrx_word' id='word_1_651' title='bbox 4987 3578 5041 3621; x_wconf 93' lang='lat' dir='ltr'><strong>ct</strong></span> <span class='ocrx_word' id='word_1_652' title='bbox 5081 3567 5213 3621; x_wconf 90' lang='lat' dir='ltr'><strong>al.er</strong></span> 
     </span>
    </p>
   </div>
   <div class='ocr_carea' id='block_1_94' title="bbox 3639 3656 5210 3727">
    <p class='ocr_par' dir='ltr' id='par_1_94' title="bbox 3639 3656 5210 3727">
     <span class='ocr_line' id='line_1_94' title="bbox 3639 3656 5210 3727; baseline -0.004 -13"><span class='ocrx_word' id='word_1_653' title='bbox 3639 3661 3792 3715; x_wconf 89' lang='lat' dir='ltr'><strong>alteri</strong></span> <span class='ocrx_word' id='word_1_654' title='bbox 3837 3660 4142 3727; x_wconf 88' lang='lat' dir='ltr'><strong>resurgendi</strong></span> <span class='ocrx_word' id='word_1_655' title='bbox 4168 3658 4504 3712; x_wconf 89' lang='lat' dir='ltr'><strong>occasionem</strong></span> <span class='ocrx_word' id='word_1_656' title='bbox 4536 3656 4788 3725; x_wconf 72' lang='lat' dir='ltr'><strong>prmbeat,</strong></span> <span class='ocrx_word' id='word_1_657' title='bbox 4820 3671 4939 3709; x_wconf 84' lang='lat' dir='ltr'><strong>cum</strong></span> <span class='ocrx_word' id='word_1_658' title='bbox 4966 3657 5210 3725; x_wconf 80' lang='lat' dir='ltr'><strong>resurgit.</strong></span> 
     </span>
    </p>
   </div>
   <div class='ocr_carea' id='block_1_95' title="bbox 3637 3744 5216 3816">
    <p class='ocr_par' dir='ltr' id='par_1_95' title="bbox 3637 3744 5216 3816">
     <span class='ocr_line' id='line_1_95' title="bbox 3637 3744 5216 3816; baseline -0.002 -12"><span class='ocrx_word' id='word_1_659' title='bbox 3637 3752 3940 3804; x_wconf 85' lang='lat' dir='ltr'><strong>Ardetcaro</strong></span> <span class='ocrx_word' id='word_1_660' title='bbox 3963 3750 4156 3801; x_wconf 71' lang='lat' dir='ltr'><strong>misera</strong></span> <span class='ocrx_word' id='word_1_661' title='bbox 4182 3748 4360 3801; x_wconf 88' lang='lat' dir='ltr'><strong>furore</strong></span> <span class='ocrx_word' id='word_1_662' title='bbox 4384 3746 4642 3810; x_wconf 87' lang='lat' dir='ltr'><strong>libidinis,</strong></span> <span class='ocrx_word' id='word_1_663' title='bbox 4662 3746 4841 3799; x_wconf 83' lang='lat' dir='ltr'><strong>tremit</strong></span> <span class='ocrx_word' id='word_1_664' title='bbox 4859 3759 5007 3800; x_wconf 90' lang='lat' dir='ltr'><strong>mens</strong></span> <span class='ocrx_word' id='word_1_665' title='bbox 5023 3744 5216 3816; x_wconf 80' lang='lat' dir='ltr'><strong>frigida</strong></span> 
     </span>
    </p>
   </div>
   <div class='ocr_carea' id='block_1_96' title="bbox 3641 3836 5212 3907">
    <p class='ocr_par' dir='ltr' id='par_1_96' title="bbox 3641 3836 5212 3907">
     <span class='ocr_line' id='line_1_96' title="bbox 3641 3836 5212 3907; baseline -0.003 -13"><span class='ocrx_word' id='word_1_666' title='bbox 3641 3856 3867 3894; x_wconf 83' lang='lat' dir='ltr'><strong>rancore</strong></span> <span class='ocrx_word' id='word_1_667' title='bbox 3888 3839 4237 3907; x_wconf 89' lang='lat' dir='ltr'><strong>suspicionis,</strong></span> <span class='ocrx_word' id='word_1_668' title='bbox 4254 3848 4306 3890; x_wconf 91' lang='lat' dir='ltr'><strong>et</strong></span> <span class='ocrx_word' id='word_1_669' title='bbox 4329 3839 4380 3891; x_wconf 91' lang='lat' dir='ltr'><strong>in</strong></span> <span class='ocrx_word' id='word_1_670' title='bbox 4408 3846 4627 3906; x_wconf 87' lang='lat' dir='ltr'><strong>pectore</strong></span> <span class='ocrx_word' id='word_1_671' title='bbox 4646 3836 4825 3890; x_wconf 87' lang='lat' dir='ltr'><strong>miseri</strong></span> <span class='ocrx_word' id='word_1_672' title='bbox 4851 3836 5212 3902; x_wconf 82' lang='lat' dir='ltr'><strong>hominisiatn</strong></span> 
     </span>
    </p>
   </div>
   <div class='ocr_carea' id='block_1_97' title="bbox 3638 3930 5215 4003">
    <p class='ocr_par' dir='ltr' id='par_1_97' title="bbox 3638 3930 5215 4003">
     <span class='ocr_line' id='line_1_97' title="bbox 3638 3930 5215 4003; baseline -0.004 -16"><span class='ocrx_word' id='word_1_673' title='bbox 3638 3934 3791 4003; x_wconf 84' lang='lat' dir='ltr'><strong>quasi</strong></span> <span class='ocrx_word' id='word_1_674' title='bbox 3828 3942 4123 3986; x_wconf 82' lang='lat' dir='ltr'><strong>tartaream</strong></span> <span class='ocrx_word' id='word_1_675' title='bbox 4163 3933 4326 3984; x_wconf 88' lang='lat' dir='ltr'><strong>chaos</strong></span> <span class='ocrx_word' id='word_1_676' title='bbox 4355 3937 4647 3991; x_wconf 62' lang='lat' dir='ltr'><strong>exaestuat,</strong></span> <span class='ocrx_word' id='word_1_677' title='bbox 4677 3930 4801 3981; x_wconf 92' lang='lat' dir='ltr'><strong>dum</strong></span> <span class='ocrx_word' id='word_1_678' title='bbox 4833 3937 4964 3997; x_wconf 92' lang='lat' dir='ltr'><strong>quot</strong></span> <span class='ocrx_word' id='word_1_679' title='bbox 5010 3930 5215 3998; x_wconf 87' lang='lat' dir='ltr'><strong>cogita-</strong></span> 
     </span>
    </p>
   </div>
   <div class='ocr_carea' id='block_1_98' title="bbox 3641 4019 5213 4089">
    <p class='ocr_par' dir='ltr' id='par_1_98' title="bbox 3641 4019 5213 4089">
     <span class='ocr_line' id='line_1_98' title="bbox 3641 4019 5213 4089; baseline -0.004 -11"><span class='ocrx_word' id='word_1_680' title='bbox 3641 4026 3843 4079; x_wconf 90' lang='lat' dir='ltr'><strong>tionum</strong></span> <span class='ocrx_word' id='word_1_681' title='bbox 3868 4022 4067 4076; x_wconf 86' lang='lat' dir='ltr'><strong>aculeis</strong></span> <span class='ocrx_word' id='word_1_682' title='bbox 4093 4022 4373 4089; x_wconf 90' lang='lat' dir='ltr'><strong>pungitur,</strong></span> <span class='ocrx_word' id='word_1_683' title='bbox 4397 4019 4790 4088; x_wconf 84' lang='lat' dir='ltr'><strong>quodammodo</strong></span> <span class='ocrx_word' id='word_1_684' title='bbox 4829 4027 4902 4071; x_wconf 90' lang='lat' dir='ltr'><strong>tot</strong></span> <span class='ocrx_word' id='word_1_685' title='bbox 4929 4032 5213 4086; x_wconf 78' lang='lat' dir='ltr'><strong>pmnarum</strong></span> 
     </span>
    </p>
   </div>
   <div class='ocr_carea' id='block_1_99' title="bbox 3638 4109 5216 4185">
    <p class='ocr_par' dir='ltr' id='par_1_99' title="bbox 3638 4109 5216 4185">
     <span class='ocr_line' id='line_1_99' title="bbox 3638 4109 5216 4185; baseline -0.006 -14"><span class='ocrx_word' id='word_1_686' title='bbox 3638 4115 3915 4185; x_wconf 70' lang='lat' dir='ltr'><strong>suppliciis</strong></span> <span class='ocrx_word' id='word_1_687' title='bbox 3942 4112 4237 4167; x_wconf 85' lang='lat' dir='ltr'><strong>cruciatur.</strong></span> <span class='ocrx_word' id='word_1_688' title='bbox 4271 4109 4474 4165; x_wconf 90' lang='lat' dir='ltr'><strong>lufelici</strong></span> <span class='ocrx_word' id='word_1_689' title='bbox 4497 4110 4692 4178; x_wconf 89' lang='lat' dir='ltr'><strong>quippe</strong></span> <span class='ocrx_word' id='word_1_690' title='bbox 4724 4109 4914 4161; x_wconf 84' lang='lat' dir='ltr'><strong>animae</strong></span> <span class='ocrx_word' id='word_1_691' title='bbox 4930 4118 5216 4176; x_wconf 85' lang='lat' dir='ltr'><strong>postquam</strong></span> 
     </span>
    </p>
   </div>
   <div class='ocr_carea' id='block_1_100' title="bbox 3638 4200 5215 4262">
    <p class='ocr_par' dir='ltr' id='par_1_100' title="bbox 3638 4200 5215 4262">
     <span class='ocr_line' id='line_1_100' title="bbox 3638 4200 5215 4262; baseline -0.006 0"><span class='ocrx_word' id='word_1_692' title='bbox 3638 4208 3727 4262; x_wconf 89' lang='lat' dir='ltr'><strong>hic</strong></span> <span class='ocrx_word' id='word_1_693' title='bbox 3764 4206 4218 4261; x_wconf 85' lang='lat' dir='ltr'><strong>venenatissimus</strong></span> <span class='ocrx_word' id='word_1_694' title='bbox 4258 4202 4477 4256; x_wconf 87' lang='lat' dir='ltr'><strong>coluber</strong></span> <span class='ocrx_word' id='word_1_695' title='bbox 4521 4204 4708 4256; x_wconf 79' lang='lat' dir='ltr'><strong>(lentes</strong></span> <span class='ocrx_word' id='word_1_696' title='bbox 4742 4200 4905 4255; x_wconf 86' lang='lat' dir='ltr'><strong>semel</strong></span> <span class='ocrx_word' id='word_1_697' title='bbox 4953 4200 5215 4262; x_wconf 60' lang='lat' dir='ltr'><strong>infixerit,</strong></span> 
     </span>
    </p>
   </div>
   <div class='ocr_carea' id='block_1_101' title="bbox 3638 4290 5220 4358">
    <p class='ocr_par' dir='ltr' id='par_1_101' title="bbox 3638 4290 5220 4358">
     <span class='ocr_line' id='line_1_101' title="bbox 3638 4290 5220 4358; baseline -0.004 -7"><span class='ocrx_word' id='word_1_698' title='bbox 3638 4298 3782 4351; x_wconf 90' lang='lat' dir='ltr'><strong>illico</strong></span> <span class='ocrx_word' id='word_1_699' title='bbox 3804 4310 3994 4350; x_wconf 90' lang='lat' dir='ltr'><strong>sensus</strong></span> <span class='ocrx_word' id='word_1_700' title='bbox 4015 4293 4290 4357; x_wconf 88' lang='lat' dir='ltr'><strong>adimitur,</strong></span> <span class='ocrx_word' id='word_1_701' title='bbox 4323 4291 4581 4345; x_wconf 81' lang='lat' dir='ltr'><strong>memoria</strong></span> <span class='ocrx_word' id='word_1_702' title='bbox 4611 4290 4832 4352; x_wconf 87' lang='lat' dir='ltr'><strong>tollitur,</strong></span> <span class='ocrx_word' id='word_1_703' title='bbox 4850 4290 5049 4358; x_wconf 71' lang='lat' dir='ltr'><strong>pientis</strong></span> <span class='ocrx_word' id='word_1_704' title='bbox 5070 4291 5220 4345; x_wconf 86' lang='lat' dir='ltr'><strong>acies</strong></span> 
     </span>
    </p>
   </div>
   <div class='ocr_carea' id='block_1_102' title="bbox 3637 4379 5218 4450">
    <p class='ocr_par' dir='ltr' id='par_1_102' title="bbox 3637 4379 5218 4450">
     <span class='ocr_line' id='line_1_102' title="bbox 3637 4379 5218 4450; baseline -0.004 -9"><span class='ocrx_word' id='word_1_705' title='bbox 3637 4388 3991 4450; x_wconf 88' lang='lat' dir='ltr'><strong>obscuratur;</strong></span> <span class='ocrx_word' id='word_1_706' title='bbox 4028 4384 4081 4437; x_wconf 86' lang='lat' dir='ltr'><strong>fit</strong></span> <span class='ocrx_word' id='word_1_707' title='bbox 4113 4384 4395 4437; x_wconf 90' lang='lat' dir='ltr'><strong>immemor</strong></span> <span class='ocrx_word' id='word_1_708' title='bbox 4423 4381 4537 4445; x_wconf 90' lang='lat' dir='ltr'><strong>Dei,</strong></span> <span class='ocrx_word' id='word_1_709' title='bbox 4565 4380 4894 4434; x_wconf 87' lang='lat' dir='ltr'><strong>obliviscitur</strong></span> <span class='ocrx_word' id='word_1_710' title='bbox 4916 4379 5075 4433; x_wconf 89' lang='lat' dir='ltr'><strong>etiam</strong></span> <span class='ocrx_word' id='word_1_711' title='bbox 5109 4385 5218 4434; x_wconf 87' lang='lat' dir='ltr'><strong>sui.</strong></span> 
     </span>
    </p>
   </div>
   <div class='ocr_carea' id='block_1_103' title="bbox 3641 4470 5220 4544">
    <p class='ocr_par' dir='ltr' id='par_1_103' title="bbox 3641 4470 5220 4544">
     <span class='ocr_line' id='line_1_103' title="bbox 3641 4470 5220 4544; baseline -0.004 -15"><span class='ocrx_word' id='word_1_712' title='bbox 3641 4476 3761 4531; x_wconf 60' lang='lat' dir='ltr'><strong>Haec</strong></span> <span class='ocrx_word' id='word_1_713' title='bbox 3790 4489 4019 4544; x_wconf 81' lang='lat' dir='ltr'><strong>namque</strong></span> <span class='ocrx_word' id='word_1_714' title='bbox 4049 4473 4216 4541; x_wconf 87' lang='lat' dir='ltr'><strong>pestis</strong></span> <span class='ocrx_word' id='word_1_715' title='bbox 4242 4471 4363 4524; x_wconf 78' lang='lat' dir='ltr'><strong>fidei</strong></span> <span class='ocrx_word' id='word_1_716' title='bbox 4400 4470 4804 4522; x_wconf 78' lang='lat' dir='ltr'><strong>fundamentum</strong></span> <span class='ocrx_word' id='word_1_717' title='bbox 4829 4478 5071 4530; x_wconf 86' lang='lat' dir='ltr'><strong>evacuat,</strong></span> <span class='ocrx_word' id='word_1_718' title='bbox 5102 4472 5220 4537; x_wconf 78' lang='lat' dir='ltr'><strong>spei</strong></span> 
     </span>
    </p>
   </div>
   <div class='ocr_carea' id='block_1_104' title="bbox 3639 4560 5219 4628">
    <p class='ocr_par' dir='ltr' id='par_1_104' title="bbox 3639 4560 5219 4628">
     <span class='ocr_line' id='line_1_104' title="bbox 3639 4560 5219 4628; baseline -0.005 -8"><span class='ocrx_word' id='word_1_719' title='bbox 3639 4567 3803 4621; x_wconf 91' lang='lat' dir='ltr'><strong>robur</strong></span> <span class='ocrx_word' id='word_1_720' title='bbox 3824 4574 4066 4628; x_wconf 84' lang='lat' dir='ltr'><strong>enervat,</strong></span> <span class='ocrx_word' id='word_1_721' title='bbox 4092 4562 4372 4617; x_wconf 82' lang='lat' dir='ltr'><strong>charilatis</strong></span> <span class='ocrx_word' id='word_1_722' title='bbox 4394 4560 4663 4613; x_wconf 91' lang='lat' dir='ltr'><strong>vinculum</strong></span> <span class='ocrx_word' id='word_1_723' title='bbox 4688 4560 4926 4628; x_wconf 72' lang='lat' dir='ltr'><strong>dissipat,</strong></span> <span class='ocrx_word' id='word_1_724' title='bbox 4945 4560 5219 4628; x_wconf 79' lang='lat' dir='ltr'><strong>justitiam</strong></span> 
     </span>
    </p>
   </div>
   <div class='ocr_carea' id='block_1_105' title="bbox 3640 4651 5219 4722">
    <p class='ocr_par' dir='ltr' id='par_1_105' title="bbox 3640 4651 5219 4722">
     <span class='ocr_line' id='line_1_105' title="bbox 3640 4651 5219 4722; baseline -0.005 -10"><span class='ocrx_word' id='word_1_725' title='bbox 3640 4658 3797 4722; x_wconf 88' lang='lat' dir='ltr'><strong>tollit,</strong></span> <span class='ocrx_word' id='word_1_726' title='bbox 3825 4656 4190 4710; x_wconf 83' lang='lat' dir='ltr'><strong>fortitudinem</strong></span> <span class='ocrx_word' id='word_1_727' title='bbox 4239 4653 4487 4713; x_wconf 88' lang='lat' dir='ltr'><strong>subruit,</strong></span> <span class='ocrx_word' id='word_1_728' title='bbox 4544 4653 4945 4721; x_wconf 85' lang='lat' dir='ltr'><strong>temperantiam</strong></span> <span class='ocrx_word' id='word_1_729' title='bbox 5001 4651 5219 4719; x_wconf 61' lang='lat' dir='ltr'><strong>eximit,</strong></span> 
     </span>
    </p>
   </div>
   <div class='ocr_carea' id='block_1_106' title="bbox 3639 4743 4493 4818">
    <p class='ocr_par' dir='ltr' id='par_1_106' title="bbox 3639 4743 4493 4818">
     <span class='ocr_line' id='line_1_106' title="bbox 3639 4743 4493 4818; baseline -0.008 -16"><span class='ocrx_word' id='word_1_730' title='bbox 3639 4748 3938 4818; x_wconf 71' lang='lat' dir='ltr'><strong>prudentire</strong></span> <span class='ocrx_word' id='word_1_731' title='bbox 3965 4759 4194 4799; x_wconf 90' lang='lat' dir='ltr'><strong>acumen</strong></span> <span class='ocrx_word' id='word_1_732' title='bbox 4226 4743 4493 4797; x_wconf 90' lang='lat' dir='ltr'><strong>obtundit.</strong></span> 
     </span>
    </p>
   </div>
   <div class='ocr_carea' id='block_1_107' title="bbox 3709 4833 5224 4906">
    <p class='ocr_par' dir='ltr' id='par_1_107' title="bbox 3709 4833 5224 4906">
     <span class='ocr_line' id='line_1_107' title="bbox 3709 4833 5224 4906; baseline -0.005 -13"><span class='ocrx_word' id='word_1_733' title='bbox 3709 4840 3775 4893; x_wconf 88' lang='lat' dir='ltr'><strong>Et</strong></span> <span class='ocrx_word' id='word_1_734' title='bbox 3802 4839 3927 4906; x_wconf 91' lang='lat' dir='ltr'><strong>quid</strong></span> <span class='ocrx_word' id='word_1_735' title='bbox 3950 4834 4395 4905; x_wconf 83' lang='lat' dir='ltr'><strong>ampliusdicam?</strong></span> <span class='ocrx_word' id='word_1_736' title='bbox 4418 4833 5083 4901; x_wconf 69' lang='lat' dir='ltr'><strong>Quandoquidenomnem</strong></span> <span class='ocrx_word' id='word_1_737' title='bbox 5111 4834 5224 4886; x_wconf 85' lang='lat' dir='ltr'><strong>vir-</strong></span> 
     </span>
    </p>
   </div>
   <div class='ocr_carea' id='block_1_108' title="bbox 3637 4920 5223 4988">
    <p class='ocr_par' dir='ltr' id='par_1_108' title="bbox 3637 4920 5223 4988">
     <span class='ocr_line' id='line_1_108' title="bbox 3637 4920 5223 4988; baseline -0.004 -7"><span class='ocrx_word' id='word_1_738' title='bbox 3637 4938 3807 4982; x_wconf 89' lang='lat' dir='ltr'><strong>tutum</strong></span> <span class='ocrx_word' id='word_1_739' title='bbox 3828 4940 4051 4979; x_wconf 88' lang='lat' dir='ltr'><strong>cuneum</strong></span> <span class='ocrx_word' id='word_1_740' title='bbox 4068 4927 4131 4977; x_wconf 89' lang='lat' dir='ltr'><strong>de</strong></span> <span class='ocrx_word' id='word_1_741' title='bbox 4147 4923 4293 4977; x_wconf 88' lang='lat' dir='ltr'><strong>curia</strong></span> <span class='ocrx_word' id='word_1_742' title='bbox 4311 4922 4527 4976; x_wconf 83' lang='lat' dir='ltr'><strong>humani</strong></span> <span class='ocrx_word' id='word_1_743' title='bbox 4544 4922 4720 4975; x_wconf 87' lang='lat' dir='ltr'><strong>cordis</strong></span> <span class='ocrx_word' id='word_1_744' title='bbox 4733 4920 4939 4988; x_wconf 75' lang='lat' dir='ltr'><strong>expellit</strong></span> <span class='ocrx_word' id='word_1_745' title='bbox 4952 4934 5223 4982; x_wconf 84' lang='lat' dir='ltr'><strong>,omuetn-</strong></span> 
     </span>
    </p>
   </div>
   <div class='ocr_carea' id='block_1_109' title="bbox 3638 5009 5223 5085">
    <p class='ocr_par' dir='ltr' id='par_1_109' title="bbox 3638 5009 5223 5085">
     <span class='ocr_line' id='line_1_109' title="bbox 3638 5009 5223 5085; baseline -0.001 -21"><span class='ocrx_word' id='word_1_746' title='bbox 3638 5033 3740 5085; x_wconf 88' lang='lat' dir='ltr'><strong>quc</strong></span> <span class='ocrx_word' id='word_1_747' title='bbox 3770 5018 4019 5068; x_wconf 85' lang='lat' dir='ltr'><strong>vitiorum</strong></span> <span class='ocrx_word' id='word_1_748' title='bbox 4048 5011 4374 5074; x_wconf 82' lang='lat' dir='ltr'><strong>barbariem,</strong></span> <span class='ocrx_word' id='word_1_749' title='bbox 4395 5009 4749 5064; x_wconf 74' lang='lat' dir='ltr'><strong>velutevulsis</strong></span> <span class='ocrx_word' id='word_1_750' title='bbox 4769 5021 5036 5077; x_wconf 85' lang='lat' dir='ltr'><strong>portarum</strong></span> <span class='ocrx_word' id='word_1_751' title='bbox 5056 5024 5223 5075; x_wconf 74' lang='lat' dir='ltr'><strong>repa-</strong></span> 
     </span>
    </p>
   </div>
   <div class='ocr_carea' id='block_1_110' title="bbox 3637 5098 5226 5177">
    <p class='ocr_par' dir='ltr' id='par_1_110' title="bbox 3637 5098 5226 5177">
     <span class='ocr_line' id='line_1_110' title="bbox 3637 5098 5226 5177; baseline -0.005 -18"><span class='ocrx_word' id='word_1_752' title='bbox 3637 5108 3796 5177; x_wconf 88' lang='lat' dir='ltr'><strong>gulis,</strong></span> <span class='ocrx_word' id='word_1_753' title='bbox 3819 5103 4255 5158; x_wconf 86' lang='lat' dir='ltr'><strong>intromittit.Cui</strong></span> <span class='ocrx_word' id='word_1_754' title='bbox 4283 5102 4486 5156; x_wconf 85' lang='lat' dir='ltr'><strong>scilicet</strong></span> <span class='ocrx_word' id='word_1_755' title='bbox 4512 5100 4618 5164; x_wconf 91' lang='lat' dir='ltr'><strong>illa,</strong></span> <span class='ocrx_word' id='word_1_756' title='bbox 4649 5116 4765 5168; x_wconf 72' lang='lat' dir='ltr'><strong>quze</strong></span> <span class='ocrx_word' id='word_1_757' title='bbox 4789 5100 4882 5150; x_wconf 84' lang='lat' dir='ltr'><strong>sub</strong></span> <span class='ocrx_word' id='word_1_758' title='bbox 4910 5098 5226 5164; x_wconf 13' lang='lat' dir='ltr'><strong>spe-ciete!»</strong></span> 
     </span>
    </p>
   </div>
   <div class='ocr_carea' id='block_1_111' title="bbox 3645 5187 5218 5255">
    <p class='ocr_par' dir='ltr' id='par_1_111' title="bbox 3645 5187 5218 5255">
     <span class='ocr_line' id='line_1_111' title="bbox 3645 5187 5218 5255; baseline -0.007 -5"><span class='ocrx_word' id='word_1_759' title='bbox 3645 5213 3787 5250; x_wconf 67' lang='lat' dir='ltr'><strong>rente</strong></span> <span class='ocrx_word' id='word_1_760' title='bbox 3833 5195 4127 5249; x_wconf 79' lang='lat' dir='ltr'><strong>Jerusalem</strong></span> <span class='ocrx_word' id='word_1_761' title='bbox 4173 5194 4398 5255; x_wconf 88' lang='lat' dir='ltr'><strong>dicitur,</strong></span> <span class='ocrx_word' id='word_1_762' title='bbox 4452 5189 4697 5244; x_wconf 74' lang='lat' dir='ltr'><strong>.Ieremite</strong></span> <span class='ocrx_word' id='word_1_763' title='bbox 4765 5187 5026 5242; x_wconf 86' lang='lat' dir='ltr'><strong>sententia</strong></span> <span class='ocrx_word' id='word_1_764' title='bbox 5074 5201 5218 5239; x_wconf 84' lang='lat' dir='ltr'><strong>con-</strong></span> 
     </span>
    </p>
   </div>
   <div class='ocr_carea' id='block_1_112' title="bbox 3640 5276 5220 5356">
    <p class='ocr_par' dir='ltr' id='par_1_112' title="bbox 3640 5276 5220 5356">
     <span class='ocr_line' id='line_1_112' title="bbox 3640 5276 5220 5356; baseline -0.007 -16"><span class='ocrx_word' id='word_1_765' title='bbox 3640 5297 3901 5356; x_wconf 70' lang='lat' dir='ltr'><strong>gruentet&quot;</strong></span> <span class='ocrx_word' id='word_1_766' title='bbox 3919 5295 4170 5353; x_wconf 84' lang='lat' dir='ltr'><strong>aptatur:</strong></span> <span class='ocrx_word' id='word_1_767' title='bbox 4211 5300 4228 5332; x_wconf 75' lang='grc' dir='ltr'>ι</span> <span class='ocrx_word' id='word_1_768' title='bbox 4264 5282 4500 5344; x_wconf 83' lang='lat' dir='ltr'><strong>Manum,</strong></span> <span class='ocrx_word' id='word_1_769' title='bbox 4539 5281 4732 5349; x_wconf 88' lang='lat' dir='ltr'><strong>inquit,</strong></span> <span class='ocrx_word' id='word_1_770' title='bbox 4764 5278 4907 5331; x_wconf 91' lang='lat' dir='ltr'><strong>misit</strong></span> <span class='ocrx_word' id='word_1_771' title='bbox 4935 5276 5109 5330; x_wconf 72' lang='lat' dir='ltr'><strong>hostis</strong></span> <span class='ocrx_word' id='word_1_772' title='bbox 5144 5276 5220 5329; x_wconf 84' lang='lat' dir='ltr'><strong>ad</strong></span> 
     </span>
    </p>
   </div>
   <div class='ocr_carea' id='block_1_113' title="bbox 3643 5366 5222 5445">
    <p class='ocr_par' dir='ltr' id='par_1_113' title="bbox 3643 5366 5222 5445">
     <span class='ocr_line' id='line_1_113' title="bbox 3643 5366 5222 5445; baseline -0.007 -17"><span class='ocrx_word' id='word_1_773' title='bbox 3643 5375 3798 5445; x_wconf 76' lang='lat'><strong>165</strong></span> <span class='ocrx_word' id='word_1_774' title='bbox 3855 5375 4035 5426; x_wconf 86' lang='lat' dir='ltr'><strong>omnia</strong></span> <span class='ocrx_word' id='word_1_775' title='bbox 4077 5370 4451 5426; x_wconf 88' lang='lat' dir='ltr'><strong>desiderabilia</strong></span> <span class='ocrx_word' id='word_1_776' title='bbox 4491 5370 4649 5437; x_wconf 90' lang='lat' dir='ltr'><strong>eius;</strong></span> <span class='ocrx_word' id='word_1_777' title='bbox 4690 5368 4810 5434; x_wconf 66' lang='lat' dir='ltr'><strong>Quia</strong></span> <span class='ocrx_word' id='word_1_778' title='bbox 4853 5366 4983 5417; x_wconf 90' lang='lat' dir='ltr'><strong>vidit</strong></span> <span class='ocrx_word' id='word_1_779' title='bbox 5016 5373 5222 5429; x_wconf 82' lang='lat' dir='ltr'><strong>gentes</strong></span> 
     </span>
    </p>
   </div>
   <div class='ocr_carea' id='block_1_114' title="bbox 3637 5460 5223 5536">
    <p class='ocr_par' dir='ltr' id='par_1_114' title="bbox 3637 5460 5223 5536">
     <span class='ocr_line' id='line_1_114' title="bbox 3637 5460 5223 5536; baseline -0.007 -16"><span class='ocrx_word' id='word_1_780' title='bbox 3637 5469 3905 5536; x_wconf 82' lang='lat' dir='ltr'><strong>ingressas</strong></span> <span class='ocrx_word' id='word_1_781' title='bbox 3935 5463 4301 5517; x_wconf 88' lang='lat' dir='ltr'><strong>sanetuarium</strong></span> <span class='ocrx_word' id='word_1_782' title='bbox 4332 5478 4517 5526; x_wconf 91' lang='lat' dir='ltr'><strong>suum,</strong></span> <span class='ocrx_word' id='word_1_783' title='bbox 4548 5461 4612 5514; x_wconf 92' lang='lat' dir='ltr'><strong>de</strong></span> <span class='ocrx_word' id='word_1_784' title='bbox 4642 5460 4832 5528; x_wconf 88' lang='lat' dir='ltr'><strong>quibus</strong></span> <span class='ocrx_word' id='word_1_785' title='bbox 4871 5470 5223 5526; x_wconf 73' lang='lat' dir='ltr'><strong>prazceperas</strong></span> 
     </span>
    </p>
   </div>
   <div class='ocr_carea' id='block_1_115' title="bbox 3638 5544 5225 5619">
    <p class='ocr_par' dir='ltr' id='par_1_115' title="bbox 3638 5544 5225 5619">
     <span class='ocr_line' id='line_1_115' title="bbox 3638 5544 5225 5619; baseline -0.009 -8"><span class='ocrx_word' id='word_1_786' title='bbox 3638 5573 3707 5611; x_wconf 90' lang='lat' dir='ltr'><strong>ne</strong></span> <span class='ocrx_word' id='word_1_787' title='bbox 3741 5560 4005 5610; x_wconf 88' lang='lat' dir='ltr'><strong>intrarent</strong></span> <span class='ocrx_word' id='word_1_788' title='bbox 4039 5555 4089 5607; x_wconf 91' lang='lat' dir='ltr'><strong>in</strong></span> <span class='ocrx_word' id='word_1_789' title='bbox 4120 5554 4415 5608; x_wconf 74' lang='lat' dir='ltr'><strong>Ecclesium</strong></span> <span class='ocrx_word' id='word_1_790' title='bbox 4450 5563 4591 5605; x_wconf 89' lang='lat' dir='ltr'><strong>tuam</strong></span> <span class='ocrx_word' id='word_1_791' title='bbox 4626 5549 4849 5619; x_wconf 73' lang='lat' dir='ltr'><strong>(Tliren.</strong></span> <span class='ocrx_word' id='word_1_792' title='bbox 4879 5562 4893 5598; x_wconf 92' lang='grc' dir='ltr'>ι</span> <span class='ocrx_word' id='word_1_793' title='bbox 4922 5547 4958 5615; x_wconf 91' lang='grc'><strong>).</strong></span> <span class='ocrx_word' id='word_1_794' title='bbox 4988 5563 5005 5594; x_wconf 71' lang='grc' dir='ltr'><strong>ι</strong></span> <span class='ocrx_word' id='word_1_795' title='bbox 5037 5544 5225 5597; x_wconf 66' lang='lat' dir='ltr'><strong>Nimi-</strong></span> 
     </span>
    </p>
   </div>
   <div class='ocr_carea' id='block_1_116' title="bbox 3638 5633 5226 5713">
    <p class='ocr_par' dir='ltr' id='par_1_116' title="bbox 3638 5633 5226 5713">
     <span class='ocr_line' id='line_1_116' title="bbox 3638 5633 5226 5713; baseline -0.01 -13"><span class='ocrx_word' id='word_1_796' title='bbox 3638 5663 3756 5700; x_wconf 89' lang='lat' dir='ltr'><strong>rum</strong></span> <span class='ocrx_word' id='word_1_797' title='bbox 3809 5661 3969 5713; x_wconf 88' lang='lat' dir='ltr'><strong>quem</strong></span> <span class='ocrx_word' id='word_1_798' title='bbox 4011 5647 4124 5698; x_wconf 66' lang='lat' dir='ltr'><strong>hazc</strong></span> <span class='ocrx_word' id='word_1_799' title='bbox 4161 5642 4500 5698; x_wconf 75' lang='lat' dir='ltr'><strong>atrocissima</strong></span> <span class='ocrx_word' id='word_1_800' title='bbox 4536 5639 4703 5692; x_wconf 90' lang='lat' dir='ltr'><strong>bestia</strong></span> <span class='ocrx_word' id='word_1_801' title='bbox 4757 5635 4994 5689; x_wconf 87' lang='lat' dir='ltr'><strong>cruentis</strong></span> <span class='ocrx_word' id='word_1_802' title='bbox 5040 5633 5226 5687; x_wconf 84' lang='lat' dir='ltr'><strong>semel</strong></span> 
     </span>
    </p>
   </div>
   <div class='ocr_carea' id='block_1_117' title="bbox 3637 5723 5225 5797">
    <p class='ocr_par' dir='ltr' id='par_1_117' title="bbox 3637 5723 5225 5797">
     <span class='ocr_line' id='line_1_117' title="bbox 3637 5723 5225 5797; baseline -0.011 -7"><span class='ocrx_word' id='word_1_803' title='bbox 3637 5737 3885 5791; x_wconf 85' lang='lat' dir='ltr'><strong>faucibus</strong></span> <span class='ocrx_word' id='word_1_804' title='bbox 3915 5735 4172 5797; x_wconf 82' lang='lat' dir='ltr'><strong>devorat,</strong></span> <span class='ocrx_word' id='word_1_805' title='bbox 4210 5748 4237 5784; x_wconf 90' lang='lat' dir='ltr'><strong>a</strong></span> <span class='ocrx_word' id='word_1_806' title='bbox 4276 5732 4484 5785; x_wconf 89' lang='lat' dir='ltr'><strong>cunctis</strong></span> <span class='ocrx_word' id='word_1_807' title='bbox 4522 5729 4674 5782; x_wconf 88' lang='lat' dir='ltr'><strong>bonis</strong></span> <span class='ocrx_word' id='word_1_808' title='bbox 4702 5724 4948 5792; x_wconf 80' lang='lat' dir='ltr'><strong>operibus</strong></span> <span class='ocrx_word' id='word_1_809' title='bbox 4980 5723 5225 5790; x_wconf 85' lang='lat' dir='ltr'><strong>quibus-</strong></span> 
     </span>
    </p>
   </div>
   <div class='ocr_carea' id='block_1_118' title="bbox 3636 5809 5225 5891">
    <p class='ocr_par' dir='ltr' id='par_1_118' title="bbox 3636 5809 5225 5891">
     <span class='ocr_line' id='line_1_118' title="bbox 3636 5809 5225 5891; baseline -0.011 -10"><span class='ocrx_word' id='word_1_810' title='bbox 3636 5830 3757 5882; x_wconf 90' lang='lat' dir='ltr'><strong>dam</strong></span> <span class='ocrx_word' id='word_1_811' title='bbox 3795 5830 3906 5880; x_wconf 90' lang='lat' dir='ltr'><strong>suis</strong></span> <span class='ocrx_word' id='word_1_812' title='bbox 3945 5824 4172 5878; x_wconf 88' lang='lat' dir='ltr'><strong>vinculis</strong></span> <span class='ocrx_word' id='word_1_813' title='bbox 4209 5823 4439 5891; x_wconf 84' lang='lat' dir='ltr'><strong>obligat,</strong></span> <span class='ocrx_word' id='word_1_814' title='bbox 4491 5834 4585 5888; x_wconf 91' lang='lat' dir='ltr'><strong>per</strong></span> <span class='ocrx_word' id='word_1_815' title='bbox 4634 5817 4808 5869; x_wconf 90' lang='lat' dir='ltr'><strong>omnia</strong></span> <span class='ocrx_word' id='word_1_816' title='bbox 4859 5809 5225 5878; x_wconf 68' lang='lat' dir='ltr'><strong>nequissimm</strong></span> 
     </span>
    </p>
   </div>
   <div class='ocr_carea' id='block_1_119' title="bbox 3637 5905 5226 5986">
    <p class='ocr_par' dir='ltr' id='par_1_119' title="bbox 3637 5905 5226 5986">
     <span class='ocr_line' id='line_1_119' title="bbox 3637 5905 5226 5986; baseline -0.013 -11"><span class='ocrx_word' id='word_1_817' title='bbox 3637 5922 3917 5984; x_wconf 82' lang='lat' dir='ltr'><strong>pravitatis</strong></span> <span class='ocrx_word' id='word_1_818' title='bbox 3942 5920 4163 5986; x_wconf 87' lang='lat' dir='ltr'><strong>abrupta</strong></span> <span class='ocrx_word' id='word_1_819' title='bbox 4190 5917 4588 5986; x_wconf 65' lang='lat' dir='ltr'><strong>prmeipitantcr</strong></span> <span class='ocrx_word' id='word_1_820' title='bbox 4609 5910 4850 5963; x_wconf 70' lang='lat' dir='ltr'><strong>effrenat.</strong></span> <span class='ocrx_word' id='word_1_821' title='bbox 4869 5905 4982 5958; x_wconf 74' lang='lat' dir='ltr'><strong>Mox</strong></span> <span class='ocrx_word' id='word_1_822' title='bbox 5009 5918 5226 5972; x_wconf 68' lang='lat' dir='ltr'><strong>nempe</strong></span> 
     </span>
    </p>
   </div>
  </div>
