5392 6492
335 343 420 397 m
1274 339 1524 398 onusc.
1560 340 1668 396 vu.
1703 371 1770 381 .-
1796 339 2000 395 uasa
2036 311 2612 397 cononnntsnus.

3487 323 3590 379 178

335 466 388 512 ιιι
421 453 633 524 quisque
672 453 730 508 in
767 453 912 510 hanc
958 464 1218 511 extremae
1268 458 1588 527 perditionis
1641 458 1895 526 abyssum
1925 461 1973 519 Α
2003 458 2362 514 Sodomorum
2382 495 2397 518 ,
2429 453 2555 524 quia
2589 447 2962 517 unusquisque
2989 457 3134 498 ntmc
3164 447 3316 496 tanto
3348 437 3592 493 deterius

339 545 483 601 fuerit
514 545 722 616 lapsus,
776 561 809 600 a
852 560 1083 615 superna
1134 549 1311 618 patria
1359 549 1513 603 exsul
1563 547 1813 612 efﬁcitur,
1861 565 1892 604 a

337 635 520 693 Christi
555 651 789 706 corpore
823 647 1125 707 separatur,
1158 641 1324 694 totius
1364 640 1619 695 Ecclesia:
1657 642 1896 694 auctori-

340 735 436 781 tate
464 725 829 790 confunditur,
863 727 1104 782 omnium
1145 739 1460 785 sanctorum
1497 729 1719 785 Patrum
1753 732 1898 801 judi-

336 816 410 871 cio
432 819 838 886 condemnatur,
869 818 1010 874 inter
1038 819 1286 875 homines
1315 819 1368 874 in
1401 828 1545 875 terra
1576 820 1895 890 despicitur,

336 921 362 959 a
406 908 696 963 caelestium
745 908 945 963 civium
996 911 1354 965 contubernio
1413 911 1776 982 reprobatur;
1833 913 1896 966 fit

336 997 425 1052 sibi
469 996 660 1052 celum
712 997 980 1062 ferreum,
1035 1008 1091 1054 et
1127 1007 1271 1054 terra
1311 1013 1504 1064 terrea;
1547 1014 1723 1069 neque
1768 1000 1898 1055 illuc

337 1096 495 1155 potest
522 1089 758 1156 pondere
785 1088 1030 1144 criminis
1060 1098 1316 1158 gravatus
1344 1104 1632 1160 assurgere
1661 1106 1675 1153 ;
1719 1104 1897 1157 neque

336 1176 410 1229 hic
443 1190 534 1230 sua
564 1175 705 1229 mala
737 1175 1056 1245 ignorantiae
1085 1176 1311 1232 latibulo
1338 1176 1541 1232 diutius
1579 1177 1854 1234 occultare
1879 1195 1896 1235 ξ

337 1281 428 1319 non
463 1268 547 1321 hic
581 1275 764 1337 potest
799 1267 1070 1338 gaudere,
1109 1269 1235 1323 dum
1275 1268 1445 1332 vivit;
1485 1282 1587 1322 nec
1626 1268 1737 1323 illic
1775 1282 1898 1338 spe-

336 1372 474 1424 rare,
504 1359 627 1414 dum
662 1358 842 1414 deficit
868 1400 884 1424 ,
914 1358 1040 1429 quia
1073 1367 1127 1414 et
1158 1375 1300 1414 nunc
1329 1358 1580 1414 humana
1608 1359 1898 1415 derisionis

332 1449 700 1518 opprobrium,
747 1456 803 1503 et
857 1449 1197 1518 postmodum
1254 1459 1471 1504 aeterna:
1528 1447 1898 1502 damnationis

331 1537 524 1605 cOgitur
565 1534 811 1604 perferre
863 1545 1212 1590 tormentum.
1264 1535 1361 1591 Cui
1413 1535 1664 1590 videlicet
1702 1536 1898 1590 animae

330 1620 453 1677 bene
489 1625 737 1693 congruit
774 1623 860 1678 illa
900 1623 1231 1695 prophetica:
1290 1623 1697 1678 lamentatiouis
1754 1638 1894 1685 vox,

329 1729 424 1784 qua
471 1716 709 1773 dicitur:
747 1736 764 1769 ι
802 1717 968 1781 Vide,
1001 1718 1227 1773 Domine
1251 1756 1266 1782 ,
1321 1718 1579 1787 quoniam
1633 1717 1889 1780 tribulor,

1999 547 2306 616 delinquit,
2349 551 2554 613 quanto
2589 548 2645 594 et
2679 539 2794 609 ipsa
2830 532 3158 604 evangelicae
3197 528 3389 600 gratia
3428 540 3589 580 man-

1999 639 2126 692 data
2159 633 2500 697 contemnit;
2530 639 2585 685 et
2615 643 2684 683 ne
2717 625 3023 681 remedium
3067 617 3430 675 excusatorize
3478 625 3592 670 ter-

1982 726 2381 802 ,giversationis
2428 723 2703 784 inveniat,
2765 717 2960 772 notitia
3007 713 3155 767 illum
3205 711 3402 766 divinae
3454 707 3591 778 legis

2001 823 2266 876 instanter
2309 823 2551 870 accusat.

2069 909 2183 964 Heu
2205 950 2220 972 ,
2247 908 2352 962 heu
2372 945 2388 972 ,
2435 900 2855 972 infelix-,anima
2885 940 2896 951 .
2949 910 3040 950 ~ur
3080 907 3186 949 non
3214 889 3535 948 consideras
3567 905 3596 941 a

1999 977 2217 1074 quan-ue
2248 996 2534 1070 dignitatis
2563 992 2804 1064 culmine
2834 990 2910 1044 sis
2937 988 3110 1059 ejecta
3130 1026 3146 1050 ,
3173 992 3380 1053 quanto
3413 981 3597 1074 splen-

1999 1073 2148 1150 doris
2176 1101 2230 1147 et
2258 1089 2443 1162 gloria:
2473 1087 2549 1142 sis
2585 1086 2783 1142 decore
2827 1079 3073 1137 nudata?
3116 1074 3399 1144 Quomodo
3445 1073 3597 1127 obte-

1999 1184 2082 1239 xit
2128 1182 2364 1252 caligine
2414 1179 2468 1233 in
2523 1177 2706 1232 furore
2751 1187 2852 1228 suo
2899 1169 3162 1224 Dominus
3210 1165 3378 1223 ﬁliam
3429 1163 3598 1223 Sion.

1997 1270 2227 1343 proiecit
2273 1269 2338 1322 de
2376 1265 2518 1321 creto
2558 1265 2611 1318 in
2644 1272 2848 1318 terram
2881 1257 3140 1328 inclytam
3166 1253 3368 1343 Israel,
3399 1263 3594 1321 egres~

2000 1342 2094 1418 Sus
2138 1368 2221 1415 est
2262 1374 2293 1412 a
2342 1357 2450 1410 lilia
2499 1353 2631 1409 Sion
2678 1352 2857 1408 omnis
2885 1350 3049 1404 decor
3077 1345 3196 1415 ejus
3217 1351 3237 1417 (
3262 1342 3456 1398 Thren.
3487 1356 3529 1395 ιι
3561 1345 3599 1408 ).

2002 1453 2114 1521 Ego
2165 1448 2465 1505 calamitati
2521 1456 2626 1500 tua:
2676 1442 3055 1512 compatieus,
3117 1446 3174 1492 et
3232 1435 3590 1506 ignominiam

2003 1553 2150 1598 tuam
2196 1541 2541 1596 amarissime
2578 1535 2820 1598 deflens,
2863 1534 3024 1588 dico:
3056 1551 3074 1583 ι
3109 1529 3440 1585 Defecerunt
3483 1541 3596 1596 pra:

1997 1632 2253 1703 lacrymis
2277 1629 2420 1686 oculi
2455 1628 2558 1682 uici
2581 1668 2594 1690 ,
2636 1624 2956 1682 conturbata
2999 1629 3127 1677 sunt
3165 1621 3376 1674 viscera
3428 1632 3548 1670 mea
3576 1655 3590 1679 ,

1997 1721 2224 1777 eﬂusum
2265 1719 2432 1775 estin
2469 1727 2615 1772 terra
2652 1715 2805 1783 jecur
2844 1729 3022 1769 meum
3063 1725 3226 1780 super
3263 1707 3596 1764 contritione

331 1816 506 1863 venter
540 1825 696 1864 meus
732 1808 1088 1864 conturbatus
1134 1819 1218 1864 est
1239 1849 1255 1873 ,
1307 1810 1626 1864 subversum
1677 1818 1762 1864 est
1797 1823 1893 1863 cor
1926 1803 1967 1861 Β
2000 1816 2122 1869 ﬁlia}
2150 1812 2328 1886 populi
2361 1811 2464 1867 mei
2493 1809 2677 1880 (Ibid.
2703 1808 2763 1877 );
2799 1826 2818 1858 ι
2851 1813 2906 1861 et
2935 1813 2991 1860 tu
3023 1803 3164 1859 mala
3226 1811 3314 1855 tua
3362 1812 3595 1869 pensare

331 1912 494 1951 meum
525 1898 574 1952 in
607 1900 928 1968 memetipsa
948 1940 964 1964 ,
994 1899 1250 1968 quoniam
1284 1899 1441 1967 plena
1472 1914 1591 1952 sum
1625 1898 1889 1952 amaritu-

330 1989 481 2043 dine:
529 1989 660 2045 foris
694 1991 945 2045 interficit
982 1991 1224 2062 gladius,
1257 2001 1310 2046 et
1341 1991 1487 2046 domi
1520 2006 1668 2046 mors
1695 1991 1892 2046 similis

329 2089 406 2131 est
428 2080 444 2148 (
465 2079 653 2135 Threu.
686 2081 760 2152 I).
798 2100 814 2132 ι

890 2173 1122 2229 CAPUT
1166 2174 1326 2230 XVII.

414 2257 626 2317 Flebilis
652 2263 958 2317 lamentatio
989 2280 1151 2332 super
1181 2267 1414 2319 animam
1445 2264 1796 2319 immunditic

845 2334 1085 2386 sordibus
1125 2335 1373 2389 deditam.

395 2441 532 2513 Ego,
585 2458 689 2515 ego
737 2452 820 2506 te,
872 2442 1056 2497 infelix
1105 2444 1317 2505 anima,
1368 2443 1578 2506 defleo,
1627 2452 1790 2513 atque
1834 2459 1898 2497 ex

331 2518 510 2586 intimo
557 2543 780 2602 pectore
827 2533 892 2585 de
944 2543 1048 2586 ture
1096 2533 1415 2602 perditionis
1463 2543 1611 2588 sorte
1661 2534 1897 2602 suspiro.

332 2619 497 2676 Deﬂeo
539 2631 626 2688 te,
677 2623 930 2692 inquam,
966 2623 1293 2677 miserabilis
1327 2624 1504 2676 anima
1547 2623 1902 2678 immunditim

331 2710 568 2768 sordibus
619 2712 836 2778 dedita,
887 2720 1000 2767 toto
1048 2712 1303 2766 nimirum
1346 2713 1706 2784 lacrvmarum
1755 2713 1904 2770 fonte

332 2797 567 2869 lugenda.
597 2800 747 2856 Proh
777 2802 930 2856 dolor
957 2803 970 2856 ε
1005 2801 1138 2869 Quis
1169 2803 1318 2856 dabit
1343 2805 1504 2872 capiti
1537 2818 1658 2858 meo
1683 2819 1900 2872 aquam,

329 2898 380 2942 et
405 2891 573 2946 oculis
602 2891 742 2946 meis
775 2891 976 2946 fontem
1011 2891 1373 2962 lacrymarum
1401 2894 1421 2946 ?
1463 2892 1618 2962 (Jer.
1648 2909 1725 2947 ix.
1752 2895 1770 2964 )
1795 2892 1905 2949 Nec

330 2975 785 3036 inconvenientius
809 2984 924 3038 haec
948 2983 1139 3037 ﬂebilis
1167 2999 1270 3038 vox
1299 3000 1383 3038 me
1408 3001 1548 3060 nunc
1575 2985 1905 3054 singultante

331 3066 680 3137 depromitur,
728 3087 890 3140 quam
938 3085 1068 3126 tunc
1120 3087 1187 3127 ex
1238 3088 1333 3127 ore
1392 3075 1710 3143 prophetico
1757 3073 1903 3128 fere-

2004 1903 2404 1966 dissimulatis,
2456 1910 2623 1970 atque
2674 1897 2888 1951 animos
2943 1911 2975 1949 a
3038 1894 3271 1948 crimine
3331 1904 3592 1949 sumens,

2003 1995 2216 2060 Sedeo,
2248 1994 2331 2049 ais
2353 2033 2368 2056 ,
2397 1993 2622 2062 regina;
2652 1998 2708 2045 et
2737 1988 2895 2042 vidua
2925 2003 3030 2041 non
3063 2001 3183 2039 sum
3209 1986 3222 2038 !
3257 1984 3368 2054 Ego
3411 1981 3590 2050 capti-

2001 2085 2223 2139 vitatem
2254 2091 2400 2137 tuam
2429 2082 2719 2139 miseratus
2760 2075 3006 2132 exclamo
3035 2090 3048 2128 :
3082 2074 3261 2140 Quare
3299 2071 3468 2126 Jacob
3499 2071 3597 2124 du-

2001 2184 2122 2230 ctus
2149 2181 2231 2228 est
2259 2181 2319 2226 ut
2342 2169 2703 2233 vernaculus,
2732 2175 2788 2222 et
2818 2166 2982 2222 Israel
3013 2164 3188 2219 factus
3227 2171 3312 2216 est
3350 2161 3404 2214 in
3447 2174 3592 2229 prae-

2003 2262 2364 2335 dam?(ler.
2399 2261 2504 2331 tt.)
2551 2260 2620 2315 Et
2663 2270 2719 2314 tu
2749 2257 2927 2312 dicis:
2980 2255 3117 2321 Quia
3167 2254 3318 2308 dives
3363 2266 3502 2311 sum,
3543 2260 3598 2304 et

2001 2351 2395 2420 locupletatus,
2428 2357 2483 2404 et
2511 2347 2710 2404 nullius
2747 2359 2904 2417 egeo.
2935 2344 3003 2397 Et
3049 2341 3229 2398 nescis
3275 2340 3400 2410 quia
3451 2350 3506 2392 tu
3535 2355 3595 2391 es

2004 2445 2193 2508 miser,
2226 2440 2579 2506 miserabilis,
2613 2449 2669 2495 et
2705 2453 2928 2510 pauper,
2961 2444 3015 2495 et
3044 2449 3252 2498 orcus,
3283 2440 3338 2494 et
3377 2425 3596 2486 nudus?

2005 2535 2189 2606 (Αροεο
2222 2533 2332 2605 ιιιο)

2075 2625 2378 2692 Perpende,
2428 2623 2618 2683 miser,
2671 2629 2872 2690 quanta
2927 2634 3025 2674 cor
3085 2628 3236 2674 tuum
3288 2614 3596 2670 obscuritas

2005 2724 2216 2785 premat
2245 2732 2259 2779 ;
2303 2713 2677 2768 animadverte
2703 2751 2717 2774 ,
2757 2725 2920 2780 quam
2948 2709 3113 2763 densa
3163 2717 3212 2761 te
3240 2705 3414 2775 caligo
3440 2704 3597 2758 caeri-

2009 2808 2135 2860 tatis
2180 2805 2439 2860 involvat.
2483 2805 2539 2859 ln
2581 2803 2792 2857 virilem
2835 2801 3023 2858 sexum
3065 2799 3215 2852 furor
3257 2809 3309 2850 te
3352 2795 3595 2850 libidinis

2006 2897 2266 2965 impulit?
2311 2895 2366 2949 lu
2415 2907 2560 2949 tuam
2613 2905 2664 2949 te
2705 2893 2972 2962 speciem,
3027 2891 3130 2944 hoc
3171 2899 3281 2947 est,
3314 2887 3490 2939 virum
3539 2885 3591 2936 in

2006 2989 2215 3044 virum.
2249 2987 2474 3040 luxuriae
2503 2985 2680 3039 rabies
2713 2982 3004 3039 incitavit?
3045 2980 3297 3048 Nunquid
3325 2979 3510 3032 hircus
3542 2975 3592 3028 in

2010 3076 2222 3131 hircum
2288 3075 2582 3144 aliquando
2643 3074 2866 3128 libidine
2927 3073 3302 3143 przecipitatus
3365 3069 3597 3123 iusiliit?

330 3154 497 3212 batur.
543 3160 658 3214 Non
707 3162 852 3214 enim
899 3161 1111 3230 lapidea
1161 3164 1366 3218 turrita:
1411 3165 1560 3218 urbis
1600 3180 1906 3235 propugua-
1932 3143 1976 3205 C
2011 3166 2263 3234 Nunquid
2310 3167 2456 3220 aries
2498 3165 2552 3218 in
2597 3166 2822 3220 arietem
2865 3165 3061 3218 ardore
3090 3163 3264 3216 coitus
3294 3159 3597 3214 insanivit?

328 3248 478 3312 cula,
533 3267 641 3305 non
696 3251 988 3306 mazuifacti
1045 3254 1228 3322 templi
1281 3254 1542 3307 subversa
1597 3269 1905 3324 conqueror

328 3337 537 3392 aedilicia
559 3382 573 3405 ,
610 3356 717 3393 non
750 3341 870 3395 vilis
902 3341 1043 3411 vulgi
1077 3343 1294 3412 agmina
1335 3343 1604 3398 lamentor
1634 3343 1701 3397 ad
1728 3343 1904 3412 Baby-

327 3422 479 3481 lonici
515 3429 659 3498 regis
692 3429 980 3497 imperium
1010 3431 1169 3484 ducta
1205 3429 1368 3485 fuisse.
1411 3432 1662 3500 captiva;
1709 3431 1904 3486 nobilis

332 3528 357 3564 a
382 3529 460 3568 me
487 3517 669 3570 anima
700 3517 992 3588 plangitur,
1027 3519 1092 3571 ad
1127 3520 1417 3587 imaginem
1449 3519 1576 3581 Dei,
1607 3525 1661 3572 et
1705 3517 1900 3572 simili-

331 3605 557 3660 tudinem
586 3608 806 3661 coudita
833 3648 847 3671 ,
882 3617 935 3661 et
961 3609 1358 3677 pretiosissimo
1398 3607 1597 3662 Christi
1641 3609 1903 3675 sanguine

328 3706 662 3764 comparata,
711 3696 897 3750 multis
940 3697 1138 3750 clarior
1177 3697 1451 3762 adificiis,
1501 3699 1713 3751 cunctis
1753 3707 1902 3752 certe

330 3792 546 3841 terrenae
577 3788 801 3841 fabricae
829 3786 1164 3858 praeferenda
1200 3787 1448 3856 fastigiis.
1481 3788 1710 3857 insignis
1741 3787 1901 3858 igitur

330 3876 508 3930 anima:
553 3878 802 3946 lapsum,
846 3886 900 3932 et
929 3878 1148 3947 templi,
1180 3878 1229 3930 in
1259 3893 1366 3946 quo
1391 3878 1641 3932 Christus
1688 3879 1900 3931 habita-

328 3974 498 4027 verat,
528 3967 800 4022 lamentor
824 3969 1118 4023 excidium.
1163 3969 1313 4026 Ocali
1349 3970 1450 4023 mei
1484 3969 1744 4040 plorando
1770 3968 1901 4024 defi-

329 4053 451 4119 cite,
483 4057 680 4111 uberes
709 4058 1080 4128 lacrymarum
1125 4060 1270 4113 rivos
1295 4057 1585 4121 effundite,
1619 4058 1896 4114 continuis

329 4143 525 4202 fletibus
562 4151 741 4203 tristia
790 4150 1044 4221 lugubres
1075 4167 1168 4206 ora
1213 4153 1400 4222 rigate.
1453 4152 1729 4208 Deducaut
1774 4169 1896 4209 cum

328 4240 578 4306 propheta
625 4241 771 4295 oculi
820 4243 924 4297 mei
970 4243 1238 4316 lacrymas
1265 4261 1360 4314 per
1386 4245 1529 4299 diem
1561 4255 1616 4299 et
1644 4255 1857 4300 noctem
1879 4289 1894 4311 ,

330 4331 376 4377 et
399 4342 496 4381 non
526 4337 780 4395 taceant,
805 4333 1061 4400 quoniam
1091 4334 1418 4389 contritione
1445 4349 1636 4403 magna
1664 4335 1897 4389 contrita

329 4424 402 4467 est
428 4417 573 4488 virgo
604 4420 713 4472 filia
742 4421 924 4489 populi
955 4422 1255 4492 mei,plaga
1289 4425 1522 4494 pessima
1549 4426 1892 4483 vehementer

332 4504 468 4572 (Jer.
500 4526 590 4564 xiv
618 4512 660 4580 ).
703 4510 838 4565 Filia
881 4513 1080 4582 quippe
1121 4515 1301 4583 populi
1348 4515 1451 4569 mei
1481 4517 1712 4583 pessima
1741 4518 1894 4587 plaga

328 4613 570 4664 percussa
629 4613 754 4669 est;
804 4605 930 4673 quia
977 4607 1194 4670 anima,
1228 4623 1348 4676 quae
1389 4619 1592 4664 sanctae
1642 4611 1898 4666 Ecclesia:

330 4687 492 4746 fuerat
518 4693 666 4757 filia,
699 4694 769 4749 ab
798 4694 952 4749 hoste
994 4696 1210 4749 humani
1259 4698 1473 4768 generis
1513 4699 1618 4754 telo
1659 4701 1895 4756 immun-

330 4777 462 4834 (litim
489 4792 572 4836 est
597 4782 900 4837 crudeliter
927 4785 1166 4839 sauciata
1194 4803 1208 4839 :
1238 4798 1294 4842 et
1331 4803 1452 4859 qua:
1499 4789 1552 4843 in
1596 4789 1716 4844 aula
1759 4791 1900 4862 regis

330 4869 499 4922 aeterni
548 4872 696 4926 lacte
740 4873 880 4927 sacri
916 4873 1113 4943 eloquii
1161 4884 1344 4931 tenere
1391 4892 1455 4932 ac
1493 4877 1726 4933 molliter
1765 4895 1894 4932 enu-

329 4955 580 5012 tricbatur
605 4975 621 5024 ;
656 4975 803 5014 nunc
830 4976 1038 5018 veneno
1066 4961 1303 5018 libidinis
1331 4965 1645 5035 pestilenter
1675 4965 1893 5032 infecta,

331 5041 378 5095 in
403 5047 714 5117 sulphureis
740 5050 1057 5108 Gomorrhm
1081 5055 1356 5110 cineribus
1383 5057 1697 5121 tumefacta,
1733 5075 1795 5113 ac
1824 5059 1898 5112 ri-

329 5135 437 5204 gida
459 5137 647 5206 jacere
681 5143 1034 5216 conspicitur.
1064 5165 1082 5197 ι
1116 5146 1214 5213 Qui
1243 5147 1384 5201 enim
1419 5149 1776 5202 vescebantur
1807 5163 1897 5202 vo-

328 5225 588 5304 luptuose,
632 5232 961 5288 interierunt
1009 5238 1059 5291 iu
1104 5239 1248 5302 viis;
1293 5241 1383 5308 qui
1425 5241 1806 5296 uutriebantur
1843 5241 1896 5296 in

332 5314 476 5389 166
499 5322 746 5386 croceis,
775 5325 1062 5393 amplexati
1092 5337 1218 5382 sunt
1242 5338 1480 5384 stercora
1510 5331 1725 5400 (Tliren.
1761 5333 1888 5401 iV).D

328 5402 534 5466 Quare?
564 5412 819 5479 sequitur
860 5417 1120 5484 propheta
1143 5457 1158 5482 ,
1200 5427 1254 5472 et
1286 5419 1453 5474 dicit:
1491 5440 1508 5470 ι
1540 5419 1674 5488 Quia
1720 5422 1898 5489 major

327 5493 499 5551 effecta
533 5510 619 5554 est
645 5502 909 5572 iniquitas
942 5505 1063 5560 filice
1101 5507 1280 5576 populi
1319 5510 1423 5563 mei
1462 5497 1686 5580 peccato
1726 5510 1897 5565 Sodo-

329 5596 553 5653 morum,
598 5605 725 5660 quaz
762 5591 1020 5648 subversa
1061 5606 1145 5651 cst
1180 5598 1232 5652 in
1272 5608 1548 5654 momento
1586 5599 1769 5669 (Ibid.
1796 5601 1835 5672 ).
1873 5621 1890 5652 ι

328 5672 568 5744 lniquitas
593 5681 798 5751 quippe
815 5683 1133 5742 Christianae
1159 5689 1348 5743 auiuue
1373 5703 1651 5758 peccatum
1679 5703 1894 5761 supcrat

2008 3258 2193 3325 Equus
2222 3272 2414 3324 nempe
2451 3273 2574 3310 cum
2617 3261 2758 3325 equo
2801 3256 2868 3309 ad
2912 3270 3076 3310 unum
3119 3267 3357 3322 praesepe
3397 3249 3596 3304 blande

2006 3357 2061 3400 et
2086 3348 2434 3401 concorditer
2460 3347 2724 3414 pascitur,
2752 3347 2844 3415 qui
2887 3346 3006 3399 visa
3047 3359 3182 3413 equa
3228 3343 3279 3396 in
3325 3340 3595 3395 sensibili-

2009 3447 2170 3491 tatem
2204 3438 2434 3491 luxuria:
2475 3438 2723 3506 protinus
2768 3435 3046 3491 efferatur.
3079 3434 3359 3502 Nunquam
3402 3443 3594 3484 taurus

2010 3535 2223 3580 taurum
2271 3541 2456 3582 amore
2504 3526 2732 3578 coeundi
2781 3525 3093 3594 petulanter
3141 3523 3407 3592 appetiit,
3457 3536 3594 3573 nuu-

2005 3629 2166 3682 quam
2211 3615 2397 3667 asinus
2428 3614 2647 3666 stimulo
2674 3613 3066 3667 coneumbendi
3098 3627 3218 3666 eum
3250 3612 3402 3663 asino
3445 3610 3592 3662 rudi—

2004 3713 2088 3758 tus
2118 3705 2316 3757 cmisit.
2353 3702 2462 3756 lloe
2493 3719 2620 3772 ergo
2650 3703 2841 3772 perditi
2873 3702 3120 3756 homines
3142 3711 3458 3770 perpetrare
3485 3713 3592 3752 non

2001 3802 2283 3856 metuunt,
2312 3791 2455 3860 quod
2488 3793 2599 3860 ipsa
2629 3807 2849 3861 quoque
2874 3790 3033 3843 bruta
3063 3790 3317 3843 animalia
3362 3792 3588 3858 perhor-

2005 3890 2272 3936 rescunt:
2329 3881 2471 3950 quod
2523 3881 2591 3934 ab
2646 3882 2894 3934 humana:
2947 3881 3230 3949 pravitatis
3278 3882 3585 3934 temeritate

2001 3972 2388 4031 committitur.
2431 3970 2884 4025 irrationabilium
2929 3987 3182 4040 ρεςοιίιιιί
3219 3971 3426 4039 judicio
3458 3988 3589 4025 con-

2001 4063 2306 4116 demnatur.
2360 4063 2452 4116 Die
2474 4103 2487 4124 ,
2536 4063 2616 4114 vir
2665 4063 2909 4126 evil-ate;
2943 4064 3242 4132 responde,
3277 4065 3437 4117 homo
3466 4062 3594 4118 effe-

1999 4153 2236 4215 minute,
2291 4153 2416 4222 quid
2472 4154 2523 4205 iu
2583 4154 2698 4205 viro
2747 4154 2976 4222 quaeris,
3021 4154 3253 4221 quodin
3305 4155 3589 4222 temetipso

2001 4244 2245 4296 invenire
2287 4260 2392 4296 non
2444 4245 2668 4312 possis?
2701 4261 2863 4315 quam
2906 4245 3274 4299 diversitatem
3315 4247 3589 4300 sexuum?

2001 4352 2119 4404 quae
2166 4336 2312 4388 varia
2366 4335 2686 4389 lineamenta
2740 4337 3150 4392 membrorum?
3197 4354 3360 4405 quam
3411 4338 3590 4392 molli-

2004 4425 2179 4476 tiem?
2253 4442 2414 4492 quam
2481 4426 2716 4478 carnalis
2781 4426 3051 4480 illecebrae
3121 4429 3587 4482 teneritudinem?

2003 4530 2162 4583 quam
2220 4515 2412 4568 lubrici
2469 4517 2649 4568 vultus
2705 4515 3150 4583 jucuuditatem?
3211 4517 3437 4571 Terre-it
3494 4530 3585 4580 te,

2000 4619 2218 4672 quaeso,
2254 4607 2407 4675 vigor
2453 4606 2735 4660 masculini
2777 4617 3062 4675 aspectus,
3101 4610 3393 4663 abhorreat
3435 4625 3586 4663 mens

2002 4705 2091 4748 tua
2145 4695 2331 4749 viriles
2378 4704 2548 4749 artus.
2603 4696 2879 4751 Naturalis
2919 4701 3116 4768 quippe
3163 4701 3435 4770 appetitus
3473 4699 3589 4752 oili-

2001 4785 2144 4839 cium
2193 4795 2310 4851 est,
2355 4796 2413 4839 ut
2466 4787 2566 4841 hoc
2594 4792 2965 4857 unusquisque
3005 4792 3350 4845 extrinsecus
3379 4801 3580 4854 umet-at

2002 4877 2143 4944 quod
2197 4878 2335 4930 intra
2390 4893 2501 4931 sua:
2556 4880 2828 4934 facultatis
2885 4884 3119 4948 claustra
3178 4885 3418 4953 reperire
3476 4899 3580 4936 non

2002 4969 2162 5022 valet.
2221 4968 2276 5023 Si
2332 4985 2460 5039 ergo
2515 4981 2564 5026 te
2620 4975 2978 5027 contrectatio
3031 4975 3342 5030 masculina:
3406 4975 3584 5029 carius

1999 5058 2226 5111 oblectat
2253 5099 2266 5119 ,
2300 5068 2448 5110 verte
2479 5075 2669 5113 manus
2719 5063 2770 5114 iu
2826 5074 2874 5117 te
2906 5077 2919 5116 :
2969 5074 3023 5117 et
3065 5065 3230 5127 scito,
3263 5065 3393 5132 quia
3428 5065 3581 5131 quid-

2001 5147 2128 5215 quid
2162 5146 2298 5214 apud
2333 5156 2382 5199 te
2411 5163 2516 5199 non
2552 5149 2788 5212 invenis,
2826 5152 2877 5203 in
2910 5152 3084 5204 alieno
3116 5169 3342 5220 corpore
3387 5154 3440 5205 in
3486 5169 3577 5204 va-

1999 5250 2158 5288 cuum
2216 5238 2436 5304 qiueris.
2495 5239 2582 5292 Vze
2637 5242 2763 5294 tibi.
2815 5241 2999 5295 infelix
3043 5245 3262 5296 animal
3315 5244 3380 5296 de
3428 5244 3581 5312 cujus

2001 5325 2218 5378 interitu
2280 5327 2570 5382 tristantur
2620 5333 2826 5400 angeli,
2870 5332 3126 5386 insultant
3168 5334 3444 5402 plausibus
3483 5335 3581 5387 ini-

2004 5415 2124 5466 mici
2154 5433 2168 5478 ;
2201 5417 2338 5468 facta
2368 5432 2427 5470 es
2460 5417 2637 5486 prmda
2664 5420 2967 5474 theuzonum
2987 5464 2998 5483 ,
3034 5423 3218 5492 rapina
3246 5423 3577 5482 crudelium,

2003 5507 2230 5574 spolium
2266 5508 2553 5575 impiorum
2586 5527 2600 5563 :
2637 5529 2652 5560 ι
2685 5510 3026 5581 Aperucruut
3057 5528 3221 5581 super
3252 5521 3303 5567 te
3332 5529 3394 5568 us
3427 5529 3579 5567 suum

2000 5614 2188 5651 uumes
2244 5600 2446 5654 inimici
2509 5603 2625 5664 tui;
2686 5601 3083 5663 sibilaveruut,
3144 5613 3196 5657 et
3246 5602 3584 5658 fremuerunt

2005 5691 2283 5753 tientilius,
2329 5702 2377 5744 et
2413 5690 2664 5746 dixerunt
2697 5713 2707 5745 :
2752 5695 3138 5748 llevoralitnus
3175 5711 3293 5748 eaut
3331 5714 3341 5746 :
3383 5713 3447 5749 cn
3483 5697 3580 5747 ista

4399 6246 5068 6392 ..Δ
