5392 6580
1974 440 2073 494 179

324 0 4607 249 Μ

2427 438 2485 493 S.
2512 438 2716 495 PETRI
2747 437 3025 494 DAMIANI
3058 438 3207 494 OPP.
3231 405 3473 496 .TOMUS
3509 437 3637 494 SEU
3679 438 3856 494 PARS
3892 439 3976 493 Ill.
4003 469 4068 478 —
4094 436 4451 494 OPUSCULA
4493 435 4721 491 VARIA.

5078 434 5162 490 £80

1971 564 2053 607 est
2081 551 2224 617 dies,
2270 568 2429 622 quam
2482 554 2919 621 exspectabamus
2957 571 2970 605 :
3020 552 3341 617 invenimus,
3387 552 3526 605 vidi-
3555 555 3602 612 Α
3634 553 3836 604 laribus
3865 551 4125 605 removeri
4154 565 4258 604 non
4286 549 4529 618 pateris?
4558 548 4612 601 Si
4644 547 4754 612 ipse
4779 546 4997 602 dimisso
5026 547 5164 618 regis:

1978 657 2098 697 mus
2128 644 2147 711 (
2172 642 2359 695 Thren.
2394 658 2429 694 tl
2456 642 2495 710 ).
2531 662 2547 693 ι

2434 731 2587 800 167
2625 730 2851 785 CAPUT
2888 730 3069 785 xvut.

2038 818 2188 884 Quod
2212 819 2323 871 ideo
2352 819 2526 872 anima
2552 820 2696 872 debet
2734 821 2930 890 plangi,
2960 824 3081 889 quia
3109 837 3209 874 non
3231 820 3449 890 plangit.

2038 907 2246 963 Idcirco
2297 924 2394 978 ego
2427 919 2512 975 te,
2545 924 2577 964 ο
2608 911 2929 966 miserabilis
2969 914 3175 973 anima,
3217 921 3294 966 tot
3322 913 3521 967 lamen-

1970 997 2262 1053 tationibus
2291 998 2487 1061 deﬂeo,
2521 1001 2646 1068 quia
2686 1009 2736 1052 te
2772 1000 2897 1054 ﬂere
2934 1016 3036 1053 non
3075 1015 3277 1067 cerno;
3322 1003 3521 1057 idcirco

1965 1101 2067 1155 ego
2113 1102 2211 1157 pro
2254 1096 2305 1142 te
2356 1088 2501 1144 humi
2545 1100 2842 1160 prostratus
2881 1091 3068 1158 jaceo,
3114 1094 3242 1160 quia
3289 1102 3340 1146 te
3381 1094 3519 1147 male

1969 1181 2209 1228 erectam
2241 1185 2361 1244 post
2407 1187 2511 1231 tam
2553 1193 2764 1247 gravem
2810 1178 3014 1247 lapsum
3062 1180 3202 1235 ultro
3248 1183 3405 1235 etiam
3452 1183 3517 1235 ad

1963 1263 2238 1331 fastigium
2294 1264 2643 1321 ecclesiastici
2701 1267 2906 1321 ordinis
2957 1270 3284 1324 conzendere
3339 1270 3511 1323 video.

1963 1349 2231 1405 Caeterum
2269 1351 2314 1405 si
2353 1360 2405 1405 tu
2441 1360 2490 1406 te
2516 1353 2567 1406 in
2596 1354 2897 1408 humilitate
2925 1355 3281 1424 deprimeres,
3321 1371 3418 1424 ego
3451 1357 3516 1410 de

1961 1446 2053 1491 tua
2094 1443 2489 1495 restauratione
2526 1457 2747 1499 securus
2767 1484 2781 1507 ,
2816 1446 2940 1499 totis
2965 1447 3018 1499 in
3049 1446 3272 1501 Do'mino
3298 1449 3515 1503 Visceri-

1960 1527 2063 1583 bus
2087 1529 2408 1584 exsultarem
2433 1547 2446 1594 ;
2479 1531 2524 1585 si
2554 1534 2770 1587 contriti
2799 1536 2974 1589 cordis
3000 1538 3153 1607 digna
3179 1540 3514 1606 compunctio

1960 1621 2199 1687 pectoris
2236 1622 2309 1674 tui
2347 1636 2545 1676 arcana
2583 1633 2934 1690 concuteret,
2973 1642 3071 1696 ego
3108 1642 3211 1681 non
3250 1629 3516 1684 immerito

1955 1708 2244 1765 ineﬂ‘abilis
2271 1711 2468 1766 laetitiae
2498 1713 2730 1780 tripudio
2765 1715 3111 1783 jucundarer.
3147 1719 3351 1773 Idcirco
3389 1734 3514 1789 ergo

1954 1800 2190 1853 maxime
2216 1799 2390 1854 ﬂenda
2420 1816 2507 1865 es,
2537 1804 2661 1869 quia
2691 1818 2794 1856 non
2822 1803 2953 1869 ﬂes;
2985 1806 3103 1860 ideo
3139 1807 3327 1861 alienis
3367 1809 3513 1862 dolo-

3627 642 3902 710 diguilatis
3934 643 4191 709 imperio,
4224 642 4466 695 habitare
4505 637 4665 708 168
4703 639 4755 691 in
4786 638 4944 692 domo
4976 639 5162 707 privata

3627 746 3794 794 usque
3826 731 3891 782 ad
3920 730 4126 783 obitum
4157 746 4261 783 non
4290 729 4503 783 erubuit
4529 746 4541 792 ;
4573 740 4626 781 tu
4657 743 4754 782 cur
4778 743 4806 779 a
4835 727 5162 781 sacerdotalis

3628 824 3785 877 odicii
3830 824 4177 878 confunderis
4208 839 4330 878 arce
4356 825 4684 878 descendere
4707 865 4719 886 ,
4749 833 4805 875 ut
4833 824 4883 876 in
4913 823 5162 892 pcenilett-

3625 912 3707 965 tire
3733 912 4005 980 sepultura
4037 913 4339 974 conclusus,
4373 923 4425 965 te
4452 914 4593 964 inter
4620 914 4766 965 vivos
4791 913 5002 966 studeas
5026 915 5162 980 quasi

3622 1007 3890 1051 mortuuru
3919 999 4179 1067 deputare
4205 1001 4225 1051 ?
4257 1000 4322 1052 Et
4342 1040 4354 1063 ,
4391 1010 4447 1052 ut
4478 1002 4541 1053 ad
4573 1000 4715 1052 illam
4740 999 4874 1054 Joab
4901 1001 5163 1067 mysticam

3620 1101 3959 1139 recurremus
3985 1085 4265 1138 historiam
4287 1126 4299 1148 ,
4329 1085 4372 1137 si
4402 1085 4515 1153 ipse
4542 1086 4720 1153 gladio
4748 1086 5021 1149 corruisti,
5049 1101 5163 1152 quo-

3617 1175 3776 1227 modo
3802 1175 3961 1226 alium
3990 1188 4084 1241 per
4110 1173 4497 1226 sacerdotalem
4524 1175 4748 1243 gratiam
4778 1174 5089 1228 suseitabis?
5112 1173 5162 1229 Si

3621 1260 3734 1328 ipse
3778 1261 4116 1329 exigentibus
4162 1262 4399 1324 meritis,
4443 1262 4650 1330 indiges
4690 1278 4856 1331 pane,
4897 1264 4948 1316 id
4988 1271 5090 1326 est,
5133 1278 5161 1313 a

3617 1347 3813 1401 Christi
3857 1357 4138 1415 separatus
4182 1363 4239 1400 es
4268 1362 4525 1414 corpore,
4566 1364 4672 1416 quo
4702 1356 4857 1416 pacto
4897 1348 5053 1402 alium
5079 1363 5162 1417 po-

3617 1440 3748 1491 teris
3790 1438 4029 1491 ccelestis
4074 1451 4270 1490 mensa:
4310 1437 4537 1505 dapibus
4579 1439 4821 1493 satiare?
4862 1437 4918 1491 Si
4950 1447 5003 1490 tu
5033 1438 5162 1492 Oziat

3616 1527 3760 1593 lepra
3792 1541 3851 1579 es
3880 1540 4164 1594 percussus
4191 1526 4242 1577 in
4274 1524 4447 1578 fronte
4467 1567 4479 1587 ,
4526 1525 4627 1578 hoc
4655 1534 4767 1589 est,
4797 1524 5026 1579 infamize
5048 1536 5161 1580 nota

3616 1617 3989 1671 dehonestaris
4016 1617 4065 1668 in
4109 1616 4261 1679 facie,
4295 1616 4563 1684 quomodo
4597 1617 4755 1669 alium
4783 1617 4979 1685 poteris
5007 1616 5159 1671 obdu-

3617 1716 3699 1757 cta
3731 1705 4029 1772 perpetrati
4069 1704 4313 1757 criminis
4343 1704 4609 1756 alluvione
4640 1704 4913 1773 purgare?
4943 1703 5161 1757 Erubes-

3615 1808 3701 1850 cat
3745 1813 3871 1861 ergo
3919 1794 4203 1848 tumefacta
4252 1797 4502 1864 superbia
4529 1838 4542 1861 ,
4593 1812 4690 1849 nec
4722 1812 4879 1864 super
4906 1810 4962 1850 se
4992 1794 5161 1848 extolli

1957 1890 2109 1943 ribus
2141 1890 2373 1959 indiges,
2411 1892 2535 1957 quia
2575 1892 2894 1946 calamitatis
2933 1903 3034 1948 tute
3067 1896 3359 1963 periculum
3401 1899 3509 1965 ipsa
3544 1870 3588 1929 Β
3617 1885 3850 1937 manu"
3889 1895 4078 1952 θρρειίι

3033 1923 3034 1940 ;
3067 1896 3359 1963 μετίευιυηι
3401 1899 3509 1965 ipsa
3544 1870 3588 1929 Β
3617 1885 3850 1937 inaniter
3889 1895 4135 1952 appetat,
4180 1900 4339 1951 quam
4369 1885 4505 1938 infra
4536 1900 4591 1937 se
4624 1885 4820 1953 proprii
4852 1895 5031 1937 reatus
5057 1898 5162 1938 sar-

1952 1993 2073 2032 non‘
2090 1977 2268 2043 doles;
2299 1988 2354 2033 et
2382 1994 2446 2033 eo
2472 1983 2828 2035 amarioribus
2853 1982 3101 2038 fraterna:
3126 1988 3512 2055 compassionis

1954 2082 2013 2120 es
2045 2065 2259 2122 ﬂetibus
2303 2067 2625 2137 deploranda
2647 2110 2661 2134 ,
2702 2086 2807 2138 quo
2837 2070 2982 2124 nullo
3021 2074 3359 2140 perpenderis
3393 2090 3514 2142 pro-

1951 2158 2085 2225 priae
2110 2158 2345 2212 tristitia:
2370 2173 2605 2215 mwrorc
2633 2161 2840 2214 turbata
2868 2178 2881 2225 ;
2917 2171 2973 2214 ιιι
2999 2164 3124 2228 quid
3153 2163 3512 2218 damnationis

1955 2257 2061 2301 tua:
2087 2252 2292 2316 pondus
2323 2264 2550 2316 pensare
2582 2250 2929 2303 dissimulas?
2958 2261 3011 2302 ut
3038 2252 3165 2318 quid
3196 2261 3245 2304 te
3275 2253 3432 2304 modo
3460 2252 3508 2304 in

1952 2347 2290 2402 peccatorum
2317 2337 2576 2405 profunda
2605 2339 2911 2408 mergendo,
2941 2341 3098 2393 modo
3127 2341 3179 2393 iu
3205 2341 3507 2408 superbiam

1952 2426 2245 2492 elevando,
2299 2428 2436 2481 iram
2490 2430 2584 2483 tibi
2636 2430 2690 2483 in
2742 2431 2825 2485 die
2863 2432 2955 2485 irae
2987 2433 3355 2486 thesaurizare
3400 2450 3505 2488 non

1954 2518 2179 2570 cessas?
2205 2517 2395 2582 Venit,
2427 2519 2572 2572 venit
2605 2534 2766 2588 super
2812 2529 2864 2573 te
2907 2521 3210 2575 maledictio
3238 2522 3320 2575 illa
3345 2564 3359 2586 ,
3390 2538 3508 2591 quae

1951 2621 2018 2659 ex
2062 2621 2157 2660 ore
2199 2606 2366 2660 David
2410 2607 2462 2660 in
2504 2607 2666 2671 Joab,
2696 2616 2751 2661 et
2781 2608 2831 2661 in
2864 2608 3078 2662 domum
3107 2609 3219 2675 eius
3248 2618 3357 2673 est,
3394 2611 3509 2664 fuso

1949 2697 2134 2750 Abner
2172 2697 2460 2765 sanguine,
2496 2696 2748 2763 jaculata.
2794 2697 2968 2751 Pestis
2995 2699 3082 2752 illa
3111 2699 3505 2754 Gomorrhiana

1951 2800 2096 2838 nunc
2128 2785 2181 2838 in
2215 2786 2547 2840 habitatione
2575 2787 2645 2840 tui
2679 2789 2918 2855 corporis
2946 2789 3112 2853 vivit,
3144 2804 3262 2855 qua:
3291 2791 3504 2843 domum

1949 2871 2083 2927 Joab
2112 2875 2347 2929 crudelis
2374 2874 2650 2929 homicidii
2686 2875 2887 2929 ultione
2914 2877 3203 2932 damnavit.
3246 2877 3505 2932 Percusso

1947 2964 2142 3032 quippe
2185 2964 2386 3030 Abncr,
2435 2965 2509 3017 ait
2556 2964 2761 3019 David:
2799 2983 2816 3014 ι
2848 2965 3071 3019 Mundus
3110 2981 3207 3035 ego
3254 2983 3369 3019 sum
3394 3008 3408 3026 ,
3453 2975 3506 3020 et

1945 3066 2170 3122 regnum
2224 3068 2401 3107 meum
2452 3068 2619 3121 usque
2661 3054 2713 3106 in
2753 3056 3135 3122 sempiternum
3177 3070 3205 3107 a
3248 3057 3505 3124 sanguine

1946 3140 2131 3193 Abuer
2162 3139 2253 3192 ﬂlii
2287 3140 2393 3194 Ner
2423 3158 2433 3193 :
2466 3149 2519 3194 et
2544 3142 2725 3194 veniat
2757 3158 2919 3210 super
2945 3153 3097 3211 caput
3130 3143 3262 3197 Joab
3282 3184 3297 3207 ,
3328 3154 3381 3197 et
3410 3161 3501 3197 su-

1941 3243 2043 3296 per
2065 3243 2274 3283 omnem
2300 3230 2514 3283 domum
2542 3230 2710 3297 patris
2737 3231 2873 3299 ejus,
2902 3246 2998 3283 nec
3023 3230 3234 3284 deficiat
3258 3232 3321 3286 de
3347 3233 3503 3285 domo

1943 3317 2081 3372 Joab
2097 3317 2546 3373 Gomorrhianum
2570 3320 2841 3374 sustinens
2866 3319 2948 3388 (II
2967 3320 3087 3389 Reg.
3107 3321 3208 3389 ιιι).
3225 3340 3242 3371 ι
3270 3322 3372 3376 Pro
3396 3339 3505 3390 quo

1942 3406 2182 3461 secunda
2226 3406 2505 3461 translatio
2551 3408 2754 3462 habet:
2801 3408 3025 3461 Fluxum
3075 3410 3295 3463 seminis
3345 3413 3506 3465 susti-

1942 3512 2111 3559 nens,
2144 3506 2199 3551 et
2238 3496 2483 3566 leprosus
2528 3506 2712 3553 tenens
2740 3499 2914 3552 fusum
2938 3540 2952 3562 ,
2984 3508 3037 3553 et
3065 3501 3262 3554 cadens
3292 3501 3465 3571 gladio
3486 3543 3501 3566 ,

1942 3597 1998 3641 et
2047 3588 2291 3657 indigens
2336 3603 2493 3657 pane.
2545 3587 2715 3656 Lepra
2764 3590 2960 3658 quippe
3003 3591 3361 3658 perfunditur,
3409 3593 3500 3660 qui

1896 3686 1901 3691 '
1943 3676 2126 3746 gravis
2152 3676 2356 3744 peccati
2382 3676 2501 3729 labe
2530 3676 2783 3730 fcedatur.
2811 3678 3008 3730 Fusum
3034 3695 3162 3733 vero
3190 3690 3393 3745 tenere,
3422 3691 3503 3735 est

1940 3763 2117 3818 virilis
2162 3764 2287 3817 vita:
2312 3762 2466 3818 fortia
2498 3763 2638 3818 facta
2668 3765 2992 3834 relinquere,
3024 3777 3076 3820 et
3106 3766 3347 3822 feminea:
3373 3786 3502 3823 con-

1943 3837 2268 3905 versationis
2301 3850 2668 3906 illecebrosam
2700 3854 2976 3908 mollitiem
3004 3855 3276 3909 exhibere.
3315 3856 3502 3911 Gladio

1943 3937 2121 4003 cadit,
2170 3939 2261 4006 qui
2305 3938 2542 3992 furorem
2587 3940 2779 3994 divina:
2825 3942 3207 4009 indignationis
3249 3944 3497 4001 incurrit.

1940 4026 2092 4082 Paue
2119 4028 2351 4096 indiget,
2381 4044 2539 4099 quem
2571 4044 2598 4082 a
2628 4031 2969 4099 perceptione
2995 4029 3194 4085 Christi
3224 4034 3496 4101 corporis,

1939 4117 2150 4186 proprii
2193 4127 2373 4173 reatus
2420 4134 2578 4187 poena
2624 4133 2880 4175 coercet:
2927 4122 3020 4175 Ille
3065 4131 3150 4177 est
3174 4123 3315 4177 enim
3343 4125 3497 4192 panis

1938 4205 2095 4259 vivus
2120 4206 2209 4273 qui
2237 4206 2303 4259 de
2333 4207 2467 4260 coelo
2494 4209 2771 4263 descendit
2803 4207 2999 4278 (Jonn.
3029 4225 3081 4262 tv
3102 4210 3143 4280 ).

2016 4293 2077 4349 Si
2112 4308 2240 4364 ergo
2272 4305 2393 4365 post
2417 4295 2618 4350 ﬂuxum
2647 4298 2868 4352 seminis
2896 4298 3135 4367 leprosus
3165 4298 3336 4353 factus
3363 4315 3498 4369 prte-

1941 4392 2102 4453 cepto
2145 4384 2276 4455 legis
2319 4394 2473 4438 extra
2515 4394 2694 4440 castra
2738 4402 2954 4442 manere
2991 4388 3354 4457 compelleris,
3401 4407 3497 4445 cur

1939 4474 2117 4527 adhuc
2163 4474 2216 4527 in
2262 4474 2464 4528 eisdem
2509 4476 2703 4530 castris
2745 4476 2909 4530 etiam
2958 4477 3174 4531 honoris
3207 4478 3492 4546 primatum
3523 4517 3573 4576 Β

1939 4564 2183 4620 obtinere
2227 4567 2551 4621 contendis?
2591 4566 2840 4636 Nunquid
2885 4582 2990 4622 non
3034 4566 3194 4623 Ozias
3236 4585 3331 4623 rex
3373 4585 3493 4623 cum

1940 4653 2174 4720 superbe
2215 4654 2428 4707 adolere
2456 4655 2730 4710 incensum
2755 4672 2915 4724 super
2939 4657 3105 4711 altare
3132 4659 3495 4728 thymiamatis

1936 4742 2235 4808 voluisset,
2266 4752 2550 4813 postquam
2581 4760 2638 4799 se
2662 4746 2817 4815 plaga
2846 4746 3007 4814 lepra:
3034 4747 3248 4801 coalitus
3275 4764 3494 4816 percus-

1940 4848 2060 4887 sum
2101 4835 2356 4901 agnovit,
2395 4850 2502 4888 non
2544 4836 2702 4889 modo
2743 4851 2772 4887 a
2816 4835 3181 4889 sacerdotibus
3211 4837 3277 4891 de
3307 4839 3498 4905 templo

1938 4922 2133 4990 expelli
2159 4923 2426 4991 patienter
2456 4925 2614 4989 tulit;
2648 4926 2740 4979 sed
2782 4934 2837 4979 et
2880 4926 2993 4993 ipse
3033 4925 3280 4981 celeriter
3317 4929 3495 4995 egredi

1937 5012 2257 5067 festinavit?
2298 5012 2566 5082 Scriptum
2610 5016 2802 5082 quippe
2844 5024 2926 5068 est
2954 5034 2967 5067 :
2995 5033 3012 5064 ι
3046 5015 3284 5083 Cumque
3314 5031 3494 5085 respe-

1937 5101 2106 5155 xisset
2131 5116 2249 5154 eum
2272 5102 2494 5156 Azarias
2521 5103 2757 5172 pontifex
2776 5144 2790 5169 ,
2817 5113 2870 5157 et
2891 5118 3075 5157 omnes
3101 5103 3288 5173 reliqui
3316 5120 3498 5158 sacer-

1937 5189 2123 5254 dotes,
2159 5190 2410 5244 viderunt
2447 5190 2648 5261 lepram
2693 5191 2746 5246 in
2788 5190 2962 5246 fronte
2987 5192 3130 5259 ejus,
3160 5201 3211 5246 et
3238 5192 3492 5247 festinato
3520 5246 3536 5253 _

1939 5280 2258 5348 expulerunt
2302 5296 2464 5344 eum;
2494 5300 2512 5332 ι
2548 5298 2776 5350 moxque
2817 5283 3155 5352 subjungitur
3186 5301 3199 5336 :
3234 5303 3250 5334 ι
3288 5285 3392 5338 Sed
3441 5292 3493 5337 et

1937 5370 2052 5438 ipse
2099 5369 2437 5436 perterritus,
2490 5372 2806 5425 acceleravit
2853 5375 3056 5442 egredi,
3105 5389 3169 5428 eo
3196 5377 3336 5444 quod
3370 5391 3491 5430 scn-

1942 5458 2103 5514 sisset
2139 5459 2348 5529 plagam
2394 5461 2601 5514 Domini
2642 5461 2740 5531 (11
2773 5460 2956 5516 Par-al.
2989 5480 3110 5518 xxv:
3136 5463 3173 5529 ).
3207 5484 3226 5517 ι

2011 5548 2068 5602 Si
2111 5564 2202 5603 rex
2244 5549 2510 5617 corporali
2538 5550 2690 5619 lepra
2722 5566 3036 5620 percussus,
3072 5569 3099 5606 a
3127 5555 3494 5609 sacerdotibus

1938 5640 2005 5694 de
2045 5641 2240 5708 templo
2276 5641 2396 5709 ejici
2424 5656 2527 5695 non
2555 5643 2906 5713 contempsit,
2935 5654 2988 5698 tu
3022 5646 3263 5714 leprosus
3291 5648 3345 5701 in
3371 5648 3488 5700 ani-

1940 5743 2023 5781 ma
2043 5770 2056 5797 ,
2103 5746 2198 5785 cur
2241 5740 2317 5788 tot
2346 5743 2653 5789 sanctorum
2684 5735 2900 5791 Patrum
2926 5735 3127 5804 judicio
3155 5753 3183 5792 a
3213 5739 3385 5793 sacris
3415 5739 3490 5791 al-

3612 1979 3728 2031 cina
3759 1994 3862 2029 non
3893 1977 4237 2030 mediocriter
4259 1986 4445 2046 gravat
4471 1995 4484 2041 ;
4514 1979 4681 2030 discat
4708 1977 4845 2030 mala
4873 1991 4965 2029 sua
4992 1975 5163 2030 subtili

3610 2067 4039 2119 consideratione
4063 2067 4394 2135 perpendere
4416 2107 4429 2129 ,
4460 2067 4633 2119 discat
4660 2082 4716 2119 se
4744 2068 4879 2119 intra
4910 2080 5163 2120 mensura:

3611 2169 3718 2208 sua:
3765 2163 3932 2207 metas
3980 2155 4256 2208 humiliter
4302 2156 4594 2219 cohibere,
4643 2171 4709 2209 ne
4749 2157 4871 2209 dum
4916 2158 4997 2220 id,
5027 2157 5162 2225 quod

3611 2251 3754 2304 nullo
3786 2250 3943 2303 modo
3973 2252 4225 2317 praevalet
4267 2251 4516 2319 assequi,
4564 2258 4879 2318 arroganter
4905 2259 5158 2318 usurpet:

3609 2341 3711 2392 hoc
3756 2341 4090 2408 etiamquod
4135 2356 4260 2392 vera
4306 2340 4583 2393 humilitas
4622 2354 4840 2408 sperare
4876 2338 5161 2408 potuisset.

3606 2444 3827 2497 prorsus
3856 2430 4089 2483 amittat.

4186 2520 4409 2574 CAPUT
4449 2520 4586 2573 XIX.

3643 2608 3793 2672 Quod
3822 2609 3973 2661 ruina
4002 2619 4073 2661 est
4104 2609 4311 2677 populi,
4348 2611 4566 2677 oﬁicium
4597 2607 4880 2661 sacerdotis
4911 2607 5127 2676 indigni.

3677 2698 3811 2762 Quid
3839 2707 3919 2751 cst
3938 2738 3951 2761 ,
3986 2713 4188 2766 quaeso,
4216 2713 4246 2749 ο
4274 2698 4608 2751 damnabiles
4633 2698 4874 2752 carnales
4901 2696 5160 2758 homines.

3604 2787 3742 2854 quod
3769 2796 3914 2841 tanto
3944 2787 4253 2841 ambitionis
4280 2788 4472 2841 ardore
4498 2788 4870 2842 ecclesiasticae
4895 2787 5164 2854 dignitatis

3604 2878 3813 2931 culmen
3858 2879 4154 2946 appetitis?
4191 2878 4325 2944 Quid
4371 2888 4488 2942 est,
4531 2879 4670 2946 quod
4711 2885 4862 2932 tanto
4903 2875 5165 2933 desiderio

3602 2977 3796 3020 vestrm
3825 2967 4144 3033 perditionis
4171 2967 4399 3020 nexibus
4443 2967 4536 3019 Dei
4579 2966 4835 3039 populum
4875 2965 5167 3033 illaqueare

3605 3057 3859 3107 tcutatis?
3882 3055 3994 3108 Non
4018 3054 4166 3108 vobis
4193 3053 4417 3117 suﬂicit,
4442 3055 4566 3122 quia
4595 3055 4945 3123 vosmetipsos
4972 3055 5022 3107 in
5053 3054 5159 3119 alta

3608 3141 3904 3193 facinorum
3947 3141 4247 3209 praecipitia
4298 3143 4578 3210 mergitts,
4619 3141 4718 3193 nisi
4765 3142 4934 3193 ruina:
4972 3150 5164 3193 vestrae

3605 3228 3846 3298 periculo
3883 3237 3937 3281 et
3979 3228 4109 3282 alios
4149 3228 4478 3282 involvatis?
4520 3228 4575 3282 Si
4618 3228 4760 3282 enim
4790 3228 5013 3281 fortasse
5043 3228 5164 3296 quis

3603 3316 3813 3378 veniat,
3844 3323 3900 3366 ut
3930 3329 4027 3382 pro
4068 3328 4125 3367 se
4166 3314 4232 3367 ad
4276 3315 4712 3369 intercedendum
4756 3328 4853 3367 nos
4892 3313 5031 3381 apud
5070 3330 5163 3382 po-

3607 3414 3805 3458 tentem
3833 3404 4137 3472 quempiam
4168 3405 4341 3458 virum
4370 3406 4458 3474 qui
4489 3406 4589 3459 sibi
4620 3405 4787 3458 iratus
4807 3445 4821 3470 ,
4852 3403 5005 3458 nobis
5034 3419 5163 3458 vero

3604 3506 3744 3551 esset
3776 3495 4104 3564 incognitus,
4136 3496 4303 3558 dicat,
4334 3497 4577 3566 protinus
4607 3496 4992 3567 respondemus
5020 3514 5034 3551 :
5080 3497 5160 3548 Ad

3603 3582 4038 3636 intercedendum
4068 3583 4249 3635 venire
4283 3597 4387 3635 non
4422 3598 4727 3651 possumus,
4769 3583 4891 3651 quia
4928 3581 5160 3635 familia-

3602 3670 3776 3723 ritatis
3826 3668 3940 3736 ejus
3986 3670 4226 3723 notitiam
4264 3684 4367 3723 non
4408 3671 4686 3724 habemus.
4729 3670 4783 3724 Si
4827 3685 4954 3740 ergo
4999 3671 5161 3724 homo

3602 3758 3740 3824 apud
3783 3757 4083 3820 hominem,
4110 3756 4175 3809 de
4206 3771 4312 3825 quo
4342 3756 4562 3811 minime
4586 3758 4893 3824 praesumit,
4927 3755 5041 3810 ﬂeri
5077 3757 5160 3809 in-

3604 3854 3866 3899 tercessor
3905 3845 4213 3899 erubescit:
4251 3860 4355 3914 qua
4393 3853 4573 3899 mente
4612 3849 4752 3914 apud
4793 3846 4959 3899 Deum
4989 3845 5161 3898 inter—

3600 3936 3862 3990 cessionis
3893 3934 4074 3988 locum
4106 3949 4203 4003 pro
4232 3933 4429 4003 populo
4458 3935 4679 4002 arripit,
4710 3935 4799 4002 qui
4840 3933 5161 3988 familiarem

3600 4041 3660 4081 se
3695 4026 3809 4094 ejus
3852 4025 4042 4095 gratia:
4090 4040 4210 4079 esse
4254 4040 4351 4094 per
4383 4025 4507 4080 vita
4533 4026 4785 4079 meritum
4815 4025 5027 4080 nescit?
5053 4025 5164 4078 Aut

3599 4117 3666 4170 ab
3691 4130 3756 4169 eo
3780 4115 4048 4183 quomodo
4078 4115 4131 4167 in
4159 4115 4278 4168 aliis
4305 4115 4515 4169 veniam
4539 4116 4806 4185 postulat,
4832 4116 4952 4184 qui,
4978 4123 5160 4168 utrum

3599 4207 3699 4261 sibi
3726 4207 3797 4259 sit
3822 4206 4062 4275 placatus
4081 4245 4094 4271 ,
4128 4205 4383 4275 ignorat?
4406 4205 4519 4271 Qua
4547 4206 4597 4259 in
4628 4219 4683 4261 re
4707 4215 4790 4261 est
4814 4206 4987 4260 adhuc
5013 4204 5161 4260 aliud

3600 4295 3882 4351 sollicitius
3913 4295 4307 4349 formidandum
4328 4335 4342 4360 ,
4377 4309 4444 4349 ne
4472 4295 4562 4364 qui
4597 4294 4813 4364 placare
4839 4295 4972 4348 iram
4999 4308 5160 4363 posse

3598 4387 3856 4448 creditur.
3883 4387 4021 4439 hanc
4050 4387 4160 4454 ipse
4185 4400 4250 4439 ex
4277 4386 4498 4454 proprio
4526 4396 4676 4439 reatu
4703 4395 4990 4439 mereatur.
5016 4384 5164 4439 Cttn-

3597 4475 3670 4528 cti
3699 4476 3841 4528 enim
3871 4474 4076 4542 liquido
4103 4475 4369 4538 novimus,
4398 4474 4523 4543 quia
4552 4490 4674 4528 cum
4707 4474 4751 4529 is
4777 4474 4865 4542 qui
4893 4474 5159 4542 displicet,

3596 4569 3661 4621 ad
3708 4566 4146 4621 intercedendum
4190 4566 4445 4632 mittitur,
4487 4566 4607 4619 irati
4652 4566 4862 4620 animus
4904 4565 4969 4619 ad
5011 4566 5164 4619 dete-

3595 4655 3735 4710 riora
3761 4663 4106 4723 provocatur.

3665 4742 3767 4808 Qui
3817 4756 3945 4811 ergo
3995 4743 4170 4795 adhuc
4214 4742 4497 4796 desideriis
4543 4750 4773 4797 terrenis
4821 4741 5159 4808 astringitur,

3598 4842 3801 4896 caveat,
3838 4850 3906 4887 ne
3934 4833 4166 4887 districti
4197 4834 4327 4887 iram
4361 4834 4563 4888 Iudicis
4595 4833 4810 4903 gravius
4836 4832 5158 4894 accendens,

3599 4927 3725 4979 dum
3752 4925 3867 4980 loco
3893 4925 4189 4979 delectatur
4214 4924 4402 4994 gloria:
4420 4965 4434 4988 ,
4465 4924 4557 4978 ﬂat
4583 4923 4807 4977 subditis
4832 4930 5018 4976 auctor
5045 4922 5159 4973 rui-

3597 5031 3697 5068 nae.
3742 5016 3979 5069 Solerter
4022 5030 4149 5083 ergo
4190 5030 4246 5069 se
4291 5016 4520 5083 quisque
4561 5013 4831 5077 metiatur,
4872 5026 4938 5066 ne
4975 5007 5153 5064 locum

3596 5105 3945 5159 sacerdotalis
3985 5104 4144 5157 oﬂlcii
4185 5105 4462 5173 suscipere
4492 5103 4714 5165 audeat,
4744 5102 4788 5154 si
4821 5101 4993 5155 adhuc
5014 5100 5068 5152 in
5098 5113 5161 5152 se

3592 5197 3781 5248 vitium
3820 5194 4201 5248 damnabiliter
4248 5201 4481 5263 regnat;
4526 5208 4592 5246 ne
4637 5192 4716 5255 is,
4759 5205 4915 5258 quem
4947 5189 5158 5242 crimen

3593 5286 3854 5353 depravat
3900 5285 4214 5354 proprium,
4263 5285 4590 5338 intercessor
4637 5281 4750 5335 fieri
4797 5288 5010 5349 appetat
5057 5293 5161 5346 pro

3595 5376 3764 5445 culpis
3791 5377 4043 5431 aliorum.
4091 5375 4302 5429 Parcite
4342 5390 4501 5444 ergo,
4544 5373 4778 5442 parcite,
4821 5379 4874 5424 et
4918 5368 5160 5421 furorem

3603 5466 3693 5520 Dei
3738 5467 4022 5520 adversum
4055 5480 4151 5519 vos
4181 5463 4695 5533 inexstinguibiliter
4723 5460 5018 5515 accendere
5046 5457 5160 5512 for-

3600 5557 3826 5620 midate,
3879 5571 3943 5610 ne
3987 5570 4145 5624 quem
4190 5555 4369 5622 inique
4421 5554 4627 5624 agendo
4663 5559 4907 5621 patenter
4931 5548 5163 5601 offendi-

3601 5646 3701 5707 tis,
3747 5647 3874 5716 ipsis
3919 5662 4132 5715 quoque
4182 5646 4516 5701 orationibus
4561 5645 4739 5698 aerius
4781 5640 5042 5701 irritetis,
5092 5653 5162 5695 ac

3596 5739 3805 5805 propria
3850 5738 3997 5790 ruina
4038 5736 4303 5801 contenti,
4355 5742 4540 5789 cavete
4588 5732 4699 5786 ﬂeri
4746 5730 4930 5785 aliena:
4973 5724 5161 5798 perdi-
