5392 6670
2305 215 2384 224 .-1-
2494 220 2515 225 __
2568 210 2723 223 ὥ-
2760 196 2801 223 Α-
2954 208 2969 219 ν
3028 194 3067 225 ιζκ
3104 222 3107 225 .
3218 200 3221 201 7

1993 232 1996 234 -
2055 229 2064 234 ·
2115 227 2266 244 '...-—.--
2301 237 2314 244 .-
2736 232 2755 237 ‘-
2788 226 2857 249 ;;‘
2884 224 2949 247 *Ἰ*
3014 246 3019 247 ,
3068 242 3071 245 .
3140 234 3177 237 κν

2007 249 2296 288 -ι-ψ
2336 252 2611 275 -υτι-ςττί--ι
2716 250 2759 255 ι’
2836 250 2851 253 -
3316 270 3443 279 τμ-

178 178 3523 335 -
3582 300 3713 305 ν““ί
3752 300 3825 305 --

384 639 481 696 IS!

386 753 548 808 tionis
592 746 862 812 obnoxii»;
916 751 1181 814 quatenus
1225 753 1334 810 quo
1385 733 1775 806 temperantius
1818 742 1965 785 nunc
1996 733 2038 792 Α

390 841 550 913 169
597 837 872 909 peccando
918 831 1173 888 corruitis
1200 868 1214 893 ,
1263 842 1329 883 eo
1377 826 1601 913 facilius,
1640 822 1967 913 quandoque

1350 622 1599 681 opusc.
1634 618 1747 675 vu.
1772 647 1841 659 —
1865 612 2070 672 LIBER
2105 601 2678 666 GOMORRHMNUS.

2068 731 2130 776 ut
2157 721 2252 790 qui
2297 718 2537 773 alienum
2588 710 2907 783 sanguinem
2950 703 3138 759 volens
3176 697 3483 790 effuderat,
3503 696 3666 766 digna

2070 788 2195 869 eum
2237 824 2398 880 poena
2420 804 2763 877 percelleret,
2792 798 2953 869 170
2977 796 3021 852 si
3046 804 3099 850 et
3124 793 3214 849 sui
3235 788 3519 859 sanguinis
3538 800 3671 880 pro-

3562 582 3668 640 182

386 878 1217 999 ῧεῖἕοιζᾝξίίῖινρὲιλίίέιίιῖςέ
1257 930 1354 987 per
1392 914 1489 969 Dei
1534 878 1966 969 misericordiam
2070 903 2294 957 fluvium
2323 898 2555 953 nolendo
2589 894 2865 993 toleraret.
2900 888 3017 999 Sed.
3049 885 3178 999 quia
3211 878 3668 999 ditidi'ffililld:

388 1013 707 1085 resurgatis.

986 1093 1215 1151 CAPUT
1250 1092 1368 1148 XX.

414 1193 461 1259 ρ
478 1192 580 1251 ιιοά
609 1190 671 1245 de
697 1187 941 1244 manibus
964 1184 1357 1259 immundorum
1382 1183 1511 1237 nolit
1540 1180 1679 1235 Deus
1706 1179 1937 1247 accipere

1007 1255 1348 1323 sacriﬁcium.
1440 1268 1449 1274 ‘

462 1352 614 1425 Quod
636 1352 682 1407 si
712 1351 825 1421 ipse
848 1347 1193 1418 omnipotens
1233 1346 1376 1400 Deus
1414 1345 1481 1399 de
1503 1340 1753 1397 manibus
1782 1337 1975 1396 vestris

388 1444 717 1501 sacriﬁcium
751 1441 1078 1512 dedignatur
1106 1437 1389 1506 accipere,
1430 1434 1522 1505 qui
1553 1448 1651 1488 vos
1690 1432 1855 1496 estis,
1884 1429 1976 1499 qui

390 1534 599 1592 nolenti
642 1534 947 1603 importune
992 1530 1335 1603 presumatis
1395 1527 1688 1599 ingerere?
1735 1525 1979 1584 Victimre

392 1623 593 1694 quippe
619 1623 905 1693 impiorum
934 1619 1325 1676 abominabiles
1354 1618 1583 1673 Domino
1616 1616 1803 1689 (Prov.
1838 1614 1975 1683 xxi).

394 1715 505 1770 Sed
536 1713 629 1783 qui
656 1727 742 1767 me
771 1710 1223 1774 stomachamini,
1270 1707 1737 1780 atque-despicitis
1766 1703 1981 1759 auscul-

398 1816 521 1859 tare
562 1804 922 1867 scribentem;
978 1802 1152 1871 ipsum
1203 1800 1395 1855 saltem
1442 1799 1626 1853 audite
1666 1795 1982 1867 prophetico

395 1892 549 1946 vobis
572 1905 667 1949 ore
692 1890 998 1960 loquentem
1026 1909 1038 1943 :
1067 1891 1263 1959 ipsum,
1295 1890 1536 1959 inquam,
1563 1887 1745 1943 audite
1768 1885 1984 1941 concio-

396 1987 635 2046 nantem,
667 1978 1040 2043 intonantem,
1085 1989 1264 2033 vestra
1296 1976 1566 2033 sacriticia
1612 1984 1981 2045 reSpuentem,

2072 992 2140 1046 ad
2187 990 2292 1044 hoc
2322 988 2507 1056 usque
2533 982 2921 1054 pervenimus,
2963 984 3022 1031 ut
3056 983 3113 1030 et
3160 974 3339 1044 ipsum
3374 968 3672 1025 Dominum

2075 1080 2478 1137 immundortnn
2532 1072 2803 1129 sacrificia
2855 1068 3261 1137 reprobantem,
3305 1069 3364 1117 et
3400 1065 3677 1116 contesta-

2077 1170 2215 1228 torie
2249 1167 2628 1237 prohibentem
2662 1159 2869 1231 liquido
2918 1164 3350 1211 monstraremus
3376 1165 3389 1201 :
3414 1146 3553 1233 ’quid
3578 1160 3679 1199 nos

2078 1268 2395 1331 peccatores
2424 1256 2705 1317 miramur,
2733 1250 2777 1306 si
2809 1248 2985 1303 abhis
3008 1248 3059 1299 in
3089 1254 3274 1299 nostra
3303 1239 3679 1331 admonitione

2078 1326 2517 1406 contemnimur?
2543 1345 2601 1399 Si
2633 1342 2831 1397 divina:
2857 1337 3006 1392 vocis
3037 1333 3323 1405 imperium
3349 1326 3677 1401 parvipendi

2080 1442 2382 1495 incrassato
2408 1436 2764 1507 reproborum
2786 1428 2954 1486 corde
2978 1418 3380 1495 conspicimus;
3415 1416 3543 1489 quid
3577 1416 3684 1470 mi-

2081 1544 2199 1583 rum
2231 1529 2275 1582 si
2307 1524 2463 1581 nobis
2486 1538 2593 1578 non
2622 1520 2865 1577 creditur
2884 1555 2900 1581 ,
2930 1516 3021 1586 qui
3048 1524 3195 1569 terra
3229 1508 3455 1568 sumus?

2669 1629 2900 1687 CAPUT
2938 1626 3080 1682 XXI.

2086 1727 2239 1793 Quod
2267 1725 2416 1780 nulla
2444 1722 2744 1783 sanctitatis
2786 1720 2983 1793 oblatio
3013 1735 3061 1793 a_
3087 1716 3194 1793 Deo
3217 1714 3505 1784 suscipitur
3525 1752 3539 1778 ,
3566 1722 3683 1781 qua

2394 1792 2742 1851 inmunditia:
2772 1790 3017 1845 sordibus
3044 1788 3379 1857 inquinatur.

2161 1886 2282 1941 Jam
2315 1900 2447 1956 ergo
2476 1884 2567 1953 qui
2614 1890 2930 1938 sanctorum
2961 1878 3185 1933 Patrum
3215 1873 3515 1931 reverenda
3553 1886 3682 1927 con-

2086 1976 2211 2033 cilia
2241 1974 2490 2045 despicit,
2517 1974 2609 2043 qui
2639 1970 3005 2041 apostolorum
3034 1966 3563 2038 apostolicorumquc
3606 1963 3687 2016 vi-

397 2070 595 2126 vestris
642 2068 920 2140 obsequiis
972 2070 1187 2139 publice
1240 2070 1647 2135 reclamantetn.
1700 2068 1789 2121 Ait
1836 2067 1981 2121 enim
2018 2076 2058 2134 Β
2091 2081 2273 2121 rerum
2306 2072 2575 2135 prmccpta
2599 2059 2932 2124 contemnit,
2966 2059 3059 2129 qui
3085 2056 3363 2113 canonica:
3388 2052 3689 2109 sanctionis

394 2161 627 2218 eximius
668 2163 1051 2232 prophetarum
1083 2161 1281 2226 Isaias,
1334 2161 1442 2214 imo
1473 2160 1712 2229 Spiritus
1758 2167 1981 2215 sanctus

394 2267 493 2323 per
516 2268 578 2308 os
593 2252 773 2309 Isaiae:
806 2271 825 2304 ι
854 2254 1071 2317 Audite,
1101 2254 1291 2323 inquit,
1318 2252 1543 2309 verbum
1574 2250 1808 2314 Domini,
1836 2251 1983 2319 prin-

394 2350 545 2409 etpes
576 2341 957 2406 Sodomorum,
1010 2343 1268 2412 percipite
1296 2343 1520 2395 auribus
1548 2340 1719 2409 legem
1758 2339 1847 2393 Dei
1882 2354 1995 2391 noq-

394 2430 493 2483 stri
521 2469 534 2491 ,
579 2429 806 2499 populus
851 2428 1189 2484 Gomorrhm.
1237 2428 1354 2496 Quo
1401 2429 1533 2483 tnilti
1582 2428 1981 2481 multitudinem

398 2520 740 2575 victimarum
770 2530 1106 2585 vestrarum,
1141 2522 1271 2577 dicit
1314 2520 1608 2576 Dominus?
1638 2520 1836 2573 Plenus
1862 2534 1983 2573 sum

399 2612 713 2667 ltolocausto
754 2612 1017 2675 arietum,
1044 2620 1098 2668 et
1125 2613 1282 2682 adipe
1322 2611 1599 2683 pinguium
1632 2630 1644 2663 :
1683 2620 1737 2666 et
1771 2610 1986 2680 sangui-

398 2716 522 2757 nem
553 2700 864 2769 vitulorum,
895 2710 951 2756 et
974 2717 1235 2772 agnorum
1263 2710 1318 2757 et
1351 2702 1626 2757 hircorum
1652 2700 1819 2756 nolui.
1850 2701 1982 2755 Cum

399 2792 659 2848 veneritis
682 2802 808 2847 ante
835 2802 1182 2863 conspectum
1210 2806 1411 2859 meum,
1442 2793 1563 2861 quis
1594 2792 1845 2860 quzcsivit
1873 2792 1987 2846 hac

397 2882 467 2936 de
508 2882 758 2938 manibus
787 2882 984 2937 vestris
1008 2922 1022 2946 ,
1055 2892 1115 2936 ut
1145 2882 1499 2937 ambularetis
1528 2882 1581 2935 in
1631 2880 1785 2935 atriis
1815 2882 1989 2937 meis?

399 2968 477 3024 Ne
511 2968 750 3025 olferatis
768 2970 909 3025 ultra
933 2972 1257 3027 sacrificium
1278 2970 1511 3037 frustra;
1550 2971 1831 3027 incensum
1858 2976 1989 3028 abo-

399 3062 630 3116 minatio
652 3071 735 3116 est
757 3061 890 3116 mihi
924 3080 938 3116 :
968 3064 1299 3129 neomenias,
1331 3071 1387 3117 et
1414 3060 1735 3128 Sabbatum,
1762 3072 1817 3118 et
1842 3062 1989 3119 festi-

396 3135 601 3205 vit'ates
633 3150 785 3206 'alias
808 3167 912 3207 non
949 3151 1155 3219 feram;
1189 3152 1359 3221 iniqui
1406 3162 1532 3207 sunt
1579 3162 1756 3208 cattus
1787 3154 1986 3221 vestri;

398 3241 674 3298 Kalendas
724 3253 966 3310 vestras,
1021 3254 1077 3300 et
1137 3244 1510 3301 solemnitates
1559 3255 1775 3299 vestras
1822 3244 1994 3299 odivit

398 3334 579 3388 anima
610 3349 726 3389 mea
753 3351 768 3399 ;
804 3334 944 3391 facta
966 3345 1091 3389 sunt
1119 3335 1252 3389 mihi
1274 3335 1497 3389 molesta
1519 3375 1534 3399 ,
1565 3334 1805 3389 laboravi
1827 3336 1994 3406 susti—

2087 2160 2262 2215 edicta
2294 2155 2576 2226 prteterire
2605 2168 2714 2209 non
2738 2152 2951 2215 metuit,
2977 2151 3067 2222 qui
3094 2149 3262 2219 ipsius
3283 2148 3479 2204 divinae
3508 2155 3690 2201 aucto—

2088 2250 2265 2305 ritatis
2286 2247 2572 2317 imperium
2596 2243 2960 2315 ﬂoccipendit,
2992 2241 3367 2298 admonendus
3391 2250 3473 2295 est
3494 2239 3690 2295 saltem

2087 2351 2146 2396 ut
2192 2341 2337 2395 diem
2387 2336 2691 2394 vocationis
2722 2350 2834 2391 sua:
2870 2344 2996 2389 ante
3035 2332 3224 2389 oculos
3254 2340 3454 2403 ponat;
3499 2339 3554 2385 et
3584 2345 3693 2400 quo

2088 2432 2308 2502 gravius
2338 2437 2562 2500 peccat,
2609 2441 2674 2483 eo
2722 2425 2913 2480 durius
2944 2438 3001 2479 se
3036 2424 3392 2494 judicaudum
3431 2435 3552 2477 esse
3584 2436 3694 2476 non

2088 2524 2354 2593 ambigat.
2390 2521 2549 2575 Sicut
2595 2518 2699 2574 sub
2733 2520 2917 2587 specie
2946 2516 3241 2586 Babylonis
3284 2516 3351 2570 ab
3385 2514 3580 2585 angelo
3614 2514 3695 2569 di.

2088 2615 2273 2681 citur:
2320 2631 2341 2665 ι
2378 2612 2652 2679 Quantum
2696 2626 2757 2665 se
2795 2608 3096 2674 exaltavit,
3165 2616 3185 2662 t
3226 2608 3281 2661 in
3320 2607 3532 2663 deliciis
3570 2605 3693 2669 fuit,

2092 2713 2303 2763 tantum
2346 2703 2471 2757 date
2508 2701 2558 2756 ei
2596 2708 2869 2755 tormenta
2903 2708 2957 2753 et
2995 2699 3176 2753 luctus
3216 2697 3403 2769 (Apoc.
3449 2698 3630 2768 xvtu).
3673 2718 3691 2750 ι

2089 2792 2476 2850 Admonendus
2506 2799 2615 2857 est,
2652 2798 2712 2845 ut
2734 2789 3066 2853 consideret,
3109 2788 3237 2859 quia
3262 2789 3502 2858 quandiu
3535 2786 3699 2857 hujus

2092 2886 2207 2941 vitii
2239 2886 2431 2940 morbo
2478 2882 2732 2938 laborare
2772 2896 2879 2935 non
2910 2887 3129 2946 cessat,
3176 2878 3344 2935 etiam
3393 2878 3437 2933 si
3490 2876 3704 2946 aliquid

2091 2979 2221 3035 boni
2249 2992 2412 3049 agere
2439 2975 2705 3039 cernitur,
2735 2972 3017 3041 suscipere
3063 2978 3244 3025 tamen
3273 2968 3557 3039 praemium
3587 2981 3696 3022 non

2097 3076 2362 3124 meretur.
2388 3065 2500 3120 Nec
2542 3062 2650 3117 ulla
2695 3060 2918 3131 religio,
2949 3058 3095 3115 nulla
3142 3072 3277 3114 sane
3320 3054 3698 3120 mortificatio,

2094 3160 2238 3215 nulla
2269 3158 2391 3212 vitae
2416 3155 2679 3227 perfectio
2708 3152 2881 3207 oculis
2918 3150 3137 3221 superni
3164 3148 3370 3205 Iudicis
3412 3147 3573 3219 digna
3607 3147 3703 3201 dea

2094 3252 2361 3316 cernitur,
2411 3264 2531 3319 quae
2563 3256 2671 3302 tam
2699 3244 2874 3314 turpis
2914 3242 3274 3298 immunditiis
3318 3240 3571 3297 sordibus
3608 3239 3696 3293 in-

2097 3343 2380 3412 quinatur.

399 3439 555 3479 nens.
585 3424 795 3479 Etcum
824 3424 1181 3481 extenderitis
1217 3424 1412 3481 manus
1450 3433 1663 3481 vestras
1683 3464 1699 3491 ,
1747 3434 1989 3479 avertam
2020 3420 2064 3480 (ἶ
2172 3432 2243 3491 Ut
2262 3442 2444 3487 autem
2472 3430 2739 3500 probetur
2784 3443 2972 3485 verum
3002 3442 3125 3481 esse
3155 3424 3305 3495 quod
3341 3423 3575 3487 dicitur,
3606 3436 3702 3476 ve-

398 3514 588 3571 oculos
618 3530 769 3571 meos
795 3530 823 3569 a
869 3515 1056 3571 vobis:
1097 3524 1152 3571 et
1195 3532 1317 3571 cum
1350 3516 1836 3586 multiplicaveritis
1863 3532 1991 3571 ora-

402 3605 631 3670 tionem,
656 3619 762 3658 non
786 3606 1100 3671 exaudiam;
1124 3621 1319 3664 manus
1342 3608 1486 3661 enim
1510 3617 1705 3662 vestra:
1730 3609 1994 3677 sanguine

400 3696 578 3766 plena:
606 3706 732 3752 sunt
759 3695 896 3768 (Ita.
924 3696 985 3767 ι).
1011 3716 1030 3750 ›
1050 3696 1500 3754 Anitnadvertitis
1516 3698 1701 3768 igitur,
1726 3698 1848 3769 quia
1868 3700 1995 3754 licet

400 3788 585 3843 omnia
615 3787 870 3843 vitiorum
902 3789 1043 3844 mala
1074 3788 1269 3845 divina:
1311 3790 1671 3859 correptionis
1714 3791 1991 3845 sententia

400 3877 767 3934 communiter
799 3877 975 3946 feriat,
1006 3879 1059 3933 in
1080 3881 1365 3951 principes,
1389 3890 1569 3936 tamen
1605 3880 1991 3949 Sodomorum,

400 3978 458 4024 et
486 3969 736 4042 populum
765 3969 1080 4025 Gomorrbae
1107 3972 1478 4041 principaliter
1498 3971 1737 4042 iaculata
1766 3974 1993 4029 descen-

403 4059 531 4124 dat;
566 4067 623 4111 ut
643 4041 965 4115 sF‘hutnan-a:
1010 4061 1352 4125 attestationi
1373 4062 1596 4119 credere
1626 4062 1859 4118 fortasse
1885 4063 1997 4119 dis-

402 4150 648 4216 simulat,
678 4166 842 4221 quam
867 4153 937 4206 sit
966 4154 1067 4209 hoc
1091 4155 1318 4210 mortale
1347 4156 1559 4218 vitium,
1590 4156 1775 4213 divino
1799 4157 1992 4214 saltem

407 4243 739 4307 testimonio,
764 4243 1120 4317 litigiosorum
1146 4248 1427 4303 temeritas
1460 4248 1791 4319 acquiescat.

478 4334 536 4389 Si
564 4342 743 4390 autem
770 4336 836 4390 ab
865 4336 1045 4407 aliquo
1078 4338 1235 4394 nobis
1257 4349 1583 4409 opponatur,
1618 4340 1760 4409 quod
1794 4326 1846 4396 in
1872 4356 1997 4410 pro-

406 4425 621 4493 phetica
669 4424 947 4483 locutione
982 4426 1329 4497 subiungitur
1367 4447 1380 4481 :
1423 4446 1445 4482 ι
1504 4430 1731 4497 Manus,
1786 4432 1996 4502 inquit,

406 4525 606 4570 vestrm
633 4520 894 4589 sanguine
936 4520 1104 4589 plenae
1153 4530 1318 4585 sunt;
1365 4541 1384 4573 ι
1436 4531 1495 4575 ιιι
1534 4523 1786 4578 videlicet
1830 4524 1884 4579 in
1917 4524 1998 4580 di-

408 4604 546 4659 vina:
593 4602 922 4662 inventionis
961 4607 1185 4663 oraculo
1231 4592 1785 4677 magis'homieidium
1832 4627 1994 4682 quam

408 4695 592 4749 carnis
618 4696 1013 4752 immunditiam
1047 4700 1173 4754 velit
1202 4699 1447 4771 intelligi,
1481 4702 1693 4757 noverit
1719 4704 1771 4757 in
1795 4704 1995 4760 divmis

2097 3524 2354 3579 nerabilis
2383 3524 2541 3577 Beda:
2575 3522 2946 3578 testimonium
2995 3519 3048 3574 in
3082 3517 3319 3573 medium
3350 3514 3655 3571 deducatur
3684 3531 3697 3567 :

2103 3637 2127 3668 ι
2158 3618 2298 3685 Qui,
2348 3617 2558 3687 inquit,
2601 3617 2673 3671 ita
2700 3616 3101 3685 eleemosynam
3142 3611 3364 3676 tribuit,
3395 3618 3455 3664 ut
3480 3607 3707 3678 culpam

2098 3726 2202 3764 non
2230 3710 2504 3774 dimittat,
2551 3710 2791 3765 animam
2831 3721 2939 3761 non
2986 3704 3235 3769 redimit,
3285 3716 3450 3772 quam
3489 3717 3519 3755 a
3553 3699 3702 3754 vitiis

2096 3816 2203 3855 non
2234 3800 2550 3869 compescit.
2582 3818 2601 3850 ι
2636 3797 2749 3852 Hoc
2784 3796 2874 3851 ille
2903 3794 3132 3849 eremita
3164 3807 3263 3848 suo
3292 3790 3437 3846 facto
3465 3787 3699 3861 probat,

2095 3890 2185 3960 qui
2216 3904 2341 3944 cutn
2373 3888 2559 3943 multis
2597 3886 2896 3941 virtutibus
2924 3900 3046 3939 cum
3078 3898 3178 3938 suo
3224 3882 3463 3951 quodam
3494 3876 3699 3950 dollega

2095 3981 2458 4045 deservisset,
2502 3980 2618 4035 haec
2647 3977 2724 4032 illi
2754 3990 2851 4047 per
2880 3974 3158 4031 diabolum
3195 3971 3391 4040 injecta
3441 3970 3701 4041 cogitatio

2095 4082 2177 4126 est
2203 4088 2217 4124 :
2260 4080 2321 4125 ut
2343 4070 2776 4139 quandocunque
2805 4063 3027 4120 libidine
3056 4061 3392 4128 titillaretur,
3415 4060 3495 4116 sic
3514 4074 3705 4115 semen

2096 4163 2298 4218 dett-itu
2326 4161 2578 4233 genitalis
2612 4159 2843 4214 membri
2880 4172 3103 4229 egerere
3134 4155 3395 4221 deberet,
3443 4163 3705 4224 tanquam

2098 4256 2350 4327 phlegma
2372 4256 2439 4311 de
2470 4254 2698 4308 naribus
2729 4250 3054 4323 projiceret;
3096 4250 3189 4321 qui
3219 4248 3289 4305 ob
3333 4248 3388 4303 id
3419 4256 3476 4303 et
3503 4247 3695 4302 dieme-

2096 4347 2256 4402 uibus
2280 4346 2542 4412 moriens,
2566 4345 2782 4401 vidente
2800 4342 2973 4407 socio,
3000 4341 3231 4395 traditus
3258 4347 3362 4394 est.
3392 4336 3529 4392 Tum
3558 4336 3704 4391 idem

2098 4437 2278 4491 socius
2308 4443 2519 4491 reatum
2551 4433 2669 4505 ejus
2696 4434 2990 4506 ignorans,
3017 4433 3135 4488 sed-
3153 4429 3417 4487 exercitia
3439 4428 3705 4482 virtutum
3760 4454 3767 4457 -

2101 4518 2348 4583 recohus
2372 4567 2389 4595 ,
2420 4542 2561 4597 pene
2608 4525 2960 4595 desperavit,
2992 4523 3221 4580 dicens:
3258 4521 3303 4579 Ο
3344 4520 3467 4591 quis
3504 4518 3708 4591 poterit

2098 4619 2284 4674 salvus
2309 4619 2467 4675 esse?
2508 4617 2784 4688 quomodo
2816 4616 2921 4672 iste
2944 4614 3149 4687 periit?
3192 4613 3293 4668 Cui
3324 4627 3452 4668 mox
3480 4610 3706 4682 angelus

2100 4719 2310 4779 astans,
2334 4711 2513 4766 dixit:
2548 4710 2627 4765 Ne
2666 4708 2940 4775 turberis;
2988 4708 3092 4764 iste
3139 4702 3308 4772 enim,
3356 4704 3488 4760 licet
3532 4703 3703 4758 multa

408 4786 640 4855 eloquiis
666 4788 843 4841 omnia
869 4797 1090 4859 peccata
1117 4768 1438 4862 sanguinein
1467 4795 1795 4864 nuncupari;
1823 4794 1993 4850 David
2028 4768 2071 4826 ι)
2102 4768 2309 4867 fecerit;
2338 4814 2516 4857 tamen
2540 4817 2638 4872 per
2663 4800 2794 4857 illud
2824 4768 3037 4867 virium,
3064 4799 3207 4870 quod
3228 4768 3523 4869 Apostolus
3544 4801 3708 4851 vocat

408 4886 718 4942 attestante,
755 4884 844 4952 qui
887 4887 965 4941 ait
1001 4903 1015 4939 :
1068 4905 1086 4939 t
1121 4884 1321 4943 Libera
1365 4901 1453 4942 me
1500 4888 1580 4943 de
1610 4889 1991 4959 sanguinibus,

411 4970 555 5026 Deus
574 5012 589 5037 ,
620 4972 761 5029 Deus
788 4975 978 5032 salutis
1004 4992 1140 5038 mea:
1166 4976 1339 5049 (Psal.
1367 4979 1443 5050 ι).
1477 4998 1495 5031 t
1531 4980 1921 5037 Verumtamen
1948 4983 1995 5038 si

410 5074 464 5117 et
490 5064 650 5133 hujus
677 5068 789 5122 vitii
819 5080 1070 5125 naturam
1106 5072 1422 5127 studeamus
1465 5070 1694 5128 solerter
1726 5074 1996 5144 inspicere

411 5161 464 5206 et
490 5155 835 5224 physicorum
865 5158 1010 5215 dicta
1045 5160 1115 5216 ad
1159 5162 1477 5217 memoriam
1522 5178 1803 5230 revocare,
1840 5166 1993 5221 iuve-

412 5245 593 5300 nimus
618 5248 841 5303 seminis
862 5248 1069 5306 fluxum
1095 5266 1163 5306 ex
1185 5255 1465 5324 sanguinis
1496 5256 1705 5325 origine
1737 5273 1993 5327 procrea-

404 5344 549 5389 tum.
580 5334 729 5391 Sicut
755 5339 900 5394 enim
927 5342 1221 5411 agitatione
1259 5355 1543 5400 ventorum
1575 5362 1715 5417 aqua
1748 5349 1915 5404 maris
1942 5351 1995 5404 in

398 5442 662 5496 spumam
707 5432 1038 5487 convertitur
1060 5474 1075 5498 ,
1113 5434 1189 5489 ita
1219 5438 1649 5493 contrectatione
1680 5439 1995 5509 genitalium

399 5519 633 5587 sanguis
664 5520 715 5573 in
747 5521 1029 5579 humorem
1063 5525 1289 5580 seminis
1318 5528 1612 5583 excitatur.

480 5605 599 5662 Non
628 5623 756 5679 ergo
784 5626 815 5663 a
850 5626 985 5667 sano
1014 5614 1291 5673 intellectu
1325 5618 1617 5673 abhorrere
1652 5622 1846 5675 merito
1877 5637 1997 5678 cre—

404 5698 574 5765 ditur,
630 5701 677 5754 si
716 5702 859 5771 quod
892 5702 1094 5759 dictum
1136 5715 1248 5769 est,
1290 5722 1484 5765 manus
1512 5720 1704 5767 vestrte
1731 5714 1995 5784 sanguine

399 5787 575 5859 plenae
610 5799 760 5860 sunt,
787 5793 855 5849 de
881 5805 1033 5865 peste
1054 5795 1408 5854 immunditiae
1434 5801 1637 5857 dictum
1661 5818 1779 5860 esse
1805 5806 1995 5862 videa-

405 5890 515 5934 tur.
552 5882 621 5938 Et
646 5885 751 5940 hoc
774 5882 1009 5942 fortasse
1041 5885 1176 5954 fuit,
1202 5891 1344 5960 quod
1373 5890 1464 5946 illa
1495 5893 1549 5947 in
1579 5892 1716 5949 Joab
1756 5897 1992 5952 vindicta

402 5986 513 6026 non
546 5988 611 6029 ex
634 5975 763 6043 alia,
792 5989 957 6045 quam
980 5991 1045 6033 ea
1069 5976 1170 6034 fusi
1199 5981 1479 6053 sanguinis
1506 5984 1657 6054 culpa
1690 5987 1953 6055 processit
1977 6004 1990 6052 ;

2103 4894 2501 4950 immunditiam
2534 4892 2714 4965 (Rom.
2743 4892 2805 4961 ι),
2835 4898 3033 4949 cuncta
3059 4891 3304 4949 foedavit.

2680 5008 2910 5066 CAPUT
2948 5008 3114 5076 XXII.

2138 5099 2292 5166 Quod
2321 5116 2498 5157 omnes
2526 5110 2758 5171 quatuor
2790 5100 2871 5153 illi
2900 5100 3045 5154 modi
3068 5100 3309 5170 superius
3340 5098 3635 5153 enumerati
3663 5136 3681 5163 ,

2584 5182 2769 5225 contra
2794 5182 3038 5223 naturam
3065 5179 3208 5224 sunt.

2174 5261 2293 5317 Non
2318 5262 2526 5333 ergvin
2555 5277 2621 5317 eo
2650 5262 2754 5317 sibi
2782 5262 3012 5331 quisque
3052 5261 3382 5327 blandiatur,
3414 5259 3540 5329 quia
3576 5274 3699 5315 cum

2103 5352 2207 5407 alio
2238 5368 2343 5408 non
2389 5352 2632 5419 corruit,
2662 5353 2706 5407 si
2753 5367 2850 5421 per
2877 5353 3227 5421 semetipsum
3261 5352 3345 5407 his
3370 5350 3702 5406 luxuriantis

2102 5443 2374 5497 illecebris
2415 5443 2971 5498 contaminatlonibus
3019 5442 3170 5508 ﬂuit;
3206 5458 3328 5498 cum
3362 5444 3462 5498 iste
3516 5441 3703 5496 infelix

2102 5533 2329 5587 eretnita
2374 5532 2467 5600 qui
2511 5532 2846 5586 dmntonibus
2874 5531 2929 5585 in
2959 5533 3157 5587 mortis
3182 5532 3415 5586 articulo
3441 5531 3699 5597 traditur,

2104 5640 2207 5679 nou
2232 5624 2397 5677 alium
2438 5624 2697 5693 polluisse
2720 5665 2733 5689 ,
2767 5624 2860 5679 sed
2889 5625 3241 5693 semetipsum
3270 5624 3575 5694 perdidisse
3604 5638 3703 5693 per

2099 5714 2503 5768 immunditiam
2557 5716 2837 5771 doceatur.
2892 5714 3045 5770 Sicut
3097 5717 3243 5770 enim
3295 5731 3365 5769 ex
3410 5730 3519 5770 uno
3571 5716 3701 5770 vitis

2106 5807 2259 5875 171
2302 5806 2503 5875 cespite
2531 5807 2729 5863 diversi
2756 5806 3008 5878 palmites
3050 5808 3351 5878 prodeunt,
3384 5809 3459 5863 ita
3496 5823 3565 5862 ex
3592 5821 3705 5859 una

2102 5896 2435 5952 Sodomitica
2460 5898 2827 5965 immunditia,
2850 5897 2998 5952 velut
3023 5898 3448 5953 venenatissima
3487 5895 3698 5959 radice,

2101 5997 2336 6056 quatuor
2357 5988 2436 6045 illi
2461 5990 2777 6054 ratnusculi,
2806 6004 2941 6056 quos
2962 5990 3213 6057 superius
3234 5989 3696 6051 enumeravimus,

4550 6448 5218 6670 ‘
