5392 6588
108 4 1556 282 ’δήϊ-

1983 505 2090 561 185

2444 509 2500 565 S.
2534 510 2738 566 PETRI
2774 499 3057 570 ΒΔΙΒΝΙ
3093 513 3245 572 OPP.
3274 517 3508 575 TOMUS
3550 519 3678 578 SEU
3714 521 3894 581 PARS
3930 524 4016 581 Ill.
4044 556 4114 568 ——
4137 528 4496 588 OPUSCULA
4538 533 4744 592 VARIA

5117 542 5206 599 ιει

1976 615 2232 668 oriuntur
2263 632 2275 668 :
2307 624 2366 669 ut
2394 630 2461 670 ex
2504 632 2824 687 quocunque
2853 634 3040 676 eorum
3081 625 3208 695 quis
3234 624 3546 694 pestiferum
3577 634 3623 691 Α
3653 631 3902 688 dentibus
3948 634 4144 695 inferni
4191 639 4459 699 detractos
4507 645 4663 716 17a
4712 647 4764 701 in
4806 655 5067 708 tartarum
5110 662 5204 709 tra-

1975 696 2293 771 botryonem
2323 713 2528 772 carpat,
2561 705 2803 773 protinus
2845 721 3052 765 veneno
3073 707 3312 775 mlestus
3338 713 3543 770 indiﬂ'e-

1968 800 2159 848 renter
2205 793 2452 848 intereat.
2505 795 2581 848 Ea
2630 796 2785 852 vinea
2824 801 2970 855 enim
3018 801 3368 858 Sodomorum
3416 806 3544 863 vitis

3371 913 3391 946 σ
3427 895 3539 952 Uva

1961 986 2154 1025 eorum
2183 1012 2198 1037 ,
2253 986 2354 1027 uva
2406 973 2586 1041 fellis,
2639 985 2693 1031 et
2745 977 2932 1034 botrus
2985 982 3358 1039 amaritudinis
3404 984 3540 1054 ipsis

1957 1060 2146 1131 (Deut.
2164 1063 2354 1131 χχιιι).
2379 1083 2399 1116 ι
2419 1064 2653 1135 Serpens
2667 1070 2810 1123 enim
2825 1071 2943 1136 iste,
2957 1086 3114 1141 quem
3129 1083 3328 1130 nostra:
3353 1075 3538 1148 dispu-

1956 1149 2185 1206 tationis
2209 1152 2342 1208 sude
2388 1153 2637 1226 frangere
2678 1158 2937 1224 nitimur,
2985 1161 3309 1233 quadriceps
3330 1175 3452 1252 est,
3480 1177 3537 1224 et

1950 1235 2036 1306 cuj
2050 1250 2327 1310 uscnnque
2347 1245 2541 1314 capitis
2562 1246 2723 1302 dente
2743 1247 3052 1315 momordit,
3078 1257 3249 1306 totum
3270 1238 3396 1309 mox
3420 1268 3532 1311 sua:

1967 895 2155 936 eorum
2182 922 2197 944 ,
2241 892 2297 937 et
2346 899 2582 956 propago
2607 902 2795 943 eorum
2848 905 2914 945 ex
2963 884 3264 948 Gothorrha
3308 912 3322 948 :

1949 1341 2056 1397 neq
2067 1329 2211 1386 uitia:
2240 1332 2386 1387 virus
2413 1332 2626 1390 infud‘t.

2028 1415 2156 1472 Sive
2204 1433 2334 1491 ergo
2374 1422 2720 1491 semetipsum
2750 1426 2876 1494 quis
2911 1426 3145 1496 polluat,
3195 1430 3311 1487 sive
3359 1431 3524 1488 alium

1942 1515 2014 1569 qu
2026 1518 2276 1576 ocunqne
2303 1510 2463 1564 modo
2485 1549 2501 1576 ,
2525 1511 2652 1565 licet
2682 1514 3010 1573 discretione
3035 1529 3250 1575 servata
3275 1562 3289 1586 ,
3333 1523 3524 1592 procul

1951 1595 2116 1650 dubio
2147 1601 2326 1652 tamen
2371 1598 2762 1657 SodomiticOm
2798 1605 2974 1662 scelus
3007 1618 3347 1678 perpetrasse
3392 1626 3518 1668 cons

1945 1683 2199 1738 vincitur.
2238 1685 2420 1756 Neque
2450 1691 2593 1744 enim
2624 1692 2864 1763 legitur,
2887 1699 3029 1764 quod
3060 1698 3132 1751 illi
3163 1698 3519 1756 Sodomorum

1941 1768 2134 1827 inculte
2162 1775 2502 1833 solummodo
2538 1780 2674 1836 alios
2710 1791 3083 1841 censummato
3106 1799 3230 1843 actu
3262 1804 3520 1862 corrupe-

1941 1861 2077 1927 rint;
2111 1865 2204 1919 sed
2226 1867 2404 1936 potius
2431 1872 2757 1926 credendum
2787 1883 2870 1929 est
2894 1878 3036 1945 quod
3059 1879 3216 1948 juxta
3241 1861 3514 1942 cui-enata:

1942 1947 2183 2008 libidinis
2209 1954 2498 2024 impetum,
2533 1960 2761 2017 diversis
2810 1966 2984 2020 modis
3013 1947 3122 2022 sint
3148 1968 3199 2024 in
3230 1987 3316 2036 se,
3350 1975 3433 2030 vel
3460 1976 3514 2031 in
3548 1973 3589 2032 Β

1935 2042 2068 2097 alios
2095 2045 2476 2114 turpitudinem
2503 2052 2732 2121 Operati.
2758 2054 2997 2113 Plane‘si
3027 2061 3149 2129 quis
3168 2063 3534 2129 venim'locus,

1933 2129 1991 2184 in
2041 2133 2200 2200 hujus
2227 2136 2339 2190 vitii
2371 2139 2526 2193 ruina
2567 2142 2921 2210 pra-beretnr,
2952 2145 3036 2202 cui
3066 2153 3383 2220 propensius
3419 2171 3507 2211 re-

1935 2220 2122 2275 missio
2161 2223 2481 2296 indulgenda
2524 2241 2892 2300 competeret,
2941 2251 3101 2305 quant
3145 2239 3217 2293 illi
3261 2242 3507 2299 videlicet

1931 2311 2170 2364 cremitle
2189 2351 2203 2374 ,
2246 2313 2337 2380 qui
2363 2317 2651 2372 nesciendo
2678 2322 2963 2386 peccavit?
2990 2326 3080 2392 qui
3118 2341 3217 2395 per
3241 2330 3500 2400 simplici-

1932 2396 2055 2451 latis
2101 2399 2422 2468 imperitiam
2452 2406 2686 2461 cecidit?
2719 2410 2808 2478 qui
2849 2411 2950 2466 sibi
2990 2396 3501 2486 hoc‘licere,_velut

1929 2489 2191 2543 naturalis
2212 2490 2372 2548 ollicii
2400 2494 2660 2564 debitum,
2693 2500 3023 2557 aestimavit?
3045 2504 3265 2564 Discant
3291 2511 3497 2578 miseri,

1925 2576 2134 2631 discant
2165 2595 2224 2635 se
2249 2596 2277 2634 a
2311 2590 2417 2637 tam
2447 2586 2780 2645 detestabilis
2803 2593 2915 2646 vitii
2940 2604 3091 2664 peste
3116 2612 3459 2668 compescere
3479 2645 3495 2670 ,

1924 2665 2315 2725 lcmcinantem
2358 2672 2593 2731 libidinis
2620 2676 2892 2736 lasciviam
2939 2685 3166 2740 viriliter
3207 2691 3491 2758 edomare,

1919 2757 2214 2822 petulantia
2242 2763 2420 2816 carnis
2445 2764 2706 2821 incentiva
2744 2773 3057 2839 reprimere,
3091 2779 3328 2835 terribile
3354 2783 3489 2836 divi-

1920 2859 2002 2896 nce
2031 2845 2378 2903 districtionis
2399 2849 2658 2916 jud:cium
2707 2858 3013 2915 medullitus
3051 2860 3384 2936 formidare;
3421 2873 3485 2924 ad

1917 2935 2233 2990 memoriam
2266 2953 2478 3008 semper
2503 2956 2817 3002 revocantes
2844 2949 2986 3005 illam
3011 2957 3316 3024 apostolicae
3341 2977 3482 3017 com~

1910 3014 2223 3082 minationis
2253 3033 2610 3097 sententiam,
2641 3050 2744 3105 qua
2774 3040 2976 3096 dicitur
3004 3064 3015 3097 :
3055 3065 3072 3096 ι
3115 3047 3378 3106 Terribile
3405 3064 3486 3108 est

1910 3111 2149 3171 incidere
2198 3118 2252 3172 in
2299 3135 2489 3175 manus
2538 3124 2627 3177 Dei
2664 3130 2892 3185 viventis
2941 3133 3135 3199 (lIebr.
3169 3139 3254 3206 ιι).
3293 3160 3310 3191 ι
3351 3141 3480 3197 Illud

1907 3205 2072 3257 etiam
2104 3206 2447 3264 formidolose
2475 3215 2774 3272 recolentes
2795 3263 2807 3283 ,
2850 3226 2990 3289 quod
3018 3230 3274 3295 prepheta
3309 3238 3477 3286 mina-

1907 3294 2042 3347 citer
2070 3295 2315 3362 intonat,
2353 3301 2578 3357 dicens:
2633 3325 2650 3355 ι
2690 3308 2822 3373 Quia
2867 3313 2920 3364 in
2954 3314 3073 3382 igne
3119 3319 3217 3371 zeli
3268 3322 3474 3377 Domini
3507 3309 3548 3364 ‘3

1905 3384 2249 3442 devorabitur
2270 3393 2442 3443 omnis
2467 3404 2628 3457 terra,
2652 3409 2703 3450 et
2734 3402 2782 3451 in
2806 3402 2980 3469 gladio
3008 3405 3122 3472 ejus
3149 3414 3322 3481 omnis
3350 3430 3390 3467 c.
3417 3433 3475 3481 ro

1903 3467 2158 3539 (Sep/ton;
2188 3475 2247 3544 ι).
2273 3495 2288 3525 ι
2308 3477 2363 3530 Si
2383 3482 2523 3533 enim
2553 3487 2797 3541 carnales
2827 3491 3070 3549 Ιιοςιιίιιιε
3095 3479 3473 3571 divino'gladls

1901 3562 2190 3619 devorandi
2221 3578 2371 3632 sunt,
2399 3582 2455 3624 ut
2483 3576 2607 3641 quid
2635 3593 2775 3633 nunc
2809 3580 2978 3649 ipsam
3004 3601 3222 3643 carnem
3248 3592 3470 3648 damna-

1897 3652 2076 3708 liiliter
2114 3657 2384 3727 diligunt?
2431 3673 2486 3716 ut
2531 3665 2660 3732 quid
2700 3671 2880 3724 carnis
2912 3674 3273 3743 voluptatibus
3313 3699 3471 3737 ener-

1897 3752 2032 3796 v.ter
2071 3747 2301 3801 cedunt?
2342 3751 2432 3805 llle
2474 3754 2724 3810 nimirum
2757 3770 2837 3812 est
2877 3764 3122 3830 gladius,
3160 3786 3322 3836 quem
3358 3775 3462 3827 Do-

1891 3830 2071 3891 minus
2102 3853 2198 3905 per
2243 3840 2456 3911 Moysen
2504 3845 2738 3900 intentat
2779 3856 3187 3920 peccatoribus,
3233 3860 3459 3917 dicens:

1897 3941 1919 3975 ι
1940 3923 2208 3981 Exacuam
2224 3928 2554 4001 velutl‘ulgur
2577 3935 2808 4004 gladium
2829 3957 3001 3996 meum
3020 3945 3194 4016 (Deut.
3221 3954 3413 4018 xxxii).
3439 3976 3456 4006 ι

1893 4013 1959 4067 Et
1995 4016 2235 4072 iterum:
2295 4037 2315 4070 ι
2356 4021 2610 4088 Gladius,
2663 4027 2871 4097 inquit,
2920 4013 3072 4089 meus
3119 4040 3461 4097 manducabit

1891 4119 2085 4160 carnes
2113 4106 2330 4177 (Ibid);
2364 4131 2381 4161 ι
2413 4113 2465 4166 id
2493 4123 2595 4178 est,
2628 4115 2778 4172 furor
2803 4136 2948 4176 meus
2978 4126 3235 4196 deglntiet
3256 4130 3310 4184 in
3338 4147 3456 4187 car-

1890 4197 1976 4251 nis
2003 4197 2352 4255 delectatione
2380 4203 2636 4260 viventes.
2682 4206 2832 4264 Sicut
2858 4214 2997 4267 enim
3030 4217 3063 4269 ii
3091 4258 3104 4281 ,
3133 4220 3237 4286 qui
3267 4223 3457 4277 adver-

1889 4300 1979 4337 sus
2023 4284 2271 4341 vitiorum
2299 4300 2535 4344 monstra
2577 4298 2904 4365 conﬂigunt,
2953 4318 3195 4370 supcer
3239 4311 3453 4370 virtutis

1887 4374 2085 4426 auxilio
2110 4373 2432 4444 iniciuntur;
2468 4381 2541 4438 ita
2575 4398 2606 4436 e
2639 4385 2849 4441 diverso
2890 4393 3068 4445 carnis
3100 4373 3450 4455 immtmrlitiie

1882 4462 2070 4530 dediti,
2095 4464 2190 4519 soli
2221 4467 2411 4523 divina:
2435 4472 2650 4526 ultionis
2670 4473 2874 4542 judicio
2904 4495 3266 4542 reserv::ntur.
3296 4489 3446 4544 Unde

1881 4562 1937 4604 et
1973 4552 2196 4608 Petrus:
2234 4573 2253 4604 ι
2287 4556 2470 4621 Novit,
2501 4561 2704 4630 inquit,
2734 4566 2987 4624 Dominus
3017 4575 3130 4638 pios
3164 4577 3230 4630 de
3272 4588 3442 4633 tenta-

1880 4642 2027 4695 tione
2051 4647 2289 4713 eripere,
2320 4649 2527 4716 iniquos
2571 4668 2698 4709 vero
2743 4658 2793 4710 in
2823 4659 2908 4714 die
2945 4661 3131 4727 judicii
3166 4683 3440 4725 reservare
3475 4645 3519 4704 ί)

1877 4735 2198 4789 cruciandos
2229 4754 2240 4788 :
2274 4740 2444 4806 magis
2475 4752 2648 4797 autem
2669 4787 2683 4808 ,
2714 4750 2804 4815 qui
2836 4764 2952 4817 post
2980 4769 3196 4810 carnem
3229 4760 3278 4811 in
3308 4777 3435 4814 con-

1878 4822 2203 4888 cupiscentia
2222 4827 2568 4883 immunditiis.
2583 4835 2857 4890 ambulant
2881 4840 2966 4905 (II
2986 4839 3124 4897 Petr.
3142 4847 3226 4912 ιι).
3255 4867 3272 4898 ι
3295 4850 3436 4914 Quos

1871 4915 2034 4966 etiam
2052 4915 2494 4988 alibiincrepans,
2515 4925 2622 4977 ait:
2651 4943 2668 4975 ι
2696 4926 3095 4999 Existimantes,
3120 4938 3431 5007 inquit,dici

1869 5003 2091 5059 delicias
2111 5004 2592 5078 coinquinationes,
2606 5027 2659 5069 et
2676 5021 2896 5075 macula:
2908 5022 3114 5081 deliciis
3130 5028 3427 5098 alllucntes,

3648 720 3782 776 didit
3808 727 4148 793 cruciandos,
4187 730 4240 783 in
4275 731 4535 801 judicium
4564 738 4845 792 reservari.
4878 738 4945 794 Et
4969 741 5204 800 civitates

3646 807 3999 866 Sodomorum
4029 822 4086 869 et
4123 815 4598 876 Gomorrhteorum
4623 823 4677 877 in
4699 825 4936 882 cinerem
4966 828 5202 902 redigens

3644 897 3801 966 (Cen.
3826 900 3960 970 ais),
3992 905 4272 960 eversione
4302 905 4598 974 damnavit,
4630 914 4876 984 exemplo
4903 897 5200 990 θοι-νωτιιυί

3641 986 3801 1057 imple
3831 992 4003 1046 acturi
4030 1002 4159 1048 sunt
4175 993 4262 1064 (Il
4290 993 4435 1051 Petr.
4457 998 4538 1068 ιι).
4559 1017 4583 1052 ι
4601 1001 4740 1068 Quid
4758 1015 4842 1059 est
4860 1007 5002 1075 quod
5021 986 5198 1065 beatius

3636 1078 3908 1145 apostolus
3944 1092 4232 1152 postquam
4273 1087 4553 1145 diabolica:
4581 1092 4940 1151 damnationis
4964 1101 5199 1170 pracipi-

3636 1166 3766 1221 tium
3798 1171 3997 1237 retulit,
4020 1173 4087 1228 ad
4110 1173 4467 1233 Sodomorum
4496 1195 4728 1253 quoque,
4760 1193 4816 1239 et
4835 1166 5196 1245 Gomorrhaio-

3631 1270 3751 1311 rum
3799 1273 3859 1314 se
3897 1275 4024 1319 mox
4056 1269 4320 1322 convertit
4369 1272 4671 1340 excidium;
4703 1274 4808 1330 nisi
4852 1285 4910 1331 ut
4953 1288 5198 1349 pitenter

3627 1353 3977 1420 ostenderet,
4024 1358 4150 1427 quia
4182 1361 4274 1429 qui
4324 1379 4468 1418 nunc
4506 1374 4632 1420 sunt
4678 1367 5028 1427 immunditite
5070 1373 5196 1429 vitio

3626 1440 3833 1509 traditi,
3857 1443 4018 1498 simul
4038 1446 4204 1501 etiam
4232 1464 4354 1504 cum
4382 1451 4673 1510 immundis
4700 1457 4976 1527 spiritibus
4993 1469 5193 1518 eterna

3623 1535 3750 1581 sunt
3777 1530 3981 1588 ultione
4008 1533 4340 1594 damnandi?
4379 1540 4447 1597 Et
4485 1559 4620 1614 quos
4646 1562 4789 1603 nunc
4816 1551 4980 1606 ardor
5017 1550 5189 1610 Sodo-

3623 1618 3823 1674 mitica:
3851 1621 4096 1682 libidinis
4126 1639 4316 1696 vexat,
4359 1638 4703 1703 postmodum
4732 1640 4894 1694 etiam
4927 1657 5049 1697 cum
5077 1644 5190 1714 ipso

3622 1709 3788 1766 tctius
3831 1713 4136 1784 iniquitatis
4182 1731 4406 1779 auctore
4434 1723 4647 1783 flamma
4675 1742 4946 1802 perpetua:
4973 1709 5189 1790 combu-

3617 1798 3809 1854 stionls
3836 1805 4065 1858 exurat?
4088 1804 4184 1860 Cui
4208 1814 4492 1868 sententia:
4522 1798 4688 1871 etiam
4714 1798 4878 1876 Ju'das
4917 1823 5187 1903 apostolus

3617 1892 3894 1960 aptissime
3918 1899 4190 1963 concinit,
4224 1902 4412 1958 dicens
4446 1924 4458 1959 :
4495 1929 4512 1958 ι
4560 1908 4825 1979 Angelos,
4866 1912 5071 1983 inquit,
5094 1916 5184 1985 qui

3620 1994 3724 2031 non
3777 1982 4205 2040 observaverunt
4236 2004 4390 2044 suum
4422 1994 4782 2065 principatum
4811 2039 4825 2064 ,
4867 1982 4959 2056 sed
4993 1982 5184 2062 dereli-

3613 2080 3844 2136 querunt
3873 2086 4027 2126 suum
4056 2074 4413 2145 domicilium,
4442 2080 4495 2134 in
4519 2082 4782 2152 judicium
4828 2095 5006 2163 magni
5044 2096 5180 2160 diei,

3607 2157 3837 2210 vinculis
3859 2161 4076 2216 aeternis
4102 2162 4202 2217 sub
4227 2166 4456 2238 caligine
4485 2176 4761 2231 Servavit:
4790 2157 5178 2240 sicut'Sodoma

3570 2224 3659 2298 ἐι
3689 2245 3985 2303 Gmnorrha
4012 2292 4026 2317 ,
4060 2261 4114 2307 et
4141 2253 4384 2314 ﬁnitima:
4414 2262 4660 2320 civitates
4688 2268 4846 2324 simili
4897 2273 5056 2328 modo
5085 2290 5179 2329 ea-

3603 2334 3904 2406 l'oruicatm,
3933 2351 3987 2397 et
4035 2346 4294 2404 abeuntes
4319 2362 4440 2420 post
4467 2371 4686 2413 carnem
4733 2360 4989 2432 alteram,
5019 2366 5179 2423 factae

3601 2438 3728 2482 simt
3770 2435 4075 2503 exemplum
4103 2478 4116 2502 ,
4170 2441 4306 2508 ignis
4351 2447 4540 2501 aeterni
4589 2465 4801 2518 poenam
4842 2457 5176 2516 sustinentes

3602 2520 3752 2588 (Jud.
3786 2523 3844 2592 l).
3892 2544 3910 2576 ι
3943 2526 4097 2584 Patet
4131 2546 4260 2603 ergo
4281 2576 4293 2598 ,
4326 2538 4449 2605 quia
4478 2540 4619 2594 sicut
4662 2545 4835 2613 angeli
4876 2562 5029 2602 suum
5063 2566 5173 2606 non

3597 2609 3945 2669 observantes
3965 2619 4347 2690 principatum,
4381 2635 4630 2684 tartareae
4658 2634 4902 2704 caliginis
4922 2653 5173 2695 meruere

3595 2702 3942 2769 supplicium;
3977 2708 4048 2762 ita
4076 2713 4166 2779 qui
4197 2727 4224 2764 a
4256 2718 4395 2771 sacri
4427 2721 4630 2776 ordinis
4655 2702 4930 2795 dignitate,
4966 2730 5018 2783 in
5046 2747 5167 2785 car-

3593 2788 3727 2841 nalis
3760 2791 3873 2843 vitii
3910 2789 4218 2867 voraginem
4242 2816 4524 2870 corruunt,
4562 2811 4612 2863 in
4639 2825 4905 2883 perpetuae
4938 2819 5166 2875 damna-

3592 2876 3749 2931 tionis
3783 2880 3843 2933 ha
3856 2884 4095 2940 rathrum
4127 2893 4257 2943 meri
4270 2903 4319 2946 to
4343 2895 4712 2956 devolvuntur.

3659 2969 3740 3029 Et,
3781 2983 3836 3025 ut
3870 2976 4104 3031 breviter
4147 2993 4335 3036 cuncta
4368 2990 4720 3057 concludam,
4754 2996 4998 3067 quisquis
5024 3016 5159 3070 quo-

3588 3057 3714 3112 libet
3741 3077 3923 3117 eoruin
3951 3069 4126 3133 modo,
4158 3089 4289 3138 quos
4319 3091 4475 3144 supra
4510 3079 4880 3153 distinximus,
4912 3090 5160 3150 nefanda

3586 3151 3925 3217 turpitudinis
3959 3174 4014 3210 se
4043 3164 4360 3229 contagione
4393 3169 4692 3235 fmilavcrit,
4723 3175 4825 3231 nisi
4860 3178 5157 3240 fructuosa:

3584 3241 3906 3304 pmnilenlim
3937 3247 4086 3300 fuerit
4125 3254 4488 3309 satislai-iimu‘.
4535 3275 4788 3326 purgatus
4815 3307 4829 3330 ,
4874 3285 5150 3340 nunquam

3583 3325 3779 3379 habere
3807 3331 3893 3382 Dei
3920 3338 4142 3401 gratiam
4170 3343 4382 3407 poterit,
4412 3363 4678 3415 nunquam
4700 3353 4898 3410 Christi
4924 3373 5154 3429 corpore

3576 3422 3625 3463 et
3673 3420 3929 3484 sanguine
3972 3424 4160 3491 dignus
4192 3432 4325 3493 crit,
4375 3449 4646 3502 nunquam
4691 3441 4926 3500 caelestis
4960 3451 5150 3515 patriae

3577 3499 3734 3555 lizuivn
3785 3508 4044 3573 intrabit,
4077 3519 4215 3581 quod
4248 3499 4518 3585 apostolus
4563 3526 4793 3585 Joannes
4833 3532 4887 3588 in
4936 3499 5147 3605 ἱρου-

3574 3588 3706 3658 ly;.si
3738 3597 4019 3653 manifeste
4050 3604 4304 3672 declarat,
4340 3612 4427 3678 qui
4462 3614 4586 3667 dum
4632 3619 4695 3671 de
4722 3621 4954 3679 cmlestis
4990 3631 5145 3697 regni

4991 3678 5142 3697 ηομ-

3571 3678 3735 3743 gloria
3766 3682 4094 3753 loqueretur,
4122 3696 4347 3760 addidit,
4382 3702 4564 3755 dicrns
4595 3723 4604 3755 :
4646 3723 4662 3755 ι
4694 3706 4807 3762 Non
4838 3711 5058 3771 intrabit
5085 3718 5142 3771 in

3568 3766 3709 3821 illam
3739 3771 3932 3842 aliquis
3956 3780 4352 3851 coinquinatus,
4380 3800 4434 3844 et
4463 3792 4664 3849 faciens
4686 3798 5136 3862 abominationem

3568 3857 3747 3922 (Apoc.
3785 3865 3916 3928 XXI).
3958 3886 3975 3917 ι

4126 3959 4349 4017 CAPUT
4390 3965 4570 4023 XXIII.

3634 4035 3941 4094 Exhortatio
3968 4044 4102 4113 lapsi
4127 4050 4178 4100 in
4209 4065 4418 4117 peccato
4444 4059 4687 4126 hominis,
4720 4075 4772 4117 ut
4803 4083 5056 4140 resurgat.

3631 4129 3899 4200 Exsurge,
3939 4149 4197 4207 exsurge,
4234 4159 4432 4212 quaeso,
4463 4155 4850 4223 expergiscere,
4881 4176 4912 4214 ο
4945 4163 5125 4231 homo,

3555 4219 3645 4286 qui
3686 4223 3895 4277 miserae
3929 4228 4212 4296 voluptatis
4241 4250 4431 4303 sopore
4477 4240 4820 4313 deprimeris;
4862 4255 5126 4313 reviviscc

3555 4311 3765 4365 tandem
3793 4352 3806 4376 ,
3837 4319 3925 4384 qui
3958 4318 4132 4373 lelltuli
4174 4340 4353 4378 coram
4402 4329 4635 4387 inimicis
4667 4337 4768 4392 tuis
4793 4340 4971 4409 gladio
4995 4363 5120 4402 cor-

3552 4404 3726 4458 ruisti.
3768 4408 3933 4461 Adest
3968 4417 4240 4482 apostolus
4290 4419 4513 4488 Paulus;
4562 4428 4684 4479 audi
4729 4427 4874 4483 illum
4917 4435 5118 4489 vocife-

3549 4504 3780 4558 ranlem,
3828 4500 4160 4567 pulsantem,
4190 4512 4618 4580 concutientem,
4645 4510 4910 4589 clarisque
4952 4540 5117 4597 super

3551 4590 3600 4635 te
3649 4587 3866 4643 vocibus
3917 4591 4335 4651 inclamantem:
4384 4619 4402 4652 ι
4458 4603 4728 4677 Exsurge,
4781 4609 4987 4679 inquit.
5018 4620 5109 4685 qui

3545 4672 3781 4739 dormis,
3830 4690 3884 4731 et
3931 4696 4158 4751 exsurge
4208 4704 4235 4739 a
4284 4693 4541 4758 mortuis,
4575 4705 4629 4748 ct
4669 4700 5014 4756 exsuscitabit
5059 4716 5113 4762 te

3541 4761 3787 4821 Christus
3817 4769 4031 4839 (Ep/res.
4078 4778 4149 4846 v).
4191 4799 4207 4828 ι
4241 4781 4337 4844 Qui
4366 4782 4640 4841 Christum
4669 4793 5106 4852 resuscitaton

3539 4856 3720 4917 audis,
3766 4873 3862 4912 cur
3904 4863 3969 4917 de
4016 4876 4099 4918 tua
4147 4873 4557 4931 resuscitatione
4601 4878 4824 4936 dilIidis?
4850 4882 4988 4939 Audi
5036 4903 5106 4945 es:

3534 4957 3629 4997 ore
3676 4947 3841 5012 ipsius
3873 4968 3886 5002 :
3923 4971 3938 5001 ι
3990 4952 4090 5019 Qui
4124 4960 4327 5023 credit,
4358 4963 4527 5032 inquit
4556 5006 4570 5030 ,
4620 4969 4672 5021 in
4721 4972 4835 5033 me',
4864 4973 5022 5028 etiam
5054 4982 5102 5032 si

3533 5047 3776 5092 mortuus
3808 5039 3990 5107 fuerit,
4019 5046 4160 5100 vivet
4197 5049 4380 5117 (Joan.
4429 5054 4526 5124 ιι).
4567 5075 4586 5107 ι
4617 5055 4675 5112 Si
4710 5060 4816 5113 vita
4855 5062 5097 5119 vlﬂlica-

1866 5091 2128 5148 conviviis
2153 5095 2264 5149 suis
2287 5097 2617 5157 luxuriantes
2643 5106 2693 5158 in
2717 5108 3012 5178 vobiscum,
3038 5115 3431 5175 ocioshahen-

1871 5187 1952 5233 tes
1976 5180 2161 5247 plenos
2189 5184 2486 5250 adulterio,
2517 5201 2571 5245 et
2608 5193 2912 5253 incessabili
2948 5202 3142 5260 delicto
3177 5207 3366 5280 (lbid.)
3407 5231 3422 5263 ι

1932 5267 2043 5323 Nec
2073 5271 2386 5339 glorientur,
2412 5280 2499 5345 qui
2529 5283 2577 5333 in
2624 5298 2776 5338 sacro
2795 5288 2984 5344 ordine
3011 5297 3170 5362 positi
3203 5309 3353 5365 sunt,
3380 5302 3423 5356 si

1861 5360 2266 5416 exsecrabiliter
2292 5364 2478 5421 vivunt
2510 5386 2523 5420 :
2560 5372 2684 5436 quia
2731 5389 2836 5442 quo
2864 5360 3026 5434 altius
3052 5391 3256 5441 stantes
3291 5391 3424 5442 emi-

1858 5456 2014 5511 nent,
2067 5463 2131 5503 eo
2173 5452 2486 5518 profundius
2530 5473 2841 5519 corruentes
2886 5467 3071 5533 jacent
3112 5489 3125 5524 :

1858 5536 1990 5592 alios
2029 5539 2285 5596 deberent
2330 5560 2471 5601 nunc
2518 5549 2571 5602 in
2623 5562 2823 5609 sanata":
2865 5565 3286 5620 conversatiOnis
3314 5569 3423 5623 vita

1854 5629 2180 5693 praecedere,
2225 5632 2295 5685 ita
2329 5638 2668 5703 postmodum
2703 5647 2967 5701 atrociora
3005 5664 3270 5722 coguntur
3296 5673 3423 5728 snp-

1853 5715 2008 5782 plicia
2052 5720 2345 5788 sustinere;
2393 5728 2517 5795 quia
2557 5727 2712 5797 juxta
2749 5733 2893 5790 Petri
2940 5755 3124 5796 vocem
3159 5761 3176 5801 :
3219 5766 3237 5799 ι
3280 5746 3421 5805 Deus

1852 5806 2011 5864 etiam
2063 5812 2268 5881 angelis
2308 5821 2652 5884 peccantibus
2696 5840 2801 5882 non
2854 5834 3131 5903 pepercit,
3180 5840 3275 5896 sed
3330 5857 3417 5896 ru.

3529 5125 3632 5176 tris
3698 5136 3745 5179 te
3796 5133 3986 5196 qua-iit
4028 5136 4275 5205 erigere,
4329 5149 4384 5194 tu
4433 5158 4531 5198 cus
4578 5145 4801 5203 ulterius
4840 5148 4982 5206 l‘eras
5037 5155 5096 5209 in

3528 5221 3616 5264 tua
3671 5227 3839 5270 morte
3875 5220 4099 5287 jacere?
4144 5227 4322 5294 Cave,
4372 5248 4504 5289 cave
4543 5252 4709 5307 ergo,
4758 5255 4826 5294 ne
4850 5251 4899 5295 te
4926 5243 5090 5305 bara-

3526 5302 3707 5357 thrum
3747 5307 4140 5378 desperationis
4194 5318 4498 5377 absorbeat.
4544 5302 4692 5382 Mens
4735 5336 4821 5383 tua
4860 5329 5088 5386 ﬁducia-

3522 5393 3643 5448 liter
3671 5413 3737 5452 ex
3766 5402 3944 5455 divina
3977 5407 4174 5473 pietate
4219 5424 4541 5481 praesumat,
4574 5433 4641 5471 ne
4675 5435 4773 5488 pro
4819 5407 5088 5492 magnitu-

3521 5484 3646 5539 dine
3710 5491 3952 5548 criminis
4020 5496 4361 5566 impmnitens
4414 5506 4751 5563 obzlurescat.
4812 5511 4925 5565 Non
4997 5524 5085 5569 est

3519 5577 3658 5628 enim
3706 5590 4046 5645 peccatorum
4090 5589 4409 5657 desperare,
4459 5596 4553 5650 sed
4603 5597 4922 5667 impiorum;
4975 5617 5082 5657 nec

3520 5669 3828 5734 magnitudo
3898 5675 4180 5730 criminum
4252 5680 4304 5733 in
4369 5682 4792 5754 desperationem
4856 5690 5078 5746 adducit.

3516 5758 3786 5823 animam,
3844 5766 3938 5817 sed
3981 5766 4249 5836 impietas.
4302 5771 4359 5828 Si
4406 5758 4553 5830 'eliim
4599 5785 4805 5833 tantum
4830 5779 5078 5838 diabolus

3513 5849 3680 5910 potuit
3712 5891 3725 5914 ,
3775 5861 3831 5906 ut
3869 5866 3919 5910 te
3960 5857 4010 5910 in
4061 5859 4216 5926 hujus
4256 5863 4366 5918 vitii
4395 5865 4650 5931 profunda
4673 5870 5069 5942 subnteigeret,
