5392 6480
389 423 492 484 185

1363 413 1604 473 OPUSC.
1641 411 1752 472 ΥΠ.
1780 442 1852 456 -
1874 406 2080 466 LIBER
2117 405 2702 466 GOMOBRHIANUS.

3569 397 3675 454 186

394 539 586 601 quanto
630 543 806 601 magis
861 537 918 590 te
967 526 1140 585 virtus
1191 525 1399 586 Christi
1447 526 1645 599 poterit
1687 525 1756 580 ad
1810 539 1932 583 eum
1959 564 1974 590 ,
2005 524 2054 585 Α
2080 523 2386 592 pendantur
2412 522 2645 596 denique
2668 516 2824 575 nervi
2846 516 3025 588 rigidi,
3052 514 3244 572 dentes
3264 513 3418 580 nudi,
3445 512 3674 598 ossium,

399 617 544 692 173
577 620 648 677 de
675 633 784 690 quo
806 617 990 688 lapsus
1015 631 1096 683 es,
1141 617 1400 694 verticem
1444 616 1737 671 revocaret
1771 633 1792 667 ι
1821 615 1973 670 Nun-

398 706 522 780 quid
549 711 643 781 qui
694 709 918 774 cecidit,
947 723 1053 762 non
1087 706 1310 775 adjiciat
1337 716 1398 766 ut
1426 706 1712 777 resurgat?
1741 725 1760 758 ι
1795 703 1971 775 (Ρεαι.

392 797 500 868 ιι.)
533 797 742 854 Cecidit
775 797 963 852 asinus
988 795 1170 856 carnis
1195 803 1299 850 tua:
1328 797 1382 850 in
1412 795 1525 851 luto
1568 794 1670 850 sub
1699 793 1970 866 pondere;

390 897 470 942 est
493 886 742 942 stimulus
769 880 1126 956 paenitentiae,
1146 885 1237 955 qui
1261 894 1494 957 pungat;
1525 893 1609 940 est
1642 898 1836 939 manus
1858 884 1940 955 spi
1961 913 1975 924 -

391 978 538 1042 ritus,
562 991 682 1047 quae
701 975 936 1030 viriliter
953 975 1225 1030 extrahat.
1247 972 1476 1030 Samson
1502 974 1594 1029 ille
1619 973 1968 1038 fortissimus,

389 1065 510 1136 quia
533 1065 674 1120 male
697 1063 996 1120 blandienti
1011 1062 1224 1118 mulieri
1245 1071 1512 1120 secretum
1535 1062 1620 1118 sui
1639 1062 1822 1117 cordis
1842 1076 1975 1132 ape-

388 1157 509 1221 ruit,
547 1170 652 1210 non
689 1155 870 1210 solum
906 1163 1112 1224 septem
1145 1155 1344 1217 crines,
1369 1155 1563 1222 quibus
1591 1155 1766 1208 virtus
1795 1153 1977 1208 aleba-

388 1256 491 1312 tur,
519 1245 724 1311 amisit,
752 1243 853 1301 sed
880 1229 1043 1298 etiam
1076 1243 1261 1314 prieda
1296 1241 1474 1299 factus
1497 1241 1814 1314 Allophylis,
1843 1258 1974 1298 ocu-

385 1337 463 1391 los
490 1336 764 1406 perdidit:
789 1334 1134 1406 postmodum
1156 1347 1296 1389 vero
1318 1332 1528 1402 capillis
1549 1332 1662 1400 jam
1685 1345 1976 1388 renascen-

386 1427 547 1490 tibus,
596 1426 814 1482 Domini
870 1426 966 1481 Dei
1013 1426 1096 1484 sui
1146 1425 1409 1482 auxilium
1459 1425 1737 1482 humiliter
1792 1425 1973 1496 petiit,

385 1517 636 1586 templum
683 1517 875 1588 Dagon
912 1518 1144 1584 stravit,
1179 1524 1251 1578 ,αι
1277 1516 1449 1572 multo
1499 1517 1762 1586 majorem
1807 1531 1973 1586 quam

383 1606 526 1675 prius
569 1606 815 1663 hostium
862 1607 1266 1663 multitudinem
1301 1607 1576 1662 interemit
1605 1607 1806 1679 (Judic.
1835 1607 1970 1676 xvr).

451 1696 505 1752 Si
526 1713 657 1768 ergo
685 1706 744 1753 te
772 1699 1040 1767 impu‘iica
1070 1713 1198 1754 caro
1229 1709 1320 1753 tua
1360 1697 1542 1754 mollia
1575 1699 1853 1761 Suadendo
1869 1699 1969 1753 de-

387 1786 542 1854 cepit,
563 1787 609 1841 si
637 1796 851 1858 septem
887 1788 1028 1842 dona
1059 1789 1234 1844 sancti
1281 1787 1516 1860 Spiritus
1544 1790 1788 1856 abstulit,
1817 1791 1861 1846 si
1891 1790 1973 1845 lu-

388 1890 504 1930 men
534 1893 639 1931 non
670 1877 870 1934 frontis
908 1879 1001 1932 sed
1045 1879 1226 1936 cordis
1252 1881 1544 1948 exstinxit,
1575 1897 1682 1937 non
1711 1867 1970 1938 concidas
2003 1869 2046 1927 Β
2075 1874 2325 1943 lransat;
2357 1888 2514 1928 mens
2568 1873 2800 1934 assiduae
2843 1871 3115 1928 orationis
3160 1869 3394 1940 dapibus
3429 1868 3677 1936 saginata
3769 1913 3776 1916 ν

386 1967 578 2032 animo,
627 1965 742 2021 noli
790 1966 1034 2025 funditus
1062 1969 1380 2039 desperare,
1409 1972 1590 2027 adhuc
1648 1981 1700 2028 te
1743 1973 1797 2026 in
1828 1974 1973 2028 vires

389 2053 588 2124 collige,
638 2055 874 2112 viriliter
903 2067 1118 2124 excute,
1147 2059 1308 2114 fortia
1327 2056 1556 2117 tentare
1595 2077 1882 2131 praesume,
1918 2073 1972 2118 et

384 2142 456 2197 iic
482 2159 578 2214 per
615 2145 716 2200 Dei
761 2147 1188 2203 misericordiam
1236 2150 1305 2215 de
1349 2150 1587 2226 inimicis
1631 2153 1736 2207 tuis
1765 2155 1972 2223 poteris

385 2235 735 2306 triumphare.
764 2237 831 2290 Et
857 2246 1006 2293 certe
1042 2238 1297 2294 Philisttei
1322 2227 1506 2295 crines
1527 2239 1758 2297 Samson
1782 2250 1971 2312 potue-

383 2335 499 2380 runt
523 2327 750 2404 quidem
774 2328 990 2395 radere,
1015 2329 1110 2384 sed
1140 2344 1246 2385 non
1276 2331 1528 2396 evellere,
1557 2333 1683 2402 quia
1712 2340 1769 2388 et
1798 2333 1968 2404 iniqui

385 2415 590 2485 spiritus
614 2403 753 2475 licet
777 2431 809 2472 a
838 2427 890 2472 te
915 2419 1244 2474 charismata
1274 2421 1448 2476 sancti
1478 2421 1712 2492 Spiritus
1738 2423 1806 2478 ad
1835 2403 1969 2478 lem-

388 2522 478 2576 pus
503 2509 859 2574 excluserim,
887 2526 1223 2581 nequaquam
1258 2521 1435 2567 tamen
1460 2516 1755 2583 pstevalent
1775 2514 1970 2571 divinat

387 2601 838 2663 reconciliationis
900 2603 1196 2657 remedium
1249 2604 1751 2674 irrecuperahiliter
1801 2607 1970 2662 abne-

387 2703 525 2753 gare.
569 2689 838 2756 Qualiter,
871 2691 1118 2754 obsecro,
1157 2691 1225 2748 de
1250 2692 1555 2763 largissitna
1610 2693 1825 2750 Domini
1872 2709 1967 2748 va-

387 2775 489 2832 leas
532 2780 909 2836 misericordia
952 2780 1266 2849 desperare,
1295 2783 1389 2853 qui
1415 2783 1591 2838 etiam
1623 2781 1965 2840 Pharaonem

386 2870 589 2940 arguit,
637 2873 770 2941 quia
815 2881 937 2942 post
982 2884 1262 2942 peccatum
1319 2874 1385 2930 ad
1423 2877 1759 2944 paenitentia:
1793 2891 1970 2932 reme-

386 2961 520 3015 dium
552 2979 656 3018 non
706 2963 993 3033 confugit?
1033 2965 1174 3020 Audi
1219 2976 1372 3022 certe
1395 2967 1523 3036 quid
1552 2968 1742 3023 dicat:
1779 2988 1796 3017 ι
1833 2966 1968 3020 Bra-

387 3053 525 3117 chia,
569 3055 780 3125 inquit,
813 3053 1112 3115 Pharaonis
1152 3058 1302 3127 regis
1351 3056 1572 3129 Egypti
1619 3059 1883 3123 contrivi,
1917 3066 1971 3112 et

393 3157 485 3195 nou
514 3151 594 3197 est
615 3144 940 3214 deprecatus
967 3153 1026 3198 ut
1055 3146 1277 3200 daretur
1306 3146 1360 3200 in
1405 3161 1471 3200 eo
1500 3148 1706 3202 sanitas
1727 3190 1739 3212 ,
1770 3159 1822 3201 et
1851 3151 1968 3203 red-

2076 592 2832 681 articulorumque'eompago
2862 607 3090 670 divulsa,
3119 606 3474 675 omniumque
3503 592 3674 660 mem-

2075 704 2302 760 brorum
2325 703 2652 774 compositio
2681 702 2981 757 enormiter
3027 700 3313 769 dissipata.
3356 695 3518 769 1⁸14
3539 697 3672 762 Sic,

2076 796 2156 851 sic
2187 795 2463 860 informis,
2493 803 2656 864 atque
2680 792 2922 849 confusa:
2967 791 3236 863 imaginis
3251 797 3554 845 monstrum
3580 803 3678 845 ex-

2077 885 2257 956 trahat
2296 884 2366 938 ah
2419 884 2660 938 humano
2705 884 2872 939 corde
2923 880 3281 952 praestiglnm.
3309 879 3484 933 Pensa
3511 878 3678 950 igitur

2074 989 2238 1044 quam
2262 970 2582 1044 periculosa:
2626 973 3017 1030 vicissitudinis
3050 971 3123 1026 sit
3149 970 3500 1036 permutatio,
3531 967 3675 1037 quod

2077 1077 2173 1136 per
2192 1075 2634 1122 momentaneam
2661 1063 3110 1127 delectationem,
3135 1076 3242 1132 qua
3270 1061 3325 1116 in
3367 1067 3569 1130 puncto
3590 1074 3676 1116 se-

2077 1167 2201 1207 men
2242 1151 2481 1221 ejicitur,
2511 1167 2692 1224 paena,
2724 1167 2847 1222 qua:
2873 1152 3143 1222 sequitur,
3174 1166 3273 1221 per
3302 1148 3471 1204 millia
3506 1163 3678 1204 anno-

2075 1256 2198 1296 rum
2234 1243 2504 1297 curricula
2551 1258 2659 1298 non
2707 1243 2916 1298 finitur.
2946 1241 3138 1311 Cogita
3188 1255 3357 1311 quam
3410 1241 3672 1295 miserum

2075 1333 2168 1398 sit,
2209 1333 2354 1402 quod
2403 1349 2503 1403 per
2562 1349 2732 1399 unum
2796 1334 3141 1400 membrum,
3170 1331 3343 1401 cujus
3383 1341 3676 1385 nune.vo-

2073 1424 2251 1495 luptas
2272 1424 2542 1494 etpletur,
2567 1434 2739 1480 totum
2761 1423 3106 1494 postmodum
3137 1420 3526 1492 corpus‘simul
3552 1424 3676 1476 cuin

2065 1515 2256 1568 Inima
2299 1514 2666 1569 atrocissimis
2713 1511 3058 1568 ﬂammarum
3102 1511 3372 1568 incendiis
3413 1518 3680 1581 perpetuo

2073 1605 2370 1660 cruciatur.
2399 1604 2516 1669 His,
2561 1614 2615 1658 et
2656 1602 2967 1672 huiusmodi
2997 1600 3507 1672 impenetrabilibus
3530 1597 3679 1668 cogi—

2074 1697 2336 1750 tationum
2359 1694 2563 1766 clypeis
2581 1694 2924 1749 imminentia
2947 1691 3088 1748 mala
3116 1689 3374 1761 propelle,
3397 1687 3678 1759 przeterita

2072 1785 2578 1855 per'pcenitentiam
2631 1783 2774 1839 dele.
2817 1781 3014 1840 Carnis
3057 1781 3370 1852 superbiam
3411 1778 3677 1848 jejunium

2074 1965 2416 2035 pinguescat.
2444 1964 2558 2020 Hoc
2602 1964 2788 2035 itaque
2817 1963 2976 2017 modo
3007 1958 3206 2032 praesul
3233 1960 3463 2029 Spiritus
3490 1956 3678 2026 subje-

2071 2033 2214 2111 ctam
2237 2069 2462 2109 carnem
2492 2033 2791 2124 discip’iinae
2824 2052 2979 2115 freno
3005 2061 3282 2114 coerceat,
3305 2059 3362 2104 et
3387 2049 3453 2102 ad
3477 2061 3674 2117 super-

2071 2162 2206 2201 nam
2238 2145 2542 2202 Jerusalem
2587 2148 2832 2216 quotidie
2876 2146 3140 2202 ferventis
3182 2143 3441 2200 desiderii
3480 2142 3662 2213 gradi-

2070 2237 2172 2292 bus
2203 2237 2468 2294 festinare
2489 2238 2802 2292 contendat.

2637 2355 2868 2411 CAPUT
2908 2352 3098 2409 XXIV.

2071 2444 2226 2513 Quod
2253 2445 2324 2500 ad
2346 2446 2696 2502 edomandam
2727 2447 3000 2499 libidinem
3024 2447 3153 2498 satis
3180 2444 3383 2510 prosint
3413 2443 3676 2500 castitatis

2555 2517 2778 2586 pra'mia
2808 2513 3097 2585 contempla
3108 2517 3172 2567 ri.
3656 2546 3662 2549 -

2139 2604 2330 2673 Operae
2357 2606 2591 2676 pretium
2638 2620 2853 2675 quoque
2897 2613 2980 2658 est
3024 2612 3080 2656 ut
3130 2604 3395 2672 promissa
3429 2600 3674 2656 castitati

2067 2697 2290 2764 praemia
2319 2696 2660 2753 incessanter
2686 2696 2940 2765 aspicias,
2967 2711 3199 2765 quorum
3228 2696 3512 2751 dulcedine
3540 2711 3668 2764 pro-

2072 2796 2320 2852 vocatus,
2352 2785 2615 2857 quidquid
2649 2787 2885 2841 versutia
2923 2787 3103 2840 callidi
3150 2787 3484 2840 insidiatoris
3505 2802 3673 2856 Oppo-

2071 2880 2237 2945 nitur,
2283 2879 2456 2935 libero
2491 2880 2611 2936 ﬁdei
2643 2880 2778 2950 pede
2812 2881 3186 2935 lranscendas.
3221 2881 3276 2934 Si
3305 2882 3446 2935 enim
3490 2892 3670 2936 atten—

2072 2973 2230 3024 datur
2260 2969 2516 3037 felicitas,
2543 2971 2610 3023 ad
2641 2985 2803 3039 quam
2829 2987 2933 3024 non
2961 2972 3078 3024 sine
3106 2973 3333 3025 transitu
3365 2972 3672 3043 attingitur,

2074 3059 2187 3113 leve
2241 3059 2303 3112 lit
2345 3062 2488 3129 quod
2539 3062 2869 3115 transeundo
2917 3061 3220 3124 laboratur,
3267 3070 3321 3114 et
3370 3064 3674 3118 conductus

2076 3147 2250 3203 fossor
2280 3151 2495 3203 [mdium
2525 3149 2727 3204 laboris
2753 3149 3000 3214 alleviat,
3033 3152 3158 3204 dum
3207 3154 3507 3209 mcmedcm
3543 3167 3674 3219 npc-

391 3232 594 3287 dere-tur
638 3236 685 3289 ei
743 3235 916 3289 virtus
962 3238 1026 3290 ad
1087 3237 1653 3306 comprehendendum
1726 3239 1960 3306 gladium
1994 3228 2038 3288 C
2075 3246 2180 3303 ris,
2232 3256 2352 3310 quae
2400 3242 2656 3305 debetur,
2713 3243 2985 3296 inhiantcr
3041 3251 3341 3311 exspectat.
3392 3241 3674 3312 Perpende

387 3322 492 3390 (Ill
511 3324 633 3394 Reg.
660 3325 801 3395 xxI).
837 3346 852 3376 ι
873 3326 1013 3392 Quid
1034 3327 1208 3382 dicam
1229 3327 1418 3382 Achab
1442 3343 1622 3398 regem
1646 3329 1848 3382 Israel?
1871 3329 1958 3398 qui

388 3423 653 3483 postquam
694 3415 840 3470 idola
891 3417 1190 3473 fabricatus
1236 3429 1317 3478 est
1345 3457 1361 3484 ,
1404 3428 1687 3487 postquam
1750 3418 1960 3472 Naboth

387 3497 749 3558 Jezrahelitem
771 3504 933 3574 impie
965 3506 1278 3570 trucidavit,
1308 3509 1522 3561 tandem
1551 3509 1775 3562 sicutex
1806 3520 1958 3578 parte

388 3588 680 3650 humiliatus
701 3606 807 3658 est,
839 3597 911 3649 ita
945 3598 1109 3652 etiatn
1144 3613 1207 3651 ex
1237 3607 1393 3668 parte
1421 3606 1502 3654 est
1531 3602 1960 3654 misericordiam

389 3695 710 3740 consecutus.
741 3685 903 3740 Teste
934 3689 1076 3740 enim
1107 3687 1419 3758 Scriptura,
1478 3701 1761 3760 postquam
1792 3700 1962 3744 terru-

390 3785 489 3827 rem
513 3777 701 3832 divin:
727 3779 1174 3834 comminationis
1205 3782 1433 3850 accepit,
1465 3783 1626 3838 scidit
1652 3792 1876 3847 vestem,
1908 3795 1962 3836 et

390 3866 577 3931 operuit
599 3867 782 3922 cilicio
807 3884 1025 3923 carnem
1057 3884 1233 3934 suam,
1251 3871 1624 3942 jejunavitquc
1642 3914 1655 3936 ,
1679 3882 1734 3927 et
1759 3874 1960 3926 dormi-

390 3955 457 4007 vit
479 3956 525 4009 in
555 3973 712 4013 sacco
739 3968 794 4012 et
823 3959 1136 4014 ambulabat
1174 3961 1412 4017 demisso
1449 3965 1644 4032 capite.
1689 3963 1826 4030 Quid
1861 3967 1960 4018 ita-

390 4056 480 4108 que
504 4049 795 4113 posthaec?
829 4067 846 4100 ι
877 4049 1076 4105 Factus
1110 4059 1193 4105 est
1233 4066 1414 4107 sermo
1446 4053 1657 4107 Domini
1691 4055 1756 4107 ad
1787 4055 1956 4109 Eliam

393 4132 700 4200 Thesbitcm,
719 4141 906 4196 dicens
935 4160 946 4194 :
973 4140 1162 4206 Nonne
1194 4145 1372 4199 vidisti
1405 4146 1745 4201 humiliatum
1773 4148 1958 4202 Achab

393 4238 554 4281 coram
581 4245 665 4284 me
683 4231 856 4298 ?Quia
891 4233 1055 4304 igitur
1085 4233 1400 4289 humiliatus
1424 4245 1508 4290 est
1525 4237 1628 4292 mei
1644 4253 1828 4302 causa,
1851 4254 1956 4292 non

300 4382 306 4390 .
382 4311 620 4371 inducam
665 4319 870 4375 malum
913 4322 965 4375 in
1011 4321 1352 4394 diebu’sejus
1377 4323 1522 4395 (Ibid
1551 4325 1591 4396 ).
1651 4345 1669 4377 ι
1703 4327 1868 4398 Igitur
1911 4328 1954 4381 si

381 4412 427 4457 et
461 4405 596 4464 illius
624 4413 942 4482 paenitentia
990 4430 1096 4470 non
1133 4417 1448 4487 despicitur,
1477 4421 1567 4489 qui
1612 4437 1953 4491 nequaquam

381 4506 745 4560 perseverasse
772 4507 1154 4574 cognoscitur;
1179 4522 1276 4563 cur
1312 4518 1365 4564 tu
1394 4524 1458 4564 ex
1491 4511 1688 4568 divinae
1733 4513 1954 4569 misera-

2072 3345 2198 3400 crgo
2239 3330 2382 3398 quod
2413 3331 2477 3384 de
2509 3331 2769 3386 militibus
2804 3335 3200 3401 castitatisper
3229 3335 3550 3402 prophetam
3591 3334 3674 3387 di-

2070 3419 2214 3473 citur
2248 3437 2260 3470 :
2299 3438 2317 3469 ι
2352 3419 2449 3473 ilic
2481 3421 2618 3474 dicit
2643 3422 2903 3476 Dominus
2934 3425 3226 3496 eunuchis,
3271 3423 3361 3491 qui
3399 3423 3674 3476 custodie-

2070 3510 2179 3568 rint
2223 3510 2448 3565 sabbata
2499 3529 2615 3567 mea
2644 3555 2657 3575 ,
2702 3523 2757 3568 et
2796 3514 3060 3582 elegerint
3090 3515 3232 3583 quod
3275 3514 3456 3578 volui,
3500 3524 3556 3569 et
3589 3509 3669 3569 te-

2067 3612 2287 3655 nuerint
2318 3601 2496 3656 foedus
2526 3620 2701 3658 meum
2742 3623 2753 3657 :
2795 3605 2936 3660 dabo
2963 3607 3040 3658 cis
3079 3607 3129 3659 in
3163 3608 3324 3659 domo
3355 3623 3472 3660 mea
3509 3616 3570 3660 et
3615 3607 3670 3662 in

2069 3695 2242 3748 muris
2267 3695 2404 3750 meis
2439 3695 2638 3758 locum,
2678 3705 2730 3750 et
2760 3712 2956 3750 nomen
2992 3698 3182 3752 melius
3228 3715 3254 3750 a
3293 3699 3416 3753 filiis
3444 3708 3496 3754 et
3528 3700 3670 3753 lilia-

2069 3784 2166 3836 hus
2193 3783 2328 3854 (Isa.
2361 3785 2493 3856 Lvt).
2522 3806 2538 3838 ι
2577 3787 2822 3840 Eunuchi
2850 3788 3046 3856 quippe
3073 3797 3218 3847 sunt,
3255 3788 3348 3856 qui
3379 3787 3672 3844 insolentes

2065 3875 2249 3928 carnis
2301 3874 2532 3944 impetus
2584 3875 2917 3945 reprimunt,
2947 3875 3309 3943 eliectutnque
3338 3892 3367 3929 a
3397 3892 3454 3930 se
3484 3892 3668 3944 prava:

2063 3966 2398 4034 operationis
2441 3968 2787 4021 abscindunt.
2849 3967 3097 4038 Plerique
3127 3977 3308 4021 autem
3339 3983 3524 4022 eorum
3575 3969 3668 4037 Qui

2064 4059 2321 4126 voluptati
2368 4058 2634 4112 illaec-bra:
2678 4058 2916 4113 carnalis
2969 4059 3304 4124 inserviunt,
3347 4059 3666 4115 memoriam

2065 4149 2145 4201 sui
2195 4149 2432 4202 nominis
2464 4159 2580 4217 post
2619 4164 2678 4203 se
2708 4149 3018 4218 relinquere
3048 4163 3144 4218 per
3170 4150 3540 4218 posteritatem
3580 4165 3674 4206 so-

2061 4238 2199 4293 bolis
2227 4240 2652 4309 concupiscunt;
2686 4249 2742 4294 et
2796 4239 2900 4295 hoc
2954 4249 3063 4296 toto
3114 4242 3313 4295 tuentis
3342 4240 3534 4295 aliectu
3592 4241 3670 4296 id.

2061 4331 2206 4384 circo
2237 4331 2584 4395 desiderant,
2622 4331 2753 4400 quia
2793 4345 3141 4400 nequaquam
3191 4346 3248 4386 se
3293 4331 3419 4385 huic
3465 4333 3669 4388 mundo

2062 4422 2202 4476 tnori
2226 4420 2468 4476 funditus
2501 4422 2793 4492 deputant,
2820 4423 2864 4478 si
2911 4423 3148 4477 nominis
3180 4423 3263 4476 sui
3312 4421 3523 4476 titulum
3570 4439 3668 4494 per

2059 4514 2385 4581 superstites
2427 4514 2658 4568 residua:
2695 4512 2860 4583 prolis
2898 4529 3121 4584 germen
3165 4514 3480 4567 extendant.

383 4584 535 4644 tionis
564 4592 813 4665 largitate
839 4596 1138 4663 diﬂidas,si
1164 4599 1569 4671 infatigabiliter
1603 4617 1954 4674 perseverare
1988 4579 2034 4637 υ
2129 4579 2236 4659 Sed
2288 4603 2459 4658 multo
2506 4579 2710 4659 clarius
2758 4579 3037 4676 multaque
3076 4605 3290 4660 lclicius
3332 4606 3433 4661 hoc
3487 4606 3665 4676 ipsum

381 4685 702 4742 contendas?
742 4687 937 4744 Statue
976 4693 1192 4760 quoque
1221 4693 1319 4748 tibi
1359 4703 1637 4757 certamen
1674 4697 1952 4754 assiduum

381 4769 626 4834 adversus
670 4796 916 4847 carnem,
963 4799 1204 4840 armatus
1257 4800 1474 4858 semper
1518 4789 1714 4845 assiste
1763 4801 1951 4847 contra

381 4859 440 4914 im
456 4869 994 4954 portunam‘Jibidinis
1025 4873 1251 4943 rabiem.
1280 4876 1336 4930 Si
1376 4877 1606 4934 luxuria:
1648 4879 1864 4935 ﬂamma
1897 4883 1950 4936 in

384 4953 854 5042 assibus'aestuat,
913 4963 1159 5032 protinus
1211 4965 1359 5023 illam
1395 4969 1659 5025 memoria
1702 4972 1948 5042 perpetui

387 5038 515 5106 ignis
556 5051 896 5121 exstinguat;
947 5054 993 5109 si
1055 5056 1284 5113 callidus
1344 5057 1632 5117 insidiator
1683 5038 1948 5119 lubricam

386 5136 562 5191 carnis
592 5145 829 5211 speciem
866 5144 1076 5214 objicit,
1105 5149 1249 5206 illico
1297 5159 1449 5209 metis
1498 5154 1568 5209 ad
1608 5164 1944 5211 mortuorum

388 5228 614 5293 SPpulcra
645 5235 861 5291 oculum
893 5238 1116 5310 dirigat,
1159 5251 1214 5297 et
1260 5243 1390 5314 quid
1419 5244 1530 5301 illic
1558 5260 1726 5301 suave
1756 5254 1905 5302 tactu
1930 5288 1946 5312 ,

389 5318 501 5383 quid
525 5323 842 5384 delectabile
868 5331 983 5385 visu
1009 5334 1340 5403 reperiatur,
1370 5336 1601 5393 solerter
1630 5339 1897 5394 attendat.

449 5410 755 5475 Consideret
781 5420 963 5490 itaque
991 5423 1118 5492 quia
1146 5424 1321 5492 virus,
1348 5429 1491 5496 quod
1524 5444 1667 5484 nunc
1698 5429 1954 5486 intolera-

392 5498 552 5594 hiliter
571 5506 724 5576 l'etet,
754 5513 900 5582 quod
934 5515 1145 5579 sanies,
1169 5529 1289 5587 qua:
1312 5531 1527 5574 vermes
1553 5521 1742 5590 gignit,
1775 5528 1830 5577 et
1855 5539 1949 5594 pa-

393 5591 658 5686 ΔΨιοιι
685 5601 944 5671 quidquid
978 5604 1249 5672 pulveris,
1287 5607 1550 5679 quidquid
1577 5610 1715 5666 arldi
1747 5591 1948 5668 cineris

394 5675 488 5774 illic
509 5683 682 5753 jacere
707 5692 1065 5763 conspicitur,
1090 5695 1219 5757 olim
1243 5675 1364 5754 laeta
1394 5675 1525 5756 caro
1544 5699 1670 5767 fuit,
1698 5717 1822 5773 qua:
1847 5704 1944 5759 hu-

389 5777 596 5833 iusmodi
621 5783 964 5852 passionibus
992 5785 1045 5841 in
1069 5802 1166 5843 sua
1193 5789 1472 5846 viriditate
1501 5790 1786 5860 subiacuit.
1815 5793 1944 5850 Per-

2059 4697 2274 4752 crelibes
2314 4711 2510 4750 munus
2557 4696 2873 4766 aec'ipiuut,
2928 4696 2994 4750 ad
3049 4697 3192 4765 qnnd
3246 4695 3522 4766 proletarii
3556 4707 3666 4755 tant

2058 4791 2277 4846 fervida:
2304 4789 2618 4844 ambitionis
2657 4789 2878 4844 aestibus
2913 4788 3340 4852 inﬂammantur,
3371 4789 3495 4857 quia
3522 4791 3666 4858 apud

2058 4884 2206 4937 illum
2237 4897 2423 4938 eorum
2461 4882 2725 4937 memoria
2756 4897 2976 4952 semper
3007 4881 3170 4943 vivit,
3204 4882 3294 4950 qui
3326 4895 3424 4950 per
3443 4881 3666 4935 aeterni-

2057 4977 2181 5029 tatis
2208 4983 2406 5029 statum
2441 4974 2586 5028 nulla
2619 4983 2922 5045 temporum
2966 4986 3079 5043 tege
3117 4971 3430 5043 pertransit.
3452 4970 3661 5027 Nomen

2055 5065 2217 5134 igitur
2250 5063 2516 5120 eunuchis
2546 5065 2736 5120 melius
2760 5079 2789 5118 a
2823 5063 2945 5118 filiis
2969 5073 3025 5119 ct
3063 5063 3274 5118 ﬁliabus
3303 5063 3486 5118 divina
3521 5077 3657 5120 voce

2052 5155 2410 5225 promittitur,
2442 5155 2568 5224 quia
2599 5155 2921 5210 memoriam
2958 5152 3194 5208 nominis
3221 5168 3382 5224 quam
3422 5152 3658 5206 filiorum

2055 5247 2345 5315 posteritas
2367 5261 2466 5316 per
2494 5247 2659 5302 breve
2711 5245 2967 5314 teiuporis
2994 5245 3228 5313 spatiqu
3269 5243 3534 5312 potuisset
3563 5257 3659 5297 cx-

2056 5334 2300 5398 tendere,
2350 5333 2438 5388 isti
2469 5343 2748 5389 merentur
2785 5333 2990 5401 absque
3017 5333 3126 5387 ullo
3156 5332 3447 5387 oblivionis
3469 5334 3653 5387 obsta-

2053 5425 2175 5479 culo
2220 5425 2272 5479 in
2315 5435 2636 5495 perpetuum
2668 5426 2945 5494 possidere
2974 5442 2986 5477 :
3022 5445 3039 5476 ‹
3069 5424 3125 5479 lu
3169 5424 3452 5487 memoria,
3484 5425 3652 5489 enim,

2056 5525 2258 5571 (eterna
2292 5517 2398 5572 erit
2428 5516 2608 5587 justus
2633 5516 2809 5589 (Psal.
2833 5517 3005 5588 cui).
3040 5537 3057 5570 ι
3097 5517 3161 5571 Ει
3185 5519 3379 5570 iterum
3421 5517 3475 5570 in
3502 5516 3650 5585 Apo-

2056 5609 2258 5681 calypsi
2290 5624 2388 5682 per
2413 5609 2676 5667 Joannem
2707 5611 2905 5666 dicitur
2942 5628 2956 5664 :
2991 5629 3011 5662 ι
3048 5607 3415 5666 Ambulabunt
3441 5624 3654 5673 mecum

2057 5703 2108 5756 in
2143 5703 2298 5765 albis,
2326 5702 2451 5773 quia
2484 5704 2631 5776 digni
2662 5712 2806 5770 sunt,
2831 5712 2886 5758 et
2916 5719 3024 5759 non
3077 5702 3265 5759 delebo
3307 5702 3526 5758 nomina
3552 5716 3654 5768 eo-

2052 5798 2171 5850 rum
2201 5793 2266 5850 de
2294 5795 2431 5851 libro
2465 5797 2585 5851 vitae
2615 5795 2798 5865 (Apoc.
2832 5796 2937 5867 in).
2980 5816 2997 5847 ι
3037 5793 3138 5851 Ubi
3181 5794 3378 5850 iterum
3405 5793 3648 5853 dicitur:
