4690 6412
1030 364 1161 431 187’

1486 367 1542 422 S.
1566 361 1772 420 PETRI
1811 356 2095 415 DAMIANI
2132 357 2283 414 OPP.
2317 351 2550 412 TOMUS
2577 349 2710 407 SEU
2748 347 2927 404 PARS
2968 346 3052 402 111.
3085 376 3153 387 -—-—
3182 340 3546 401 OPUSCULA
3577 339 3808 395 VARIA.

4182 337 4271 397 188

1037 504 1054 537 ι
1084 485 1149 539 lli
1181 492 1304 539 sunt
1336 452 1425 548 qui
1448 494 1568 533 cum
1602 476 1915 532 mulieribus
1942 490 2047 529 non
2081 481 2204 528 sunt
2229 469 2551 539 coinquinati
2576 485 2590 533 ;
2626 468 2672 522 Α
2700 465 2967 519 homicida
2992 462 3181 516 aliena:
3210 461 3419 523 animae,
3447 468 3657 513 servata
3695 469 3927 511 censura
3956 452 4181 523 silentii,
4205 459 4270 513 di-

1032 575 1268 644 virgines
1290 570 1430 624 enim
1452 575 1596 630 sunt,
1624 567 1713 635 qui
1734 572 2031 633 sequuntur
2051 565 2256 632 Agnum
2280 572 2598 627 quocunque

1033 665 1153 716 ierit
1168 662 1346 728 (Apoc.
1364 657 1492 725 xiv);
1508 676 1525 708 ι
1543 656 1744 723 etquod
1757 654 2027 707 canticum
2042 658 2277 709 cantant,
2290 647 2429 715 quod
2444 658 2599 699 nemo

1034 752 1197 820 possit
1226 751 1421 807 dicere,
1446 747 1545 799 nisi
1575 746 1661 798 illa
1683 752 1895 799 centum
1910 742 2261 812 quadraginta
2287 737 2441 806 175
2463 751 2599 803 qua-

1037 851 1158 892 tuor
1172 837 1354 890 millia.
1389 834 1667 903 Singulare
1693 834 1888 901 quippe
1912 830 2177 886 canticum
2198 828 2349 897 Agno
2372 824 2602 894 virgines

1034 933 1271 989 cantant,
1302 924 1425 992 quia
1450 938 1567 975 cum
1589 937 1651 975 eo
1681 924 1733 974 in
1762 930 2069 989 perpetuum
2102 929 2210 985 prae
2234 912 2446 969 cunctis
2476 914 2602 965 fide-

1034 1017 1174 1069 libus
1192 1055 1204 1078 ,
1234 1014 1397 1067 etiam
1424 1012 1489 1067 de
1513 1011 1907 1080 incorruptione
1930 1007 2107 1061 carnis
2133 1004 2425 1059 exsultant.
2450 1002 2600 1070 Quod

1036 1102 1285 1157 videlicet
1325 1101 1412 1153 alii
1447 1100 1579 1167 jUSll
1625 1099 1799 1155 dicere
1834 1103 2133 1165 nequeunt,
2169 1094 2293 1149 licet
2334 1092 2387 1147 in
2416 1092 2601 1146 eadem

1038 1191 1369 1247 beatitudine
1396 1190 1556 1259 positi
1590 1194 1893 1243 mereantur
1932 1186 2153 1249 audire;
2186 1184 2309 1253 quia
2350 1196 2445 1251 per
2471 1181 2599 1235 cha-

1039 1281 1252 1335 r‘itatem
1275 1280 1488 1349 quidem
1520 1279 1728 1331 illorum
1756 1276 2125 1330 celsitudinem
2154 1280 2432 1343 gratanter
2462 1270 2603 1338 aspi-

1038 1371 1207 1431 ciunt.
1234 1370 1297 1423 ad
1322 1384 1504 1423 eorum
1537 1377 1713 1421 tamen
1745 1367 1964 1436 praemia
1992 1380 2098 1419 non
2126 1369 2427 1431 assurgunt.
2458 1360 2603 1426 Qua-

1039 1465 1257 1525 propter
1297 1457 1623 1524 pensandum
1643 1464 1762 1514 est,
1790 1464 1948 1523 atque
1972 1454 2025 1507 in
2047 1462 2224 1507 mente
2256 1460 2434 1505 nostra
2461 1447 2606 1503 omni

1039 1544 1214 1599 studio
1258 1545 1657 1607 revolvendum,
1701 1554 1913 1613 quantae
1956 1542 2251 1612 dignitatis,
2290 1548 2607 1609 quantaeque

1043 1635 1114 1687 sit
1144 1633 1475 1689 excellentiae
1519 1633 1627 1688 illic
1668 1631 1780 1685 ﬁeri
1826 1646 2090 1686 summum
2116 1669 2130 1693 ,
2176 1628 2263 1681 ubi
2292 1640 2497 1680 summa
2530 1623 2608 1678 lie-

1042 1723 1217 1777 licitas
1266 1734 1352 1777 est
1395 1738 1517 1777 esse
1557 1722 1636 1776 vel
1673 1722 1914 1774 ultimum
1952 1737 1964 1773 :
1998 1718 2105 1772 illic
2148 1716 2412 1787 privilegii
2462 1713 2603 1768 celsa

2697 556 2833 607 vinas
2863 552 3215 607 districtionis
3241 549 3464 604 audeam
3489 547 3829 600 ratiocinium
3856 550 4271 615 exspectarent

2698 643 2840 697 illius
2872 650 3055 695 reatus
3084 639 3201 694 fieri
3225 638 3473 707 incipiam
3506 636 3737 699 debitor,
3756 634 3912 703 cujus
3933 650 4267 705 nequaquam

2699 742 2884 788 auctor
2906 731 3253 786 exstiteram?
3292 730 3358 783 Et
3404 743 3524 782 cum
3557 727 3838 794 Scriptura
3878 727 4033 782 dicat
4061 746 4075 779 :
4108 725 4275 781 «Male

2699 820 2900 883 dictus,
2929 818 3017 886 qui
3050 817 3303 886 prohibet
3332 816 3491 885 176
3522 814 3753 884 gladium
3778 828 3938 867 suum
3963 830 3996 867 a
4020 815 4274 883 sanguine

2700 905 2833 976 (Jer.
2861 910 3081 973 vam);
3128 924 3146 956 ι
3179 904 3414 958 hortaris
3441 916 3526 956 me
3549 912 3604 955 ut
3629 900 3837 972 gladius
3852 902 4054 972 lingua
4069 917 4201 956 mete
4227 904 4274 956 in

2700 995 3081 1051 taciturnitatis
3108 996 3263 1049 theca
3298 993 3585 1063 repositus,
3609 1000 3663 1046 et
3678 992 3893 1047 sibimet
3918 1000 4131 1062 pereat,
4156 993 4276 1046 dum

2698 1083 3007 1139 offensionis
3038 1082 3341 1153 rubiginem
3371 1082 3679 1146 contrahit;
3724 1089 3779 1135 et
3817 1081 3940 1135 aliis
3966 1096 4079 1135 non
4121 1080 4284 1150 proti-

2701 1176 2831 1240 ciat,
2859 1176 2984 1230 dum
3013 1174 3199 1243 culpas
3228 1188 3393 1242 prave
3423 1174 3718 1226 viventium
3748 1186 3854 1225 non
3887 1170 4137 1240 contigit.
4162 1170 4283 1225 Gla-

2703 1266 2849 1319 dium
2891 1265 3091 1333 quippe
3121 1278 3152 1317 a
3179 1262 3441 1331 sanguine
3465 1261 3782 1331 prohibere,
3817 1270 3905 1315 est
3931 1261 4285 1316 correctionis

2704 1368 2929 1407 vernum
2960 1368 2989 1406 a
3018 1352 3256 1407 carnalis
3285 1352 3407 1406 vita:
3438 1352 3783 1420 percussione
3809 1368 4183 1421 compescere.
4214 1352 4288 1406 De

2704 1454 2810 1508 quo
2836 1439 3014 1507 gladio
3059 1454 3273 1495 rursum
3318 1439 3516 1493 dicitur
3546 1456 3560 1492 :
3596 1457 3613 1488 ‹
3653 1438 3729 1492 Ex
3754 1453 3850 1494 ore
3885 1438 4034 1495 enim
4083 1439 4289 1509 gladius

2706 1544 2773 1583 ex
2810 1538 3037 1596 utraque
3064 1542 3217 1597 parte
3240 1536 3429 1587 acutus
3458 1527 3638 1582 exibat
3662 1528 3844 1597 (Apoc.
3873 1529 3935 1594 ι).
3982 1548 4001 1580 ι
4050 1529 4291 1596 Qualiter

2707 1617 2849 1670 enim
2873 1617 3174 1686 proximum
3202 1630 3378 1669 meum
3408 1616 3545 1669 sicut
3585 1616 3850 1685 meipsum
3882 1617 4074 1688 diligo,
4107 1619 4151 1673 si
4184 1619 4293 1672 vul-

2711 1723 2809 1761 nus
2829 1720 2937 1775 quo
2963 1720 3085 1760 eum
3116 1720 3221 1759 non
3256 1705 3467 1774 ambigo
3490 1704 3785 1760 crudeliter
3813 1707 3978 1770 mori,
4011 1708 4291 1777 negligen-

1043 1812 1423 1875 conscendere,
1462 1810 1550 1864 ubi
1599 1808 1964 1863 beatissimum
2006 1815 2090 1861 est
2130 1804 2303 1875 patria
2342 1802 2609 1872 aequitatis
2640 1794 2682 1852 Β
2714 1805 2793 1849 ter
2822 1796 2935 1848 fero
2963 1796 3012 1848 in
3037 1795 3155 1864 ejus
3177 1794 3339 1848 corde
3368 1796 3637 1861 grassari?
3676 1796 3861 1850 videns
3900 1811 4033 1866 ergo
4068 1797 4293 1851 vulnera

1041 1899 1160 1956 iura
1215 1915 1451 1955 servare.
1504 1899 1765 1953 Nimirum
1821 1900 1959 1953 sicut
2008 1905 2297 1952 attestante
2342 1895 2603 1958 Veritate,

1041 2004 1145 2042 non
1168 2003 1356 2043 omnes
1376 1988 1595 2056 capiunt
1614 1988 1836 2041 verbum
1861 1988 1964 2040 hoc
1984 1987 2036 2039 in
2057 1986 2160 2040 hoc
2179 1984 2373 2039 steculo
2392 1983 2605 2053 (Matth.

1045 2079 1194 2148 xix);
1227 2079 1304 2132 sic
1335 2078 1401 2131 ad
1431 2078 1572 2131 illam
1625 2077 1850 2146 egregize
1898 2077 2347 2132 remunerationis
2382 2075 2609 2145 gloriam

1044 2182 1149 2220 non
1192 2180 1377 2219 omnes
1422 2165 1738 2232 perveniunt
1781 2164 1833 2216 in
1886 2164 2084 2216 futuro.

1120 2254 1261 2313 Hzcc,
1289 2262 1341 2307 et
1386 2252 1487 2305 alia
1536 2251 1702 2305 multa
1736 2250 2055 2318 hujus-modi,
2084 2249 2397 2303 charissime
2422 2248 2611 2313 frater,

1050 2341 1293 2409 quisquis
1320 2356 1396 2403 es,
1432 2341 1569 2393 intra
1598 2340 1791 2394 mentis
1818 2348 1920 2393 tuae
1948 2347 2151 2395 secreta
2180 2338 2459 2394 considera
2481 2376 2494 2401 ,
2527 2345 2609 2389 to-

1048 2430 1227 2497 tisque
1253 2428 1458 2481 viribus
1482 2443 1698 2482 carnem
1733 2436 1877 2481 tuam
1915 2428 1981 2480 ab
2010 2426 2153 2479 omni
2189 2437 2339 2493 peste
2378 2423 2614 2478 libidinis

1058 2520 1346 2572 immunem
1371 2520 1586 2571 servare
1614 2515 1806 2570 feStina
1826 2556 1839 2580 ,
1873 2513 2128 2582 ut,-juxta
2168 2514 2475 2581 apostolica:
2522 2512 2618 2565 do-

1053 2608 1242 2663 ctrinae
1295 2608 1611 2660 sententiam
1640 2647 1653 2670 ,
1712 2606 1853 2660 scias
1911 2620 2004 2663 vas
2054 2614 2202 2658 tuum
2242 2603 2516 2671 possidere
2560 2602 2615 2654 in

1050 2694 1490 2757 sanctificatione,
1513 2704 1566 2748 et
1596 2695 1817 2756 honore,
1848 2708 1953 2747 non
1984 2693 2037 2744 in
2061 2692 2309 2759 passione
2332 2689 2611 2752 desiderii;

1051 2787 1190 2840 sicut
1232 2793 1287 2839 et
1323 2794 1527 2853 gentes,
1578 2799 1696 2853 qua:
1745 2784 1993 2853 ignorant
2038 2781 2203 2838 Deum
2230 2781 2277 2851 (l
2308 2780 2487 2833 Thess.
2517 2778 2611 2845 ιν).

1058 2876 1115 2932 Si
1147 2875 1320 2931 adhuc
1345 2887 1475 2940 stas,
1506 2875 1859 2944 praecipitium
1891 2886 2021 2928 cave
2048 2891 2060 2926 :
2094 2874 2233 2941 quod
2261 2873 2305 2927 si
2332 2872 2510 2942 lapsus
2535 2887 2615 2935 es,
2648 2944 2653 2949 ί

1056 2965 1124 3019 ad
1150 2980 1347 3019 uncum
1370 2964 1718 3031 paenitentiae,
1752 2964 1844 3033 qui
1888 2964 2086 3032 ubique
2126 2972 2321 3032 prteslo
2359 2970 2461 3027 est,
2504 2978 2619 3014 ma-

1056 3067 1185 3106 num
1232 3052 1549 3106 ﬁducialiter
1600 3053 1784 3118 tende;
1834 3060 1894 3107 ut
1941 3052 2035 3122 qui
2080 3067 2185 3107 non
2232 3052 2455 3121 potuisti
2500 3066 2619 3105 cum

1057 3140 1329 3195 Abraham
1358 3142 1547 3209 procul
1576 3158 1605 3195 a
1648 3142 1895 3197 Sodomis
1921 3142 2115 3213 degere
2136 3183 2149 3206 ,
2193 3143 2349 3196 liceat
2388 3141 2471 3195 vel
2501 3157 2621 3196 cum

1061 3229 1193 3283 Loth
1234 3229 1547 3299 propinquae
1594 3231 1985 3287 combustionis
2029 3231 2239 3286 excidio
2271 3230 2488 3298 jamjam
2536 3247 2625 3288 ur-

1059 3327 1239 3388 gente,
1288 3320 1542 3390 migrare.
1586 3321 1795 3390 Quique
1822 3321 1948 3375 navi
1987 3321 2270 3377 incolumis
2298 3324 2478 3377 subire
2518 3336 2624 3377 non

1058 3409 1306 3467 valueras
1332 3418 1570 3478 portum,
1597 3410 1827 3465 sufﬁciat
1855 3410 2043 3469 saltem
2073 3412 2261 3481 perlati
2289 3412 2479 3467 ﬂuctus
2505 3425 2629 3465 cva-

1064 3504 1201 3549 stsse
1236 3496 1568 3565 naufragium
1617 3515 1629 3549 :
1674 3506 1728 3551 et
1758 3497 1848 3565 qui
1892 3513 1997 3552 non
2028 3500 2273 3553 meruisti
2322 3500 2388 3553 ad
2435 3499 2628 3552 littoris

1064 3588 1238 3640 sinum
1264 3590 1377 3641 sine
1395 3590 1602 3658 jactura
1629 3588 1952 3657 pertingere,
1976 3588 2140 3643 libeat
2167 3588 2344 3642 arenis
2367 3590 2626 3659 exposito,

1064 3683 1185 3743 post
1227 3676 1520 3743 periculum
1570 3676 1736 3729 alacri
1786 3690 1917 3731 voce
1970 3676 2099 3730 illud
2146 3677 2288 3731 beati
2336 3675 2485 3731 Jonas
2538 3692 2629 3732 ce-

1066 3762 1267 3817 leusma
1296 3772 1556 3817 cantare:
1591 3781 1609 3813 ι
1650 3763 1847 3817 Omnes
1890 3764 2125 3833 gurgites
2164 3764 2277 3827 tui,
2325 3772 2380 3817 et
2435 3762 2632 3818 ﬂuctus

1068 3848 1144 3905 tui
1176 3865 1336 3920 super
1362 3868 1446 3905 me
1476 3852 1831 3916 transierunt;
1853 3859 1907 3905 et
1932 3866 2032 3921 ego
2058 3851 2166 3904 dixi
2191 3865 2206 3905 :
2233 3850 2490 3921 Abjectus
2512 3867 2630 3909 sum

1067 3957 1096 3993 a
1124 3950 1409 4009 conspectu
1440 3942 1719 3996 oculorum
1750 3950 1961 3996 tuorum
1986 3982 2001 4006 ,
2039 3949 2413 3998 verumtamen
2444 3957 2630 3999 rursus

1068 4029 1260 4084 videbo
1289 4030 1543 4099 templum
1575 4040 1818 4085 sanctum
1856 4039 2005 4085 tuum
2036 4030 2184 4101 (Ion.
2214 4032 2301 4102 ιι).
2336 4050 2355 4084 s

1624 4120 1851 4177 CAPUT
1901 4120 2067 4174 XXV;

1338 4205 1437 4261 Ubi
1466 4209 1687 4277 scriptor
1713 4208 2047 4278 probabiliter
2065 4226 2118 4263 se
2141 4219 2373 4264 excusat.

1141 4296 1200 4352 Si
1224 4298 1429 4364 verojn
1459 4297 1743 4365 cujuslibet
1766 4315 1956 4353 manus
1975 4298 2183 4355 libellus
2209 4301 2311 4355 iste
2338 4298 2628 4367 devenerit,

2651 3103 2693 3162 C

2710 1885 2968 1937 mentium
2990 1923 3004 1948 ,
3043 1897 3233 1937 curare
3256 1883 3519 1953 negligam
3544 1884 3783 1939 sectione
3812 1887 4154 1940 verborum?
4181 1885 4295 1940 Non

2710 1991 2795 2030 me
2830 1977 2903 2029 ita
2927 1975 3174 2044 egregius
3198 1975 3520 2043 prtedicator
3549 1974 3724 2041 docet,
3752 1975 3845 2043 qui
3868 1990 3933 2031 eo
3964 1991 4025 2031 se
4057 1993 4090 2030 a
4111 1977 4295 2045 proxi-

2712 2080 2925 2125 morum
2967 2065 3225 2132 sanguine
3271 2064 3530 2119 mundum
3571 2064 3834 2129 credidit,
3882 2079 3992 2134 quo
4041 2065 4300 2121 feriendis

2711 2170 2895 2209 eorum
2924 2155 3071 2207 vitiis
3118 2170 3223 2205 nun
3272 2154 3539 2222 pepercit;
3575 2154 3705 2207 dicit
3730 2155 3874 2208 enim
3906 2172 3919 2209 :
3960 2173 3979 2207 ‹
4009 2155 4304 2213 Contestor

2712 2257 2808 2295 vos
2855 2244 3112 2295 hodierna
3159 2241 3277 2303 die,
3328 2241 3454 2307 quia
3499 2242 3732 2296 mundus
3778 2257 3897 2296 sum
3952 2258 3985 2297 a
4037 2244 4306 2315 sanguine

2712 2332 2952 2386 omnium
2981 2350 2992 2383 :
3024 2346 3127 2385 non
3160 2331 3304 2384 enim
3334 2330 3654 2401 subterfugi,
3679 2347 3787 2401 quo
3815 2333 3995 2388 minus
4016 2335 4307 2387 annuntiav

2712 2436 2825 2475 rem
2850 2436 3007 2475 omne
3039 2421 3322 2477 consilium
3362 2421 3455 2475 Dei
3504 2421 3654 2475 vobis
3684 2422 3822 2489 (Act.
3846 2422 3965 2492 xx).
4024 2444 4043 2475 ι
4078 2423 4200 2478 Non
4230 2425 4303 2478 ita

2716 2524 2803 2563 me
2832 2508 3065 2563 Joannes
3089 2510 3365 2573 instruxit,
3395 2510 3481 2563 cui
3511 2508 3759 2563 videlicet
3788 2511 4035 2580 angelica
4056 2512 4307 2567 admoni«

2720 2599 2865 2651 tione
2891 2599 3200 2667 praecipitur
3229 2614 3244 2651 :
3276 2615 3295 2648 ‹
3346 2598 3446 2663 Qui
3496 2598 3669 2663 audit,
3717 2598 3900 2657 dicat:
3930 2600 4068 2655 Veni
4116 2602 4302 2670 (Apoc.

2718 2688 2881 2756 xxii).
2914 2706 2932 2739 ι
2967 2687 3038 2743 Ut
3090 2687 3345 2741 nimirum
3395 2688 3479 2742 cui
3534 2701 3593 2741 se
3626 2702 3730 2743 vox
3767 2688 3982 2743 interna
4030 2688 4308 2754 insinuat,

2717 2775 2841 2830 illuc
2864 2776 3024 2829 etiam
3055 2776 3356 2841 clamando,
3383 2777 3518 2831 alios
3541 2792 3649 2847 quo
3678 2777 3792 2847 ipse
3822 2778 4055 2847 rapitur,
4090 2780 4308 2844 trahat;

2718 2880 2787 2919 ne
2817 2866 3030 2920 clausas
3073 2866 3213 2921 fores
3240 2867 3404 2921 etiam
3433 2876 3681 2933 vocatus,
3711 2866 3974 2933 inveniat,
4004 2868 4052 2923 si
4083 2870 4312 2923 vocanti

2722 2969 2921 3011 vacuus
2948 2955 3362 3025 apprOpinquat.

2800 3042 2941 3097 Sane
2965 3044 3126 3098 sime
3158 3052 3336 3097 ratum
3358 3044 3510 3099 ducis
3526 3044 3907 3115 corripientem
3935 3045 4238 3115 corripere,
4260 3056 4318 3102 et

2727 3142 2784 3186 ut
2828 3134 2901 3186 ita
2946 3133 3162 3203 loquar,
3204 3135 3628 3203 praesumptoria‘.
3673 3134 3973 3204 argutionis
4036 3150 4315 3205 arguere,

2725 3237 2821 3275 cur
2851 3236 2958 3275 non
3000 3221 3390 3290 Hieronymum
3436 3223 3667 3291 corripis
3708 3223 3799 3293 qui
3843 3234 4037 3278 contra
4065 3225 4320 3280 diversas

2727 3310 3105 3363 haereticorum
3150 3318 3330 3363 sectas
3380 3317 3487 3363 tam
3536 3311 3861 3367 mordaciter
3889 3312 4166 3383 disputat?
4202 3314 4321 3369 Cur

2728 3416 2834 3454 non
2886 3400 3230 3455 Ambrosium
3275 3400 3525 3465 laceras,
3578 3402 3669 3470 qui
3716 3403 3770 3456 in
3812 3402 4050 3459 Arianos
4096 3406 4321 3474 publice

2726 3491 3113 3545 concionatur?
3141 3491 3251 3545 Cur
3297 3507 3403 3546 non
3434 3500 3488 3547 et
3512 3492 3895 3562 Augustinum,
3924 3495 4017 3563 qui
4048 3496 4101 3550 in
4140 3496 4324 3551 Mani-

2728 3580 2904 3639 cfimos
2929 3588 3090 3648 atque
3121 3579 3428 3634 Donatistas
3463 3589 3570 3633 tam
3600 3589 3851 3636 austerus
3877 3582 4120 3654 litigator
4162 3584 4326 3640 inve-

2729 3669 2908 3722 hitur?
2956 3669 3102 3723 Dicis
3131 3669 3262 3723 mibi
3296 3686 3308 3721 :
3340 3668 3470 3725 iure
3500 3670 3595 3736 illi,
3630 3672 3755 3740 quia
3779 3681 3975 3737 contra
3992 3673 4317 3741 hereticos,

2731 3769 2919 3817 contra
2967 3757 3343 3827 blasphemus;
3388 3767 3445 3813 tu
3496 3768 3675 3815 autem
3718 3776 3825 3817 non
3877 3762 4038 3818 times
4086 3778 4323 3836 carpere

2732 3848 3093 3907 Christianos.

2800 3939 2881 3993 Ad
2910 3938 3053 4009 quod
3080 3951 3179 4008 ego
3208 3940 3307 3994 sub
3347 3939 3611 3996 brevitate
3648 3943 3979 4013 respondeo;
4010 3944 4143 4015 quia
4172 3946 4321 4002 sicut

2732 4028 2807 4082 illi
2836 4029 3145 4083 nitebantur
3188 4043 3438 4098 egressos
3463 4039 3519 4086 et
3540 4031 3652 4099 jam
3677 4041 3925 4089 errantes
3952 4036 4019 4089 ad
4055 4034 4199 4090 ovile
4226 4052 4321 4092 re-

2734 4120 2963 4184 ducere;
3017 4119 3088 4173 ita
3137 4119 3299 4174 etiam
3345 4130 3543 4176 nostra:
3574 4122 3889 4177 intentionis
3919 4133 4002 4179 est
4022 4165 4037 4190 ,
4066 4140 4186 4192 eos,
4218 4126 4318 4195 qui

2734 4208 3181 4276 qualitercuuque
3222 4208 3508 4270 intersunt,
3542 4224 3609 4264 ne
3645 4219 3862 4277 exeant,
3888 4214 4199 4281 prohibere.
4234 4214 4317 4267 llli

2736 4300 3024 4375 dicebant;
3074 4318 3093 4350 ί
3140 4298 3219 4365 Ex
3250 4286 3406 4353 nobis
3435 4301 3721 4365 exierunt,
3768 4304 3861 4357 sed
3894 4318 4000 4359 non
4048 4315 4209 4360 erant
4247 4322 4321 4361 ex

1070 4390 1156 4445 cui
1198 4391 1528 4445 conscientia
1560 4392 1778 4444 minime
1830 4388 2178 4459 sutl‘ragante,
2207 4392 2455 4460 superius
2493 4406 2635 4446 com-
2660 4418 2710 4475 Ι)
2737 4390 2913 4455 nobis,
2954 4404 3078 4445 nam
3118 4390 3162 4444 si
3190 4398 3375 4453 essent
3417 4406 3484 4445 ex
3536 4392 3711 4455 nobis,
3756 4393 4081 4449 mansissent
4130 4396 4321 4464 utique

1072 4480 1339 4548 prehensa
1371 4478 1503 4534 forte
1527 4479 1874 4549 displiceant,
1896 4494 2086 4547 meque
2108 4480 2436 4549 proditorem
2456 4521 2469 4543 ,
2493 4481 2635 4535 dela-

1076 4577 1353 4637 toremque
1378 4567 1599 4621 fraterni
1625 4569 1866 4622 criminis
1895 4577 2118 4638 arguat,
2138 4569 2355 4624 noverit
2380 4583 2462 4623 me
2489 4568 2634 4623 favo-

1074 4672 1187 4712 rem
1218 4658 1412 4712 interni
1436 4657 1639 4712 Judicis
1662 4666 1773 4713 toto
1803 4659 2117 4713 intentionis
2154 4659 2330 4714 studio
2355 4673 2629 4728 quaerere;

1074 4762 1363 4816 pravorum
1392 4762 1521 4801 vero
1560 4749 1683 4801 odia
1722 4747 1806 4802 vel
1848 4748 2057 4819 linguas
2094 4748 2486 4803 detrahentium
2528 4763 2631 4804 non

1077 4838 1288 4892 timere.
1314 4836 1451 4891 Malo
1473 4838 1667 4907 quippe
1690 4854 1810 4893 cum
1845 4838 2061 4909 Joseph,
2094 4839 2184 4908 qui
2225 4839 2499 4895 accusavit
2527 4838 2632 4893 fra~

1076 4936 1188 4981 tres
1209 4927 1349 4995 apud
1372 4938 1581 4997 patrem
1609 4929 1833 4982 crimine
1859 4929 2092 4996 pessimo
2108 4966 2125 4992 ,
2156 4930 2209 4982 in
2231 4918 2526 4983 cisternam
2554 4928 2637 4982 iu-

1077 5029 1277 5068 nocens
1304 5014 1490 5083 projici
1535 5014 1685 5069 (Gen.
1737 5016 1973 5085 xxxvii);
2018 5030 2177 5083 quam
2217 5031 2339 5069 cum
2381 5016 2520 5078 Heli,
2549 5018 2637 5086 qui

1079 5111 1310 5165 ﬁliorum
1356 5111 1493 5165 mala
1522 5112 1671 5175 vidit,
1702 5121 1756 5166 et
1786 5112 1971 5177 tacuit,
1998 5112 2160 5167 divini
2201 5112 2398 5169 furoris
2444 5112 2643 5166 ultione

1079 5200 1326 5255 mulctari
1350 5199 1398 5269 (l
1413 5199 1535 5269 Reg.
1552 5202 1713 5267 n,iv).
1738 5199 1868 5255 Cum
1896 5202 2039 5255 enim
2063 5217 2158 5270 per
2179 5216 2240 5255 os
2262 5201 2538 5270 propheta:
2559 5200 2641 5253 di-

1082 5291 1211 5345 vina
1237 5306 1341 5345 vox
1369 5291 1680 5345 mrribiliter
1702 5292 2075 5357 comminetur,
2108 5292 2328 5346 dicens:
2360 5310 2379 5343 ‹
2416 5290 2471 5345 Si
2501 5290 2647 5344 vide-

1087 5381 1161 5436 ris
1203 5380 1424 5435 fratrem
1465 5390 1613 5437 tuum
1663 5381 1845 5450 inique
1895 5391 2171 5449 agentem,
2211 5389 2265 5436 et
2320 5396 2423 5436 non
2474 5380 2641 5435 corri-

1085 5471 1270 5543 pueris
1309 5484 1453 5537 eum,
1481 5473 1790 5542 sanguinem
1822 5469 1938 5539 ejus
1974 5470 2039 5525 de
2066 5487 2223 5525 manu
2259 5479 2344 5524 tua
2370 5470 2639 5539 requiram

1089 5560 1304 5631 (Ezech.
1355 5561 1480 5633 ιιι);
1518 5580 1538 5614 ι
1577 5563 1696 5630 quis
1739 5576 1837 5631 ego
1867 5575 2007 5627 sum,
2037 5561 2125 5629 qui
2158 5560 2212 5616 in
2270 5574 2425 5615 sacro
2454 5559 2642 5615 ordine

1089 5652 1298 5709 videam
1328 5663 1438 5709 tam
1468 5653 1724 5725 pestilens
1773 5653 1980 5710 facinus
2028 5653 2355 5719 inolescere,
2404 5661 2458 5708 et
2497 5652 2645 5707 velut

2160 5850 2183 5933 Ι

2742 4481 3019 4535 nobiscum
3076 4480 3128 4551 (Ι
3157 4480 3315 4535 Joan.
3361 4483 3445 4550 ιι).
3484 4501 3503 4534 ι
3557 4482 3621 4536 Ει
3652 4500 3749 4539 nos
3794 4486 4023 4541 dicimus
4064 4504 4078 4537 :
4123 4486 4321 4542 Nobis-

2740 4586 2861 4624 cum
2884 4570 3100 4639 quidem
3131 4578 3279 4635 sunt,
3308 4572 3401 4626 sed
3429 4572 3587 4626 male.
3613 4572 3940 4631 Studeamus
3965 4592 4095 4647 ergo
4123 4579 4170 4633 si
4200 4593 4324 4648 pos.

2738 4659 2897 4713 sibile
2942 4668 3057 4725 est,
3085 4668 3146 4713 ut
3187 4659 3440 4729 deinceps
3490 4661 3625 4716 bene
3669 4664 3781 4718 sint
3828 4664 4129 4719 nobiscum.
4186 4666 4318 4721 illud

2739 4750 2903 4802 etiam
2926 4749 3193 4814 addimus,
3222 4750 3344 4819 quia
3376 4751 3419 4802 si
3456 4754 3690 4819 pessima
3715 4762 3794 4808 est
3825 4754 4187 4824 blasphemia,
4218 4772 4317 4811 ne—

2739 4838 2871 4900 scio,
2897 4837 2948 4891 in
2972 4853 3079 4905 quo
3100 4840 3173 4892 sit
3195 4838 3386 4895 melior
3408 4841 3670 4894 sodomia.
3703 4842 3793 4896 Illa
3818 4846 3960 4899 enim
3989 4845 4122 4900 facit
4143 4846 4320 4902 homi-

2739 4942 2860 4981 nem
2889 4942 3101 4993 errare;
3140 4928 3239 4984 ista
3269 4932 3465 4999 perire.
3496 4930 3588 4985 llla
3617 4946 3647 4991 a
3673 4933 3781 4988 Deo
3806 4937 4046 4991 animam
4088 4938 4315 4997 dividit:

2741 5017 2955 5073 diabolo
2980 5019 3081 5073 ista
3103 5018 3400 5088 conjungit.
3432 5020 3522 5074 Illa
3550 5022 3616 5077 de
3643 5025 3893 5091 paradiso
3926 5025 4100 5093 ejicit;
4130 5027 4237 5082 ista
4263 5030 4315 5083 in

2745 5116 3005 5163 tartarum
3038 5110 3253 5180 mergit.
3284 5110 3376 5164 llla
3403 5112 3598 5167 mentis
3624 5115 3810 5168 oculos
3839 5126 4037 5181 αιξρίιις
4067 5119 4120 5171 in
4146 5118 4319 5173 ruina:

2743 5200 3056 5269 voraginem
3090 5201 3190 5255 ista
3219 5202 3536 5271 praacipitat.
3575 5203 3644 5257 Et
3679 5204 3723 5258 si
3759 5205 4030 5260 subtiliter
4058 5208 4317 5279 indagare

2742 5290 3063 5359 satagimus,
3090 5291 3231 5359 quod
3255 5294 3534 5362 utriusque
3565 5294 3809 5350 criminis
3833 5297 3885 5351 in
3922 5306 4123 5352 statera
4150 5298 4316 5354 divini

2745 5372 3012 5435 examinis
3036 5382 3251 5449 gravius
3290 5392 3497 5450 penset,
3544 5385 3798 5453 inquisita
3845 5401 3998 5441 sacra
4036 5386 4315 5457 Scriptura

2746 5470 2958 5537 plenius
2984 5471 3159 5525 docet.
3207 5472 3304 5528 Ubi
3346 5474 3613 5542 siquidem
3643 5474 3740 5529 ﬁlii
3787 5476 3973 5541 Israel,
4024 5477 4117 5547 qui
4148 5478 4311 5533 Deum

2746 5562 3198 5630 blaspliemantes,
3226 5564 3367 5619 idola
3390 5564 3693 5631 coluerunt,
3736 5566 3791 5621 in
3832 5567 4199 5638 captivitatem
4223 5569 4315 5622 du-

2748 5652 2852 5717 cti;
2886 5650 3181 5707 Sodomita:
3202 5661 3380 5709 autem
3410 5652 3645 5710 cmlestis
3668 5654 3828 5718 ignis.
3853 5664 3907 5710 et
3937 5655 4210 5725 sulphuris
4235 5671 4314 5709 rc-
