  <div class='ocr_page' id='page_1' title='image "/cluster/home/n/w/nwhite01/storage/ocr_20150623/144-145/uc1.31175001639262/634.png"; bbox 0 0 4690 6354; ppageno 0'>
   <div class='ocr_carea' id='block_1_1' title="bbox 330 321 436 379">
    <p class='ocr_par' dir='ltr' id='par_1_1' title="bbox 330 321 436 379">
     <span class='ocr_line' id='line_1_1' title="bbox 330 321 436 379; baseline 0.019 -2"><span class='ocrx_word' id='word_1_1' title='bbox 330 321 436 379; x_wconf 71' lang='grc'><strong>189</strong></span> 
     </span>
    </p>
   </div>
   <div class='ocr_carea' id='block_1_2' title="bbox 1278 325 2598 390">
    <p class='ocr_par' dir='ltr' id='par_1_2' title="bbox 1278 325 2598 390">
     <span class='ocr_line' id='line_1_2' title="bbox 1278 325 2598 390; baseline 0.005 -9"><span class='ocrx_word' id='word_1_2' title='bbox 1278 325 1521 384; x_wconf 76' lang='grc' dir='ltr'><strong>ΟΙῚῘΞΟ.</strong></span> <span class='ocrx_word' id='word_1_3' title='bbox 1562 328 1671 383; x_wconf 73' lang='grc' dir='ltr'><strong>νιι.</strong></span> <span class='ocrx_word' id='word_1_4' title='bbox 1692 360 1759 369; x_wconf 91' lang='grc'><strong><em>-</em></strong></span> <span class='ocrx_word' id='word_1_5' title='bbox 1784 326 1983 383; x_wconf 77' lang='lat' dir='ltr'><strong>LIBER</strong></span> <span class='ocrx_word' id='word_1_6' title='bbox 2024 328 2598 390; x_wconf 73' lang='lat' dir='ltr'><strong>GOMORRHIANUS.</strong></span> 
     </span>
    </p>
   </div>
   <div class='ocr_carea' id='block_1_3' title="bbox 3509 336 3612 388">
    <p class='ocr_par' dir='ltr' id='par_1_3' title="bbox 3509 336 3612 388">
     <span class='ocr_line' id='line_1_3' title="bbox 3509 336 3612 388; baseline -0.01 0"><span class='ocrx_word' id='word_1_7' title='bbox 3509 336 3612 388; x_wconf 66' lang='lat'><strong>190</strong></span> 
     </span>
    </p>
   </div>
   <div class='ocr_carea' id='block_1_4' title="bbox 324 428 3611 514">
    <p class='ocr_par' dir='ltr' id='par_1_4' title="bbox 324 428 3611 514">
     <span class='ocr_line' id='line_1_4' title="bbox 324 428 3611 514; baseline 0.005 -30"><span class='ocrx_word' id='word_1_8' title='bbox 324 428 609 489; x_wconf 76' lang='lat' dir='ltr'><strong>Periuntur</strong></span> <span class='ocrx_word' id='word_1_9' title='bbox 638 434 886 490; x_wconf 87' lang='lat' dir='ltr'><strong>inccndio</strong></span> <span class='ocrx_word' id='word_1_10' title='bbox 916 435 1157 489; x_wconf 87' lang='lat' dir='ltr'><strong>devorati</strong></span> <span class='ocrx_word' id='word_1_11' title='bbox 1201 434 1349 505; x_wconf 85' lang='lat' dir='ltr'><strong>(Cen.</strong></span> <span class='ocrx_word' id='word_1_12' title='bbox 1406 440 1543 506; x_wconf 75' lang='lat' dir='ltr'><strong>XIX).</strong></span> <span class='ocrx_word' id='word_1_13' title='bbox 1589 439 1768 509; x_wconf 86' lang='lat' dir='ltr'><strong>Neque</strong></span> <span class='ocrx_word' id='word_1_14' title='bbox 1798 455 1897 509; x_wconf 84' lang='lat' dir='ltr'><strong>ego</strong></span> <span class='ocrx_word' id='word_1_15' title='bbox 1926 446 1971 503; x_wconf 76' lang='grc' dir='ltr'>Α</span> <span class='ocrx_word' id='word_1_16' title='bbox 2003 440 2103 494; x_wconf 90' lang='lat' dir='ltr'><strong>tire</strong></span> <span class='ocrx_word' id='word_1_17' title='bbox 2133 456 2234 495; x_wconf 88' lang='lat' dir='ltr'><strong>non</strong></span> <span class='ocrx_word' id='word_1_18' title='bbox 2282 442 2648 505; x_wconf 74' lang='lat' dir='ltr'><strong>erubesceret,</strong></span> <span class='ocrx_word' id='word_1_19' title='bbox 2679 444 2943 511; x_wconf 85' lang='lat' dir='ltr'><strong>sopiatur.</strong></span> <span class='ocrx_word' id='word_1_20' title='bbox 2960 444 3075 498; x_wconf 80' lang='lat' dir='ltr'><strong>Non</strong></span> <span class='ocrx_word' id='word_1_21' title='bbox 3101 446 3244 499; x_wconf 91' lang='lat' dir='ltr'><strong>enim</strong></span> <span class='ocrx_word' id='word_1_22' title='bbox 3272 445 3433 498; x_wconf 82' lang='lat' dir='ltr'><strong>facile</strong></span> <span class='ocrx_word' id='word_1_23' title='bbox 3462 455 3611 514; x_wconf 89' lang='lat' dir='ltr'><strong>patet</strong></span> 
     </span>
    </p>
   </div>
   <div class='ocr_carea' id='block_1_5' title="bbox 324 524 1900 601">
    <p class='ocr_par' dir='ltr' id='par_1_5' title="bbox 324 524 1900 601">
     <span class='ocr_line' id='line_1_5' title="bbox 324 524 1900 601; baseline 0.003 -22"><span class='ocrx_word' id='word_1_24' title='bbox 324 532 546 579; x_wconf 84' lang='lat' dir='ltr'><strong>sanctos</strong></span> <span class='ocrx_word' id='word_1_25' title='bbox 581 524 831 579; x_wconf 89' lang='lat' dir='ltr'><strong>doctores</strong></span> <span class='ocrx_word' id='word_1_26' title='bbox 877 527 1077 580; x_wconf 89' lang='lat' dir='ltr'><strong>idcirco</strong></span> <span class='ocrx_word' id='word_1_27' title='bbox 1118 530 1403 595; x_wconf 81' lang='lat' dir='ltr'><strong>proposui,</strong></span> <span class='ocrx_word' id='word_1_28' title='bbox 1452 539 1511 583; x_wconf 90' lang='lat' dir='ltr'><strong>ut</strong></span> <span class='ocrx_word' id='word_1_29' title='bbox 1552 530 1900 601; x_wconf 84' lang='lat' dir='ltr'><strong>fumigantem</strong></span> 
     </span>
    </p>
   </div>
   <div class='ocr_carea' id='block_1_6' title="bbox 326 614 1903 690">
    <p class='ocr_par' dir='ltr' id='par_1_6' title="bbox 326 614 1903 690">
     <span class='ocr_line' id='line_1_6' title="bbox 326 614 1903 690; baseline 0.006 -22"><span class='ocrx_word' id='word_1_30' title='bbox 326 624 531 668; x_wconf 89' lang='lat' dir='ltr'><strong>torrem</strong></span> <span class='ocrx_word' id='word_1_31' title='bbox 549 614 751 670; x_wconf 85' lang='lat' dir='ltr'><strong>clarius</strong></span> <span class='ocrx_word' id='word_1_32' title='bbox 772 631 1095 684; x_wconf 66' lang='lat' dir='ltr'><strong>praesumam</strong></span> <span class='ocrx_word' id='word_1_33' title='bbox 1123 618 1369 673; x_wconf 85' lang='lat' dir='ltr'><strong>conferre</strong></span> <span class='ocrx_word' id='word_1_34' title='bbox 1390 620 1654 677; x_wconf 79' lang='lat' dir='ltr'><strong>sideribus</strong></span> <span class='ocrx_word' id='word_1_35' title='bbox 1673 663 1686 684; x_wconf 89' lang='lat'><strong>,</strong></span> <span class='ocrx_word' id='word_1_36' title='bbox 1710 623 1903 690; x_wconf 78' lang='lat' dir='ltr'><strong>quippe</strong></span> 
     </span>
    </p>
   </div>
   <div class='ocr_carea' id='block_1_7' title="bbox 323 702 1901 772">
    <p class='ocr_par' dir='ltr' id='par_1_7' title="bbox 323 702 1901 772">
     <span class='ocr_line' id='line_1_7' title="bbox 323 702 1901 772; baseline 0.007 -19"><span class='ocrx_word' id='word_1_37' title='bbox 323 702 419 768; x_wconf 86' lang='lat' dir='ltr'><strong>qui</strong></span> <span class='ocrx_word' id='word_1_38' title='bbox 455 702 543 754; x_wconf 79' lang='lat' dir='ltr'><strong>vix</strong></span> <span class='ocrx_word' id='word_1_39' title='bbox 568 702 786 772; x_wconf 88' lang='lat' dir='ltr'><strong>indigno</strong></span> <span class='ocrx_word' id='word_1_40' title='bbox 818 717 913 757; x_wconf 89' lang='lat' dir='ltr'><strong>ore</strong></span> <span class='ocrx_word' id='word_1_41' title='bbox 946 713 1053 759; x_wconf 86' lang='lat' dir='ltr'><strong>tam</strong></span> <span class='ocrx_word' id='word_1_42' title='bbox 1085 706 1566 763; x_wconf 71' lang='lat' dir='ltr'><strong>excellentissimos</strong></span> <span class='ocrx_word' id='word_1_43' title='bbox 1599 711 1744 763; x_wconf 80' lang='lat' dir='ltr'><strong>viros</strong></span> <span class='ocrx_word' id='word_1_44' title='bbox 1787 712 1901 764; x_wconf 83' lang='lat' dir='ltr'><strong>sine</strong></span> 
     </span>
    </p>
   </div>
   <div class='ocr_carea' id='block_1_8' title="bbox 320 789 1897 870">
    <p class='ocr_par' dir='ltr' id='par_1_8' title="bbox 320 789 1897 870">
     <span class='ocr_line' id='line_1_8' title="bbox 320 789 1897 870; baseline 0.008 -29"><span class='ocrx_word' id='word_1_45' title='bbox 320 789 620 847; x_wconf 80' lang='lat' dir='ltr'><strong>oﬂ‘ensione</strong></span> <span class='ocrx_word' id='word_1_46' title='bbox 650 807 1033 858; x_wconf 88' lang='lat' dir='ltr'><strong>commemoro,</strong></span> <span class='ocrx_word' id='word_1_47' title='bbox 1059 796 1152 849; x_wconf 90' lang='lat' dir='ltr'><strong>sed</strong></span> <span class='ocrx_word' id='word_1_48' title='bbox 1174 796 1275 849; x_wconf 91' lang='lat' dir='ltr'><strong>hoc</strong></span> <span class='ocrx_word' id='word_1_49' title='bbox 1306 797 1447 860; x_wconf 91' lang='lat' dir='ltr'><strong>dico,</strong></span> <span class='ocrx_word' id='word_1_50' title='bbox 1478 800 1601 867; x_wconf 82' lang='lat' dir='ltr'><strong>quia</strong></span> <span class='ocrx_word' id='word_1_51' title='bbox 1634 802 1773 868; x_wconf 87' lang='lat' dir='ltr'><strong>quod</strong></span> <span class='ocrx_word' id='word_1_52' title='bbox 1799 804 1897 870; x_wconf 81' lang='lat' dir='ltr'><strong>ipsi</strong></span> 
     </span>
    </p>
   </div>
   <div class='ocr_carea' id='block_1_9' title="bbox 317 881 1900 950">
    <p class='ocr_par' dir='ltr' id='par_1_9' title="bbox 317 881 1900 950">
     <span class='ocr_line' id='line_1_9' title="bbox 317 881 1900 950; baseline 0.007 -16"><span class='ocrx_word' id='word_1_53' title='bbox 317 881 453 935; x_wconf 87' lang='lat' dir='ltr'><strong>vitia</strong></span> <span class='ocrx_word' id='word_1_54' title='bbox 478 883 821 950; x_wconf 78' lang='lat' dir='ltr'><strong>corrigendo,</strong></span> <span class='ocrx_word' id='word_1_55' title='bbox 844 892 900 936; x_wconf 91' lang='lat' dir='ltr'><strong>et</strong></span> <span class='ocrx_word' id='word_1_56' title='bbox 917 884 1292 939; x_wconf 82' lang='lat' dir='ltr'><strong>confundenda</strong></span> <span class='ocrx_word' id='word_1_57' title='bbox 1320 885 1579 945; x_wconf 84' lang='lat' dir='ltr'><strong>fecerunt.</strong></span> <span class='ocrx_word' id='word_1_58' title='bbox 1607 890 1709 944; x_wconf 86' lang='lat' dir='ltr'><strong>hoc</strong></span> <span class='ocrx_word' id='word_1_59' title='bbox 1739 891 1900 945; x_wconf 90' lang='lat' dir='ltr'><strong>etiam</strong></span> 
     </span>
    </p>
   </div>
   <div class='ocr_carea' id='block_1_10' title="bbox 310 969 1899 1049">
    <p class='ocr_par' dir='ltr' id='par_1_10' title="bbox 310 969 1899 1049">
     <span class='ocr_line' id='line_1_10' title="bbox 310 969 1899 1049; baseline 0.007 -24"><span class='ocrx_word' id='word_1_60' title='bbox 310 969 581 1041; x_wconf 88' lang='lat' dir='ltr'><strong>juniores,</strong></span> <span class='ocrx_word' id='word_1_61' title='bbox 603 980 664 1025; x_wconf 93' lang='lat' dir='ltr'><strong>ut</strong></span> <span class='ocrx_word' id='word_1_62' title='bbox 683 970 925 1029; x_wconf 83' lang='lat' dir='ltr'><strong>facerent</strong></span> <span class='ocrx_word' id='word_1_63' title='bbox 945 976 1237 1030; x_wconf 89' lang='lat' dir='ltr'><strong>docuerunt</strong></span> <span class='ocrx_word' id='word_1_64' title='bbox 1260 996 1272 1029; x_wconf 87' lang='lat'><strong>:</strong></span> <span class='ocrx_word' id='word_1_65' title='bbox 1297 988 1351 1031; x_wconf 92' lang='lat' dir='ltr'><strong>et</strong></span> <span class='ocrx_word' id='word_1_66' title='bbox 1376 980 1419 1031; x_wconf 91' lang='lat' dir='ltr'><strong>si</strong></span> <span class='ocrx_word' id='word_1_67' title='bbox 1443 994 1630 1033; x_wconf 89' lang='lat' dir='ltr'><strong>eorum</strong></span> <span class='ocrx_word' id='word_1_68' title='bbox 1658 989 1899 1049; x_wconf 89' lang='lat' dir='ltr'><strong>tempore</strong></span> 
     </span>
    </p>
   </div>
   <div class='ocr_carea' id='block_1_11' title="bbox 316 1062 1900 1139">
    <p class='ocr_par' dir='ltr' id='par_1_11' title="bbox 316 1062 1900 1139">
     <span class='ocr_line' id='line_1_11' title="bbox 316 1062 1900 1139; baseline 0.009 -27"><span class='ocrx_word' id='word_1_69' title='bbox 316 1075 443 1113; x_wconf 86' lang='lat' dir='ltr'><strong>cum</strong></span> <span class='ocrx_word' id='word_1_70' title='bbox 479 1069 625 1114; x_wconf 83' lang='lat' dir='ltr'><strong>tanta</strong></span> <span class='ocrx_word' id='word_1_71' title='bbox 670 1062 1013 1130; x_wconf 75' lang='lat' dir='ltr'><strong>impudentiae</strong></span> <span class='ocrx_word' id='word_1_72' title='bbox 1060 1064 1305 1121; x_wconf 72' lang='lat' dir='ltr'><strong>libertate</strong></span> <span class='ocrx_word' id='word_1_73' title='bbox 1358 1070 1469 1124; x_wconf 71' lang='lat' dir='ltr'><strong>bzec</strong></span> <span class='ocrx_word' id='word_1_74' title='bbox 1506 1074 1671 1139; x_wconf 82' lang='lat' dir='ltr'><strong>pestis</strong></span> <span class='ocrx_word' id='word_1_75' title='bbox 1714 1074 1900 1127; x_wconf 79' lang='lat' dir='ltr'><strong>fuisset</strong></span> 
     </span>
    </p>
   </div>
   <div class='ocr_carea' id='block_1_12' title="bbox 312 1150 1896 1229">
    <p class='ocr_par' dir='ltr' id='par_1_12' title="bbox 312 1150 1896 1229">
     <span class='ocr_line' id='line_1_12' title="bbox 312 1150 1896 1229; baseline 0.013 -32"><span class='ocrx_word' id='word_1_76' title='bbox 312 1150 530 1214; x_wconf 78' lang='lat' dir='ltr'><strong>oborta,</strong></span> <span class='ocrx_word' id='word_1_77' title='bbox 567 1152 724 1219; x_wconf 82' lang='lat'><strong>177</strong></span> <span class='ocrx_word' id='word_1_78' title='bbox 754 1168 862 1205; x_wconf 89' lang='lat' dir='ltr'><strong>non</strong></span> <span class='ocrx_word' id='word_1_79' title='bbox 894 1154 1053 1208; x_wconf 89' lang='lat' dir='ltr'><strong>dubie</strong></span> <span class='ocrx_word' id='word_1_80' title='bbox 1076 1157 1365 1221; x_wconf 77' lang='lat' dir='ltr'><strong>credimus,</strong></span> <span class='ocrx_word' id='word_1_81' title='bbox 1390 1162 1532 1228; x_wconf 91' lang='lat' dir='ltr'><strong>quod</strong></span> <span class='ocrx_word' id='word_1_82' title='bbox 1560 1162 1763 1229; x_wconf 81' lang='lat' dir='ltr'><strong>prolixa</strong></span> <span class='ocrx_word' id='word_1_83' title='bbox 1797 1164 1896 1217; x_wconf 88' lang='lat' dir='ltr'><strong>ho-</strong></span> 
     </span>
    </p>
   </div>
   <div class='ocr_carea' id='block_1_13' title="bbox 315 1236 1899 1307">
    <p class='ocr_par' dir='ltr' id='par_1_13' title="bbox 315 1236 1899 1307">
     <span class='ocr_line' id='line_1_13' title="bbox 315 1236 1899 1307; baseline 0.011 -18"><span class='ocrx_word' id='word_1_84' title='bbox 315 1236 409 1289; x_wconf 90' lang='lat' dir='ltr'><strong>die</strong></span> <span class='ocrx_word' id='word_1_85' title='bbox 436 1238 749 1293; x_wconf 76' lang='lat' dir='ltr'><strong>viderentur</strong></span> <span class='ocrx_word' id='word_1_86' title='bbox 778 1251 967 1296; x_wconf 91' lang='lat' dir='ltr'><strong>coutra</strong></span> <span class='ocrx_word' id='word_1_87' title='bbox 997 1257 1117 1297; x_wconf 87' lang='lat' dir='ltr'><strong>eam</strong></span> <span class='ocrx_word' id='word_1_88' title='bbox 1166 1246 1434 1302; x_wconf 90' lang='lat' dir='ltr'><strong>volumina</strong></span> <span class='ocrx_word' id='word_1_89' title='bbox 1476 1252 1722 1305; x_wconf 82' lang='lat' dir='ltr'><strong>codicum</strong></span> <span class='ocrx_word' id='word_1_90' title='bbox 1768 1268 1899 1307; x_wconf 83' lang='lat' dir='ltr'><strong>exa-</strong></span> 
     </span>
    </p>
   </div>
   <div class='ocr_carea' id='block_1_14' title="bbox 315 1335 461 1380">
    <p class='ocr_par' dir='ltr' id='par_1_14' title="bbox 315 1335 461 1380">
     <span class='ocr_line' id='line_1_14' title="bbox 315 1335 461 1380; baseline 0.007 -2"><span class='ocrx_word' id='word_1_91' title='bbox 315 1335 461 1380; x_wconf 88' lang='lat' dir='ltr'><strong>rata.</strong></span> 
     </span>
    </p>
   </div>
   <div class='ocr_carea' id='block_1_15' title="bbox 382 1435 1897 1510">
    <p class='ocr_par' dir='ltr' id='par_1_15' title="bbox 382 1435 1897 1510">
     <span class='ocr_line' id='line_1_15' title="bbox 382 1435 1897 1510; baseline 0.011 -19"><span class='ocrx_word' id='word_1_92' title='bbox 382 1435 554 1492; x_wconf 83' lang='lat' dir='ltr'><strong>Nemo</strong></span> <span class='ocrx_word' id='word_1_93' title='bbox 596 1453 682 1493; x_wconf 91' lang='lat' dir='ltr'><strong>me</strong></span> <span class='ocrx_word' id='word_1_94' title='bbox 720 1454 851 1510; x_wconf 87' lang='lat' dir='ltr'><strong>ergo</strong></span> <span class='ocrx_word' id='word_1_95' title='bbox 882 1439 1154 1507; x_wconf 90' lang='lat' dir='ltr'><strong>dijudicet,</strong></span> <span class='ocrx_word' id='word_1_96' title='bbox 1209 1445 1333 1499; x_wconf 93' lang='lat' dir='ltr'><strong>dum</strong></span> <span class='ocrx_word' id='word_1_97' title='bbox 1369 1447 1625 1504; x_wconf 87' lang='lat' dir='ltr'><strong>adversus</strong></span> <span class='ocrx_word' id='word_1_98' title='bbox 1672 1452 1897 1507; x_wconf 81' lang='lat' dir='ltr'><strong>mortale</strong></span> 
     </span>
    </p>
   </div>
   <div class='ocr_carea' id='block_1_16' title="bbox 309 1525 1891 1607">
    <p class='ocr_par' dir='ltr' id='par_1_16' title="bbox 309 1525 1891 1607">
     <span class='ocr_line' id='line_1_16' title="bbox 309 1525 1891 1607; baseline 0.012 -32"><span class='ocrx_word' id='word_1_99' title='bbox 309 1525 501 1579; x_wconf 87' lang='lat' dir='ltr'><strong>vitium</strong></span> <span class='ocrx_word' id='word_1_100' title='bbox 531 1526 779 1595; x_wconf 88' lang='lat' dir='ltr'><strong>disputo:</strong></span> <span class='ocrx_word' id='word_1_101' title='bbox 804 1528 894 1582; x_wconf 90' lang='lat' dir='ltr'><strong>ubi</strong></span> <span class='ocrx_word' id='word_1_102' title='bbox 928 1545 1033 1584; x_wconf 91' lang='lat' dir='ltr'><strong>non</strong></span> <span class='ocrx_word' id='word_1_103' title='bbox 1057 1534 1426 1600; x_wconf 84' lang='lat' dir='ltr'><strong>opprobrium,</strong></span> <span class='ocrx_word' id='word_1_104' title='bbox 1454 1538 1545 1591; x_wconf 89' lang='lat' dir='ltr'><strong>sed</strong></span> <span class='ocrx_word' id='word_1_105' title='bbox 1580 1548 1891 1607; x_wconf 88' lang='lat' dir='ltr'><strong>provectum</strong></span> 
     </span>
    </p>
   </div>
   <div class='ocr_carea' id='block_1_17' title="bbox 305 1613 1890 1696">
    <p class='ocr_par' dir='ltr' id='par_1_17' title="bbox 305 1613 1890 1696">
     <span class='ocr_line' id='line_1_17' title="bbox 305 1613 1890 1696; baseline 0.011 -30"><span class='ocrx_word' id='word_1_106' title='bbox 305 1615 488 1683; x_wconf 87' lang='lat' dir='ltr'><strong>potius</strong></span> <span class='ocrx_word' id='word_1_107' title='bbox 518 1613 770 1670; x_wconf 73' lang='lat' dir='ltr'><strong>fraterna:</strong></span> <span class='ocrx_word' id='word_1_108' title='bbox 792 1617 983 1673; x_wconf 81' lang='lat' dir='ltr'><strong>salutis</strong></span> <span class='ocrx_word' id='word_1_109' title='bbox 1008 1620 1242 1689; x_wconf 87' lang='lat' dir='ltr'><strong>inquiro,</strong></span> <span class='ocrx_word' id='word_1_110' title='bbox 1269 1637 1334 1676; x_wconf 91' lang='lat' dir='ltr'><strong>ne</strong></span> <span class='ocrx_word' id='word_1_111' title='bbox 1362 1625 1487 1678; x_wconf 91' lang='lat' dir='ltr'><strong>dum</strong></span> <span class='ocrx_word' id='word_1_112' title='bbox 1510 1628 1890 1696; x_wconf 86' lang='lat' dir='ltr'><strong>corripientem</strong></span> 
     </span>
    </p>
   </div>
   <div class='ocr_carea' id='block_1_18' title="bbox 307 1707 1891 1777">
    <p class='ocr_par' dir='ltr' id='par_1_18' title="bbox 307 1707 1891 1777">
     <span class='ocr_line' id='line_1_18' title="bbox 307 1707 1891 1777; baseline 0.011 -22"><span class='ocrx_word' id='word_1_113' title='bbox 307 1707 675 1773; x_wconf 88' lang='lat' dir='ltr'><strong>persequitur,</strong></span> <span class='ocrx_word' id='word_1_114' title='bbox 733 1708 1062 1777; x_wconf 88' lang='lat' dir='ltr'><strong>delinquenti</strong></span> <span class='ocrx_word' id='word_1_115' title='bbox 1118 1711 1300 1767; x_wconf 85' lang='lat' dir='ltr'><strong>favere</strong></span> <span class='ocrx_word' id='word_1_116' title='bbox 1356 1714 1618 1770; x_wconf 86' lang='lat' dir='ltr'><strong>videatur.</strong></span> <span class='ocrx_word' id='word_1_117' title='bbox 1676 1716 1782 1772; x_wconf 86' lang='lat' dir='ltr'><strong>Sed</strong></span> <span class='ocrx_word' id='word_1_118' title='bbox 1834 1727 1891 1772; x_wconf 91' lang='lat' dir='ltr'><strong>ut</strong></span> 
     </span>
    </p>
   </div>
   <div class='ocr_carea' id='block_1_19' title="bbox 304 1792 1892 1877">
    <p class='ocr_par' dir='ltr' id='par_1_19' title="bbox 304 1792 1892 1877">
     <span class='ocr_line' id='line_1_19' title="bbox 304 1792 1892 1877; baseline 0.009 -30"><span class='ocrx_word' id='word_1_119' title='bbox 304 1792 475 1862; x_wconf 84' lang='lat' dir='ltr'><strong>Moysi</strong></span> <span class='ocrx_word' id='word_1_120' title='bbox 503 1795 682 1850; x_wconf 80' lang='lat' dir='ltr'><strong>verbis</strong></span> <span class='ocrx_word' id='word_1_121' title='bbox 709 1803 858 1851; x_wconf 87' lang='lat' dir='ltr'><strong>utar:</strong></span> <span class='ocrx_word' id='word_1_122' title='bbox 897 1816 915 1847; x_wconf 88' lang='grc'><strong><em>‹</em></strong></span> <span class='ocrx_word' id='word_1_123' title='bbox 952 1798 1007 1852; x_wconf 91' lang='lat' dir='ltr'><strong>Si</strong></span> <span class='ocrx_word' id='word_1_124' title='bbox 1052 1802 1173 1867; x_wconf 92' lang='lat' dir='ltr'><strong>quis</strong></span> <span class='ocrx_word' id='word_1_125' title='bbox 1232 1812 1317 1855; x_wconf 89' lang='lat' dir='ltr'><strong>est</strong></span> <span class='ocrx_word' id='word_1_126' title='bbox 1358 1803 1588 1868; x_wconf 80' lang='lat' dir='ltr'><strong>Domini,</strong></span> <span class='ocrx_word' id='word_1_127' title='bbox 1633 1804 1892 1877; x_wconf 78' lang='lat' dir='ltr'><strong>jungatur</strong></span> 
     </span>
    </p>
   </div>
   <div class='ocr_carea' id='block_1_20' title="bbox 310 1883 1896 1964">
    <p class='ocr_par' dir='ltr' id='par_1_20' title="bbox 310 1883 1896 1964">
     <span class='ocr_line' id='line_1_20' title="bbox 310 1883 1896 1964; baseline 0.011 -31"><span class='ocrx_word' id='word_1_128' title='bbox 310 1896 525 1936; x_wconf 87' lang='lat' dir='ltr'><strong>mecum</strong></span> <span class='ocrx_word' id='word_1_129' title='bbox 563 1883 767 1950; x_wconf 78' lang='lat' dir='ltr'><strong>(Exod.</strong></span> <span class='ocrx_word' id='word_1_130' title='bbox 805 1889 998 1958; x_wconf 70' lang='lat' dir='ltr'><strong>usti).</strong></span> <span class='ocrx_word' id='word_1_131' title='bbox 1036 1908 1052 1940; x_wconf 75' lang='grc' dir='ltr'><strong>ι</strong></span> <span class='ocrx_word' id='word_1_132' title='bbox 1094 1891 1430 1947; x_wconf 85' lang='lat' dir='ltr'><strong>Videlicetut</strong></span> <span class='ocrx_word' id='word_1_133' title='bbox 1457 1896 1546 1964; x_wconf 90' lang='lat' dir='ltr'><strong>qui</strong></span> <span class='ocrx_word' id='word_1_134' title='bbox 1576 1911 1634 1950; x_wconf 90' lang='lat' dir='ltr'><strong>se</strong></span> <span class='ocrx_word' id='word_1_135' title='bbox 1658 1896 1749 1950; x_wconf 90' lang='lat' dir='ltr'><strong>Dei</strong></span> <span class='ocrx_word' id='word_1_136' title='bbox 1796 1899 1896 1951; x_wconf 88' lang='lat' dir='ltr'><strong>mi-</strong></span> 
     </span>
    </p>
   </div>
   <div class='ocr_carea' id='block_1_21' title="bbox 303 1972 1894 2046">
    <p class='ocr_par' dir='ltr' id='par_1_21' title="bbox 303 1972 1894 2046">
     <span class='ocr_line' id='line_1_21' title="bbox 303 1972 1894 2046; baseline 0.011 -19"><span class='ocrx_word' id='word_1_137' title='bbox 303 1972 453 2027; x_wconf 89' lang='lat' dir='ltr'><strong>litem</strong></span> <span class='ocrx_word' id='word_1_138' title='bbox 501 1978 859 2043; x_wconf 76' lang='lat' dir='ltr'><strong>recognoscit,</strong></span> <span class='ocrx_word' id='word_1_139' title='bbox 888 1980 954 2033; x_wconf 88' lang='lat' dir='ltr'><strong>ad</strong></span> <span class='ocrx_word' id='word_1_140' title='bbox 983 1982 1418 2038; x_wconf 84' lang='lat' dir='ltr'><strong>confundendum</strong></span> <span class='ocrx_word' id='word_1_141' title='bbox 1450 1987 1553 2040; x_wconf 91' lang='lat' dir='ltr'><strong>hoc</strong></span> <span class='ocrx_word' id='word_1_142' title='bbox 1596 1988 1787 2043; x_wconf 82' lang='lat' dir='ltr'><strong>vitium</strong></span> <span class='ocrx_word' id='word_1_143' title='bbox 1836 2005 1894 2046; x_wconf 89' lang='lat' dir='ltr'><strong>se</strong></span> 
     </span>
    </p>
   </div>
   <div class='ocr_carea' id='block_1_22' title="bbox 307 2062 1889 2147">
    <p class='ocr_par' dir='ltr' id='par_1_22' title="bbox 307 2062 1889 2147">
     <span class='ocr_line' id='line_1_22' title="bbox 307 2062 1889 2147; baseline 0.014 -34"><span class='ocrx_word' id='word_1_144' title='bbox 307 2062 583 2118; x_wconf 77' lang='lat' dir='ltr'><strong>ferventer</strong></span> <span class='ocrx_word' id='word_1_145' title='bbox 610 2068 872 2137; x_wconf 87' lang='lat' dir='ltr'><strong>accingat,</strong></span> <span class='ocrx_word' id='word_1_146' title='bbox 906 2070 1005 2123; x_wconf 88' lang='lat' dir='ltr'><strong>hoc</strong></span> <span class='ocrx_word' id='word_1_147' title='bbox 1032 2072 1157 2126; x_wconf 86' lang='lat' dir='ltr'><strong>totis</strong></span> <span class='ocrx_word' id='word_1_148' title='bbox 1191 2075 1394 2128; x_wconf 88' lang='lat' dir='ltr'><strong>viribus</strong></span> <span class='ocrx_word' id='word_1_149' title='bbox 1429 2092 1737 2147; x_wconf 79' lang='lat' dir='ltr'><strong>expugnare</strong></span> <span class='ocrx_word' id='word_1_150' title='bbox 1784 2096 1889 2136; x_wconf 90' lang='lat' dir='ltr'><strong>non</strong></span> 
     </span>
    </p>
   </div>
   <div class='ocr_carea' id='block_1_23' title="bbox 301 2152 1891 2233">
    <p class='ocr_par' dir='ltr' id='par_1_23' title="bbox 301 2152 1891 2233">
     <span class='ocr_line' id='line_1_23' title="bbox 301 2152 1891 2233; baseline 0.015 -30"><span class='ocrx_word' id='word_1_151' title='bbox 301 2152 546 2205; x_wconf 82' lang='lat' dir='ltr'><strong>desinat:</strong></span> <span class='ocrx_word' id='word_1_152' title='bbox 574 2163 630 2207; x_wconf 92' lang='lat' dir='ltr'><strong>et</strong></span> <span class='ocrx_word' id='word_1_153' title='bbox 684 2156 988 2226; x_wconf 85' lang='lat' dir='ltr'><strong>ubicunque</strong></span> <span class='ocrx_word' id='word_1_154' title='bbox 1017 2160 1178 2216; x_wconf 87' lang='lat' dir='ltr'><strong>fuerit</strong></span> <span class='ocrx_word' id='word_1_155' title='bbox 1217 2175 1509 2233; x_wconf 88' lang='lat' dir='ltr'><strong>repertum,</strong></span> <span class='ocrx_word' id='word_1_156' title='bbox 1560 2171 1891 2228; x_wconf 82' lang='lat' dir='ltr'><strong>acutissimis</strong></span> 
     </span>
    </p>
   </div>
   <div class='ocr_carea' id='block_1_24' title="bbox 302 2241 1887 2327">
    <p class='ocr_par' dir='ltr' id='par_1_24' title="bbox 302 2241 1887 2327">
     <span class='ocr_line' id='line_1_24' title="bbox 302 2241 1887 2327; baseline 0.014 -37"><span class='ocrx_word' id='word_1_157' title='bbox 302 2241 595 2295; x_wconf 72' lang='lat' dir='ltr'><strong>verborum</strong></span> <span class='ocrx_word' id='word_1_158' title='bbox 624 2246 844 2313; x_wconf 89' lang='lat' dir='ltr'><strong>spiculis</strong></span> <span class='ocrx_word' id='word_1_159' title='bbox 876 2248 1184 2317; x_wconf 79' lang='lat' dir='ltr'><strong>confodere,</strong></span> <span class='ocrx_word' id='word_1_160' title='bbox 1208 2263 1263 2307; x_wconf 90' lang='lat' dir='ltr'><strong>et</strong></span> <span class='ocrx_word' id='word_1_161' title='bbox 1286 2256 1555 2311; x_wconf 87' lang='lat' dir='ltr'><strong>trucidare</strong></span> <span class='ocrx_word' id='word_1_162' title='bbox 1577 2262 1887 2327; x_wconf 87' lang='lat' dir='ltr'><strong>contendat;</strong></span> 
     </span>
    </p>
   </div>
   <div class='ocr_carea' id='block_1_25' title="bbox 300 2332 1893 2405">
    <p class='ocr_par' dir='ltr' id='par_1_25' title="bbox 300 2332 1893 2405">
     <span class='ocr_line' id='line_1_25' title="bbox 300 2332 1893 2405; baseline 0.016 -25"><span class='ocrx_word' id='word_1_163' title='bbox 300 2339 573 2396; x_wconf 88' lang='lat' dir='ltr'><strong>quatenus</strong></span> <span class='ocrx_word' id='word_1_164' title='bbox 604 2332 730 2387; x_wconf 93' lang='lat' dir='ltr'><strong>dum</strong></span> <span class='ocrx_word' id='word_1_165' title='bbox 758 2338 1062 2404; x_wconf 88' lang='lat' dir='ltr'><strong>captivator</strong></span> <span class='ocrx_word' id='word_1_166' title='bbox 1091 2342 1255 2396; x_wconf 90' lang='lat' dir='ltr'><strong>densa</strong></span> <span class='ocrx_word' id='word_1_167' title='bbox 1285 2359 1582 2401; x_wconf 90' lang='lat' dir='ltr'><strong>cuneorum</strong></span> <span class='ocrx_word' id='word_1_168' title='bbox 1628 2352 1745 2404; x_wconf 88' lang='lat' dir='ltr'><strong>acie</strong></span> <span class='ocrx_word' id='word_1_169' title='bbox 1784 2353 1893 2405; x_wconf 86' lang='lat' dir='ltr'><strong>cir-</strong></span> 
     </span>
    </p>
   </div>
   <div class='ocr_carea' id='block_1_26' title="bbox 300 2419 1890 2507">
    <p class='ocr_par' dir='ltr' id='par_1_26' title="bbox 300 2419 1890 2507">
     <span class='ocr_line' id='line_1_26' title="bbox 300 2419 1890 2507; baseline 0.016 -35"><span class='ocrx_word' id='word_1_170' title='bbox 300 2419 692 2489; x_wconf 87' lang='lat' dir='ltr'><strong>cumfunditur,</strong></span> <span class='ocrx_word' id='word_1_171' title='bbox 724 2429 969 2497; x_wconf 90' lang='lat' dir='ltr'><strong>captivus</strong></span> <span class='ocrx_word' id='word_1_172' title='bbox 994 2432 1059 2486; x_wconf 90' lang='lat' dir='ltr'><strong>ab</strong></span> <span class='ocrx_word' id='word_1_173' title='bbox 1084 2434 1186 2497; x_wconf 87' lang='lat' dir='ltr'><strong>bis,</strong></span> <span class='ocrx_word' id='word_1_174' title='bbox 1217 2436 1412 2503; x_wconf 87' lang='lat' dir='ltr'><strong>quibus</strong></span> <span class='ocrx_word' id='word_1_175' title='bbox 1437 2440 1723 2507; x_wconf 77' lang='lat' dir='ltr'><strong>servierat,</strong></span> <span class='ocrx_word' id='word_1_176' title='bbox 1771 2443 1890 2496; x_wconf 89' lang='lat' dir='ltr'><strong>vin-</strong></span> 
     </span>
    </p>
   </div>
   <div class='ocr_carea' id='block_1_27' title="bbox 299 2509 1888 2593">
    <p class='ocr_par' dir='ltr' id='par_1_27' title="bbox 299 2509 1888 2593">
     <span class='ocr_line' id='line_1_27' title="bbox 299 2509 1888 2593; baseline 0.017 -34"><span class='ocrx_word' id='word_1_177' title='bbox 299 2509 438 2562; x_wconf 90' lang='lat' dir='ltr'><strong>culis</strong></span> <span class='ocrx_word' id='word_1_178' title='bbox 465 2510 806 2579; x_wconf 83' lang='lat' dir='ltr'><strong>absolvatur;</strong></span> <span class='ocrx_word' id='word_1_179' title='bbox 834 2526 889 2570; x_wconf 88' lang='lat' dir='ltr'><strong>et</strong></span> <span class='ocrx_word' id='word_1_180' title='bbox 918 2518 1043 2571; x_wconf 92' lang='lat' dir='ltr'><strong>dum</strong></span> <span class='ocrx_word' id='word_1_181' title='bbox 1062 2522 1321 2577; x_wconf 87' lang='lat' dir='ltr'><strong>adversus</strong></span> <span class='ocrx_word' id='word_1_182' title='bbox 1346 2533 1635 2593; x_wconf 83' lang='lat' dir='ltr'><strong>tyrannum</strong></span> <span class='ocrx_word' id='word_1_183' title='bbox 1651 2544 1888 2585; x_wconf 89' lang='lat' dir='ltr'><strong>consona</strong></span> 
     </span>
    </p>
   </div>
   <div class='ocr_carea' id='block_1_28' title="bbox 298 2602 1885 2685">
    <p class='ocr_par' dir='ltr' id='par_1_28' title="bbox 298 2602 1885 2685">
     <span class='ocr_line' id='line_1_28' title="bbox 298 2602 1885 2685; baseline 0.016 -36"><span class='ocrx_word' id='word_1_184' title='bbox 298 2612 403 2650; x_wconf 78' lang='lat' dir='ltr'><strong>vox</strong></span> <span class='ocrx_word' id='word_1_185' title='bbox 429 2602 673 2655; x_wconf 90' lang='lat' dir='ltr'><strong>omnium</strong></span> <span class='ocrx_word' id='word_1_186' title='bbox 703 2606 1033 2662; x_wconf 84' lang='lat' dir='ltr'><strong>unanimiter</strong></span> <span class='ocrx_word' id='word_1_187' title='bbox 1054 2609 1272 2675; x_wconf 88' lang='lat' dir='ltr'><strong>clamat,</strong></span> <span class='ocrx_word' id='word_1_188' title='bbox 1322 2615 1366 2669; x_wconf 90' lang='lat' dir='ltr'><strong>is</strong></span> <span class='ocrx_word' id='word_1_189' title='bbox 1404 2617 1495 2684; x_wconf 89' lang='lat' dir='ltr'><strong>qui</strong></span> <span class='ocrx_word' id='word_1_190' title='bbox 1546 2619 1885 2685; x_wconf 89' lang='lat' dir='ltr'><strong>trahebatur,</strong></span> 
     </span>
    </p>
   </div>
   <div class='ocr_carea' id='block_1_29' title="bbox 298 2688 1889 2782">
    <p class='ocr_par' dir='ltr' id='par_1_29' title="bbox 298 2688 1889 2782">
     <span class='ocr_line' id='line_1_29' title="bbox 298 2688 1889 2782; baseline 0.018 -43"><span class='ocrx_word' id='word_1_191' title='bbox 298 2688 479 2755; x_wconf 71' lang='lat' dir='ltr'><strong>prmda</strong></span> <span class='ocrx_word' id='word_1_192' title='bbox 510 2688 627 2744; x_wconf 77' lang='lat' dir='ltr'><strong>ﬁeri</strong></span> <span class='ocrx_word' id='word_1_193' title='bbox 659 2692 887 2752; x_wconf 87' lang='lat' dir='ltr'><strong>furentis</strong></span> <span class='ocrx_word' id='word_1_194' title='bbox 908 2702 1132 2755; x_wconf 81' lang='lat' dir='ltr'><strong>monstri</strong></span> <span class='ocrx_word' id='word_1_195' title='bbox 1153 2708 1399 2771; x_wconf 86' lang='lat' dir='ltr'><strong>protinus</strong></span> <span class='ocrx_word' id='word_1_196' title='bbox 1425 2709 1735 2765; x_wconf 89' lang='lat' dir='ltr'><strong>erubescat:</strong></span> <span class='ocrx_word' id='word_1_197' title='bbox 1770 2714 1889 2782; x_wconf 76' lang='lat' dir='ltr'><strong>qni-</strong></span> 
     </span>
    </p>
   </div>
   <div class='ocr_carea' id='block_1_30' title="bbox 297 2779 1885 2873">
    <p class='ocr_par' dir='ltr' id='par_1_30' title="bbox 297 2779 1885 2873">
     <span class='ocr_line' id='line_1_30' title="bbox 297 2779 1885 2873; baseline 0.02 -45"><span class='ocrx_word' id='word_1_198' title='bbox 297 2792 403 2844; x_wconf 89' lang='lat' dir='ltr'><strong>que</strong></span> <span class='ocrx_word' id='word_1_199' title='bbox 433 2779 499 2832; x_wconf 91' lang='lat' dir='ltr'><strong>ad</strong></span> <span class='ocrx_word' id='word_1_200' title='bbox 526 2791 751 2837; x_wconf 91' lang='lat' dir='ltr'><strong>mortem</strong></span> <span class='ocrx_word' id='word_1_201' title='bbox 783 2802 840 2841; x_wconf 91' lang='lat' dir='ltr'><strong>se</strong></span> <span class='ocrx_word' id='word_1_202' title='bbox 870 2789 981 2858; x_wconf 86' lang='lat' dir='ltr'><strong>rapi</strong></span> <span class='ocrx_word' id='word_1_203' title='bbox 1011 2790 1365 2859; x_wconf 87' lang='lat' dir='ltr'><strong>plurimorum</strong></span> <span class='ocrx_word' id='word_1_204' title='bbox 1406 2801 1717 2855; x_wconf 86' lang='lat' dir='ltr'><strong>testimonio</strong></span> <span class='ocrx_word' id='word_1_205' title='bbox 1764 2779 1885 2873; x_wconf 76' lang='lat' dir='ltr'><strong>per-</strong></span> 
     </span>
    </p>
   </div>
   <div class='ocr_carea' id='block_1_31' title="bbox 296 2865 1884 2959">
    <p class='ocr_par' dir='ltr' id='par_1_31' title="bbox 296 2865 1884 2959">
     <span class='ocr_line' id='line_1_31' title="bbox 296 2865 1884 2959; baseline 0.02 -41"><span class='ocrx_word' id='word_1_206' title='bbox 296 2865 518 2923; x_wconf 85' lang='lat' dir='ltr'><strong>bibente</strong></span> <span class='ocrx_word' id='word_1_207' title='bbox 543 2887 647 2925; x_wconf 92' lang='lat' dir='ltr'><strong>non</strong></span> <span class='ocrx_word' id='word_1_208' title='bbox 672 2874 903 2941; x_wconf 86' lang='lat' dir='ltr'><strong>dubitat,</strong></span> <span class='ocrx_word' id='word_1_209' title='bbox 935 2881 986 2933; x_wconf 92' lang='lat' dir='ltr'><strong>in</strong></span> <span class='ocrx_word' id='word_1_210' title='bbox 1014 2886 1361 2953; x_wconf 88' lang='lat' dir='ltr'><strong>semetipsum</strong></span> <span class='ocrx_word' id='word_1_211' title='bbox 1387 2906 1659 2959; x_wconf 84' lang='lat' dir='ltr'><strong>reversus,</strong></span> <span class='ocrx_word' id='word_1_212' title='bbox 1698 2894 1764 2947; x_wconf 88' lang='lat' dir='ltr'><strong>ad</strong></span> <span class='ocrx_word' id='word_1_213' title='bbox 1807 2896 1884 2949; x_wconf 82' lang='lat' dir='ltr'><strong>vi~</strong></span> 
     </span>
    </p>
   </div>
   <div class='ocr_carea' id='block_1_32' title="bbox 294 2961 1426 3045">
    <p class='ocr_par' dir='ltr' id='par_1_32' title="bbox 294 2961 1426 3045">
     <span class='ocr_line' id='line_1_32' title="bbox 294 2961 1426 3045; baseline 0.021 -36"><span class='ocrx_word' id='word_1_214' title='bbox 294 2964 405 3011; x_wconf 87' lang='lat' dir='ltr'><strong>tam</strong></span> <span class='ocrx_word' id='word_1_215' title='bbox 432 2961 611 3017; x_wconf 84' lang='lat' dir='ltr'><strong>redire</strong></span> <span class='ocrx_word' id='word_1_216' title='bbox 641 2970 965 3033; x_wconf 80' lang='lat' dir='ltr'><strong>quantocius</strong></span> <span class='ocrx_word' id='word_1_217' title='bbox 994 2986 1101 3025; x_wconf 91' lang='lat' dir='ltr'><strong>non</strong></span> <span class='ocrx_word' id='word_1_218' title='bbox 1140 2975 1426 3045; x_wconf 80' lang='lat' dir='ltr'><strong>pigrescat.</strong></span> 
     </span>
    </p>
   </div>
   <div class='ocr_carea' id='block_1_33' title="bbox 867 3117 1324 3179">
    <p class='ocr_par' dir='ltr' id='par_1_33' title="bbox 867 3117 1324 3179">
     <span class='ocr_line' id='line_1_33' title="bbox 867 3117 1324 3179; baseline 0.009 -8"><span class='ocrx_word' id='word_1_219' title='bbox 867 3117 1095 3175; x_wconf 82' lang='lat' dir='ltr'><strong>CAPUT</strong></span> <span class='ocrx_word' id='word_1_220' title='bbox 1137 3123 1324 3179; x_wconf 72' lang='lat' dir='ltr'><strong>XXVI.</strong></span> 
     </span>
    </p>
   </div>
   <div class='ocr_carea' id='block_1_34' title="bbox 477 3240 1697 3331">
    <p class='ocr_par' dir='ltr' id='par_1_34' title="bbox 477 3240 1697 3331">
     <span class='ocr_line' id='line_1_34' title="bbox 477 3240 1697 3331; baseline 0.02 -36"><span class='ocrx_word' id='word_1_221' title='bbox 477 3240 577 3297; x_wconf 83' lang='lat' dir='ltr'><strong>Ubi</strong></span> <span class='ocrx_word' id='word_1_222' title='bbox 601 3246 671 3299; x_wconf 84' lang='lat' dir='ltr'><strong>ad</strong></span> <span class='ocrx_word' id='word_1_223' title='bbox 697 3249 963 3312; x_wconf 82' lang='lat' dir='ltr'><strong>dominum</strong></span> <span class='ocrx_word' id='word_1_224' title='bbox 993 3272 1181 3324; x_wconf 83' lang='lat' dir='ltr'><strong>papam</strong></span> <span class='ocrx_word' id='word_1_225' title='bbox 1202 3276 1371 3315; x_wconf 85' lang='lat' dir='ltr'><strong>sermo</strong></span> <span class='ocrx_word' id='word_1_226' title='bbox 1398 3265 1697 3331; x_wconf 79' lang='lat' dir='ltr'><strong>reﬂectitur.</strong></span> 
     </span>
    </p>
   </div>
   <div class='ocr_carea' id='block_1_35' title="bbox 358 3364 1872 3468">
    <p class='ocr_par' dir='ltr' id='par_1_35' title="bbox 358 3364 1872 3468">
     <span class='ocr_line' id='line_1_35' title="bbox 358 3364 1872 3468; baseline 0.022 -47"><span class='ocrx_word' id='word_1_227' title='bbox 358 3364 724 3468; x_wconf 36' lang='lat' dir='ltr'><strong>{banc-autem</strong></span> <span class='ocrx_word' id='word_1_228' title='bbox 747 3379 814 3433; x_wconf 87' lang='lat' dir='ltr'><strong>ad</strong></span> <span class='ocrx_word' id='word_1_229' title='bbox 846 3388 919 3445; x_wconf 86' lang='lat' dir='ltr'><strong>te,</strong></span> <span class='ocrx_word' id='word_1_230' title='bbox 944 3398 1079 3452; x_wconf 89' lang='lat' dir='ltr'><strong>papa</strong></span> <span class='ocrx_word' id='word_1_231' title='bbox 1102 3386 1429 3456; x_wconf 85' lang='lat' dir='ltr'><strong>beatissime,</strong></span> <span class='ocrx_word' id='word_1_232' title='bbox 1464 3394 1513 3446; x_wconf 91' lang='lat' dir='ltr'><strong>in</strong></span> <span class='ocrx_word' id='word_1_233' title='bbox 1538 3395 1704 3463; x_wconf 85' lang='lat' dir='ltr'><strong>ipsius</strong></span> <span class='ocrx_word' id='word_1_234' title='bbox 1727 3397 1872 3468; x_wconf 85' lang='lat' dir='ltr'><strong>Opu-</strong></span> 
     </span>
    </p>
   </div>
   <div class='ocr_carea' id='block_1_36' title="bbox 290 3457 1873 3550">
    <p class='ocr_par' dir='ltr' id='par_1_36' title="bbox 290 3457 1873 3550">
     <span class='ocr_line' id='line_1_36' title="bbox 290 3457 1873 3550; baseline 0.02 -39"><span class='ocrx_word' id='word_1_235' title='bbox 290 3457 426 3512; x_wconf 80' lang='lat' dir='ltr'><strong>scnli</strong></span> <span class='ocrx_word' id='word_1_236' title='bbox 457 3462 609 3518; x_wconf 90' lang='lat' dir='ltr'><strong>calce</strong></span> <span class='ocrx_word' id='word_1_237' title='bbox 635 3470 987 3535; x_wconf 89' lang='lat' dir='ltr'><strong>recurrimus,</strong></span> <span class='ocrx_word' id='word_1_238' title='bbox 1014 3475 1079 3527; x_wconf 87' lang='lat' dir='ltr'><strong>ad</strong></span> <span class='ocrx_word' id='word_1_239' title='bbox 1132 3485 1183 3529; x_wconf 90' lang='lat' dir='ltr'><strong>te</strong></span> <span class='ocrx_word' id='word_1_240' title='bbox 1218 3480 1345 3548; x_wconf 84' lang='lat' dir='ltr'><strong>styli</strong></span> <span class='ocrx_word' id='word_1_241' title='bbox 1394 3457 1873 3550; x_wconf 43' lang='lat' dir='ltr'><strong>hujus-articulum</strong></span> 
     </span>
    </p>
   </div>
   <div class='ocr_carea' id='block_1_37' title="bbox 288 3559 1871 3643">
    <p class='ocr_par' dir='ltr' id='par_1_37' title="bbox 288 3559 1871 3643">
     <span class='ocr_line' id='line_1_37' title="bbox 288 3559 1871 3643; baseline 0.02 -44"><span class='ocrx_word' id='word_1_242' title='bbox 288 3559 630 3618; x_wconf 84' lang='lat' dir='ltr'><strong>revocamus,</strong></span> <span class='ocrx_word' id='word_1_243' title='bbox 661 3559 821 3611; x_wconf 92' lang='lat' dir='ltr'><strong>utcui</strong></span> <span class='ocrx_word' id='word_1_244' title='bbox 848 3560 1155 3631; x_wconf 90' lang='lat' dir='ltr'><strong>incipientis</strong></span> <span class='ocrx_word' id='word_1_245' title='bbox 1169 3568 1602 3641; x_wconf 80' lang='lat' dir='ltr'><strong>origodirigitur,</strong></span> <span class='ocrx_word' id='word_1_246' title='bbox 1630 3575 1682 3627; x_wconf 90' lang='lat' dir='ltr'><strong>in</strong></span> <span class='ocrx_word' id='word_1_247' title='bbox 1701 3577 1871 3643; x_wconf 91' lang='lat' dir='ltr'><strong>ipsum</strong></span> 
     </span>
    </p>
   </div>
   <div class='ocr_carea' id='block_1_38' title="bbox 288 3642 1869 3721">
    <p class='ocr_par' dir='ltr' id='par_1_38' title="bbox 288 3642 1869 3721">
     <span class='ocr_line' id='line_1_38' title="bbox 288 3642 1869 3721; baseline 0.022 -34"><span class='ocrx_word' id='word_1_248' title='bbox 288 3642 486 3694; x_wconf 87' lang='lat' dir='ltr'><strong>merito</strong></span> <span class='ocrx_word' id='word_1_249' title='bbox 510 3646 714 3719; x_wconf 82' lang='lat' dir='ltr'><strong>peracti</strong></span> <span class='ocrx_word' id='word_1_250' title='bbox 755 3650 936 3717; x_wconf 91' lang='lat' dir='ltr'><strong>operis</strong></span> <span class='ocrx_word' id='word_1_251' title='bbox 962 3652 1200 3709; x_wconf 88' lang='lat' dir='ltr'><strong>clausula</strong></span> <span class='ocrx_word' id='word_1_252' title='bbox 1235 3662 1571 3716; x_wconf 83' lang='lat' dir='ltr'><strong>terminetur.</strong></span> <span class='ocrx_word' id='word_1_253' title='bbox 1627 3642 1869 3721; x_wconf 80' lang='lat' dir='ltr'><strong>Petimus</strong></span> 
     </span>
    </p>
   </div>
   <div class='ocr_carea' id='block_1_39' title="bbox 288 3726 1868 3821">
    <p class='ocr_par' dir='ltr' id='par_1_39' title="bbox 288 3726 1868 3821">
     <span class='ocr_line' id='line_1_39' title="bbox 288 3726 1868 3821; baseline 0.021 -44"><span class='ocrx_word' id='word_1_254' title='bbox 288 3726 474 3821; x_wconf 72' lang='lat' dir='ltr'><strong>igitur,</strong></span> <span class='ocrx_word' id='word_1_255' title='bbox 500 3737 555 3783; x_wconf 91' lang='lat' dir='ltr'><strong>et</strong></span> <span class='ocrx_word' id='word_1_256' title='bbox 584 3729 857 3789; x_wconf 87' lang='lat' dir='ltr'><strong>humiliter</strong></span> <span class='ocrx_word' id='word_1_257' title='bbox 881 3737 1254 3807; x_wconf 88' lang='lat' dir='ltr'><strong>imploramus,</strong></span> <span class='ocrx_word' id='word_1_258' title='bbox 1283 3756 1339 3798; x_wconf 94' lang='lat' dir='ltr'><strong>ut</strong></span> <span class='ocrx_word' id='word_1_259' title='bbox 1363 3747 1647 3805; x_wconf 89' lang='lat' dir='ltr'><strong>clementia</strong></span> <span class='ocrx_word' id='word_1_260' title='bbox 1671 3765 1868 3821; x_wconf 87' lang='lat' dir='ltr'><strong>vestra,</strong></span> 
     </span>
    </p>
   </div>
   <div class='ocr_carea' id='block_1_40' title="bbox 287 3812 1870 3910">
    <p class='ocr_par' dir='ltr' id='par_1_40' title="bbox 287 3812 1870 3910">
     <span class='ocr_line' id='line_1_40' title="bbox 287 3812 1870 3910; baseline 0.019 -43"><span class='ocrx_word' id='word_1_261' title='bbox 287 3814 331 3868; x_wconf 90' lang='lat' dir='ltr'><strong>si</strong></span> <span class='ocrx_word' id='word_1_262' title='bbox 354 3812 537 3871; x_wconf 84' lang='lat' dir='ltr'><strong>dicere</strong></span> <span class='ocrx_word' id='word_1_263' title='bbox 577 3816 659 3874; x_wconf 84' lang='lat' dir='ltr'><strong>fas</strong></span> <span class='ocrx_word' id='word_1_264' title='bbox 685 3829 789 3888; x_wconf 90' lang='lat' dir='ltr'><strong>est,</strong></span> <span class='ocrx_word' id='word_1_265' title='bbox 840 3838 1118 3885; x_wconf 82' lang='lat' dir='ltr'><strong>sacrorum</strong></span> <span class='ocrx_word' id='word_1_266' title='bbox 1168 3847 1433 3889; x_wconf 87' lang='lat' dir='ltr'><strong>canonum</strong></span> <span class='ocrx_word' id='word_1_267' title='bbox 1486 3838 1718 3905; x_wconf 89' lang='lat' dir='ltr'><strong>decreta,</strong></span> <span class='ocrx_word' id='word_1_268' title='bbox 1751 3858 1870 3910; x_wconf 68' lang='lat' dir='ltr'><strong>qua:</strong></span> 
     </span>
    </p>
   </div>
   <div class='ocr_carea' id='block_1_41' title="bbox 290 3908 1865 4001">
    <p class='ocr_par' dir='ltr' id='par_1_41' title="bbox 290 3908 1865 4001">
     <span class='ocr_line' id='line_1_41' title="bbox 290 3908 1865 4001; baseline 0.019 -45"><span class='ocrx_word' id='word_1_269' title='bbox 290 3910 469 3959; x_wconf 87' lang='lat' dir='ltr'><strong>tamen</strong></span> <span class='ocrx_word' id='word_1_270' title='bbox 489 3908 643 3962; x_wconf 79' lang='lat' dir='ltr'><strong>vobis</strong></span> <span class='ocrx_word' id='word_1_271' title='bbox 673 3912 956 3969; x_wconf 88' lang='lat' dir='ltr'><strong>notissima</strong></span> <span class='ocrx_word' id='word_1_272' title='bbox 984 3930 1131 3982; x_wconf 88' lang='lat' dir='ltr'><strong>sunt,</strong></span> <span class='ocrx_word' id='word_1_273' title='bbox 1163 3922 1393 3977; x_wconf 86' lang='lat' dir='ltr'><strong>solerter</strong></span> <span class='ocrx_word' id='word_1_274' title='bbox 1434 3926 1713 3996; x_wconf 86' lang='lat' dir='ltr'><strong>inspiciat;</strong></span> <span class='ocrx_word' id='word_1_275' title='bbox 1755 3908 1865 4001; x_wconf 78' lang='lat' dir='ltr'><strong>spi-</strong></span> 
     </span>
    </p>
   </div>
   <div class='ocr_carea' id='block_1_42' title="bbox 285 3997 1865 4090">
    <p class='ocr_par' dir='ltr' id='par_1_42' title="bbox 285 3997 1865 4090">
     <span class='ocr_line' id='line_1_42' title="bbox 285 3997 1865 4090; baseline 0.022 -43"><span class='ocrx_word' id='word_1_276' title='bbox 285 3997 507 4052; x_wconf 88' lang='lat' dir='ltr'><strong>rituales</strong></span> <span class='ocrx_word' id='word_1_277' title='bbox 530 4008 583 4053; x_wconf 90' lang='lat' dir='ltr'><strong>et</strong></span> <span class='ocrx_word' id='word_1_278' title='bbox 610 4003 903 4070; x_wconf 83' lang='lat' dir='ltr'><strong>prudentes</strong></span> <span class='ocrx_word' id='word_1_279' title='bbox 927 4009 1071 4066; x_wconf 92' lang='lat' dir='ltr'><strong>viros</strong></span> <span class='ocrx_word' id='word_1_280' title='bbox 1091 4015 1158 4067; x_wconf 91' lang='lat' dir='ltr'><strong>ad</strong></span> <span class='ocrx_word' id='word_1_281' title='bbox 1200 4019 1502 4072; x_wconf 89' lang='lat' dir='ltr'><strong>consultum</strong></span> <span class='ocrx_word' id='word_1_282' title='bbox 1556 4022 1715 4090; x_wconf 88' lang='lat' dir='ltr'><strong>hujus</strong></span> <span class='ocrx_word' id='word_1_283' title='bbox 1770 3997 1865 4080; x_wconf 81' lang='lat' dir='ltr'><strong>nc-</strong></span> 
     </span>
    </p>
   </div>
   <div class='ocr_carea' id='block_1_43' title="bbox 283 4087 1869 4181">
    <p class='ocr_par' dir='ltr' id='par_1_43' title="bbox 283 4087 1869 4181">
     <span class='ocr_line' id='line_1_43' title="bbox 283 4087 1869 4181; baseline 0.021 -44"><span class='ocrx_word' id='word_1_284' title='bbox 283 4087 534 4143; x_wconf 64' lang='lat' dir='ltr'><strong>eessaria</strong></span> <span class='ocrx_word' id='word_1_285' title='bbox 569 4091 929 4164; x_wconf 81' lang='lat' dir='ltr'><strong>indagationis</strong></span> <span class='ocrx_word' id='word_1_286' title='bbox 964 4102 1226 4170; x_wconf 86' lang='lat' dir='ltr'><strong>asciscat;</strong></span> <span class='ocrx_word' id='word_1_287' title='bbox 1279 4110 1539 4179; x_wconf 87' lang='lat' dir='ltr'><strong>nobisque</strong></span> <span class='ocrx_word' id='word_1_288' title='bbox 1580 4087 1741 4181; x_wconf 82' lang='lat' dir='ltr'><strong>super</strong></span> <span class='ocrx_word' id='word_1_289' title='bbox 1784 4116 1869 4171; x_wconf 88' lang='lat' dir='ltr'><strong>his</strong></span> 
     </span>
    </p>
   </div>
   <div class='ocr_carea' id='block_1_44' title="bbox 281 4178 1867 4273">
    <p class='ocr_par' dir='ltr' id='par_1_44' title="bbox 281 4178 1867 4273">
     <span class='ocr_line' id='line_1_44' title="bbox 281 4178 1867 4273; baseline 0.022 -45"><span class='ocrx_word' id='word_1_290' title='bbox 281 4178 529 4243; x_wconf 85' lang='lat' dir='ltr'><strong>capitulis</strong></span> <span class='ocrx_word' id='word_1_291' title='bbox 554 4181 629 4236; x_wconf 84' lang='lat' dir='ltr'><strong>ita</strong></span> <span class='ocrx_word' id='word_1_292' title='bbox 659 4190 1003 4255; x_wconf 89' lang='lat' dir='ltr'><strong>respondeat,</strong></span> <span class='ocrx_word' id='word_1_293' title='bbox 1036 4202 1094 4246; x_wconf 91' lang='lat' dir='ltr'><strong>ut</strong></span> <span class='ocrx_word' id='word_1_294' title='bbox 1120 4211 1281 4251; x_wconf 89' lang='lat' dir='ltr'><strong>omne</strong></span> <span class='ocrx_word' id='word_1_295' title='bbox 1323 4201 1388 4254; x_wconf 90' lang='lat' dir='ltr'><strong>de</strong></span> <span class='ocrx_word' id='word_1_296' title='bbox 1416 4178 1603 4258; x_wconf 90' lang='lat' dir='ltr'><strong>nostro</strong></span> <span class='ocrx_word' id='word_1_297' title='bbox 1645 4178 1867 4273; x_wconf 80' lang='lat' dir='ltr'><strong>pectore</strong></span> 
     </span>
    </p>
   </div>
   <div class='ocr_carea' id='block_1_45' title="bbox 282 4267 1865 4356">
    <p class='ocr_par' dir='ltr' id='par_1_45' title="bbox 282 4267 1865 4356">
     <span class='ocr_line' id='line_1_45' title="bbox 282 4267 1865 4356; baseline 0.022 -36"><span class='ocrx_word' id='word_1_298' title='bbox 282 4267 571 4327; x_wconf 84' lang='lat' dir='ltr'><strong>dubietatis</strong></span> <span class='ocrx_word' id='word_1_299' title='bbox 602 4278 912 4345; x_wconf 86' lang='lat' dir='ltr'><strong>scrupulum</strong></span> <span class='ocrx_word' id='word_1_300' title='bbox 939 4282 1105 4338; x_wconf 89' lang='lat' dir='ltr'><strong>tollat.</strong></span> <span class='ocrx_word' id='word_1_301' title='bbox 1134 4286 1316 4356; x_wconf 81' lang='lat' dir='ltr'><strong>Neque</strong></span> <span class='ocrx_word' id='word_1_302' title='bbox 1334 4292 1433 4346; x_wconf 90' lang='lat' dir='ltr'><strong>hoc</strong></span> <span class='ocrx_word' id='word_1_303' title='bbox 1456 4267 1865 4355; x_wconf 39' lang='lat' dir='ltr'><strong>dicere-idcirco</strong></span> 
     </span>
    </p>
   </div>
   <div class='ocr_carea' id='block_1_46' title="bbox 282 4361 1861 4445">
    <p class='ocr_par' dir='ltr' id='par_1_46' title="bbox 282 4361 1861 4445">
     <span class='ocr_line' id='line_1_46' title="bbox 282 4361 1861 4445; baseline 0.022 -37"><span class='ocrx_word' id='word_1_304' title='bbox 282 4361 674 4427; x_wconf 62' lang='lat' dir='ltr'><strong>presumimus,</strong></span> <span class='ocrx_word' id='word_1_305' title='bbox 703 4376 761 4420; x_wconf 92' lang='lat' dir='ltr'><strong>ut</strong></span> <span class='ocrx_word' id='word_1_306' title='bbox 786 4371 851 4423; x_wconf 89' lang='lat' dir='ltr'><strong>ad</strong></span> <span class='ocrx_word' id='word_1_307' title='bbox 876 4370 1003 4436; x_wconf 87' lang='lat' dir='ltr'><strong>hoc,</strong></span> <span class='ocrx_word' id='word_1_308' title='bbox 1033 4375 1140 4428; x_wconf 85' lang='lat' dir='ltr'><strong>Deo</strong></span> <span class='ocrx_word' id='word_1_309' title='bbox 1164 4390 1406 4445; x_wconf 87' lang='lat' dir='ltr'><strong>auctore,</strong></span> <span class='ocrx_word' id='word_1_310' title='bbox 1430 4384 1673 4440; x_wconf 71' lang='lat' dir='ltr'><strong>subicere</strong></span> <span class='ocrx_word' id='word_1_311' title='bbox 1692 4389 1861 4443; x_wconf 85' lang='lat' dir='ltr'><strong>solam</strong></span> 
     </span>
    </p>
   </div>
   <div class='ocr_carea' id='block_1_47' title="bbox 280 4446 1857 4541">
    <p class='ocr_par' dir='ltr' id='par_1_47' title="bbox 280 4446 1857 4541">
     <span class='ocr_line' id='line_1_47' title="bbox 280 4446 1857 4541; baseline 0.023 -44"><span class='ocrx_word' id='word_1_312' title='bbox 280 4446 665 4515; x_wconf 77' lang='lat' dir='ltr'><strong>profunditatis</strong></span> <span class='ocrx_word' id='word_1_313' title='bbox 712 4466 907 4512; x_wconf 71' lang='lat' dir='ltr'><strong>vestrae</strong></span> <span class='ocrx_word' id='word_1_314' title='bbox 936 4463 1184 4528; x_wconf 89' lang='lat' dir='ltr'><strong>peritiam</strong></span> <span class='ocrx_word' id='word_1_315' title='bbox 1236 4469 1573 4541; x_wconf 85' lang='lat' dir='ltr'><strong>ignoremus;</strong></span> <span class='ocrx_word' id='word_1_316' title='bbox 1614 4476 1705 4530; x_wconf 87' lang='lat' dir='ltr'><strong>sed</strong></span> <span class='ocrx_word' id='word_1_317' title='bbox 1734 4478 1857 4533; x_wconf 90' lang='lat' dir='ltr'><strong>dum</strong></span> 
     </span>
    </p>
   </div>
   <div class='ocr_carea' id='block_1_48' title="bbox 278 4544 1856 4636">
    <p class='ocr_par' dir='ltr' id='par_1_48' title="bbox 278 4544 1856 4636">
     <span class='ocr_line' id='line_1_48' title="bbox 278 4544 1856 4636; baseline 0.02 -47"><span class='ocrx_word' id='word_1_318' title='bbox 278 4551 448 4592; x_wconf 59' lang='lat' dir='ltr'><strong>sacra</strong></span> <span class='ocrx_word' id='word_1_319' title='bbox 470 4544 813 4601; x_wconf 85' lang='lat' dir='ltr'><strong>auctoritatis</strong></span> <span class='ocrx_word' id='word_1_320' title='bbox 843 4551 1206 4608; x_wconf 78' lang='lat' dir='ltr'><strong>testimonium</strong></span> <span class='ocrx_word' id='word_1_321' title='bbox 1235 4559 1539 4625; x_wconf 83' lang='lat' dir='ltr'><strong>adhibetur,</strong></span> <span class='ocrx_word' id='word_1_322' title='bbox 1570 4564 1694 4618; x_wconf 85' lang='lat' dir='ltr'><strong>dum</strong></span> <span class='ocrx_word' id='word_1_323' title='bbox 1734 4568 1856 4636; x_wconf 89' lang='lat' dir='ltr'><strong>plu-</strong></span> 
     </span>
    </p>
   </div>
   <div class='ocr_carea' id='block_1_49' title="bbox 277 4626 1855 4724">
    <p class='ocr_par' dir='ltr' id='par_1_49' title="bbox 277 4626 1855 4724">
     <span class='ocr_line' id='line_1_49' title="bbox 277 4626 1855 4724; baseline 0.023 -47"><span class='ocrx_word' id='word_1_324' title='bbox 277 4626 539 4682; x_wconf 86' lang='lat' dir='ltr'><strong>rimorum</strong></span> <span class='ocrx_word' id='word_1_325' title='bbox 571 4645 836 4690; x_wconf 88' lang='lat' dir='ltr'><strong>consensu</strong></span> <span class='ocrx_word' id='word_1_326' title='bbox 867 4648 922 4692; x_wconf 90' lang='lat' dir='ltr'><strong>et</strong></span> <span class='ocrx_word' id='word_1_327' title='bbox 941 4640 1147 4709; x_wconf 89' lang='lat' dir='ltr'><strong>judicio</strong></span> <span class='ocrx_word' id='word_1_328' title='bbox 1176 4662 1265 4701; x_wconf 91' lang='lat' dir='ltr'><strong>res</strong></span> <span class='ocrx_word' id='word_1_329' title='bbox 1314 4652 1535 4719; x_wconf 84' lang='lat' dir='ltr'><strong>geritur,</strong></span> <span class='ocrx_word' id='word_1_330' title='bbox 1569 4626 1855 4724; x_wconf 75' lang='lat' dir='ltr'><strong>perverso-</strong></span> 
     </span>
    </p>
   </div>
   <div class='ocr_carea' id='block_1_50' title="bbox 275 4717 1855 4803">
    <p class='ocr_par' dir='ltr' id='par_1_50' title="bbox 275 4717 1855 4803">
     <span class='ocr_line' id='line_1_50' title="bbox 275 4717 1855 4803; baseline 0.022 -34"><span class='ocrx_word' id='word_1_331' title='bbox 275 4730 392 4771; x_wconf 89' lang='lat' dir='ltr'><strong>rum</strong></span> <span class='ocrx_word' id='word_1_332' title='bbox 418 4717 699 4777; x_wconf 84' lang='lat' dir='ltr'><strong>hominum</strong></span> <span class='ocrx_word' id='word_1_333' title='bbox 731 4729 969 4798; x_wconf 83' lang='lat' dir='ltr'><strong>querela,</strong></span> <span class='ocrx_word' id='word_1_334' title='bbox 1002 4749 1121 4803; x_wconf 69' lang='lat' dir='ltr'><strong>qua:</strong></span> <span class='ocrx_word' id='word_1_335' title='bbox 1150 4717 1396 4795; x_wconf 82' lang='lat' dir='ltr'><strong>fortassis</strong></span> <span class='ocrx_word' id='word_1_336' title='bbox 1420 4760 1449 4797; x_wconf 89' lang='lat' dir='ltr'><strong>e</strong></span> <span class='ocrx_word' id='word_1_337' title='bbox 1476 4745 1691 4801; x_wconf 91' lang='lat' dir='ltr'><strong>diverso</strong></span> <span class='ocrx_word' id='word_1_338' title='bbox 1735 4764 1855 4803; x_wconf 91' lang='lat' dir='ltr'><strong>mu-</strong></span> 
     </span>
    </p>
   </div>
   <div class='ocr_carea' id='block_1_51' title="bbox 2005 533 3609 605">
    <p class='ocr_par' dir='ltr' id='par_1_51' title="bbox 2005 533 3609 605">
     <span class='ocr_line' id='line_1_51' title="bbox 2005 533 3609 605; baseline 0.002 -20"><span class='ocrx_word' id='word_1_339' title='bbox 2005 533 2245 601; x_wconf 88' lang='lat' dir='ltr'><strong>querela,</strong></span> <span class='ocrx_word' id='word_1_340' title='bbox 2281 534 2423 601; x_wconf 90' lang='lat' dir='ltr'><strong>quod</strong></span> <span class='ocrx_word' id='word_1_341' title='bbox 2452 534 2746 591; x_wconf 76' lang='lat' dir='ltr'><strong>multorum</strong></span> <span class='ocrx_word' id='word_1_342' title='bbox 2783 534 2988 604; x_wconf 89' lang='lat' dir='ltr'><strong>judicio</strong></span> <span class='ocrx_word' id='word_1_343' title='bbox 3039 536 3409 589; x_wconf 87' lang='lat' dir='ltr'><strong>constituitur.</strong></span> <span class='ocrx_word' id='word_1_344' title='bbox 3456 535 3609 605; x_wconf 68' lang='lat' dir='ltr'><strong>Smpe</strong></span> 
     </span>
    </p>
   </div>
   <div class='ocr_carea' id='block_1_52' title="bbox 2005 623 3609 695">
    <p class='ocr_par' dir='ltr' id='par_1_52' title="bbox 2005 623 3609 695">
     <span class='ocr_line' id='line_1_52' title="bbox 2005 623 3609 695; baseline 0.004 -22"><span class='ocrx_word' id='word_1_345' title='bbox 2005 632 2182 674; x_wconf 84' lang='lat' dir='ltr'><strong>autem</strong></span> <span class='ocrx_word' id='word_1_346' title='bbox 2205 623 2493 686; x_wconf 87' lang='lat' dir='ltr'><strong>sententia,</strong></span> <span class='ocrx_word' id='word_1_347' title='bbox 2526 636 2649 693; x_wconf 84' lang='lat' dir='ltr'><strong>quae</strong></span> <span class='ocrx_word' id='word_1_348' title='bbox 2678 625 2745 677; x_wconf 91' lang='lat' dir='ltr'><strong>ab</strong></span> <span class='ocrx_word' id='word_1_349' title='bbox 2767 639 2875 677; x_wconf 89' lang='lat' dir='ltr'><strong>uno</strong></span> <span class='ocrx_word' id='word_1_350' title='bbox 2908 626 3251 678; x_wconf 83' lang='lat' dir='ltr'><strong>considerata</strong></span> <span class='ocrx_word' id='word_1_351' title='bbox 3276 624 3423 691; x_wconf 88' lang='lat' dir='ltr'><strong>juris</strong></span> <span class='ocrx_word' id='word_1_352' title='bbox 3444 626 3609 695; x_wconf 70' lang='lat' dir='ltr'><strong>aequi-</strong></span> 
     </span>
    </p>
   </div>
   <div class='ocr_carea' id='block_1_53' title="bbox 2003 713 3488 784">
    <p class='ocr_par' dir='ltr' id='par_1_53' title="bbox 2003 713 3488 784">
     <span class='ocr_line' id='line_1_53' title="bbox 2003 713 3488 784; baseline 0.003 -21"><span class='ocrx_word' id='word_1_353' title='bbox 2003 720 2111 763; x_wconf 86' lang='lat' dir='ltr'><strong>tate</strong></span> <span class='ocrx_word' id='word_1_354' title='bbox 2140 713 2493 779; x_wconf 86' lang='lat' dir='ltr'><strong>depromitur,</strong></span> <span class='ocrx_word' id='word_1_355' title='bbox 2532 714 2600 767; x_wconf 79' lang='lat' dir='ltr'><strong>ab</strong></span> <span class='ocrx_word' id='word_1_356' title='bbox 2624 714 2744 766; x_wconf 91' lang='lat' dir='ltr'><strong>aliis</strong></span> <span class='ocrx_word' id='word_1_357' title='bbox 2766 714 3133 783; x_wconf 70' lang='lat' dir='ltr'><strong>prtejudicium</strong></span> <span class='ocrx_word' id='word_1_358' title='bbox 3176 716 3488 784; x_wconf 87' lang='lat' dir='ltr'><strong>deputatur.</strong></span> 
     </span>
    </p>
   </div>
   <div class='ocr_carea' id='block_1_54' title="bbox 2078 801 3605 874">
    <p class='ocr_par' dir='ltr' id='par_1_54' title="bbox 2078 801 3605 874">
     <span class='ocr_line' id='line_1_54' title="bbox 2078 801 3605 874; baseline 0.007 -23"><span class='ocrx_word' id='word_1_359' title='bbox 2078 801 2236 869; x_wconf 74' lang='lat'><strong>178</strong></span> <span class='ocrx_word' id='word_1_360' title='bbox 2254 802 2492 865; x_wconf 76' lang='lat' dir='ltr'><strong>Quatuor</strong></span> <span class='ocrx_word' id='word_1_361' title='bbox 2514 803 2681 870; x_wconf 77' lang='lat' dir='ltr'><strong>igitur</strong></span> <span class='ocrx_word' id='word_1_362' title='bbox 2704 805 2860 872; x_wconf 88' lang='lat' dir='ltr'><strong>hujus</strong></span> <span class='ocrx_word' id='word_1_363' title='bbox 2880 802 2996 857; x_wconf 85' lang='lat' dir='ltr'><strong>vitii</strong></span> <span class='ocrx_word' id='word_1_364' title='bbox 3016 805 3444 869; x_wconf 82' lang='lat' dir='ltr'><strong>diversitatibus,</strong></span> <span class='ocrx_word' id='word_1_365' title='bbox 3470 822 3605 874; x_wconf 87' lang='lat' dir='ltr'><strong>quas</strong></span> 
     </span>
    </p>
   </div>
   <div class='ocr_carea' id='block_1_55' title="bbox 2001 890 3601 965">
    <p class='ocr_par' dir='ltr' id='par_1_55' title="bbox 2001 890 3601 965">
     <span class='ocr_line' id='line_1_55' title="bbox 2001 890 3601 965; baseline 0.006 -25"><span class='ocrx_word' id='word_1_366' title='bbox 2001 890 2250 956; x_wconf 90' lang='lat' dir='ltr'><strong>superius</strong></span> <span class='ocrx_word' id='word_1_367' title='bbox 2272 892 2737 955; x_wconf 86' lang='lat' dir='ltr'><strong>enumeravimus,</strong></span> <span class='ocrx_word' id='word_1_368' title='bbox 2772 893 3061 959; x_wconf 77' lang='lat' dir='ltr'><strong>diligenter</strong></span> <span class='ocrx_word' id='word_1_369' title='bbox 3090 894 3373 963; x_wconf 89' lang='lat' dir='ltr'><strong>inspectis,</strong></span> <span class='ocrx_word' id='word_1_370' title='bbox 3409 896 3601 965; x_wconf 85' lang='lat' dir='ltr'><strong>digne-</strong></span> 
     </span>
    </p>
   </div>
   <div class='ocr_carea' id='block_1_56' title="bbox 2001 979 3603 1051">
    <p class='ocr_par' dir='ltr' id='par_1_56' title="bbox 2001 979 3603 1051">
     <span class='ocr_line' id='line_1_56' title="bbox 2001 979 3603 1051; baseline 0.006 -22"><span class='ocrx_word' id='word_1_371' title='bbox 2001 986 2087 1029; x_wconf 90' lang='lat' dir='ltr'><strong>tur</strong></span> <span class='ocrx_word' id='word_1_372' title='bbox 2117 991 2203 1031; x_wconf 90' lang='lat' dir='ltr'><strong>me</strong></span> <span class='ocrx_word' id='word_1_373' title='bbox 2226 979 2501 1032; x_wconf 86' lang='lat' dir='ltr'><strong>beatitudo</strong></span> <span class='ocrx_word' id='word_1_374' title='bbox 2554 990 2734 1034; x_wconf 90' lang='lat' dir='ltr'><strong>vestra</strong></span> <span class='ocrx_word' id='word_1_375' title='bbox 2762 981 3018 1036; x_wconf 68' lang='lat' dir='ltr'><strong>deertmli</strong></span> <span class='ocrx_word' id='word_1_376' title='bbox 3050 983 3247 1051; x_wconf 80' lang='lat' dir='ltr'><strong>pagina</strong></span> <span class='ocrx_word' id='word_1_377' title='bbox 3301 985 3603 1038; x_wconf 83' lang='lat' dir='ltr'><strong>clementer</strong></span> 
     </span>
    </p>
   </div>
   <div class='ocr_carea' id='block_1_57' title="bbox 1998 1068 3602 1131">
    <p class='ocr_par' dir='ltr' id='par_1_57' title="bbox 1998 1068 3602 1131">
     <span class='ocr_line' id='line_1_57' title="bbox 1998 1068 3602 1131; baseline 0.006 -10"><span class='ocrx_word' id='word_1_378' title='bbox 1998 1068 2289 1131; x_wconf 88' lang='lat' dir='ltr'><strong>instruere,</strong></span> <span class='ocrx_word' id='word_1_379' title='bbox 2314 1069 2396 1122; x_wconf 91' lang='lat' dir='ltr'><strong>cui</strong></span> <span class='ocrx_word' id='word_1_380' title='bbox 2422 1084 2608 1123; x_wconf 84' lang='lat' dir='ltr'><strong>earum</strong></span> <span class='ocrx_word' id='word_1_381' title='bbox 2627 1071 2895 1125; x_wconf 78' lang='lat' dir='ltr'><strong>obnoxius</strong></span> <span class='ocrx_word' id='word_1_382' title='bbox 2909 1073 3102 1128; x_wconf 89' lang='lat' dir='ltr'><strong>debeat</strong></span> <span class='ocrx_word' id='word_1_383' title='bbox 3123 1075 3192 1128; x_wconf 88' lang='lat' dir='ltr'><strong>ab</strong></span> <span class='ocrx_word' id='word_1_384' title='bbox 3227 1074 3602 1131; x_wconf 88' lang='lat' dir='ltr'><strong>ecclesiastico</strong></span> 
     </span>
    </p>
   </div>
   <div class='ocr_carea' id='block_1_58' title="bbox 1997 1160 3604 1234">
    <p class='ocr_par' dir='ltr' id='par_1_58' title="bbox 1997 1160 3604 1234">
     <span class='ocr_line' id='line_1_58' title="bbox 1997 1160 3604 1234; baseline 0.006 -21"><span class='ocrx_word' id='word_1_385' title='bbox 1997 1161 2187 1215; x_wconf 86' lang='lat' dir='ltr'><strong>ordine</strong></span> <span class='ocrx_word' id='word_1_386' title='bbox 2213 1160 2680 1217; x_wconf 89' lang='lat' dir='ltr'><strong>irretractabiliter</strong></span> <span class='ocrx_word' id='word_1_387' title='bbox 2710 1163 2908 1233; x_wconf 84' lang='lat' dir='ltr'><strong>adjici;</strong></span> <span class='ocrx_word' id='word_1_388' title='bbox 2950 1166 3038 1220; x_wconf 91' lang='lat' dir='ltr'><strong>cui</strong></span> <span class='ocrx_word' id='word_1_389' title='bbox 3081 1181 3211 1220; x_wconf 88' lang='lat' dir='ltr'><strong>vero</strong></span> <span class='ocrx_word' id='word_1_390' title='bbox 3240 1167 3466 1234; x_wconf 62' lang='lat' dir='ltr'><strong>prmlato</strong></span> <span class='ocrx_word' id='word_1_391' title='bbox 3520 1169 3604 1221; x_wconf 87' lang='lat' dir='ltr'><strong>di-</strong></span> 
     </span>
    </p>
   </div>
   <div class='ocr_carea' id='block_1_59' title="bbox 1998 1253 3601 1322">
    <p class='ocr_par' dir='ltr' id='par_1_59' title="bbox 1998 1253 3601 1322">
     <span class='ocr_line' id='line_1_59' title="bbox 1998 1253 3601 1322; baseline 0.006 -19"><span class='ocrx_word' id='word_1_392' title='bbox 1998 1253 2283 1306; x_wconf 89' lang='lat' dir='ltr'><strong>scretionis</strong></span> <span class='ocrx_word' id='word_1_393' title='bbox 2314 1254 2535 1317; x_wconf 88' lang='lat' dir='ltr'><strong>intuitu,</strong></span> <span class='ocrx_word' id='word_1_394' title='bbox 2581 1256 2749 1322; x_wconf 90' lang='lat' dir='ltr'><strong>possit</strong></span> <span class='ocrx_word' id='word_1_395' title='bbox 2776 1256 2877 1309; x_wconf 91' lang='lat' dir='ltr'><strong>hoc</strong></span> <span class='ocrx_word' id='word_1_396' title='bbox 2904 1255 3138 1310; x_wconf 76' lang='lat' dir='ltr'><strong>oliicium</strong></span> <span class='ocrx_word' id='word_1_397' title='bbox 3172 1258 3601 1313; x_wconf 80' lang='lat' dir='ltr'><strong>misericorditer</strong></span> 
     </span>
    </p>
   </div>
   <div class='ocr_carea' id='block_1_60' title="bbox 2000 1338 3601 1414">
    <p class='ocr_par' dir='ltr' id='par_1_60' title="bbox 2000 1338 3601 1414">
     <span class='ocr_line' id='line_1_60' title="bbox 2000 1338 3601 1414; baseline 0.007 -24"><span class='ocrx_word' id='word_1_398' title='bbox 2000 1338 2299 1409; x_wconf 81' lang='lat' dir='ltr'><strong>indulgeri;</strong></span> <span class='ocrx_word' id='word_1_399' title='bbox 2332 1356 2438 1409; x_wconf 88' lang='lat' dir='ltr'><strong>quo</strong></span> <span class='ocrx_word' id='word_1_400' title='bbox 2458 1343 2897 1409; x_wconf 88' lang='lat' dir='ltr'><strong>supradictorum</strong></span> <span class='ocrx_word' id='word_1_401' title='bbox 2927 1346 3106 1409; x_wconf 90' lang='lat' dir='ltr'><strong>modo,</strong></span> <span class='ocrx_word' id='word_1_402' title='bbox 3136 1354 3189 1398; x_wconf 89' lang='lat' dir='ltr'><strong>et</strong></span> <span class='ocrx_word' id='word_1_403' title='bbox 3218 1360 3338 1399; x_wconf 91' lang='lat' dir='ltr'><strong>cum</strong></span> <span class='ocrx_word' id='word_1_404' title='bbox 3381 1348 3601 1414; x_wconf 83' lang='lat' dir='ltr'><strong>quantis</strong></span> 
     </span>
    </p>
   </div>
   <div class='ocr_carea' id='block_1_61' title="bbox 1998 1426 3599 1505">
    <p class='ocr_par' dir='ltr' id='par_1_61' title="bbox 1998 1426 3599 1505">
     <span class='ocr_line' id='line_1_61' title="bbox 1998 1426 3599 1505; baseline 0.007 -25"><span class='ocrx_word' id='word_1_405' title='bbox 1998 1426 2146 1494; x_wconf 88' lang='lat' dir='ltr'><strong>lapso</strong></span> <span class='ocrx_word' id='word_1_406' title='bbox 2168 1429 2332 1483; x_wconf 57' lang='lat' dir='ltr'><strong>&quot;liceat</strong></span> <span class='ocrx_word' id='word_1_407' title='bbox 2359 1430 2558 1499; x_wconf 87' lang='lat' dir='ltr'><strong>cuique</strong></span> <span class='ocrx_word' id='word_1_408' title='bbox 2592 1432 2649 1486; x_wconf 89' lang='lat' dir='ltr'><strong>in</strong></span> <span class='ocrx_word' id='word_1_409' title='bbox 2683 1433 3058 1489; x_wconf 87' lang='lat' dir='ltr'><strong>ecclesiastica</strong></span> <span class='ocrx_word' id='word_1_410' title='bbox 3109 1435 3380 1505; x_wconf 80' lang='lat' dir='ltr'><strong>dignitate</strong></span> <span class='ocrx_word' id='word_1_411' title='bbox 3428 1438 3599 1505; x_wconf 82' lang='lat' dir='ltr'><strong>persi-</strong></span> 
     </span>
    </p>
   </div>
   <div class='ocr_carea' id='block_1_62' title="bbox 1998 1520 3597 1594">
    <p class='ocr_par' dir='ltr' id='par_1_62' title="bbox 1998 1520 3597 1594">
     <span class='ocr_line' id='line_1_62' title="bbox 1998 1520 3597 1594; baseline 0.008 -23"><span class='ocrx_word' id='word_1_412' title='bbox 1998 1520 2434 1588; x_wconf 87' lang='lat' dir='ltr'><strong>stere;qualiter</strong></span> <span class='ocrx_word' id='word_1_413' title='bbox 2461 1530 2670 1588; x_wconf 82' lang='lat' dir='ltr'><strong>autem,</strong></span> <span class='ocrx_word' id='word_1_414' title='bbox 2713 1532 2769 1577; x_wconf 89' lang='lat' dir='ltr'><strong>et</strong></span> <span class='ocrx_word' id='word_1_415' title='bbox 2813 1539 2934 1579; x_wconf 92' lang='lat' dir='ltr'><strong>cum</strong></span> <span class='ocrx_word' id='word_1_416' title='bbox 2982 1528 3221 1594; x_wconf 87' lang='lat' dir='ltr'><strong>quantis,</strong></span> <span class='ocrx_word' id='word_1_417' title='bbox 3278 1527 3322 1580; x_wconf 88' lang='lat' dir='ltr'><strong>si</strong></span> <span class='ocrx_word' id='word_1_418' title='bbox 3358 1527 3597 1583; x_wconf 84' lang='lat' dir='ltr'><strong>foedatus</strong></span> 
     </span>
    </p>
   </div>
   <div class='ocr_carea' id='block_1_63' title="bbox 1996 1606 3591 1681">
    <p class='ocr_par' dir='ltr' id='par_1_63' title="bbox 1996 1606 3591 1681">
     <span class='ocr_line' id='line_1_63' title="bbox 1996 1606 3591 1681; baseline 0.008 -22"><span class='ocrx_word' id='word_1_419' title='bbox 1996 1606 2178 1673; x_wconf 80' lang='lat' dir='ltr'><strong>fuerit,</strong></span> <span class='ocrx_word' id='word_1_420' title='bbox 2209 1612 2611 1681; x_wconf 87' lang='lat' dir='ltr'><strong>compellendus</strong></span> <span class='ocrx_word' id='word_1_421' title='bbox 2632 1623 2716 1668; x_wconf 91' lang='lat' dir='ltr'><strong>est</strong></span> <span class='ocrx_word' id='word_1_422' title='bbox 2740 1614 2792 1667; x_wconf 92' lang='lat' dir='ltr'><strong>in</strong></span> <span class='ocrx_word' id='word_1_423' title='bbox 2820 1615 2966 1669; x_wconf 90' lang='lat' dir='ltr'><strong>dicta</strong></span> <span class='ocrx_word' id='word_1_424' title='bbox 2994 1617 3318 1671; x_wconf 88' lang='lat' dir='ltr'><strong>necessitate</strong></span> <span class='ocrx_word' id='word_1_425' title='bbox 3354 1632 3591 1673; x_wconf 88' lang='lat' dir='ltr'><strong>cessare.</strong></span> 
     </span>
    </p>
   </div>
   <div class='ocr_carea' id='block_1_64' title="bbox 1996 1695 3595 1771">
    <p class='ocr_par' dir='ltr' id='par_1_64' title="bbox 1996 1695 3595 1771">
     <span class='ocr_line' id='line_1_64' title="bbox 1996 1695 3595 1771; baseline 0.008 -22"><span class='ocrx_word' id='word_1_426' title='bbox 1996 1695 2067 1749; x_wconf 83' lang='lat' dir='ltr'><strong>Ut</strong></span> <span class='ocrx_word' id='word_1_427' title='bbox 2094 1712 2159 1751; x_wconf 75' lang='lat' dir='ltr'><strong>ex</strong></span> <span class='ocrx_word' id='word_1_428' title='bbox 2182 1712 2267 1763; x_wconf 90' lang='lat' dir='ltr'><strong>eo,</strong></span> <span class='ocrx_word' id='word_1_429' title='bbox 2296 1700 2437 1767; x_wconf 89' lang='lat' dir='ltr'><strong>quod</strong></span> <span class='ocrx_word' id='word_1_430' title='bbox 2462 1700 2553 1754; x_wconf 89' lang='lat' dir='ltr'><strong>uni</strong></span> <span class='ocrx_word' id='word_1_431' title='bbox 2577 1701 2861 1771; x_wconf 88' lang='lat' dir='ltr'><strong>dirigitur;</strong></span> <span class='ocrx_word' id='word_1_432' title='bbox 2894 1704 3047 1758; x_wconf 79' lang='lat' dir='ltr'><strong>multi</strong></span> <span class='ocrx_word' id='word_1_433' title='bbox 3068 1705 3257 1759; x_wconf 89' lang='lat' dir='ltr'><strong>eadem</strong></span> <span class='ocrx_word' id='word_1_434' title='bbox 3283 1705 3595 1762; x_wconf 83' lang='lat' dir='ltr'><strong>laborantes</strong></span> 
     </span>
    </p>
   </div>
   <div class='ocr_carea' id='block_1_65' title="bbox 1925 1764 3591 1861">
    <p class='ocr_par' dir='ltr' id='par_1_65' title="bbox 1925 1764 3591 1861">
     <span class='ocr_line' id='line_1_65' title="bbox 1925 1764 3591 1861; baseline 0.008 -25"><span class='ocrx_word' id='word_1_435' title='bbox 1925 1764 1967 1822; x_wconf 75' lang='grc' dir='ltr'><strong>Β</strong></span> <span class='ocrx_word' id='word_1_436' title='bbox 1999 1764 2330 1853; x_wconf 67' lang='lat' dir='ltr'><strong>ignorantia,</strong></span> <span class='ocrx_word' id='word_1_437' title='bbox 2352 1786 2670 1853; x_wconf 86' lang='lat' dir='ltr'><strong>doceantur,</strong></span> <span class='ocrx_word' id='word_1_438' title='bbox 2686 1764 2966 1857; x_wconf 64' lang='lat' dir='ltr'><strong>quatenus</strong></span> <span class='ocrx_word' id='word_1_439' title='bbox 2994 1792 3364 1861; x_wconf 88' lang='lat' dir='ltr'><strong>ambiguitatis</strong></span> <span class='ocrx_word' id='word_1_440' title='bbox 3391 1805 3591 1849; x_wconf 70' lang='lat' dir='ltr'><strong>nostra:</strong></span> 
     </span>
    </p>
   </div>
   <div class='ocr_carea' id='block_1_66' title="bbox 1997 1876 3588 1948">
    <p class='ocr_par' dir='ltr' id='par_1_66' title="bbox 1997 1876 3588 1948">
     <span class='ocr_line' id='line_1_66' title="bbox 1997 1876 3588 1948; baseline 0.006 -21"><span class='ocrx_word' id='word_1_441' title='bbox 1997 1876 2302 1943; x_wconf 86' lang='lat' dir='ltr'><strong>caliginem,</strong></span> <span class='ocrx_word' id='word_1_442' title='bbox 2334 1877 2676 1932; x_wconf 88' lang='lat' dir='ltr'><strong>auctoritatis</strong></span> <span class='ocrx_word' id='word_1_443' title='bbox 2700 1889 2898 1934; x_wconf 81' lang='lat' dir='ltr'><strong>vestrae</strong></span> <span class='ocrx_word' id='word_1_444' title='bbox 2919 1880 3138 1936; x_wconf 88' lang='lat' dir='ltr'><strong>lucerna</strong></span> <span class='ocrx_word' id='word_1_445' title='bbox 3171 1882 3473 1948; x_wconf 85' lang='lat' dir='ltr'><strong>dimoveat;</strong></span> <span class='ocrx_word' id='word_1_446' title='bbox 3504 1892 3588 1937; x_wconf 89' lang='lat' dir='ltr'><strong>at-</strong></span> 
     </span>
    </p>
   </div>
   <div class='ocr_carea' id='block_1_67' title="bbox 1994 1966 3589 2043">
    <p class='ocr_par' dir='ltr' id='par_1_67' title="bbox 1994 1966 3589 2043">
     <span class='ocr_line' id='line_1_67' title="bbox 1994 1966 3589 2043; baseline 0.009 -30"><span class='ocrx_word' id='word_1_447' title='bbox 1994 1978 2119 2031; x_wconf 87' lang='lat' dir='ltr'><strong>que,</strong></span> <span class='ocrx_word' id='word_1_448' title='bbox 2145 1973 2203 2019; x_wconf 93' lang='lat' dir='ltr'><strong>ut</strong></span> <span class='ocrx_word' id='word_1_449' title='bbox 2235 1966 2308 2020; x_wconf 91' lang='lat' dir='ltr'><strong>ita</strong></span> <span class='ocrx_word' id='word_1_450' title='bbox 2354 1966 2566 2035; x_wconf 85' lang='lat' dir='ltr'><strong>loquar.</strong></span> <span class='ocrx_word' id='word_1_451' title='bbox 2600 1969 2910 2037; x_wconf 67' lang='lat' dir='ltr'><strong>apostolicae</strong></span> <span class='ocrx_word' id='word_1_452' title='bbox 2957 1973 3099 2026; x_wconf 84' lang='lat' dir='ltr'><strong>sedis</strong></span> <span class='ocrx_word' id='word_1_453' title='bbox 3132 1972 3334 2026; x_wconf 77' lang='lat' dir='ltr'><strong>ferrum</strong></span> <span class='ocrx_word' id='word_1_454' title='bbox 3362 1989 3425 2027; x_wconf 81' lang='lat' dir='ltr'><strong>ex</strong></span> <span class='ocrx_word' id='word_1_455' title='bbox 3457 1990 3589 2043; x_wconf 87' lang='lat' dir='ltr'><strong>agro</strong></span> 
     </span>
    </p>
   </div>
   <div class='ocr_carea' id='block_1_68' title="bbox 1995 2056 3585 2132">
    <p class='ocr_par' dir='ltr' id='par_1_68' title="bbox 1995 2056 3585 2132">
     <span class='ocr_line' id='line_1_68' title="bbox 1995 2056 3585 2132; baseline 0.008 -26"><span class='ocrx_word' id='word_1_456' title='bbox 1995 2056 2237 2110; x_wconf 84' lang='lat' dir='ltr'><strong>nutantis</strong></span> <span class='ocrx_word' id='word_1_457' title='bbox 2266 2057 2613 2113; x_wconf 76' lang='lat' dir='ltr'><strong>conscientiae</strong></span> <span class='ocrx_word' id='word_1_458' title='bbox 2638 2059 2803 2114; x_wconf 87' lang='lat' dir='ltr'><strong>totius</strong></span> <span class='ocrx_word' id='word_1_459' title='bbox 2831 2062 3036 2114; x_wconf 87' lang='lat' dir='ltr'><strong>erroris</strong></span> <span class='ocrx_word' id='word_1_460' title='bbox 3065 2062 3325 2118; x_wconf 81' lang='lat' dir='ltr'><strong>radicitus</strong></span> <span class='ocrx_word' id='word_1_461' title='bbox 3362 2077 3585 2132; x_wconf 86' lang='lat' dir='ltr'><strong>germen</strong></span> 
     </span>
    </p>
   </div>
   <div class='ocr_carea' id='block_1_69' title="bbox 1994 2142 2207 2197">
    <p class='ocr_par' dir='ltr' id='par_1_69' title="bbox 1994 2142 2207 2197">
     <span class='ocr_line' id='line_1_69' title="bbox 1994 2142 2207 2197; baseline 0 -2"><span class='ocrx_word' id='word_1_462' title='bbox 1994 2142 2207 2197; x_wconf 86' lang='lat' dir='ltr'><strong>evellat.</strong></span> 
     </span>
    </p>
   </div>
   <div class='ocr_carea' id='block_1_70' title="bbox 2059 2230 3588 2303">
    <p class='ocr_par' dir='ltr' id='par_1_70' title="bbox 2059 2230 3588 2303">
     <span class='ocr_line' id='line_1_70' title="bbox 2059 2230 3588 2303; baseline 0.006 -21"><span class='ocrx_word' id='word_1_463' title='bbox 2059 2230 2275 2283; x_wconf 77' lang='lat' dir='ltr'><strong>Annuat</strong></span> <span class='ocrx_word' id='word_1_464' title='bbox 2294 2232 2634 2301; x_wconf 90' lang='lat' dir='ltr'><strong>omnipotens</strong></span> <span class='ocrx_word' id='word_1_465' title='bbox 2659 2236 2822 2300; x_wconf 85' lang='lat' dir='ltr'><strong>Deus,</strong></span> <span class='ocrx_word' id='word_1_466' title='bbox 2844 2238 3293 2291; x_wconf 86' lang='lat' dir='ltr'><strong>reverendissime</strong></span> <span class='ocrx_word' id='word_1_467' title='bbox 3322 2238 3503 2303; x_wconf 86' lang='lat' dir='ltr'><strong>Pater,</strong></span> <span class='ocrx_word' id='word_1_468' title='bbox 3528 2247 3588 2291; x_wconf 94' lang='lat' dir='ltr'><strong>ut</strong></span> 
     </span>
    </p>
   </div>
   <div class='ocr_carea' id='block_1_71' title="bbox 1992 2321 3585 2391">
    <p class='ocr_par' dir='ltr' id='par_1_71' title="bbox 1992 2321 3585 2391">
     <span class='ocr_line' id='line_1_71' title="bbox 1992 2321 3585 2391; baseline 0.009 -22"><span class='ocrx_word' id='word_1_469' title='bbox 1992 2326 2234 2387; x_wconf 87' lang='lat' dir='ltr'><strong>tempore</strong></span> <span class='ocrx_word' id='word_1_470' title='bbox 2262 2321 2597 2389; x_wconf 83' lang='lat' dir='ltr'><strong>apostolatus</strong></span> <span class='ocrx_word' id='word_1_471' title='bbox 2625 2328 2807 2386; x_wconf 88' lang='lat' dir='ltr'><strong>vestri,</strong></span> <span class='ocrx_word' id='word_1_472' title='bbox 2840 2334 2894 2380; x_wconf 89' lang='lat' dir='ltr'><strong>et</strong></span> <span class='ocrx_word' id='word_1_473' title='bbox 2935 2326 3091 2391; x_wconf 89' lang='lat' dir='ltr'><strong>hujus</strong></span> <span class='ocrx_word' id='word_1_474' title='bbox 3136 2328 3248 2381; x_wconf 91' lang='lat' dir='ltr'><strong>vitii</strong></span> <span class='ocrx_word' id='word_1_475' title='bbox 3281 2340 3585 2383; x_wconf 88' lang='lat' dir='ltr'><strong>monstrum</strong></span> 
     </span>
    </p>
   </div>
   <div class='ocr_carea' id='block_1_72' title="bbox 1990 2409 3585 2488">
    <p class='ocr_par' dir='ltr' id='par_1_72' title="bbox 1990 2409 3585 2488">
     <span class='ocr_line' id='line_1_72' title="bbox 1990 2409 3585 2488; baseline 0.01 -29"><span class='ocrx_word' id='word_1_476' title='bbox 1990 2422 2212 2475; x_wconf 90' lang='lat' dir='ltr'><strong>prorsus</strong></span> <span class='ocrx_word' id='word_1_477' title='bbox 2243 2409 2491 2475; x_wconf 88' lang='lat' dir='ltr'><strong>intereat,</strong></span> <span class='ocrx_word' id='word_1_478' title='bbox 2518 2421 2573 2464; x_wconf 91' lang='lat' dir='ltr'><strong>et</strong></span> <span class='ocrx_word' id='word_1_479' title='bbox 2592 2414 2827 2481; x_wconf 86' lang='lat' dir='ltr'><strong>jacentis</strong></span> <span class='ocrx_word' id='word_1_480' title='bbox 2854 2415 3109 2470; x_wconf 61' lang='lat' dir='ltr'><strong>Ecclesiae</strong></span> <span class='ocrx_word' id='word_1_481' title='bbox 3142 2426 3318 2472; x_wconf 89' lang='lat' dir='ltr'><strong>status</strong></span> <span class='ocrx_word' id='word_1_482' title='bbox 3347 2420 3585 2488; x_wconf 79' lang='lat' dir='ltr'><strong>undique</strong></span> 
     </span>
    </p>
   </div>
   <div class='ocr_carea' id='block_1_73' title="bbox 1989 2496 2817 2573">
    <p class='ocr_par' dir='ltr' id='par_1_73' title="bbox 1989 2496 2817 2573">
     <span class='ocr_line' id='line_1_73' title="bbox 1989 2496 2817 2573; baseline 0.01 -23"><span class='ocrx_word' id='word_1_483' title='bbox 1989 2496 2055 2550; x_wconf 90' lang='lat' dir='ltr'><strong>ad</strong></span> <span class='ocrx_word' id='word_1_484' title='bbox 2074 2498 2157 2551; x_wconf 89' lang='lat' dir='ltr'><strong>sui</strong></span> <span class='ocrx_word' id='word_1_485' title='bbox 2182 2499 2381 2569; x_wconf 88' lang='lat' dir='ltr'><strong>vigoris</strong></span> <span class='ocrx_word' id='word_1_486' title='bbox 2397 2500 2521 2571; x_wconf 88' lang='lat' dir='ltr'><strong>jura</strong></span> <span class='ocrx_word' id='word_1_487' title='bbox 2552 2512 2817 2573; x_wconf 83' lang='lat' dir='ltr'><strong>resurgat.</strong></span> 
     </span>
    </p>
   </div>
   <div class='ocr_carea' id='block_1_74' title="bbox 2624 2682 2936 2737">
    <p class='ocr_par' dir='ltr' id='par_1_74' title="bbox 2624 2682 2936 2737">
     <span class='ocr_line' id='line_1_74' title="bbox 2624 2682 2936 2737; baseline 0.003 -1"><span class='ocrx_word' id='word_1_488' title='bbox 2624 2682 2936 2737; x_wconf 83' lang='lat' dir='ltr'><strong>SCHOLIA.</strong></span> 
     </span>
    </p>
   </div>
   <div class='ocr_carea' id='block_1_75' title="bbox 2060 2766 3576 2847">
    <p class='ocr_par' dir='ltr' id='par_1_75' title="bbox 2060 2766 3576 2847">
     <span class='ocr_line' id='line_1_75' title="bbox 2060 2766 3576 2847; baseline 0.01 -28"><span class='ocrx_word' id='word_1_489' title='bbox 2060 2766 2207 2835; x_wconf 82' lang='lat' dir='ltr'><strong>Legis</strong></span> <span class='ocrx_word' id='word_1_490' title='bbox 2231 2779 2546 2839; x_wconf 68' lang='lat' dir='ltr'><strong>praeceptum</strong></span> <span class='ocrx_word' id='word_1_491' title='bbox 2572 2782 2670 2836; x_wconf 82' lang='lat' dir='ltr'><strong>est,</strong></span> <span class='ocrx_word' id='word_1_492' title='bbox 2700 2783 2755 2824; x_wconf 92' lang='lat' dir='ltr'><strong>ut</strong></span> <span class='ocrx_word' id='word_1_493' title='bbox 2783 2789 2900 2826; x_wconf 87' lang='lat' dir='ltr'><strong>cum</strong></span> <span class='ocrx_word' id='word_1_494' title='bbox 2940 2775 3056 2843; x_wconf 82' lang='lat' dir='ltr'><strong>quis</strong></span> <span class='ocrx_word' id='word_1_495' title='bbox 3104 2775 3248 2844; x_wconf 84' lang='lat' dir='ltr'><strong>lepra</strong></span> <span class='ocrx_word' id='word_1_496' title='bbox 3299 2779 3576 2847; x_wconf 75' lang='lat' dir='ltr'><strong>perfundi-</strong></span> 
     </span>
    </p>
   </div>
   <div class='ocr_carea' id='block_1_76' title="bbox 1984 2861 3574 2925">
    <p class='ocr_par' dir='ltr' id='par_1_76' title="bbox 1984 2861 3574 2925">
     <span class='ocr_line' id='line_1_76' title="bbox 1984 2861 3574 2925; baseline 0.011 -16"><span class='ocrx_word' id='word_1_497' title='bbox 1984 2868 2087 2921; x_wconf 85' lang='lat' dir='ltr'><strong>tur,</strong></span> <span class='ocrx_word' id='word_1_498' title='bbox 2112 2861 2467 2915; x_wconf 79' lang='lat' dir='ltr'><strong>sacerdotibus</strong></span> <span class='ocrx_word' id='word_1_499' title='bbox 2488 2863 2824 2917; x_wconf 77' lang='lat' dir='ltr'><strong>ostendatur:</strong></span> <span class='ocrx_word' id='word_1_500' title='bbox 2846 2874 2969 2918; x_wconf 82' lang='lat' dir='ltr'><strong>tunc</strong></span> <span class='ocrx_word' id='word_1_501' title='bbox 2993 2878 3165 2920; x_wconf 86' lang='lat' dir='ltr'><strong>autem</strong></span> <span class='ocrx_word' id='word_1_502' title='bbox 3192 2884 3295 2922; x_wconf 87' lang='lat' dir='ltr'><strong>non</strong></span> <span class='ocrx_word' id='word_1_503' title='bbox 3327 2872 3574 2925; x_wconf 81' lang='lat' dir='ltr'><strong>sacerdo-</strong></span> 
     </span>
    </p>
   </div>
   <div class='ocr_carea' id='block_1_77' title="bbox 1983 2948 3577 3021">
    <p class='ocr_par' dir='ltr' id='par_1_77' title="bbox 1983 2948 3577 3021">
     <span class='ocr_line' id='line_1_77' title="bbox 1983 2948 3577 3021; baseline 0.008 -21"><span class='ocrx_word' id='word_1_504' title='bbox 1983 2948 2141 3011; x_wconf 80' lang='lat' dir='ltr'><strong>tibus,</strong></span> <span class='ocrx_word' id='word_1_505' title='bbox 2165 2950 2254 3002; x_wconf 83' lang='lat' dir='ltr'><strong>sed</strong></span> <span class='ocrx_word' id='word_1_506' title='bbox 2285 2949 2487 3019; x_wconf 83' lang='lat' dir='ltr'><strong>leproso</strong></span> <span class='ocrx_word' id='word_1_507' title='bbox 2536 2955 2710 3021; x_wconf 81' lang='lat' dir='ltr'><strong>potius</strong></span> <span class='ocrx_word' id='word_1_508' title='bbox 2742 2956 3057 3019; x_wconf 84' lang='lat' dir='ltr'><strong>ostenditur,</strong></span> <span class='ocrx_word' id='word_1_509' title='bbox 3112 2973 3231 3009; x_wconf 76' lang='lat' dir='ltr'><strong>tum</strong></span> <span class='ocrx_word' id='word_1_510' title='bbox 3272 2959 3577 3014; x_wconf 78' lang='lat' dir='ltr'><strong>immundus</strong></span> 
     </span>
    </p>
   </div>
   <div class='ocr_carea' id='block_1_78' title="bbox 1982 3040 3571 3116">
    <p class='ocr_par' dir='ltr' id='par_1_78' title="bbox 1982 3040 3571 3116">
     <span class='ocr_line' id='line_1_78' title="bbox 1982 3040 3571 3116; baseline 0.009 -26"><span class='ocrx_word' id='word_1_511' title='bbox 1982 3040 2251 3094; x_wconf 85' lang='lat' dir='ltr'><strong>immundo</strong></span> <span class='ocrx_word' id='word_1_512' title='bbox 2273 3052 2541 3111; x_wconf 81' lang='lat' dir='ltr'><strong>peractam</strong></span> <span class='ocrx_word' id='word_1_513' title='bbox 2570 3062 2895 3100; x_wconf 82' lang='lat' dir='ltr'><strong>communem</strong></span> <span class='ocrx_word' id='word_1_514' title='bbox 2941 3052 3223 3116; x_wconf 83' lang='lat' dir='ltr'><strong>nequitiam</strong></span> <span class='ocrx_word' id='word_1_515' title='bbox 3274 3050 3571 3116; x_wconf 80' lang='lat' dir='ltr'><strong>conﬁtetur.</strong></span> 
     </span>
    </p>
   </div>
   <div class='ocr_carea' id='block_1_79' title="bbox 1982 3127 3571 3208">
    <p class='ocr_par' dir='ltr' id='par_1_79' title="bbox 1982 3127 3571 3208">
     <span class='ocr_line' id='line_1_79' title="bbox 1982 3127 3571 3208; baseline 0.01 -28"><span class='ocrx_word' id='word_1_516' title='bbox 1982 3127 2058 3182; x_wconf 90' lang='lat' dir='ltr'><strong>De</strong></span> <span class='ocrx_word' id='word_1_517' title='bbox 2084 3129 2190 3193; x_wconf 89' lang='lat' dir='ltr'><strong>his,</strong></span> <span class='ocrx_word' id='word_1_518' title='bbox 2214 3145 2333 3198; x_wconf 72' lang='lat' dir='ltr'><strong>qua:</strong></span> <span class='ocrx_word' id='word_1_519' title='bbox 2381 3132 2484 3186; x_wconf 88' lang='lat' dir='ltr'><strong>hoc</strong></span> <span class='ocrx_word' id='word_1_520' title='bbox 2523 3133 2577 3187; x_wconf 89' lang='lat' dir='ltr'><strong>in</strong></span> <span class='ocrx_word' id='word_1_521' title='bbox 2607 3134 2880 3204; x_wconf 89' lang='lat' dir='ltr'><strong>Opusculo</strong></span> <span class='ocrx_word' id='word_1_522' title='bbox 2932 3138 3121 3192; x_wconf 90' lang='lat' dir='ltr'><strong>scribit</strong></span> <span class='ocrx_word' id='word_1_523' title='bbox 3151 3138 3212 3192; x_wconf 92' lang='lat' dir='ltr'><strong>B.</strong></span> <span class='ocrx_word' id='word_1_524' title='bbox 3256 3138 3571 3208; x_wconf 84' lang='lat' dir='ltr'><strong>Damianus,</strong></span> 
     </span>
    </p>
   </div>
   <div class='ocr_carea' id='block_1_80' title="bbox 1979 3222 3572 3299">
    <p class='ocr_par' dir='ltr' id='par_1_80' title="bbox 1979 3222 3572 3299">
     <span class='ocr_line' id='line_1_80' title="bbox 1979 3222 3572 3299; baseline 0.008 -25"><span class='ocrx_word' id='word_1_525' title='bbox 1979 3222 2097 3290; x_wconf 88' lang='lat' dir='ltr'><strong>ejus</strong></span> <span class='ocrx_word' id='word_1_526' title='bbox 2119 3238 2271 3277; x_wconf 89' lang='lat' dir='ltr'><strong>mens</strong></span> <span class='ocrx_word' id='word_1_527' title='bbox 2298 3225 2479 3294; x_wconf 90' lang='lat' dir='ltr'><strong>potius</strong></span> <span class='ocrx_word' id='word_1_528' title='bbox 2499 3228 2789 3295; x_wconf 87' lang='lat' dir='ltr'><strong>spectanda</strong></span> <span class='ocrx_word' id='word_1_529' title='bbox 2819 3244 2980 3298; x_wconf 88' lang='lat' dir='ltr'><strong>quam</strong></span> <span class='ocrx_word' id='word_1_530' title='bbox 2996 3231 3180 3285; x_wconf 86' lang='lat' dir='ltr'><strong>verba.</strong></span> <span class='ocrx_word' id='word_1_531' title='bbox 3214 3228 3400 3299; x_wconf 86' lang='lat' dir='ltr'><strong>Neque</strong></span> <span class='ocrx_word' id='word_1_532' title='bbox 3424 3232 3572 3286; x_wconf 90' lang='lat' dir='ltr'><strong>enim</strong></span> 
     </span>
    </p>
   </div>
   <div class='ocr_carea' id='block_1_81' title="bbox 1980 3314 3574 3388">
    <p class='ocr_par' dir='ltr' id='par_1_81' title="bbox 1980 3314 3574 3388">
     <span class='ocr_line' id='line_1_81' title="bbox 1980 3314 3574 3388; baseline 0.006 -22"><span class='ocrx_word' id='word_1_533' title='bbox 1980 3314 2069 3367; x_wconf 87' lang='lat' dir='ltr'><strong>ille</strong></span> <span class='ocrx_word' id='word_1_534' title='bbox 2099 3314 2367 3385; x_wconf 82' lang='lat' dir='ltr'><strong>signiﬁcat</strong></span> <span class='ocrx_word' id='word_1_535' title='bbox 2396 3317 2793 3373; x_wconf 84' lang='lat' dir='ltr'><strong>confessionem</strong></span> <span class='ocrx_word' id='word_1_536' title='bbox 2825 3320 2967 3388; x_wconf 86' lang='lat' dir='ltr'><strong>ejus,</strong></span> <span class='ocrx_word' id='word_1_537' title='bbox 2994 3320 3086 3387; x_wconf 83' lang='lat' dir='ltr'><strong>qui</strong></span> <span class='ocrx_word' id='word_1_538' title='bbox 3125 3319 3393 3374; x_wconf 88' lang='lat' dir='ltr'><strong>sacerdoti</strong></span> <span class='ocrx_word' id='word_1_539' title='bbox 3428 3335 3574 3375; x_wconf 78' lang='lat' dir='ltr'><strong>eom-</strong></span> 
     </span>
    </p>
   </div>
   <div class='ocr_carea' id='block_1_82' title="bbox 1978 3408 3571 3480">
    <p class='ocr_par' dir='ltr' id='par_1_82' title="bbox 1978 3408 3571 3480">
     <span class='ocr_line' id='line_1_82' title="bbox 1978 3408 3571 3480; baseline 0.008 -20"><span class='ocrx_word' id='word_1_540' title='bbox 1978 3408 2100 3477; x_wconf 92' lang='lat' dir='ltr'><strong>plici</strong></span> <span class='ocrx_word' id='word_1_541' title='bbox 2148 3410 2459 3476; x_wconf 82' lang='lat' dir='ltr'><strong>confitetur,</strong></span> <span class='ocrx_word' id='word_1_542' title='bbox 2500 3410 2571 3465; x_wconf 89' lang='lat' dir='ltr'><strong>ob</strong></span> <span class='ocrx_word' id='word_1_543' title='bbox 2611 3414 2896 3480; x_wconf 86' lang='lat' dir='ltr'><strong>potestatis</strong></span> <span class='ocrx_word' id='word_1_544' title='bbox 2938 3414 3231 3480; x_wconf 87' lang='lat' dir='ltr'><strong>defectum,</strong></span> <span class='ocrx_word' id='word_1_545' title='bbox 3280 3415 3571 3472; x_wconf 78' lang='lat' dir='ltr'><strong>invalidam</strong></span> 
     </span>
    </p>
   </div>
   <div class='ocr_carea' id='block_1_83' title="bbox 1975 3499 3571 3571">
    <p class='ocr_par' dir='ltr' id='par_1_83' title="bbox 1975 3499 3571 3571">
     <span class='ocr_line' id='line_1_83' title="bbox 1975 3499 3571 3571; baseline 0.008 -21"><span class='ocrx_word' id='word_1_546' title='bbox 1975 3510 2116 3562; x_wconf 85' lang='lat' dir='ltr'><strong>esse,</strong></span> <span class='ocrx_word' id='word_1_547' title='bbox 2144 3500 2187 3551; x_wconf 90' lang='lat' dir='ltr'><strong>si</strong></span> <span class='ocrx_word' id='word_1_548' title='bbox 2214 3499 2301 3552; x_wconf 90' lang='lat' dir='ltr'><strong>ille</strong></span> <span class='ocrx_word' id='word_1_549' title='bbox 2324 3500 2534 3569; x_wconf 89' lang='lat' dir='ltr'><strong>justum</strong></span> <span class='ocrx_word' id='word_1_550' title='bbox 2560 3502 2773 3555; x_wconf 90' lang='lat' dir='ltr'><strong>titulum</strong></span> <span class='ocrx_word' id='word_1_551' title='bbox 2801 3513 2966 3571; x_wconf 86' lang='lat' dir='ltr'><strong>atque</strong></span> <span class='ocrx_word' id='word_1_552' title='bbox 2992 3503 3426 3571; x_wconf 76' lang='lat' dir='ltr'><strong>iurisdictionem</strong></span> <span class='ocrx_word' id='word_1_553' title='bbox 3470 3509 3571 3563; x_wconf 85' lang='lat' dir='ltr'><strong>ob-</strong></span> 
     </span>
    </p>
   </div>
   <div class='ocr_carea' id='block_1_84' title="bbox 1977 3586 3569 3659">
    <p class='ocr_par' dir='ltr' id='par_1_84' title="bbox 1977 3586 3569 3659">
     <span class='ocr_line' id='line_1_84' title="bbox 1977 3586 3569 3659; baseline 0.008 -20"><span class='ocrx_word' id='word_1_554' title='bbox 1977 3586 2139 3649; x_wconf 89' lang='lat' dir='ltr'><strong>tinet;</strong></span> <span class='ocrx_word' id='word_1_555' title='bbox 2172 3588 2264 3641; x_wconf 89' lang='lat' dir='ltr'><strong>sed</strong></span> <span class='ocrx_word' id='word_1_556' title='bbox 2288 3587 2399 3641; x_wconf 93' lang='lat' dir='ltr'><strong>vult</strong></span> <span class='ocrx_word' id='word_1_557' title='bbox 2421 3588 2605 3643; x_wconf 89' lang='lat' dir='ltr'><strong>dicere</strong></span> <span class='ocrx_word' id='word_1_558' title='bbox 2628 3590 2935 3659; x_wconf 85' lang='lat' dir='ltr'><strong>bujusmodi</strong></span> <span class='ocrx_word' id='word_1_559' title='bbox 2958 3592 3354 3647; x_wconf 86' lang='lat' dir='ltr'><strong>confessionem</strong></span> <span class='ocrx_word' id='word_1_560' title='bbox 3386 3594 3569 3651; x_wconf 87' lang='lat' dir='ltr'><strong>fructu</strong></span> 
     </span>
    </p>
   </div>
   <div class='ocr_carea' id='block_1_85' title="bbox 1974 3678 3567 3751">
    <p class='ocr_par' dir='ltr' id='par_1_85' title="bbox 1974 3678 3567 3751">
     <span class='ocr_line' id='line_1_85' title="bbox 1974 3678 3567 3751; baseline 0.007 -24"><span class='ocrx_word' id='word_1_561' title='bbox 1974 3689 2179 3739; x_wconf 90' lang='lat' dir='ltr'><strong>carere,</strong></span> <span class='ocrx_word' id='word_1_562' title='bbox 2211 3691 2275 3729; x_wconf 88' lang='lat' dir='ltr'><strong>ac</strong></span> <span class='ocrx_word' id='word_1_563' title='bbox 2311 3678 2707 3745; x_wconf 89' lang='lat' dir='ltr'><strong>quodammodo</strong></span> <span class='ocrx_word' id='word_1_564' title='bbox 2750 3679 3075 3735; x_wconf 86' lang='lat' dir='ltr'><strong>delusoriam</strong></span> <span class='ocrx_word' id='word_1_565' title='bbox 3104 3695 3253 3746; x_wconf 89' lang='lat' dir='ltr'><strong>esse;</strong></span> <span class='ocrx_word' id='word_1_566' title='bbox 3308 3684 3567 3751; x_wconf 88' lang='lat' dir='ltr'><strong>quoniam</strong></span> 
     </span>
    </p>
   </div>
   <div class='ocr_carea' id='block_1_86' title="bbox 1972 3765 3567 3838">
    <p class='ocr_par' dir='ltr' id='par_1_86' title="bbox 1972 3765 3567 3838">
     <span class='ocr_line' id='line_1_86' title="bbox 1972 3765 3567 3838; baseline 0.009 -24"><span class='ocrx_word' id='word_1_567' title='bbox 1972 3765 2310 3819; x_wconf 58' lang='lat' dir='ltr'><strong>verecundia</strong></span> <span class='ocrx_word' id='word_1_568' title='bbox 2358 3767 2615 3821; x_wconf 88' lang='lat' dir='ltr'><strong>ruborem</strong></span> <span class='ocrx_word' id='word_1_569' title='bbox 2666 3770 2942 3838; x_wconf 69' lang='lat' dir='ltr'><strong>pumileas</strong></span> <span class='ocrx_word' id='word_1_570' title='bbox 2982 3786 3083 3824; x_wconf 87' lang='lat' dir='ltr'><strong>nec</strong></span> <span class='ocrx_word' id='word_1_571' title='bbox 3106 3772 3296 3837; x_wconf 87' lang='lat' dir='ltr'><strong>sentit,</strong></span> <span class='ocrx_word' id='word_1_572' title='bbox 3345 3788 3447 3828; x_wconf 94' lang='lat' dir='ltr'><strong>nec</strong></span> <span class='ocrx_word' id='word_1_573' title='bbox 3497 3775 3567 3829; x_wconf 91' lang='lat' dir='ltr'><strong>ad</strong></span> 
     </span>
    </p>
   </div>
   <div class='ocr_carea' id='block_1_87' title="bbox 1971 3855 3568 3932">
    <p class='ocr_par' dir='ltr' id='par_1_87' title="bbox 1971 3855 3568 3932">
     <span class='ocr_line' id='line_1_87' title="bbox 1971 3855 3568 3932; baseline 0.009 -27"><span class='ocrx_word' id='word_1_574' title='bbox 1971 3855 2437 3920; x_wconf 88' lang='lat' dir='ltr'><strong>compunctionem</strong></span> <span class='ocrx_word' id='word_1_575' title='bbox 2484 3857 2711 3911; x_wconf 80' lang='lat' dir='ltr'><strong>excitari</strong></span> <span class='ocrx_word' id='word_1_576' title='bbox 2760 3868 2938 3926; x_wconf 88' lang='lat' dir='ltr'><strong>potest</strong></span> <span class='ocrx_word' id='word_1_577' title='bbox 2988 3860 3057 3912; x_wconf 89' lang='lat' dir='ltr'><strong>ab</strong></span> <span class='ocrx_word' id='word_1_578' title='bbox 3103 3876 3190 3926; x_wconf 87' lang='lat' dir='ltr'><strong>eo,</strong></span> <span class='ocrx_word' id='word_1_579' title='bbox 3215 3861 3371 3929; x_wconf 86' lang='lat' dir='ltr'><strong>cujus</strong></span> <span class='ocrx_word' id='word_1_580' title='bbox 3412 3864 3568 3932; x_wconf 77' lang='lat' dir='ltr'><strong>pravi</strong></span> 
     </span>
    </p>
   </div>
   <div class='ocr_carea' id='block_1_88' title="bbox 1968 3942 3565 4017">
    <p class='ocr_par' dir='ltr' id='par_1_88' title="bbox 1968 3942 3565 4017">
     <span class='ocr_line' id='line_1_88' title="bbox 1968 3942 3565 4017; baseline 0.011 -26"><span class='ocrx_word' id='word_1_581' title='bbox 1968 3942 2197 4010; x_wconf 80' lang='lat' dir='ltr'><strong>exempli</strong></span> <span class='ocrx_word' id='word_1_582' title='bbox 2248 3945 2454 4011; x_wconf 87' lang='lat' dir='ltr'><strong>species</strong></span> <span class='ocrx_word' id='word_1_583' title='bbox 2484 3955 2612 4001; x_wconf 86' lang='lat' dir='ltr'><strong>ante</strong></span> <span class='ocrx_word' id='word_1_584' title='bbox 2660 3947 2845 4003; x_wconf 88' lang='lat' dir='ltr'><strong>oculos</strong></span> <span class='ocrx_word' id='word_1_585' title='bbox 2899 3957 3165 4004; x_wconf 84' lang='lat' dir='ltr'><strong>versatur.</strong></span> <span class='ocrx_word' id='word_1_586' title='bbox 3218 3950 3349 4017; x_wconf 66' lang='lat' dir='ltr'><strong>Quae</strong></span> <span class='ocrx_word' id='word_1_587' title='bbox 3380 3954 3565 4011; x_wconf 84' lang='lat' dir='ltr'><strong>omnia</strong></span> 
     </span>
    </p>
   </div>
   <div class='ocr_carea' id='block_1_89' title="bbox 1970 4035 3561 4105">
    <p class='ocr_par' dir='ltr' id='par_1_89' title="bbox 1970 4035 3561 4105">
     <span class='ocr_line' id='line_1_89' title="bbox 1970 4035 3561 4105; baseline 0.009 -23"><span class='ocrx_word' id='word_1_588' title='bbox 1970 4041 2158 4084; x_wconf 89' lang='lat' dir='ltr'><strong>auctor</strong></span> <span class='ocrx_word' id='word_1_589' title='bbox 2177 4035 2458 4102; x_wconf 80' lang='lat' dir='ltr'><strong>expendit,</strong></span> <span class='ocrx_word' id='word_1_590' title='bbox 2488 4044 2548 4089; x_wconf 92' lang='lat' dir='ltr'><strong>ut</strong></span> <span class='ocrx_word' id='word_1_591' title='bbox 2578 4036 2635 4091; x_wconf 89' lang='lat' dir='ltr'><strong>in</strong></span> <span class='ocrx_word' id='word_1_592' title='bbox 2684 4046 2834 4092; x_wconf 80' lang='lat' dir='ltr'><strong>textu</strong></span> <span class='ocrx_word' id='word_1_593' title='bbox 2863 4038 3051 4093; x_wconf 90' lang='lat' dir='ltr'><strong>videre</strong></span> <span class='ocrx_word' id='word_1_594' title='bbox 3096 4048 3215 4105; x_wconf 85' lang='lat' dir='ltr'><strong>est;</strong></span> <span class='ocrx_word' id='word_1_595' title='bbox 3260 4042 3353 4096; x_wconf 90' lang='lat' dir='ltr'><strong>ubi</strong></span> <span class='ocrx_word' id='word_1_596' title='bbox 3396 4043 3561 4097; x_wconf 89' lang='lat' dir='ltr'><strong>etiam</strong></span> 
     </span>
    </p>
   </div>
   <div class='ocr_carea' id='block_1_90' title="bbox 1968 4121 3563 4197">
    <p class='ocr_par' dir='ltr' id='par_1_90' title="bbox 1968 4121 3563 4197">
     <span class='ocr_line' id='line_1_90' title="bbox 1968 4121 3563 4197; baseline 0.009 -23"><span class='ocrx_word' id='word_1_597' title='bbox 1968 4121 2075 4175; x_wconf 90' lang='lat' dir='ltr'><strong>ait:</strong></span> <span class='ocrx_word' id='word_1_598' title='bbox 2108 4122 2512 4181; x_wconf 88' lang='lat' dir='ltr'><strong>Confessionem</strong></span> <span class='ocrx_word' id='word_1_599' title='bbox 2543 4126 2741 4183; x_wconf 85' lang='lat' dir='ltr'><strong>factam</strong></span> <span class='ocrx_word' id='word_1_600' title='bbox 2764 4129 3014 4197; x_wconf 90' lang='lat' dir='ltr'><strong>complici</strong></span> <span class='ocrx_word' id='word_1_601' title='bbox 3039 4132 3331 4195; x_wconf 88' lang='lat' dir='ltr'><strong>sacerdoti,</strong></span> <span class='ocrx_word' id='word_1_602' title='bbox 3362 4149 3467 4187; x_wconf 87' lang='lat' dir='ltr'><strong>non</strong></span> <span class='ocrx_word' id='word_1_603' title='bbox 3499 4150 3563 4189; x_wconf 89' lang='lat' dir='ltr'><strong>ea</strong></span> 
     </span>
    </p>
   </div>
   <div class='ocr_carea' id='block_1_91' title="bbox 1968 4214 3556 4289">
    <p class='ocr_par' dir='ltr' id='par_1_91' title="bbox 1968 4214 3556 4289">
     <span class='ocr_line' id='line_1_91' title="bbox 1968 4214 3556 4289; baseline 0.008 -24"><span class='ocrx_word' id='word_1_604' title='bbox 1968 4214 2257 4269; x_wconf 86' lang='lat' dir='ltr'><strong>severitate</strong></span> <span class='ocrx_word' id='word_1_605' title='bbox 2280 4214 2396 4270; x_wconf 84' lang='lat' dir='ltr'><strong>ﬁeri</strong></span> <span class='ocrx_word' id='word_1_606' title='bbox 2422 4216 2489 4270; x_wconf 89' lang='lat' dir='ltr'><strong>ob</strong></span> <span class='ocrx_word' id='word_1_607' title='bbox 2518 4216 2734 4273; x_wconf 81' lang='lat' dir='ltr'><strong>facilem</strong></span> <span class='ocrx_word' id='word_1_608' title='bbox 2764 4219 3143 4289; x_wconf 69' lang='lat' dir='ltr'><strong>paenitentiam</strong></span> <span class='ocrx_word' id='word_1_609' title='bbox 3172 4221 3556 4278; x_wconf 88' lang='lat' dir='ltr'><strong>condonantis.</strong></span> 
     </span>
    </p>
   </div>
   <div class='ocr_carea' id='block_1_92' title="bbox 1967 4300 3556 4368">
    <p class='ocr_par' dir='ltr' id='par_1_92' title="bbox 1967 4300 3556 4368">
     <span class='ocr_line' id='line_1_92' title="bbox 1967 4300 3556 4368; baseline 0.01 -16"><span class='ocrx_word' id='word_1_610' title='bbox 1967 4300 2146 4367; x_wconf 87' lang='lat' dir='ltr'><strong>Quare</strong></span> <span class='ocrx_word' id='word_1_611' title='bbox 2167 4318 2355 4359; x_wconf 90' lang='lat' dir='ltr'><strong>omnes</strong></span> <span class='ocrx_word' id='word_1_612' title='bbox 2382 4304 2693 4362; x_wconf 66' lang='lat' dir='ltr'><strong>Summistte</strong></span> <span class='ocrx_word' id='word_1_613' title='bbox 2723 4308 2852 4363; x_wconf 89' lang='lat' dir='ltr'><strong>licet</strong></span> <span class='ocrx_word' id='word_1_614' title='bbox 2880 4309 3274 4365; x_wconf 87' lang='lat' dir='ltr'><strong>confessionem</strong></span> <span class='ocrx_word' id='word_1_615' title='bbox 3300 4312 3443 4366; x_wconf 84' lang='lat' dir='ltr'><strong>illam</strong></span> <span class='ocrx_word' id='word_1_616' title='bbox 3466 4329 3556 4368; x_wconf 86' lang='lat' dir='ltr'><strong>va-</strong></span> 
     </span>
    </p>
   </div>
   <div class='ocr_carea' id='block_1_93' title="bbox 1967 4389 3558 4466">
    <p class='ocr_par' dir='ltr' id='par_1_93' title="bbox 1967 4389 3558 4466">
     <span class='ocr_line' id='line_1_93' title="bbox 1967 4389 3558 4466; baseline 0.01 -25"><span class='ocrx_word' id='word_1_617' title='bbox 1967 4389 2128 4442; x_wconf 89' lang='lat' dir='ltr'><strong>lidam</strong></span> <span class='ocrx_word' id='word_1_618' title='bbox 2167 4406 2285 4447; x_wconf 87' lang='lat' dir='ltr'><strong>esse</strong></span> <span class='ocrx_word' id='word_1_619' title='bbox 2308 4400 2545 4459; x_wconf 89' lang='lat' dir='ltr'><strong>teneant,</strong></span> <span class='ocrx_word' id='word_1_620' title='bbox 2576 4412 2682 4450; x_wconf 88' lang='lat' dir='ltr'><strong>non</strong></span> <span class='ocrx_word' id='word_1_621' title='bbox 2714 4406 2895 4452; x_wconf 89' lang='lat' dir='ltr'><strong>tamen</strong></span> <span class='ocrx_word' id='word_1_622' title='bbox 2919 4397 3161 4465; x_wconf 85' lang='lat' dir='ltr'><strong>laudant,</strong></span> <span class='ocrx_word' id='word_1_623' title='bbox 3210 4400 3254 4454; x_wconf 92' lang='lat' dir='ltr'><strong>si</strong></span> <span class='ocrx_word' id='word_1_624' title='bbox 3304 4400 3421 4466; x_wconf 76' lang='lat' dir='ltr'><strong>ﬁat;</strong></span> <span class='ocrx_word' id='word_1_625' title='bbox 3453 4402 3558 4457; x_wconf 88' lang='lat' dir='ltr'><strong>nisi</strong></span> 
     </span>
    </p>
   </div>
   <div class='ocr_carea' id='block_1_94' title="bbox 1967 4483 3554 4549">
    <p class='ocr_par' dir='ltr' id='par_1_94' title="bbox 1967 4483 3554 4549">
     <span class='ocr_line' id='line_1_94' title="bbox 1967 4483 3554 4549; baseline 0.008 -13"><span class='ocrx_word' id='word_1_626' title='bbox 1967 4483 2017 4537; x_wconf 92' lang='lat' dir='ltr'><strong>in</strong></span> <span class='ocrx_word' id='word_1_627' title='bbox 2050 4498 2179 4539; x_wconf 91' lang='lat' dir='ltr'><strong>casu</strong></span> <span class='ocrx_word' id='word_1_628' title='bbox 2225 4495 2482 4542; x_wconf 65' lang='lat' dir='ltr'><strong>extrema:</strong></span> <span class='ocrx_word' id='word_1_629' title='bbox 2538 4490 2900 4546; x_wconf 88' lang='lat' dir='ltr'><strong>necessitatis.</strong></span> <span class='ocrx_word' id='word_1_630' title='bbox 2949 4489 3041 4545; x_wconf 88' lang='lat' dir='ltr'><strong>Sic</strong></span> <span class='ocrx_word' id='word_1_631' title='bbox 3071 4491 3467 4549; x_wconf 83' lang='lat' dir='ltr'><strong>censentGlos.</strong></span> <span class='ocrx_word' id='word_1_632' title='bbox 3502 4495 3554 4548; x_wconf 90' lang='lat' dir='ltr'><strong>in</strong></span> 
     </span>
    </p>
   </div>
   <div class='ocr_carea' id='block_1_95' title="bbox 1962 4576 3555 4652">
    <p class='ocr_par' dir='ltr' id='par_1_95' title="bbox 1962 4576 3555 4652">
     <span class='ocr_line' id='line_1_95' title="bbox 1962 4576 3555 4652; baseline 0.008 -25"><span class='ocrx_word' id='word_1_633' title='bbox 1962 4590 2082 4645; x_wconf 89' lang='lat' dir='ltr'><strong>cap.</strong></span> <span class='ocrx_word' id='word_1_634' title='bbox 2110 4576 2324 4643; x_wconf 85' lang='lat' dir='ltr'><strong>Omnes,</strong></span> <span class='ocrx_word' id='word_1_635' title='bbox 2348 4578 2438 4643; x_wconf 78' lang='lat'><strong>50,</strong></span> <span class='ocrx_word' id='word_1_636' title='bbox 2462 4590 2653 4647; x_wconf 68' lang='lat' dir='ltr'><strong>qumst.</strong></span> <span class='ocrx_word' id='word_1_637' title='bbox 2678 4580 2738 4648; x_wconf 68' lang='lat'><strong>1;</strong></span> <span class='ocrx_word' id='word_1_638' title='bbox 2772 4581 3047 4652; x_wconf 83' lang='lat' dir='ltr'><strong>Sylvesler</strong></span> <span class='ocrx_word' id='word_1_639' title='bbox 3073 4584 3238 4638; x_wconf 90' lang='lat' dir='ltr'><strong>verbo</strong></span> <span class='ocrx_word' id='word_1_640' title='bbox 3258 4584 3555 4652; x_wconf 74' lang='lat' dir='ltr'><strong>Conlessio,</strong></span> 
     </span>
    </p>
   </div>
   <div class='ocr_carea' id='block_1_96' title="bbox 1966 4665 2543 4737">
    <p class='ocr_par' dir='ltr' id='par_1_96' title="bbox 1966 4665 2543 4737">
     <span class='ocr_line' id='line_1_96' title="bbox 1966 4665 2543 4737; baseline 0.007 -17"><span class='ocrx_word' id='word_1_641' title='bbox 1966 4665 2019 4732; x_wconf 78' lang='grc'><strong>1,</strong></span> <span class='ocrx_word' id='word_1_642' title='bbox 2050 4682 2105 4721; x_wconf 93' lang='lat' dir='ltr'><strong>n.</strong></span> <span class='ocrx_word' id='word_1_643' title='bbox 2132 4667 2219 4733; x_wconf 82' lang='grc'><strong>17,</strong></span> <span class='ocrx_word' id='word_1_644' title='bbox 2247 4677 2410 4737; x_wconf 87' lang='lat' dir='ltr'><strong>atque</strong></span> <span class='ocrx_word' id='word_1_645' title='bbox 2430 4668 2543 4724; x_wconf 89' lang='lat' dir='ltr'><strong>alii.</strong></span> 
     </span>
    </p>
   </div>
   <div class='ocr_carea' id='block_1_97' title="bbox 2286 4757 3197 4819">
    <p class='ocr_par' dir='ltr' id='par_1_97' title="bbox 2286 4757 3197 4819">
     <span class='ocr_line' id='line_1_97' title="bbox 2286 4757 3197 4819; baseline 0.005 -6"><span class='ocrx_word' id='word_1_646' title='bbox 2286 4757 2368 4813; x_wconf 86' lang='lat' dir='ltr'><strong>Sit</strong></span> <span class='ocrx_word' id='word_1_647' title='bbox 2400 4775 2585 4815; x_wconf 86' lang='lat' dir='ltr'><strong>nomen</strong></span> <span class='ocrx_word' id='word_1_648' title='bbox 2615 4760 2826 4817; x_wconf 84' lang='lat' dir='ltr'><strong>Donum</strong></span> <span class='ocrx_word' id='word_1_649' title='bbox 2850 4764 3197 4819; x_wconf 72' lang='lat' dir='ltr'><strong>benedictum.</strong></span> 
     </span>
    </p>
   </div>
  </div>
