5392 6588
1860 546 1950 600 iiii

2316 547 2372 604 S.
2403 548 2605 604 PETRI
2645 547 2924 604 υΑΜιΑΝι
2961 549 3112 607 OPP.
3137 548 3371 606 TOMUS
3410 547 3541 606 SEU
3577 547 3755 605 PARS
3788 546 3873 604 Ill.
3902 577 3973 590 -
3999 542 4365 604 OPUSCULA
4405 541 4633 600 VARIA.

4993 540 5090 598 £9!

4658 718 5019 736 ﬂ

2437 854 2791 925 ""8"
2861 874 3713 993 OPUSCULUM
3798 853 4531 992 OCTAVUM.

2041 1098 2144 1160 DE
2185 1097 2681 1161 PARENTEL/E
2721 1095 3136 1159 GRADIBUS.
3183 1095 3292 1155 AD
3334 1095 3406 1155 Ι(
3431 1093 3702 1154 ANNEM
3744 1093 4182 1154 EPISCOPUM
4224 1091 4892 1167 CESENATENSEM,

2636 1198 2732 1256 ΕΤ
2775 1196 2848 1254 D.
2892 1194 2968 1253 D.
3016 1189 3681 1254 ARCHIDIACONUM
3723 1191 4298 1254 RAVENNATEM.

2253 1352 2489 1414 Addita
2526 1351 2788 1434 ejusdem
2831 1351 3182 1430 argumenti
3223 1349 3775 1413 dissertatiuncula
3815 1350 3971 1412 alibi
4010 1352 4084 1414 ab
4130 1362 4386 1415 auctore
4425 1353 4658 1416 habita.

1836 1665 2234 1723 Anconsn'rmt.
2293 1694 2363 1704 —
2409 1662 2607 1722 Contra
2635 1664 2771 1732 juris
2822 1666 2994 1721 civilis
3019 1665 3293 1722 consultos
3321 1664 3608 1725 invehitur,
3642 1664 3731 1731 qui
3754 1663 3953 1733 gradus
3975 1663 4455 1733 consanguinitatis
4481 1679 4546 1718 ex
4573 1662 4741 1719 latere
4760 1664 5085 1723 descenden-

1907 1743 2039 1803 ttum
2067 1735 2378 1803 longissime
2395 1736 2815 1788 enumerabant:
2850 1748 2986 1803 quos
3011 1747 3184 1790 tamen
3214 1735 3494 1791 canonica.
3526 1742 3581 1786 et
3611 1734 3790 1786 divina
3822 1733 3904 1786 lex
3942 1733 3991 1785 in
4038 1744 4229 1800 quarta
4253 1734 4601 1803 generatione
4623 1735 4924 1788 constituit.
4967 1735 5082 1790 Hac

1907 1802 1983 1857 illi
2010 1819 2171 1872 prava
2195 1804 2447 1871 opinione
2470 1804 2679 1863 imbuti,
2703 1819 2807 1858 non
2839 1802 3153 1857 dubitabant
3183 1818 3449 1872 asserere.
3476 1803 3617 1872 inter
3647 1812 3969 1872 pronepotes
4000 1802 4400 1855 matrimonium
4421 1805 4647 1857 invicem
4666 1804 4808 1857 licite
4829 1805 5078 1858 contrahi

1908 1871 2087 1942 posse.
2119 1874 2171 1927 ld
2194 1888 2354 1940 quam
2383 1873 2453 1925 sit
2475 1871 2787 1942 absumtum.
2810 1887 3087 1940 quamque
3105 1873 3384 1942 catholicas
3399 1871 3652 1925 Ecclesia:
3684 1871 4327 1934 traditionicontrarium,
4355 1873 4530 1926 multis
4558 1874 4766 1940 probat,
4795 1882 4848 1927 et
4897 1874 5085 1926 adven-

1908 1939 2118 1997 iarioru
2128 1958 2174 1995 nt
2192 1939 2510 1996 sententiam
2524 1939 2763 2010 pluribus
2786 1942 3081 1997 ratEOnibns
3098 1941 3356 1995 confutat.

1904 2093 2386 2149 Reveren‘dissimls
2416 2095 2469 2147 in
2498 2093 2715 2150 Christo
2732 2096 2882 2156 viris,
2911 2095 3098 2151 lorum
3143 2096 3407 2152 Czesenati
3436 2097 3481 2158 Α
3512 2097 3669 2161 vina,
3695 2105 3749 2151 et
3782 2096 3961 2151 sazculi
3994 2094 4141 2166 leges
4167 2097 4597 2167 consanguineos
4622 2097 4910 2166 appellant,
4948 2108 5006 2154 et
5026 2099 5081 2155 in

1829 2185 2105 2254 episcOpo,
2131 2192 2186 2237 et
2207 2183 2266 2235 D.
2308 2183 2370 2235 D.
2401 2186 2781 2238 archidiacono
2810 2185 3130 2248 Ravennati,
3188 2187 3403 2241 Psrnus

1832 2283 2083 2342 peccator
2104 2274 2395 2329 monachus
2419 2274 2561 2343 digni
2585 2274 2872 2331 famulatus
2899 2276 3239 2345 obsequium.

1903 2385 2230 2444 Ravennam,
2262 2392 2319 2435 ut
2359 2384 2552 2445 nostis,
2584 2399 2754 2452 nuper
2778 2385 2907 2446 adii,
2936 2400 3095 2454 quam
3143 2401 3267 2439 mox
3310 2400 3403 2455 pe-

1831 2472 2047 2526 riculosi
2070 2472 2268 2525 erroris
2305 2471 2556 2539 scrupulo
2591 2473 2855 2526 turbatam
2882 2474 3133 2528 vacillare
3153 2475 3396 2544 cognovi.

1831 2562 1957 2614 Erat
1980 2570 2156 2614 autem
2182 2561 2247 2614 de
2275 2561 2757 2630 consanguinitatis
2785 2564 3037 2632 gradibus
3066 2566 3294 2634 plurima
3322 2567 3398 2620 di-

1829 2649 2121 2716 sreptatio;
2154 2649 2439 2717 atqnejam
2472 2664 2558 2702 res
2606 2664 2671 2703 eo
2719 2666 2885 2718 usque
2934 2664 3294 2718 processerat,
3343 2663 3401 2709 ut

1831 2741 2102 2807 sapientes
2132 2740 2365 2793 civitatis
2394 2742 2444 2793 in
2476 2758 2640 2795 unum
2667 2744 3071 2809 convenientes,
3122 2747 3402 2801 sciscitan-

1829 2830 1974 2883 tibus
2004 2829 2435 2883 FlorentinOrum
2466 2832 2776 2897 veredariis,
2804 2836 2853 2885 in
2880 2850 3161 2889 commune
3200 2839 3396 2891 rescri-

1827 2919 2049 2983 pserint,
2081 2920 2361 2986 septimam
2382 2922 2780 2987 generationem
2804 2925 3061 2978 canonica
3079 2929 3401 2985 auctoritate

1827 3007 2097 3073 praztixam
2149 3009 2216 3059 ita
2257 3010 2717 3079 debereintelligi,
2774 3022 2832 3066 ut
2861 3017 3157 3070 numeratis
3201 3033 3263 3070 ex
3292 3035 3397 3073 uno

1826 3096 2038 3164 generis
2070 3097 2234 3149 latere
2260 3109 2487 3165 quatuor
2532 3101 2798 3166 gradibus,
2846 3111 3008 3170 atquc
3068 3120 3131 3158 ex
3163 3107 3264 3158 alio
3299 3111 3395 3162 tri-

1822 3189 1837 3235 J
1863 3183 2081 3247 tmjure
2104 3184 2209 3250 jam
2238 3187 2635 3239 matrimonium
2664 3204 2820 3255 posse
2842 3193 3081 3244 contrahi
3103 3195 3391 3250 videretur.

1821 3275 1903 3328 Ad
1927 3279 2265 3329 astruendam
2294 3293 2502 3345 quoque
2526 3290 2863 3348 prmposterte
2885 3283 3041 3351 hujus
3065 3284 3395 3354 allegationis

1823 3366 2102 3433 ineptiam,
2155 3368 2277 3420 illud
2312 3371 2472 3422 etiam
2530 3371 2581 3423 in
2637 3373 2999 3425 testimonium
3039 3375 3387 3442 deducebant,

1822 3455 1962 3521 quod
1983 3453 2317 3508 Justiniauus
2346 3458 2457 3510 suis
2481 3459 2754 3513 interserit
2785 3461 3049 3517 lnstitutis
3077 3465 3197 3534 (lib.
3233 3483 3268 3527 ι,
3307 3470 3390 3522 tit.

1818 3543 1897 3596 De
1927 3543 2115 3611 Nujt.,
2147 3562 2356 3612 paragr.
2387 3546 2531 3600 Inter
2555 3550 2673 3616 eos)
2705 3568 2715 3602 :
2747 3570 2762 3600 ι
2797 3551 2899 3605 Sed
2931 3570 3025 3607 nec
3058 3568 3290 3622 neptem,
3317 3560 3399 3611 in-

1819 3631 1958 3698 quit,
1980 3632 2178 3694 fratris,
2211 3634 2289 3684 vel
2321 3637 2520 3688 sororis
2547 3638 2738 3688 ducere.
2777 3640 2895 3707 quis
2922 3651 3117 3707 potest,
3150 3645 3394 3709 quamvis

1821 3722 1874 3774 in
1899 3732 2089 3789 quarto
2121 3728 2283 3789 gradu
2318 3728 2404 3777 sit.
2448 3747 2463 3775 ι
2495 3727 2566 3778 Ε(
2595 3731 2786 3795 quibus
2819 3732 3067 3784 nimirum
3094 3735 3267 3785 verbis
3309 3735 3388 3786 itt-

1821 3813 2065 3866 tinctoria
2096 3815 2337 3879 quredam
2389 3816 2706 3884 colligebant
2759 3832 3070 3887 argumenta
3117 3825 3386 3874 (iit‘t‘ltlt‘S:

1824 3920 1842 3952 ι
1879 3902 1934 3954 b’i
1965 3903 2139 3971 neptis
2164 3903 2343 3956 fratris
2379 3907 2478 3957 mei
2503 3916 2696 3973 quarto
2719 3907 2828 3974 jam
2855 3924 2880 3959 a
2915 3925 2999 3963 me
3030 3912 3195 3977 gradu
3249 3913 3387 3963 divi-

1820 3989 1985 4051 ditur,
2016 4006 2404 4058 consequenter
2435 3995 2596 4046 etiam
2632 3996 2769 4047 lilius
2794 4011 2942 4049 meus
2986 3999 3193 4064 quinto,
3229 4016 3391 4067 nepos

1820 4081 1947 4134 item
1975 4092 2141 4142 sexto,
2170 4099 2434 4151 pronepos
2465 4095 2641 4140 autem
2672 4103 2819 4140 mens
2847 4099 3048 4155 septem
3077 4091 3144 4142 ab
3167 4106 3225 4143 ea
3267 4109 3389 4161 pro—

1818 4169 1901 4222 cul
1935 4170 2209 4239 elongatus
2239 4174 2488 4233 gradibus
2519 4176 2803 4228 invenitur.
2838 4197 2853 4227 ι
2905 4179 2969 4230 Et
3023 4181 3237 4246 quidem
3290 4198 3387 4251 ego

1819 4261 1975 4312 nudis
2003 4264 2176 4312 verbis
2211 4266 2308 4315 ista
2373 4264 2856 4332 dogmatizaulilnts
2909 4270 3098 4327 restiti.
3127 4287 3187 4323 ac
3235 4286 3389 4338 prout

1817 4349 1870 4401 in
1906 4352 2240 4418 expeditione
2272 4354 2510 4415 licuerat,
2540 4370 2919 4423 emergentem,
2955 4371 3014 4412 ut
3072 4362 3140 4412 ita
3197 4362 3385 4427 fatear,

1816 4440 2062 4495 ittcresitn
2091 4445 2360 4501 canenica‘.
2413 4448 2734 4501 testimoniis
2785 4453 3117 4504 auctoritatis
3171 4456 3383 4507 attrivi:

1814 4546 1921 4597 quo
1956 4541 2130 4584 tamen
2164 4549 2256 4586 vos
2282 4536 2497 4589 minime
2522 4539 2779 4601 contenti,
2817 4542 3031 4608 dignum
3062 4559 3178 4596 esse.
3204 4545 3387 4598 decre-

1819 4621 1989 4683 vistis,
2025 4633 2082 4675 ut
2110 4626 2250 4691 quod
2280 4641 2371 4677 ore
2398 4628 2745 4693 protulerant,
2797 4632 3041 4699 apicibus
3083 4635 3381 4698 traderem;

1815 4720 1972 4780 atque
2002 4714 2073 4766 ita
2117 4729 2219 4766 non
2250 4718 2452 4782 paucis,
2501 4720 2590 4771 sed
2624 4722 2870 4774 omnibus
2922 4722 3025 4774 hoc
3074 4739 3257 4779 errore
3288 4743 3382 4778 nu-
3416 4758 3449 4782 ρ

1889 4763 1900 4780 ,
2048 4763 2072 4766 μ
2118 4763 2145 4765 η
2191 4763 2219 4766 --
2501 4763 2590 4771 νη.
2925 4763 3025 4774 ..ην
3076 4763 3257 4779 “me

1812 4800 2069 4863 tantibus,
2100 4804 2238 4856 facili
2275 4808 2589 4874 compendio
2614 4812 3011 4878 responderent.
3414 4763 3426 4809 ί

2334 4937 2559 4992 CAPUT
2596 4938 2878 4994 PRIMUM.

1814 5019 1967 5084 Quod
1989 5020 2121 5073 inter
2150 5040 2275 5091 quos
2306 5037 2377 5077 est
2408 5027 2489 5079 lea:
2502 5024 3213 5098 limrertitariri'successionis,
3235 5038 3376 5091 nulla

2332 5107 2445 5147 sunt
2467 5099 2590 5164 jura
2615 5101 2866 5168 conjugii.

1882 5219 1990 5287 Ego
2023 5230 2199 5274 autem
2233 5225 2402 5287 vobis,
2447 5237 2503 5277 nt
2556 5230 2606 5280 in
2646 5232 2917 5295 omnibus,
2967 5237 3127 5286 etiam
3181 5237 3231 5289 in
3275 5237 3373 5289 hac

1808 5317 1961 5375 parte
1988 5307 2213 5361 libenter
2237 5314 2576 5381 obtempero;
2602 5319 2694 5369 sed
2743 5322 2866 5371 huic.
2909 5322 3250 5391 disputationi
3301 5327 3371 5377 nil

1807 5409 2028 5464 prorsus
2051 5398 2401 5461 adjiriemlnm
2437 5404 2604 5465 video,
2665 5407 2762 5460 nisi
2806 5414 2944 5477 quod
2997 5428 3024 5464 a
3082 5415 3371 5479 majOribus

1813 5485 2061 5538 traditum
2091 5503 2208 5540 esse
2242 5494 2525 5558 perpendo.
2553 5496 2589 5547 Α
2640 5499 2831 5564 quibus
2860 5503 3111 5555 nimirum
3164 5507 3235 5558 ita
3287 5516 3370 5559 est

1810 5575 2043 5642 undique
2075 5580 2426 5646 satisfactum,
2458 5593 2508 5636 nt
2541 5587 2583 5639 si
2613 5588 2924 5644 humilitatis
2971 5595 3110 5647 adsit
3157 5596 3360 5656 oculus.

1811 5662 1940 5716 nihil
1970 5671 2256 5732 superbae
2309 5687 2362 5724 re
2393 5673 2462 5725 sit
2511 5675 2733 5731 ttlterius
2789 5679 3178 5746 inquirendum.
3227 5685 3363 5750 Quid

1811 5750 1950 5803 enim
1980 5756 2216 5822 apertius
2247 5772 2327 5817 eo,
2385 5761 2523 5826 quod
2550 5778 2683 5830 papa
2729 5763 2969 5822 Calixtns
3001 5773 3251 5834 asseruit,
3289 5773 3368 5825 di-

1813 5855 1972 5897 cens:
2006 5863 2021 5892 ι
2053 5845 2154 5897 Eos
2183 5858 2359 5903 autem
2393 5855 2817 5924 mnsanguineos
2847 5860 3095 5927 dicimus,
3123 5878 3254 5931 quos
3288 5862 3370 5915 di-

3505 2184 3875 2239 hereditatem
3900 2186 4220 2252 suscipiunt,
4280 2200 4381 2238 nec
4423 2186 4603 2252 repelli
4635 2194 4874 2252 possunt.
4928 2203 4946 2236 ι
4997 2187 5083 2241 In-

3505 2281 3846 2341 lerrogentur
3879 2273 4045 2341 igitur
4065 2273 4153 2341 qui
4185 2272 4236 2325 in
4270 2271 4629 2326 tribunalibus
4671 2272 4936 2339 jndieant,
4985 2277 5078 2345 qui

3500 2379 3788 2420 causarum
3836 2366 4046 2435 negotia
4094 2367 4371 2430 dirimunt,
4423 2367 4513 2436 qui
4553 2367 4858 2422 scrutandis
4902 2368 5077 2439 legum

3501 2456 4030 2519 decretisinsistunt,
4056 2457 4296 2524 nunquid
4329 2457 4372 2510 si
4416 2458 4824 2527 propinquiores
4870 2458 5073 2522 desint,

3500 2565 3672 2619 usque
3697 2550 3763 2603 ad
3795 2549 4078 2618 septimum
4107 2550 4328 2619 gradum
4355 2550 4532 2619 agnati
4557 2550 4669 2604 sive
4699 2550 4750 2604 in
4789 2550 5073 2604 haeredita-

3502 2648 3631 2702 tem,
3659 2639 3769 2693 sive
3804 2639 3854 2692 in
3894 2639 4110 2692 tutelam
4145 2654 4249 2692 non
4275 2640 4674 2693 admittuntur?
4706 2640 4758 2693 in
4807 2641 4959 2710 cujus
4985 2655 5079 2694 au-

3503 2734 3606 2782 tem
3638 2728 4002 2782 hzereditatem
4029 2744 4091 2782 ex
4118 2727 4237 2795 jure
4254 2731 4732 2797 consanguinitatis
4752 2731 5071 2790 admitteris.

3499 2834 3604 2886 quo
3627 2828 3784 2887 pacto
3810 2820 3954 2873 velut
3977 2830 4267 2874 extraneus
4298 2820 4412 2887 ejus
4445 2822 4749 2891 coniugium
4794 2823 5075 2876 sortiaris?

3500 2907 3569 2962 Ut
3608 2910 3735 2978 quid
3769 2909 3930 2961 etiam
3982 2918 4087 2962 tam
4135 2926 4360 2978 operosa
4407 2912 4545 2965 inter
4593 2927 4776 2966 sacros
4838 2927 5072 2966 canones

3501 2996 3667 3065 figura
3700 2998 4022 3066 depingitur,
4052 3009 4105 3050 ut
4140 3015 4241 3051 non
4272 3000 4429 3053 modo
4478 3013 4635 3068 supra
4661 3001 4744 3054 vel
4783 3000 4941 3063 infra.
4973 3000 5069 3055 sed

3497 3104 3563 3141 ex
3594 3098 3821 3157 utroque
3856 3090 4019 3143 etiam
4049 3089 4234 3150 latere,
4264 3105 4352 3142 sex
4380 3092 4637 3158 gradibus
4662 3092 4994 3153 terminetur,
5021 3091 5066 3144 si

3497 3177 3722 3245 septima
3745 3180 4041 3247 generatio,
4069 3187 4123 3229 ut
4147 3188 4418 3240 asserunt,
4470 3180 4638 3232 tribus
4695 3180 4818 3232 hinc
4844 3194 5070 3232 enume—

3499 3265 3629 3318 ratis
3652 3266 3914 3333 personis,
3937 3276 4100 3334 atque
4124 3268 4265 3321 illinc
4292 3278 4522 3335 quatuor
4541 3269 4850 3338 expleatur?
4884 3269 5069 3338 Neque

3498 3357 3638 3409 enim
3661 3358 4027 3411 conditoribus
4059 3374 4322 3411 canonum
4356 3361 4651 3413 cavendum
4678 3360 4794 3422 fuit,
4821 3376 4884 3414 ne
4913 3361 5034 3412 trita
5057 3387 5070 3395 -

3497 3460 3591 3497 vus
3624 3446 3777 3509 avire,
3809 3461 3927 3515 qua:
3960 3448 4209 3500 nimirum
4241 3449 4339 3502 sibi
4374 3450 4618 3517 trineptis
4662 3459 4774 3513 est;
4806 3451 4889 3502 vel
4924 3449 5068 3503 filius

3498 3538 3733 3606 trinepti,
3778 3539 3861 3591 cui
3911 3547 3965 3590 et
4018 3539 4127 3606 ipse
4179 3539 4402 3592 tritavus
4452 3549 4555 3602 est,
4624 3541 4675 3593 in
4722 3541 5070 3595 matrimonio

3499 3627 3651 3695 181
3687 3625 4020 3696 jungerclnr.
4087 3629 4198 3696 ipsa
4232 3644 4464 3699 namque
4504 3646 4682 3683 rerum
4729 3639 4917 3683 natura
4958 3647 5066 3685 non

3495 3717 3712 3784 patitur,
3770 3728 3826 3770 ttt
3861 3733 4107 3787 suprema
4143 3734 4371 3787 persona
4417 3720 4648 3784 infirme,
4679 3721 4840 3774 etiam
4870 3722 4913 3775 si
4956 3735 5064 3774 non

3491 3816 3634 3858 es-et
3661 3808 3965 3870 inhibitum,
4001 3809 4300 3875 copuletur.

3564 3892 3666 3944 Sed
3695 3895 3833 3960 quod
3864 3897 4030 3947 sancti
4064 3898 4308 3948 doctores
4345 3896 4590 3950 humanze
4631 3897 5065 3966 consanguinita-

3495 3984 3560 4034 tis
3589 3982 3781 4036 lineam
3814 3994 3889 4036 tot
3915 3987 4165 4053 gradibus
4189 3997 4486 4045 numerant.
4524 3988 4587 4039 ad
4618 3989 4715 4041 hoc
4743 3988 5023 4041 enituntur
5046 4027 5062 4051 ,

3492 4087 3558 4123 ne
3604 4088 3845 4139 persona:
3877 4089 3937 4125 ex
3974 4075 4137 4127 Iniere
4183 4077 4457 4128 venientes
4500 4091 4664 4142 usque
4692 4076 4755 4128 ad
4785 4075 5060 4143 praefixum

3491 4162 3777 4213 terminum
3804 4176 3861 4214 se
3895 4162 4119 4214 invicem
4148 4161 4395 4227 jungaut,
4425 4163 4657 4232 alioquin
4695 4173 4970 4234 postquam
4993 4165 5062 4218 ad

3490 4250 3830 4317 abnepotem,
3859 4268 3976 4318 qttae
4009 4253 4252 4305 videlicet
4288 4254 4408 4305 hinc
4440 4262 4627 4320 quarta
4672 4268 4894 4320 persona
4920 4263 5002 4307 cst
5027 4269 5058 4307 a

3491 4342 3620 4403 filio,
3650 4353 3701 4396 et
3730 4355 4095 4413 pronepotem,
4121 4361 4239 4412 qua:
4267 4346 4407 4399 illine
4438 4348 4606 4405 tertia.
4635 4362 4697 4399 ex
4723 4346 4909 4399 ordine
4934 4362 5061 4415 per-

3488 4434 3725 4491 venitur,
3758 4450 3853 4485 cur
3905 4435 3966 4483 a:l
3999 4435 4393 4488 cnnmerandas
4441 4438 4615 4489 adhuc
4670 4436 4803 4489 alias
4856 4437 5057 4491 frustra

3486 4523 3784 4583 descendit,
3817 4524 3859 4575 si
3887 4525 4023 4576 nulla
4058 4540 4147 4577 eas
4170 4527 4568 4594 propinquitate
4609 4527 4747 4580 inter
4787 4542 4844 4580 se
4890 4527 5056 4580 alter-

3486 4622 3665 4665 utrum
3714 4613 3981 4681 pertinere
4031 4616 4328 4665 noverunt?
4389 4617 4553 4667 l‘orro
4592 4616 4720 4668 satis
4768 4631 5053 4670 onerosum

3485 4711 3665 4763 esset,
3732 4710 3892 4768 atque
3941 4701 4261 4770 superﬂuum
4316 4705 4366 4756 in
4424 4705 4744 4773 genealogiae
4799 4708 5053 4774 gradibus

3489 4789 3873 4850 describendis,
3925 4792 4039 4841 illas
4082 4793 4418 4847 extrinsecus
4465 4795 4721 4848 adbibere
4769 4810 5049 4863 personas.

3487 4896 3605 4949 qua:
3655 4881 3827 4933 nullas
3875 4882 4011 4933 inter
4039 4898 4092 4933 se
4136 4880 4406 4936 aﬂinilatis
4447 4885 4686 4937 obtinent
4720 4899 5054 4953 consequen-

3489 4972 3610 5024 tias.
3644 4970 3746 5023 Sed
3780 4987 3899 5024 cum
3935 4971 4216 5025 inferiores
4246 4974 4439 5042 gradus
4470 4977 4536 5027 ab
4557 4975 4743 5029 eodem
4774 4977 5052 5030 videamus

3482 5078 3633 5129 teque
3662 5063 4020 5124 denominari,
4054 5077 4083 5114 a
4132 5079 4238 5131 quo
4277 5073 4330 5115 et
4376 5067 4680 5134 superiores
4725 5066 5048 5120 relationum

3484 5168 3700 5205 suarum
3733 5151 3992 5205 vocabula
4024 5154 4338 5214 sortiuntur,
4370 5154 4622 5209 nimirum
4646 5165 4705 5209 ut
4736 5157 4888 5222 cujus
4922 5165 5052 5209 sunt.

3485 5241 3592 5301 isti,
3625 5240 3783 5302 filius,
3810 5254 3992 5308 nepos,
4038 5256 4320 5309 pronepos,
4358 5243 4614 5310 abnepos,
4663 5243 4799 5297 idem
4831 5259 5053 5314 quoque

3481 5330 3846 5390 nihilominus,
3876 5339 3931 5383 et
3960 5331 4030 5382 illi
4065 5333 4171 5383 sint
4199 5333 4450 5399 adnepos,
4478 5335 4732 5402 trinepos,
4757 5334 4894 5387 sicut
4921 5349 5048 5402 pos-

3476 5437 3658 5473 sumus
3695 5422 3903 5492 genitos
3955 5437 3981 5472 a
4039 5424 4378 5490 progenitore
4426 5425 4700 5487 dividere,
4756 5426 4833 5480 sic
4878 5426 5049 5481 etiam

3477 5510 3629 5561 nefas
3657 5510 3933 5572 ducimus,
3974 5510 4039 5562 ab
4070 5527 4175 5562 uno
4205 5512 4456 5577 utrinque
4499 5513 4879 5567 descendentes
4905 5528 5044 5568 con~

3474 5602 3681 5667 genitos
3721 5617 3994 5669 separare.
4024 5602 4179 5654 Verbi
4209 5602 4378 5670 gratia
4405 5643 4418 5665 ,
4450 5604 4587 5657 sicut
4619 5604 4856 5671 trinepos
4884 5619 4911 5656 a
4939 5620 5049 5667 pa—

3473 5701 3568 5746 tre,
3603 5691 3694 5758 qui
3723 5691 3821 5743 sibi
3864 5689 4110 5743 videlicet
4139 5691 4365 5745 tritavus
4388 5699 4492 5757 est,
4527 5692 4628 5746 dici
4652 5693 4836 5761 nequit
4857 5704 5051 5745 extra-

3472 5791 3636 5839 neus;
3669 5776 3749 5830 sic
3796 5778 3960 5828 etiam
4001 5792 4029 5828 a
4074 5776 4325 5846 trinepte,
4351 5793 4469 5846 quae
4508 5778 4575 5832 ab
4600 5779 4785 5834 eodem
4817 5779 4975 5833 simul
5008 5798 5053 5838 ο

3470 5868 3684 5938 regione
3705 5868 4003 5933 descendit,
4038 5883 4138 5922 non
4177 5869 4447 5924 invenitur
4472 5870 4693 5926 alienus.
