5392 6578
2031 187 2034 190 .
2061 177 2076 190 -.
2093 169 2106 176 “·
2199 167 2204 170 “
2294 158 2609 191 Mh-
2558 158 2561 159 ν
2590 154 2621 177 ην
2644 152 2669 177 ῖ-
2688 152 2807 193 ﬂii:
2846 162 2879 167 n
2898 148 2905 151 ν
2968 158 2977 179 Ῐ
3006 156 3017 157 ἡ
3058 156 3067 159 Γ
3104 152 3135 179 vi

2280 220 2285 221 ’
2302 202 2413 248 1‘:
2531 196 2596 234 _-
2622 204 2715 231 λειω-νο
2754 220 2763 223 -
2780 204 2785 205 ⁷
2830 218 2841 223 ντ
2888 216 2917 231 ,ν
2978 214 2987 215 ί

1689 268 1698 270 -
1745 261 1806 270 -σ-ιι-
1983 243 2050 270 -”
2101 241 2170 270 ηιξ*
2219 257 2276 270 εκ
2531 256 2624 280 -ντ
2916 221 3007 304 ﬂ,
3946 242 3959 251 "

381 678 476 739 ωδ

1000 787 1224 845 CAPUT
1260 788 1324 844 ll.

486 881 636 951 Quod
680 890 849 947 instar
895 880 1113 951 humani
1171 880 1399 951 corporis
1454 894 1545 931 ses:
1603 880 1849 947 gradibus

769 950 1195 1019 consauguinitas
1235 949 1558 1001 terminatur.

455 1064 545 1119 Sic
571 1063 715 1118 enim
746 1076 936 1117 omnes
963 1060 1017 1115 bi
1050 1059 1249 1129 gradus
1292 1060 1359 1113 ad
1386 1070 1622 1115 veterem
1650 1062 1957 1118 referuntur

378 1154 664 1226 originem,
712 1160 769 1205 ut
813 1151 1231 1205 commeantium
1280 1164 1460 1205 secum
1508 1166 1700 1205 novam
1730 1168 1832 1206 non
1862 1154 1954 1206 de-

380 1253 566 1298 serant
592 1240 926 1300 afﬁnitatem,
972 1240 1066 1295 sed
1113 1255 1179 1293 ne
1213 1241 1375 1293 resin
1404 1240 1669 1294 inﬁnitum
1707 1242 1953 1309 prodeat,

380 1343 695 1404 competens
744 1346 773 1386 a
830 1330 1033 1385 sanctis
1085 1330 1397 1384 doctoribus
1447 1340 1587 1383 meta
1638 1329 1953 1398 praeﬁgitur,

386 1426 591 1481 scilicet
639 1430 697 1476 ut
729 1434 1008 1492 quousque
1040 1430 1122 1474 est
1150 1419 1551 1474 successionum
1599 1420 1836 1487 reperire
1866 1435 1956 1474 vo-

386 1514 613 1576 cabula,
664 1514 821 1567 duret
853 1510 1018 1565 etiam
1066 1509 1414 1563 nihilominus
1462 1507 1752 1578 parentela.
1806 1506 1957 1562 Unde

387 1621 504 1661 mos
542 1602 798 1665 inolevit,
850 1609 910 1655 ut
954 1600 1055 1654 sub
1108 1600 1277 1669 ﬁgura
1324 1599 1541 1652 humani
1582 1599 1824 1666 corporis
1871 1597 1957 1651 illa

387 1691 871 1763 consanguinitatis
899 1690 1189 1757 descriptio
1242 1689 1573 1758 pingeretur.
1624 1686 1775 1741 Sicut
1813 1688 1958 1741 enim

388 1798 585 1852 corpus
611 1781 841 1836 hominis
868 1795 959 1835 sex
998 1778 1157 1843 infra,
1201 1779 1529 1845 totidemque
1560 1791 1739 1843 supra,
1779 1776 1871 1845 qui
1904 1783 1961 1830 et

390 1875 490 1945 ipsi
519 1875 771 1930 dicuntur
800 1886 867 1925 ex
893 1871 1081 1935 latere,
1110 1869 1354 1923 articulis
1390 1876 1603 1923 constat
1628 1884 1642 1931 ;
1673 1867 1813 1920 unde
1841 1875 1893 1919 et
1920 1863 1963 1935 -ξ

388 1980 550 2021 sexus
582 1965 793 2027 dicitur,
823 1963 913 2030 qui
941 1960 992 2014 itt
1022 1960 1197 2013 medio
1226 1966 1328 2022 est,
1369 1958 1521 2027 quasi
1553 1965 1773 2020 sextus;
1819 1955 1960 2024 quod

386 2058 644 2113 nimirum
687 2070 715 2108 a
762 2053 1013 2107 secundis
1058 2065 1345 2115 manuum,
1398 2050 1510 2103 sive
1555 2049 1749 2118 pedum
1781 2048 1959 2118 digitis

1276 676 1517 734 Ol‘USC.
1550 675 1682 734 Vill.
1714 709 1780 719 —-
1802 677 1890 734 DE
1927 677 2359 737 PARENTEL/E
2394 680 2763 741 GRADIBUS.

3520 685 3621 741 196

1980 810 2026 867 Α
2062 800 2217 846 terrm
2247 792 2545 847 secundum
2583 793 2793 862 species
2828 806 2955 848 suas
2992 789 3140 864 (Cen.
3171 792 3268 857 ui;
3297 810 3317 848 ι
3359 807 3485 849 mox
3527 795 3625 851 ho-

2056 882 2286 945 minem,
2320 897 2425 937 non
2455 883 2675 961 multos,
2720 884 2813 939 sed
2859 899 3022 937 unum
3062 883 3320 951 condidit,
3367 893 3528 953 atque
3555 901 3624 942 ex

2054 971 2167 1039 ejus
2212 974 2379 1029 latere
2433 984 2682 1039 costam,
2732 989 2805 1030 ex
2853 989 2959 1044 qua
3010 974 3205 1029 mulier
3253 974 3622 1043 formaretur,

2054 1063 2258 1116 eduxit.

2095 1152 2193 1207 'Ut
2224 1154 2349 1224 quid
2393 1154 2535 1207 enim
2584 1155 2925 1223 omnipotens
2973 1154 3115 1209 Deus
3162 1170 3283 1209 cum
3312 1172 3378 1211 ex
3408 1158 3618 1212 caeteris

2057 1242 2421 1295 animantibus
2470 1241 2621 1310 plura
2672 1242 2977 1305 creaverit,
3028 1258 3192 1297 unum
3234 1252 3521 1300 contentus
3544 1255 3627 1299 est

2059 1333 2332 1387 hominem
2368 1333 2576 1388 facere:
2606 1349 2669 1389 ex
2700 1349 2804 1401 quo
2828 1334 3105 1397 nimirum,
3139 1344 3391 1403 tanquam
3415 1337 3626 1393 deesset

2060 1423 2285 1477 materia
2342 1423 2543 1493 ﬁgulo,
2590 1423 2903 1477 muliebrem
2962 1440 3177 1493 quoque.
3224 1440 3413 1479 sexum
3462 1426 3631 1479 voluit

2054 1529 2383 1585 propagare;
2434 1516 2536 1570 nisi
2569 1524 2627 1568 ut
2653 1516 2974 1569 charitatem
3007 1516 3315 1570 hominibus
3355 1531 3632 1571 commen-

2058 1608 2121 1659 da
2134 1613 2237 1668 ret,
2265 1612 2319 1657 et
2348 1605 2399 1658 in
2426 1604 2649 1658 fraterni
2674 1606 2879 1659 amoris
2908 1614 3002 1658 eos
3033 1604 3237 1657 unitate
3260 1614 3629 1670 conuecteret,

2064 1702 2333 1762 quatenus
2369 1693 2596 1763 propriae
2636 1692 2827 1762 origini
2878 1702 3262 1761 congruentes,
3293 1708 3627 1762 nequaquam

2056 1783 2253 1837 diversi
2295 1782 2566 1837 resilirent
2611 1790 2811 1845 mente,
2860 1781 2951 1850 qui
2982 1796 3145 1835 unum
3178 1783 3535 1850 probarentur
3564 1797 3632 1837 ex

2058 1874 2323 1943 corpore?
2352 1872 2504 1928 Unde
2534 1880 2588 1926 et
2616 1870 2811 1925 Paulus
2846 1870 2950 1924 ait:
2999 1890 3016 1921 ι
3040 1869 3217 1925 Unum
3249 1886 3463 1940 corpus,
3490 1886 3629 1925 unus

2059 1965 2314 2032 spiritus,
2362 1965 2503 2019 sicut
2543 1965 2717 2018 vocati
2761 1963 2892 2020 estis
2939 1963 2992 2017 in
3044 1978 3149 2016 una
3196 1978 3291 2031 spe
3331 1962 3631 2017 vocationis

2056 2064 2251 2111 vestras
2282 2055 2496 2125 (Epltes.
2540 2057 2669 2125 ιν).›
2705 2054 3089 2109 Verumtamen
3121 2068 3242 2107 cum
3286 2052 3514 2106 afﬁnitas
3543 2068 3635 2123 ge-

382 2148 546 2204 facile
583 2154 664 2201 est
710 2144 934 2200 inveniri
965 2160 978 2195 :
1013 2143 1085 2195 ita
1129 2142 1382 2195 nimirum
1409 2149 1463 2193 et
1491 2139 1577 2192 illa
1608 2140 1965 2194 successionis
1998 2145 2038 2203 Β
2069 2147 2213 2201 neris
2269 2146 2512 2215 elongata
2566 2144 2833 2208 discedit,
2885 2144 3132 2198 humana:
3179 2142 3460 2211 pravitatis
3502 2144 3634 2197 vitio

381 2237 635 2292 [mutante
682 2234 847 2304 ﬁgura
892 2231 1036 2286 senis
1084 2232 1267 2300 utique
1316 2228 1564 2297 superius
1609 2236 1663 2282 et
1717 2226 1963 2293 inferius,

382 2336 551 2396 atque
579 2325 630 2378 in
661 2324 766 2388 his,
793 2322 884 2391 qui
915 2336 980 2375 ex
1006 2320 1175 2374 latere
1220 2319 1461 2384 veniunt,
1494 2318 1749 2388 gradibus
1778 2317 1965 2371 termi-

382 2429 586 2473 natur:
617 2428 921 2485 quanquam
950 2412 1018 2467 ad
1046 2410 1421 2481 propensionis
1450 2409 1671 2464 cautela:
1702 2408 1959 2477 gratiam,

382 2516 436 2565 et
496 2506 722 2576 septima
770 2504 855 2558 bis
900 2503 971 2557 sit
1027 2500 1305 2571 generatio
1349 2505 1741 2568 consequenter
1792 2510 1967 2549 annu-

381 2604 620 2653 merata.

452 2684 717 2755 Quisquis
743 2696 873 2753 ergo
901 2680 1016 2736 vult
1043 2680 1183 2735 inter
1209 2693 1326 2744 eos,
1357 2678 1449 2748 qui
1489 2677 1558 2733 ab
1585 2689 1693 2730 uno
1722 2689 1787 2729 ex
1820 2682 1967 2728 utra-

379 2793 492 2849 que
537 2785 689 2845 parte
717 2774 1069 2836 descendunt,
1122 2785 1295 2840 usque
1346 2770 1412 2824 ad
1463 2769 1709 2823 ultimum
1740 2766 1965 2836 gradum

380 2867 730 2943 cognationis
768 2866 891 2935 jura
933 2864 1270 2926 rescindere,
1316 2862 1587 2915 fateantur
1629 2871 1843 2927 quoque
1872 2870 1969 2909 ne-

377 2976 545 3019 cesso
570 2967 672 3023 est,
708 2958 930 3013 dextera
959 2954 1192 3019 hominis
1214 2952 1451 3008 membra
1476 2950 1734 3005 membris
1757 2944 1967 3003 sinistri

377 3055 578 3111 lateris
609 3051 831 3106 minime
872 3047 1180 3118 pertinere;
1217 3055 1380 3115 atque
1432 3053 1493 3097 ut
1546 3041 1688 3110 quod
1735 3040 1967 3094 dicimus

376 3142 650 3214 liquidius
688 3138 975 3197 eluceseat,
1007 3136 1096 3205 qui
1148 3135 1463 3203 trinepotem
1506 3132 1574 3186 ab
1606 3145 1691 3194 ea,
1743 3144 1861 3198 qua:
1891 3128 1969 3181 al-

380 3236 666 3289 triusecus
692 3238 805 3293 est,
835 3227 1098 3296 trinepte,
1150 3222 1423 3279 aﬁinitatis
1466 3220 1680 3274 vinculo
1734 3219 1967 3275 solutum

2064 2234 2213 2303 quasi
2258 2237 2504 2289 submoto
2535 2233 2721 2287 fomite
2759 2232 2958 2285 amoris
2994 2230 3205 2285 ﬂamma
3254 2231 3512 2301 frigescit.
3550 2232 3635 2285 Ad

2067 2323 2423 2390 reparandum
2448 2336 2576 2391 ergo
2596 2330 2794 2375 mutua:
2815 2321 3098 2375 ebaritatis
3124 2321 3415 2389 igniculum
3452 2334 3637 2375 accur-

2068 2419 2196 2467 runt
2223 2412 2448 2467 subinde
2478 2410 2681 2465 fcedera
2712 2412 3040 2479 nuptiarum.
3068 2411 3354 2475 Enimvero
3379 2413 3505 2483 quia
3540 2425 3636 2467 sex

2066 2504 2315 2557 aetatibus
2340 2512 2393 2557 et
2420 2503 2602 2557 mundi
2638 2512 2848 2571 tempus
2869 2502 3153 2566 evolvitur,
3194 2512 3249 2557 et
3281 2503 3636 2558 humanitatis

2065 2594 2174 2647 vita
2197 2593 2401 2657 ﬁnitur,
2426 2594 2540 2662 ipsa
2570 2606 2775 2646 naturae
2797 2594 2878 2646 vis
2898 2594 3122 2662 praebet,
3146 2604 3206 2648 ut
3225 2609 3395 2663 usque
3419 2596 3486 2649 ad
3511 2609 3635 2650 sex-

2069 2691 2180 2736 tum
2208 2682 2625 2752 propinquitatis
2670 2681 2897 2751 gradum
2927 2696 3219 2751 germanus
3258 2698 3411 2738 amor
3444 2686 3498 2738 in
3535 2686 3637 2738 ltu-

2066 2773 2242 2826 manis
2273 2774 2569 2828 visceribus
2615 2774 2844 2850 sapiatg
2880 2784 2933 2828 et
2978 2774 3371 2842 quodammodo
3416 2775 3637 2830 odorem

2072 2863 2216 2917 inter
2239 2878 2298 2917 se
2323 2864 2570 2934 genuina:
2602 2865 2874 2919 societatis
2903 2865 3131 2918 emittat.
3169 2863 3269 2919 Ubi
3313 2875 3490 2920 autem
3525 2881 3642 2919 ma-

2069 2971 2173 3011 nus
2198 2957 2701 3027 consanguinitatis,
2732 2972 2872 3027 qua:
2920 2965 3133 3025 captum
3182 2971 3213 3010 a
3257 2970 3319 3011 se
3367 2956 3636 3021 trahebat,

2069 3045 2287 3107 deﬁcit,
2334 3044 2477 3098 illico
2508 3044 2838 3098 matrimonii
2868 3058 3062 3109 uncus,
3107 3058 3216 3113 quo
3248 3042 3458 3114 fugiens
3483 3058 3641 3098 revo-

2068 3145 2241 3200 cetur,
2268 3134 2524 3189 occurrit.

2680 3222 2903 3277 CAPUT
2942 3221 3031 3276 1V.

2106 3316 2257 3382 Quod
2302 3316 2490 3385 quibus
2528 3322 2603 3369 est
2631 3315 2724 3384 jus
2762 3314 3119 3377 Itrtreditatis,
3160 3322 3232 3366 est
3262 3321 3312 3366 et
3348 3313 3570 3383 inﬁnitas

374 3323 617 3394 iudicat,
650 3320 791 3373 inter
824 3316 1036 3385 digitos,
1068 3314 1263 3382 quibus
1292 3313 1408 3366 haec
1431 3311 1630 3373 scribo,
1660 3318 1713 3361 et
1740 3309 1971 3362 sinistra:
2106 3316 2257 3382 Quod
2302 3316 2490 3385 quibus
2528 3322 2603 3369 est
2631 3315 2724 3384 jus
2762 3316 2919 3395 lueret

2748 3400 2967 3453 generis.
2986 3453 2995 3460 .

379 3428 586 3469 manus
643 3408 897 3465 articulos
947 3404 1380 3462 communionem
1426 3402 1611 3457 deesse
1660 3399 1966 3453 contendat.

374 3505 487 3560 Sed
522 3501 660 3557 huic
688 3513 865 3568 pravae
888 3494 1170 3551 assertioni
1212 3492 1469 3548 reclamat
1503 3490 1806 3559 Apostolus,
1844 3504 1967 3543 cum
1999 3480 2042 3539 C
2146 3494 2287 3564 sed,
2327 3504 2387 3551 ιιι
2425 3494 2491 3551 de

1514 3490 1806 3559 λβοδιοιυεο
1844 3504 1967 3543 cum
1999 3480 2042 3539 (ἶ
2146 3494 2287 3564 Sed,
2327 3504 2387 3551 ut
2425 3494 2491 3551 de
2538 3496 2749 3548 caeteris
2794 3493 2977 3547 sileam
3006 3532 3021 3557 ,
3070 3492 3237 3546 miror
3280 3492 3466 3546 saltem
3510 3492 3643 3561 legis

373 3596 547 3649 dicit:
589 3610 610 3643 ι
643 3589 796 3643 Sicut
824 3586 964 3641 enim
1013 3599 1209 3653 corpus
1254 3598 1419 3637 unum
1471 3590 1573 3645 est,
1628 3588 1680 3634 et
1728 3579 1969 3633 membra
2074 3586 2277 3655 peritos
2314 3586 2386 3639 ita
2415 3584 2653 3653 potuisse
2704 3584 2974 3651 desipere,
3022 3592 3078 3635 υι
3114 3583 3351 3652 subjecta
3392 3582 3548 3652 183
3583 3582 3645 3635 ﬁ-

374 3687 549 3742 habet
589 3682 794 3745 multa;
846 3678 1025 3732 omnia
1078 3685 1256 3729 autem
1300 3672 1539 3726 membra
1571 3670 1814 3740 corporis
1850 3683 1971 3723 cum
2075 3692 2205 3747 gum
2238 3718 2254 3742 ,
2317 3675 2490 3731 oculis
2546 3675 2830 3737 videantur
2882 3674 2935 3727 in
2984 3674 3335 3742 supputandis
3388 3675 3643 3744 gradibus

376 3777 547 3846 18a
593 3774 712 3829 sint
760 3767 921 3821 multa
950 3805 965 3830 ,
1018 3779 1182 3819 unum
1220 3777 1413 3831 corpus
1439 3769 1565 3815 sunt
1590 3758 1639 3831 (I
1663 3757 1783 3812 Cor.
1816 3758 1966 3827 χω.»
2074 3767 2329 3836 caligare,
2363 3766 2461 3830 Qui
2486 3780 2505 3816 ι

1513 3769 1565 3814 ιιι
1590 3758 1639 3831 (Ι
1663 3757 1783 3812 σον·
1816 3758 1966 3827 ΧΙι)-’
2074 3767 2329 3836 caligare.
2363 3766 2461 3830 Qui
2486 3764 2738 3817 nimirum
2769 3764 2895 3817 dum
2920 3772 3165 3832 quartum
3190 3762 3399 3831 generis
3421 3764 3642 3832 gradum

371 3868 536 3922 Sicut
575 3876 717 3932 ergo
747 3858 909 3914 multa
961 3854 1200 3910 membra
1244 3868 1340 3922 per
1387 3850 1853 3921 participationem
1890 3846 1972 3901 sui
2072 3866 2318 3911 octavum
2352 3854 2575 3919 faciunt,
2623 3853 2749 3923 quid
2792 3868 2954 3921 super
2984 3853 3104 3911 'hac
3150 3861 3304 3922 parte
3333 3851 3496 3907 etiam
3536 3868 3647 3907 sua:

373 3957 547 4011 totius
575 3949 748 4009 simul
774 3955 986 4009 coeunt,
1020 3954 1079 3998 ut
1106 3957 1268 3997 unum
1302 3942 1552 3996 dicantur
1578 3936 1972 4007 irreprehensi-
2075 3950 2221 4019 leges
2252 3947 2542 4012 ἀθῃηίεηι,
2591 3960 2713 3999 non
2747 3945 3046 3998 mendum,
3097 3942 3201 3998 sed
3243 3952 3300 3997 υι
3339 3945 3407 3998 ad
3441 3943 3644 3997 unum

368 4046 565 4101 bililer
594 4053 838 4108 6οη)υεὶ
872 4038 942 4089 ila
990 4029 1239 4087 ηἶιηίτυω
1289 4031 1518 4084 dimi”!
1566 4039 1975 4114 ρετεοηεθηαυω
2079 4039 2288 4094 facilius
2312 4037 2490 4092 valeat
2517 4034 2805 4105 pervenire
2826 4033 2965 4102 quod
2991 4031 3237 4094 dicimus,
3269 4045 3452 4086 sacros
3480 4046 3646 4109 cano-

368 4137 439 4191 ab
492 4149 615 4189 uno
664 4127 1010 4201 progenitore
1054 4122 1411 4178 communiter
1462 4119 1759 4189 prodeunt,
1810 4126 1975 4168 unum
2080 4141 2175 4181 nes
2210 4125 2490 4194 cumipsis

1517 4119 1759 4183 ὀάευιιῑυ
1810 4126 1975 4168 “mm
2080 4141 2175 4181 nes
2210 4142 2333 4180 cum
2360 4125 2490 4194 ipsis
2520 4122 2805 4177 mttndanis
2833 4120 3034 4190 legibus
3072 4121 3427 4175 conferamus.
3473 4119 3646 4173 Habet

367 4235 497 4282 sunt
527 4220 743 4294 PI’OGul
770 4218 930 4273 dubi"
951 4230 1137 4285 8⁸⁸³³³·
2080 4229 2257 4272 autem
2304 4218 2407 4271 hoc
2444 4215 2712 4270 Meldense
2740 4212 3059 4266 concilium:
3098 4230 3115 4261 σ
3140 4211 3213 4264 De
3240 4210 3498 4264 afﬁnitate
3518 4248 3532 4273 ,
3568 4211 3650 4262 ir.-

1020 4322 1243 4380 CAPUT
1284 4320 1369 4376 lll.
2080 4310 2220 4377 quit,
2243 4306 2522 4373 sanguinis
2544 4319 2639 4373 per
2668 4302 2867 4371 gradus
2892 4302 3225 4370 cognationis
3253 4301 3449 4368 placuit
3477 4315 3645 4368 usque

440 4430 559 4484 Cur
592 4426 753 4479 Deus
779 4421 832 4473 in
852 4416 1104 4488 principio
1127 4429 1288 4488 unum
1310 4408 1633 4465 solummodo
1659 4406 1907 4460 creaverit
2070 4397 2365 4465 septimam
2401 4393 2802 4488 generationem
2847 4391 3186 4488 observ-are.»
3232 4389 3361 4488 Nam
3390 4399 3444 4443 et
3471 4391 3647 4443 bazreo

1061 4485 1341 4538 hominem
2084 4490 2225 4543 ditas
2253 4502 2433 4541 rerum
2476 4501 2573 4556 per
2611 4480 2807 4554 legales
2850 4481 3188 4537 deﬁnitiones

2084 4490 2225 4543 ditas
2253 4502 2433 4541 rerum
2476 4501 2573 4556 per
2611 4480 2807 4554 legales
2850 4481 3188 4537 deﬁnitiones
3215 4481 3454 4536 sancitur
3476 4495 3645 4549 usque

2085 4579 2152 4635 ad
2180 4578 2487 4647 septimum
2507 4574 2726 4645 gradum
2757 4573 3089 4643 prastendere
3118 4570 3385 4624 haeredum
3426 4584 3645 4623 succes-

2087 4670 2325 4724 sionem:
2363 4683 2469 4721 non
2508 4666 2649 4720 enim
2685 4663 3065 4725 succederent,
3112 4659 3213 4714 nisi
3260 4660 3338 4713 eis
3362 4658 3427 4712 de
3453 4674 3646 4728 propa-

435 4587 669 4645 ldcirco
697 4586 883 4635 autem
906 4572 1235 4630 matrimonii
1258 4571 1345 4625 lex
1373 4579 1519 4623 tanta
1547 4566 1843 4638 magisterii
1865 4574 1980 4621 arte

370 4681 471 4735 sub
525 4668 929 4733 ecclesiastica
971 4663 1253 4733 disciplina
1304 4659 1667 4728 componitur,
1698 4666 1756 4711 ut
1785 4664 1984 4710 mutua:

368 4766 678 4828 cbaritatis
710 4758 991 4815 vinculum
1016 4758 1155 4809 inter
1189 4753 1437 4807 homines
1465 4748 1769 4804 necessario
1800 4755 1981 4800 tenea-

368 4872 477 4927 tur,
508 4855 820 4914 videlicet,
846 4858 903 4903 ut
924 4859 1199 4917 quousque
1230 4840 1586 4897 successionis
1612 4842 1745 4892 ordo
1773 4846 1979 4907 protra-

368 4957 544 5016 hitur.
578 4948 849 5008 vicarius
882 4957 1034 4998 amor
1072 4938 1301 5010 proximi
1343 4952 1409 4991 ex
1452 4938 1561 5005 ipsa
1610 4933 1980 5005 germanitatis

370 5044 812 5106 necessitudine
854 5033 1171 5105 praebeatur.
1216 5029 1349 5084 Cum
1382 5038 1564 5081 autem
1607 5024 1980 5079 deﬁcientibus

370 5138 661 5200 vocabulis
708 5128 909 5188 dclicit
951 5126 1064 5207 iam
1106 5137 1273 5193 genus
1324 5118 1699 5189 cognationis,
1747 5114 1981 5170 occurrit

371 5235 631 5304 protinus
662 5228 764 5281 lex
798 5214 1153 5279 matrimonii,
1189 5223 1242 5268 et
1283 5211 1507 5281 jamjam
1542 5209 1756 5280 longius
1783 5207 1985 5304 abeun-

376 5297 481 5381 tem
508 5319 679 5393 quasi
716 5308 1029 5382 fugientem
1058 5312 1295 5367 revocat,
1330 5312 1383 5356 et
1424 5300 1659 5367 antiquae
1680 5297 1983 5393 dilectionis

378 5388 735 5471 inter-novos
767 5399 1033 5458 homines
1072 5394 1191 5464 jura
1231 5392 1508 5448 reformat.
1546 5390 1656 5445 Nec
1698 5390 1893 5443 mirum
1940 5388 1984 5441 si

381 5508 431 5563 in
456 5491 814 5579 generandis
855 5488 1157 5543 hominibus
1183 5485 1437 5541 charitati
1479 5481 1776 5537 consulitur
1798 5520 1814 5544 ,
1864 5494 1985 5533 eum

384 5572 727 5654 iuva-caudis
766 5594 1000 5655 quoque
1047 5578 1275 5646 idipsum
1325 5576 1467 5630 Deus
1520 5588 1698 5629 rerum
1746 5572 1984 5626 omnium

384 5691 671 5749 conditor,
727 5684 1077 5751 procurasse
1118 5670 1383 5723 videatur.
1435 5667 1567 5721 Nam
1614 5680 1734 5721 cum
1787 5666 1838 5729 in
1872 5664 1985 5731 ipSO

386 5793 588 5838 unum
615 5762 962 5843 incipientis
988 5761 1227 5822 exordio,
1264 5774 1330 5814 ex
1374 5758 1599 5828 singulis
1626 5756 1987 5811 animantibus

389 5890 488 5931 non
509 5887 643 5936 una,
678 5863 785 5922 sed
817 5851 1000 5912 multa
1025 5857 1282 5912 creasset,
1306 5849 1445 5903 sicut
1476 5848 1698 5918 legitur:
1736 5864 1753 5895 ι
1773 5844 1988 5936 meavit

390 5965 522 6020 Deus
555 5934 683 6017 cete
714 5940 976 6026 grandia
1008 5938 1159 6008 (Cen.
1193 5938 1265 6007 t);
1291 5958 1307 5989 ι
1340 5947 1393 5993 et
1420 5939 1576 6007 paulo
1605 5945 1725 6006 post
1761 5952 1796 6026 ε-
1819 5952 1835 5983 t
1858 5934 1985 5986 Pro-

391 6055 565 6122 ducat,
596 6024 815 6120 inquit,
859 6029 1305 6098 terrajumenta,
1350 6037 1405 6083 et
1432 6028 1664 6098 reptilia,
1697 6034 1747 6079 et
1784 6024 1985 6079 bestias

2088 4761 2211 4830 gine
2236 4755 2571 4827 cognationis
2605 4752 2907 4808 deberetur.

2009 4809 2058 4867 Β
2089 4809 2117 4830 υ
2159 4809 2461 4903 δεευῗιόυιη
2488 4847 2587 4900 hoc
2614 4842 2775 4913 igiittr
2796 4842 3074 4897 sententia:
3098 4840 3365 4910 synodalis
3387 4840 3645 4905 edictum,

2090 4939 2175 4993 cui
2202 4936 2458 5005 competit
2477 4934 2566 5002 jus
2588 4933 2934 4995 ha:reditatis,
2960 4931 3214 4996 competit
3243 4930 3406 4982 etiam
3432 4932 3646 4997 propin-

2092 5030 2269 5099 quitas
2298 5026 2531 5096 generis.
2559 5024 2743 5094 Neque
2768 5024 2931 5087 enim,
2957 5031 3016 5074 ut
3040 5022 3253 5085 dicitur,
3283 5021 3334 5073 in
3368 5021 3643 5073 Incrcdita-

2092 5129 2197 5173 tem
2232 5116 2622 5177 succederent,
2676 5113 2776 5167 nisi
2826 5111 2891 5165 ad
2924 5110 3257 5180 cognationis
3302 5112 3643 5178 propaginem

2090 5207 2440 5275 pertinerent.
2470 5205 2539 5257 At
2564 5204 2649 5256 hic
2676 5200 2893 5255 forsitan
2940 5199 3291 5268 respondetur
3310 5238 3322 5260 ,
3353 5199 3478 5266 quia
3503 5200 3644 5266 quod

2086 5298 2171 5351 his
2195 5294 2375 5349 verbis
2394 5303 2596 5362 septem
2620 5286 2988 5359 generationes
3016 5288 3292 5341 observari
3316 5286 3646 5354 praecipitur,

2088 5403 2427 5458 nequaquam
2460 5385 2561 5438 illis
2590 5382 2799 5444 attinet,
2830 5381 2918 5448 qui
2951 5396 3015 5435 ex
3069 5380 3232 5433 latere
3259 5380 3515 5433 veniunt:
3554 5380 3645 5433 sed

2088 5476 2156 5530 ad
2179 5491 2271 5531 eos
2296 5475 2487 5543 potius,
2518 5470 2608 5541 qui
2639 5478 2781 5523 recta
2808 5469 2947 5523 linea
2973 5484 3001 5520 a
3036 5482 3286 5535 supremo
3308 5468 3643 5535 progenitore

2091 5567 2437 5621 descendunt.
2471 5562 2576 5617 Sed
2606 5563 2649 5615 si
2678 5560 2979 5633 huiusmodi
3016 5560 3251 5628 personis
3300 5559 3381 5611 vel
3424 5559 3489 5609 ad
3524 5572 3644 5611 suc—

2095 5660 2404 5719 cedendum,
2434 5656 2516 5710 vel
2548 5654 2614 5709 ad
2642 5655 3030 5723 conjugandum
3056 5652 3338 5706 terminum
3368 5650 3643 5718 Scriptura

2095 5751 2411 5823 prmﬁgeret,
2436 5746 2677 5817 profecto
2702 5762 2812 5801 rem
2837 5745 3093 5798 inﬁnitam
3122 5744 3365 5811 angustis
3388 5744 3646 5797 limitibus

2095 5849 2419 5902 coarctaret,
2455 5838 2756 5894 Iustiniano
2807 5846 2975 5899 teste,
3018 5836 3107 5903 qui
3149 5836 3276 5889 dicit
3316 5834 3509 5903 (lnstit.
3550 5835 3641 5886 lib.

2096 5950 2135 5995 ι,
2168 5934 2246 5985 tit.
2290 5930 2363 5984 De
2392 5939 2556 5998 nupt.,
2587 5944 2797 5998 paragr.
2845 5925 2982 5994 Ergo
3031 5942 3133 5978 non
3182 5930 3417 5990 omnes):
3462 5923 3647 5976 «lutet-

2096 6038 2187 6077 eas
2214 6035 2495 6093 personas,
2539 6034 2657 6088 qua
2701 6028 2975 6086 parentum
3006 6055 3020 6079 ,
3066 6014 3421 6069 liberorumve
3466 6012 3639 6065 locum

4360 6325 5256 6578 Δ
