5392 6578
2291 517 2350 575 S.
2382 517 2584 576 PETRI
2622 512 2906 571 DAMIANI
2942 512 3096 573 OPP.
3126 510 3364 571 TOHUS
3401 508 3532 566 SEU
3568 508 3750 566 PARS
3787 508 3873 565 Ill.
3899 506 4354 566 -ΟΡυκωλΑ
4394 507 4625 563 VARIA.

4981 506 5083 565 196

1833 635 2056 692 lnterse
2076 633 2345 698 obtinent,
2369 631 2567 702 nuptiae
2586 628 2832 685 contrahi
2855 644 2962 684 non
2990 637 3214 698 possunt
3244 644 3256 678 :
3290 624 3403 678 vel-
3432 623 3484 683 Δ
3508 623 3671 677 etiam
3702 622 3831 691 quid
3860 623 4162 677 Romanum
4202 630 4421 678 censeat
4454 620 4522 676 de
4556 589 5083 691 cognatione.conci-

1834 736 1898 781 ut
1947 727 2094 782 inter
2127 731 2341 793 patrem
2384 730 2441 775 et
2488 720 2650 774 tiliam
2675 758 2691 785 ,
2734 721 2910 773 aviam
2952 726 3010 774 et
3047 725 3317 786 nepotem,
3349 723 3405 768 et

1834 830 2007 885 usque
2033 814 2099 869 ad
2125 811 2444 867 inﬁnitum.»
2495 809 2689 864 Restat
2733 823 2865 877 ergo
2910 817 2968 860 ut
3017 804 3402 873 intelligamus,

1835 905 1956 972 quia
1980 903 2033 957 in
2060 901 2146 957 bis
2165 898 2429 969 personis,
2453 910 2572 966 quae
2591 896 2912 950 altrinsecus
2935 893 3176 957 veniunt,
3200 901 3404 960 septem

1835 990 2216 1062 generationes
2247 989 2540 1044 observare
2568 986 2844 1040 debemus.

2453 1097 2684 1154 CAPUT
2726 1097 2786 1154 ν.

1886 1192 1949 1248 ﬁt
1993 1191 2120 1263 legis
2168 1199 2363 1263 peritos
2409 1189 2706 1263 invehitur,
2749 1198 2877 1263 quos
2927 1197 2975 1241 et
3034 1184 3098 1240 de
3132 1187 3359 1256 propriis

2403 1258 2597 1327 legibus
2619 1259 2867 1310 convenit.

1904 1350 2064 1405 Nunc
2087 1350 2255 1421 igitur
2281 1348 2643 1417 inquiramus,
2686 1359 2717 1397 a
2757 1344 2966 1399 duobus
2996 1344 3267 1414 germanis
3291 1341 3401 1396 fra-

1837 1440 2008 1493 tribus
2032 1438 2439 1500 descendentes,
2461 1440 2624 1502 quoto
2665 1433 2832 1503 gradu
2879 1434 2985 1488 sibi
3017 1435 3244 1487 invicem
3279 1447 3403 1501 pos-

1834 1535 1961 1581 sunt
1988 1527 2041 1580 in
2074 1525 2442 1581 hereditatem
2464 1522 2793 1577 succedere?
2821 1520 2927 1576 Vos
2955 1522 3152 1587 denuo,
3171 1521 3400 1588 judices,

1834 1617 2092 1685 alloquor,
2114 1628 2210 1668 vos
2230 1614 2296 1667 de
2322 1613 2439 1683 lege
2468 1621 2650 1667 vestra
2677 1613 2941 1667 convenio
2965 1625 2983 1665 θ
3018 1627 3128 1675 vos,
3158 1614 3401 1680 inquam,

1832 1711 1969 1782 legis
1986 1711 2165 1781 periti,
2189 1711 2280 1779 qui
2304 1708 2426 1776 jura
2454 1709 2770 1763 scrutamini
2790 1748 2805 1771 ,
2834 1708 2925 1776 qui
2962 1722 3152 1761 causas
3186 1723 3404 1776 perora-

1831 1801 1921 1864 tis,
1961 1800 2177 1869 inquiro
2205 1817 2217 1851 ε
2261 1797 2451 1852 Utrum
2480 1797 2546 1860 is,
2575 1798 2664 1867 qui
2697 1805 2849 1851 sexto
2875 1795 2993 1850 loco
3017 1796 3083 1849 ab
3106 1813 3210 1851 uno
3238 1798 3404 1851 fratre

1831 1889 2133 1953 descendit,
2160 1889 2282 1957 jure
2314 1896 2537 1941 vocetnr
2581 1886 2634 1939 in
2679 1886 3045 1939 hereditatem
3097 1886 3257 1949 illius,
3310 1886 3399 1954 qui

3503 710 3653 766 lium.
3689 710 3784 767 «Si
3825 712 3947 780 quis
3968 751 3981 775 ,
4029 713 4222 781 inquit,
4254 711 4319 765 de
4361 710 4578 780 propria
4610 709 4960 777 cognatione,
4993 709 5078 763 vel

3504 815 3680 869 quam
3711 810 3973 870 cognatus
4015 800 4224 865 habuit,
4276 800 4329 853 in
4375 799 4625 870 conjugiu
4668 796 4902 863 duxerit,
4947 811 5081 854 ana-

3506 889 3683 942 thema
3713 889 3800 943 ςίι.
3819 908 3839 941 ι

4119 975 4346 1033 CAPUT
4386 977 4475 1032 Vl.

3540 1067 3690 1133 Quod
3726 1069 4081 1137 generationes
4104 1107 4118 1132 ,
4144 1083 4260 1134 qua:
4296 1066 4535 1135 utrinque
4555 1066 4619 1118 ab
4642 1081 4746 1120 uno
4767 1066 5041 1135 prodeunt,

3849 1139 4064 1190 debeant
4104 1136 4406 1205 simpliciter
4451 1137 4737 1189 numerari.

3575 1249 3878 1303 Debuerant
3907 1248 4118 1316 quidem
4165 1248 4278 1316 jam
4319 1249 4433 1304 haec
4474 1261 4646 1317 pauca
4672 1246 4935 1313 sutiicere,
4963 1248 5010 1302 si
5038 1246 5078 1304 li

3503 1355 3625 1393 cum
3661 1340 3854 1408 quibus
3886 1354 4017 1407 ago,
4053 1347 4238 1406 utpote
4270 1339 4452 1392 litibus
4497 1340 4726 1403 assueti,
4770 1337 4971 1392 scirent
5024 1338 5079 1392 in

3506 1430 3935 1484 controversiam
3964 1444 4134 1498 pauca
4164 1442 4401 1484 movere.
4442 1427 4577 1482 lllud
4615 1429 4796 1496 itaque
4826 1428 4924 1482 sub
4949 1441 5079 1482 ocu-

3505 1521 3582 1573 los
3613 1535 3929 1574 revocemus
3949 1559 3962 1581 ,
4013 1520 4154 1588 quod
4182 1521 4487 1574 causidicos
4519 1527 4732 1573 nostros
4760 1534 4823 1571 ex
4857 1519 4968 1572 suis
4998 1516 5077 1571 lc-

3507 1612 3661 1681 gibus
3684 1611 3839 1664 nobis
3862 1609 4124 1678 objecisse
4148 1626 4309 1677 supra
4341 1610 4641 1670 retulimus,
4666 1608 4913 1662 videlicet
4938 1607 5079 1677 quod

3505 1716 3718 1775 neptem
3748 1703 3959 1766 fratris,
4004 1704 4083 1757 vel
4117 1704 4319 1756 sororis
4351 1702 4547 1755 ducere
4578 1702 4702 1768 quis
4735 1715 4840 1754 non
4873 1709 5075 1769 potest,

3506 1795 3752 1862 quamvis
3782 1801 3974 1859 quarto
4020 1794 4183 1861 gradu
4235 1793 4322 1844 sit.
4375 1790 4617 1858 Cumque
4668 1790 4721 1842 in
4774 1787 5080 1842 astruendis

3504 1881 3735 1949 propriis
3771 1881 4181 1947 allegationibus
4210 1880 4405 1948 saipius
4446 1879 4605 1931 verba
4635 1878 4747 1931 haec
4783 1879 5074 1932 iterarent:

1832 1992 1899 2032 ex
1930 1952 2294 2030 alterosexta
2346 1987 2533 2028 rursus
2583 1973 2925 2041 generatione
2972 1974 3248 2040 procedit?
3297 1952 3401 2025 Sﬁed
3432 1952 3477 2009 Β
3506 1973 3701 2025 deinde
3740 1972 4129 2034 ratiocinando,
4176 1971 4516 2031 assumendo,
4551 1968 4870 2037 colligendo,
4902 1967 5080 2020 multi-

1831 2075 1981 2121 certe
2009 2063 2191 2131 negari
2221 2064 2443 2116 omnino
2466 2078 2568 2115 non
2593 2072 2785 2130 potest,
2811 2063 2938 2130 quin
2964 2063 3008 2115 si
3035 2063 3171 2115 alter
3193 2078 3402 2124 eorum,

1832 2165 1969 2219 quos
1994 2150 2371 2219 proposuimus
2397 2188 2411 2210 ,
2460 2149 2741 2201 intestatus
2791 2149 3018 2201 moritur
3043 2189 3057 2211 ,
3107 2165 3226 2201 cum
3262 2148 3404 2200 nulla

1833 2248 2008 2296 exstet
2047 2253 2277 2308 persona
2326 2238 2682 2306 propinquior
2710 2277 2723 2301 ,
2767 2236 2901 2290 alter
2941 2238 2989 2289 in
3038 2238 3404 2290 ltmreditatcm

1831 2325 2180 2395 ejuslegibus
2207 2325 2525 2378 admittatur
2547 2364 2561 2387 ,
2616 2332 2795 2391 atque,
2831 2335 2887 2375 ut
2915 2326 3012 2392 ipsi
3041 2325 3284 2379 debeatis
3315 2341 3406 2392 ap-

1832 2416 2061 2484 probare
2088 2415 2231 2485 quod
2264 2414 2522 2476 dicimus,
2572 2415 2636 2466 de
2686 2415 2881 2467 vestris
2908 2430 3096 2468 rursus
3141 2416 3404 2468 lnstitutis

1838 2506 2210 2561 testimonium
2249 2505 2601 2574 proferamus.
2644 2503 2849 2557 Dicitur
2877 2507 3018 2557 enim
3064 2505 3178 2571 (lib.
3212 2520 3291 2568 ιιι,
3321 2506 3399 2555 lit.

1832 2596 1909 2650 De
1937 2596 2077 2665 legit.
2105 2604 2282 2663 agnat.
2313 2610 2556 2658 success.,
2586 2608 2797 2662 paragr.
2838 2593 3115 2658 Ca’terum)
3151 2612 3160 2643 :
3204 2612 3219 2643 ι
3262 2592 3404 2646 lnter

1834 2686 2103 2741 masculos
2129 2685 2432 2754 agnationis
2450 2685 2573 2753 jure
2602 2685 2905 2747 hzereditas,
2936 2685 3097 2737 etiam
3129 2685 3176 2737 si
3204 2684 3404 2751 longis-

1830 2778 1972 2832 simo
2001 2777 2168 2846 gradu
2198 2777 2326 2841 sint,
2358 2775 2531 2839 ultro,
2576 2776 2821 2845 citroque
2859 2776 3120 2844 capitur.»
3156 2775 3220 2828 Et
3250 2776 3406 2843 paulo

1831 2875 1993 2936 post:
2038 2884 2057 2916 ι
2080 2865 2301 2919 Masculi
2349 2879 2478 2918 vero
2509 2864 2574 2917 ad
2609 2875 2792 2918 eorum
2837 2864 3085 2918 videlicet
3116 2863 3403 2917 mulierum

1830 2957 2195 3021 haereditates,
2228 2956 2390 3011 etiam
2422 2955 2466 3009 si
2498 2955 2808 3025 longissimo
2836 2956 3000 3025 gradu
3031 2957 3161 3020 sint,
3209 2956 3404 3009 admit-

1831 3057 2066 3103 tantur.)
2122 3047 2179 3101 Si
2222 3062 2348 3114 ergo
2389 3045 2701 3113 longissimo
2741 3047 2905 3116 gradu
2960 3062 3065 3100 non
3105 3045 3281 3109 infra,
3318 3046 3399 3097 vel

1829 3153 2031 3206 supra;
2085 3138 2185 3192 sed
2220 3139 2370 3191 talitro
2410 3136 2654 3204 citroque
2695 3137 2984 3191 litereditas
3028 3138 3279 3205 capitur:
3322 3145 3396 3200 et,

1831 3229 1972 3282 sicut
2002 3226 2342 3296 praemissum
2370 3234 2473 3289 est,
2493 3242 2609 3279 non
2657 3235 2834 3294 potest
2880 3228 3000 3296 quis
3028 3229 3078 3281 in
3111 3229 3394 3282 hmredita-

1832 3327 1939 3371 tem
1973 3318 2226 3372 demicte
2272 3317 2593 3382 succedere,
2647 3318 2745 3371 nisi
2785 3332 2943 3387 quem
2991 3320 3291 3373 constiterit
3332 3324 3396 3373 ad

1829 3406 2072 3461 eamdem
2113 3406 2422 3475 progeniem
2476 3405 2777 3473 pertinere;
2821 3406 2978 3461 valde
3012 3416 3397 3477 praposterum

1827 3503 1912 3549 est
1954 3504 2115 3563 atque
2141 3495 2444 3558 confusum,
2480 3502 2537 3548 ut
2579 3494 2614 3546 ii
2655 3495 2745 3562 qui
2785 3506 2982 3564 quarto
3022 3496 3191 3564 gradu
3222 3513 3249 3547 a
3280 3513 3399 3562 ger-

1830 3582 2007 3636 manis
2031 3582 2288 3636 fratribus
2310 3583 2595 3651 prodeunt,
2618 3581 2729 3649 jam
2756 3584 2895 3636 inter
2915 3599 2972 3637 se
2996 3585 3397 3638 matrimonium

1828 3670 2180 3733 contrahant;
2215 3685 2335 3724 cum
2362 3671 2396 3723 ii
2428 3671 2517 3739 qui
2545 3670 2705 3741 184
2737 3681 2856 3739 post
2876 3688 2970 3727 eos
2997 3682 3140 3736 sunt,
3169 3675 3395 3726 necdum

1823 3758 1912 3826 jus
1932 3759 2285 3814 haereditariaa
2309 3762 2664 3815 successionis
2687 3764 2953 3817 amittant.
2989 3765 3163 3819 Unum
3202 3767 3398 3834 quippe

1822 3850 1913 3919 jus
1941 3851 2168 3903 alterum
2193 3849 2347 3915 tollit,
2377 3860 2434 3902 ut
2457 3851 2704 3905 videlicet
2733 3854 2816 3904 cui
2841 3863 2992 3919 potes
3027 3854 3254 3907 l.:eredis
3276 3857 3395 3919 jure

1827 3944 2138 4004 succedere,
2168 3956 2287 3995 eam
2317 3940 2466 3996 nefas
2494 3943 2566 3996 sit
2588 3942 2854 4010 conjugali
2888 3945 2981 3999 tibi
3009 3945 3209 4000 foedere
3238 3964 3398 4013 copu-

1813 4030 1981 4094 lare,
2012 4039 2065 4083 et
2094 4046 2124 4083 e
2159 4030 2371 4085 diverso
2412 4032 2462 4084 in
2502 4047 2663 4100 quam
2708 4035 2963 4102 competit
3001 4034 3090 4101 jus
3138 4038 3392 4105 conjugif,

1828 4126 2002 4174 cessat
2026 4134 2220 4173 nomen
2252 4121 2495 4175 iliBl'edlS.

1895 4208 1969 4261 At
1994 4207 2226 4262 fortasse
2255 4209 2435 4264 dicitis
2455 4249 2468 4273 ,
2506 4210 2629 4278 quia
2670 4210 3011 4279 longissimus
3042 4216 3257 4283 gradus,
3288 4232 3393 4270 non

1828 4297 2123 4367 incongrue
2151 4304 2309 4352 etiam
2333 4309 2583 4367 quartus,
2619 4301 2711 4369 qui
2748 4304 2889 4370 apud
2916 4319 3011 4358 vos
3036 4315 3262 4359 octavus
3292 4318 3391 4371 est,

1826 4386 1999 4456 possit
2026 4386 2265 4455 intelligi.
2294 4386 2631 4458 Quapropter
2653 4391 2719 4444 ad
2749 4401 2956 4447 vestros
2984 4393 3218 4458 codic'es,
3247 4410 3393 4463 qure-

1827 4489 1907 4539 so,
1937 4473 2223 4540 recurrite,
2255 4484 2308 4529 et
2347 4486 2523 4530 utrum
2557 4478 2659 4532 hoc
2695 4478 2862 4533 limite
2894 4481 2965 4535 sit
2987 4492 3236 4537 contenta
3275 4500 3396 4553 pro-

3509 2064 3666 2116 moda
3711 2062 4110 2115 cavillationum
4165 2071 4485 2128 argumenta
4539 2065 4968 2127 componerent;
5022 2056 5075 2109 in

3507 2164 3655 2209 arcto
3693 2155 3919 2222 positus.
3974 2155 4074 2206 hac
4126 2169 4243 2220 qum
4289 2166 4353 2204 eo
4407 2150 4508 2203 loci
4562 2158 4846 2204 occurrere
4885 2147 5076 2214 potuit.

3505 2262 3633 2297 νοςυ
3665 2244 3911 2312 respondi
3944 2259 3957 2294 :
3989 2243 4160 2304 Hanc,
4209 2244 4443 2308 inquam.
4482 2237 4934 2308 supputationem,
4959 2250 5078 2303 qua:

3507 2335 3707 2396 fratris,
3750 2337 3828 2385 vel
3872 2336 4071 2386 sororis
4109 2343 4321 2400 neptem
4368 2350 4394 2383 ιι
4441 2341 4649 2399 patruo,
4698 2329 4781 2383 vel
4818 2327 5080 2381 avunculo

3507 2439 3700 2491 magno
3733 2435 3923 2491 qua-to
3953 2423 4226 2475 constituit
4253 2422 4452 2487 gradu;
4492 2420 4656 2472 lilium
4689 2433 4812 2473 vero
4840 2418 5076 2485 ejusdem

3504 2517 3717 2582 patrui,
3760 2515 3841 2565 vel
3887 2515 4154 2573 avunculi,
4183 2513 4322 2564 sicut
4349 2513 4547 2572 dicitis,
4576 2512 4782 2578 quinto,
4832 2520 5077 2578 nepotem

3504 2613 3696 2660 sexto;
3739 2611 4083 2668 pronepotem
4118 2612 4294 2653 autem
4335 2600 4450 2668 ejus
4486 2601 4552 2651 ab
4582 2599 4767 2654 eadem
4794 2613 4911 2665 qua:
4945 2613 5079 2666 prte-

3505 2692 3665 2742 missa
3714 2700 3826 2753 est,
3879 2699 4035 2756 nepte
4067 2689 4355 2757 septimum
4386 2696 4662 2750 numerat;
4694 2685 4933 2740 forenses
4959 2686 5077 2753 qui-

3506 2779 3622 2831 dem
3659 2779 3799 2847 leges
3832 2778 4030 2830 habere
4055 2819 4066 2840 ,
4119 2779 4243 2846 quia
4295 2778 4361 2830 ad
4410 2778 4461 2829 id
4494 2783 4771 2843 tantopere
4802 2775 5071 2836 insistitis,

3502 2878 3747 2937 possunt,
3788 2869 3880 2921 sed
3929 2884 4043 2920 eam
4078 2870 4213 2921 sacri
4262 2881 4495 2920 canones
4536 2880 4639 2918 non
4669 2864 4976 2918 admittunt.
5010 2864 5076 2918 Et

3503 2973 3685 3010 revera
3732 2973 3822 3010 eas
3876 2959 4179 3025 progenies,
4235 2973 4350 3025 qum
4392 2972 4486 3024 per
4524 2957 4765 3010 diversas
4810 2957 4977 3009 lineas
5010 2956 5077 3008 ab

3501 3063 3606 3100 uno
3639 3048 3849 3115 generis
3891 3059 4109 3101 auctore
4145 3048 4467 3115 procedunt,
4524 3061 4859 3115 nequaquam
4894 3046 5075 3100 divina

3502 3137 3584 3192 lex
3628 3138 3911 3204 dupliciter
3943 3146 4229 3190 numerat:
4271 3137 4361 3189 sed
4401 3138 4526 3189 licet
4565 3136 4743 3202 plures
4775 3136 4901 3189 hinc
4953 3135 5077 3188 inde

3501 3228 4045 3296 proﬂuantgeniti,ab
4071 3244 4175 3280 uno
4198 3236 4373 3280 tamen
4392 3226 4650 3296 genitore,
4681 3225 4722 3279 si
4754 3222 5077 3292 generaliter

3502 3319 3838 3385 colligantur,
3857 3318 3953 3369 sub
3972 3331 4070 3369 una
4098 3318 4437 3384 reperiuntur
4451 3313 4794 3381 generatione
4809 3312 5070 3367 cancludi.

3573 3409 3675 3461 Sed
3732 3409 3858 3474 quia
3911 3421 4028 3459 cum
4090 3406 4222 3472 legis
4280 3404 4575 3473 peritorum
4630 3402 4809 3456 faceta
4855 3402 5075 3454 urbani-

3505 3506 3609 3549 tate
3673 3496 4044 3563 conﬂigimus,
4109 3496 4240 3561 legis
4306 3495 4532 3561 peritum
4597 3508 4808 3561 quoque
4862 3493 4915 3544 in
4980 3507 5073 3544 no-

3502 3598 3625 3639 strae
3688 3588 3855 3654 partis
3946 3587 4308 3639 testiinonium
4377 3585 4787 3652 producamus:
4853 3583 5071 3651 Moysen

3500 3677 3749 3738 scilicet,
3809 3692 3912 3727 non
3957 3676 4365 3741 improbandum
4419 3689 4547 3727 sane
4593 3672 5082 3739 jnrisconsultum,

3499 3763 3658 3830 185
3686 3764 3776 3815 sed
3818 3764 3926 3815 sive
3951 3765 4014 3814 ad
4057 3762 4441 3830 depromendos
4484 3761 4754 3828 judicialis
4793 3762 5070 3815 sententia:

3498 3854 3751 3914 caLnlos,
3786 3855 3896 3905 sive
3940 3856 4100 3906 etiam
4150 3856 4200 3906 in
4249 3854 4377 3921 ipsis
4421 3853 4623 3922 legibus
4670 3852 5070 3922 promulgandis

3497 3958 3603 3994 non
3630 3946 3919 4011 vulgariter
3944 3944 4233 3996 eruditum.
4259 3944 4311 3995 ln
4342 3945 4598 4011 magistro
4628 3944 4887 4011 siquidem
4914 3942 5067 3997 disci.

3499 4049 3638 4094 llIlIS,
3687 4034 3813 4099 quid
3851 4032 3917 4083 de
3961 4048 4066 4085 non
4116 4035 4517 4086 contemnenda
4574 4033 4765 4087 indolis
4810 4033 5068 4102 discipulo

3495 4128 3810 4181 sentiamus.
3837 4128 4027 4179 Veniat
4058 4141 4206 4194 ergo,
4242 4136 4295 4179 et
4325 4126 4473 4178 litem
4505 4116 4647 4179 inter
4668 4140 4790 4189 nos,
4811 4141 4926 4194 qum
4952 4140 5068 4179 ver-

3495 4230 3678 4282 satur,
3711 4220 3774 4271 de
3826 4220 4176 4284 generatione
4222 4218 4442 4271 deﬁrniat
4476 4237 4490 4269 :
4529 4218 4605 4270 ait
4635 4227 4864 4283 namque
4891 4216 4956 4270 de
4979 4214 5070 4269 Jo-

3495 4311 3623 4374 St‘pil
3660 4325 3671 4359 :
3712 4325 3729 4356 ι
3781 4308 4029 4374 Vixitque
4071 4315 4288 4360 centum
4344 4322 4547 4372 annos;
4618 4326 4636 4358 ι
4692 4307 4881 4361 deinde
4941 4309 5067 4361 sub-

3487 4399 3708 4465 junxit:
3749 4417 3766 4448 ι
3812 4399 3875 4451 Et
3924 4399 4057 4452 vidit
4117 4400 4375 4467 Ephraim
4430 4400 4567 4455 filios
4629 4416 4796 4469 usque
4855 4401 4922 4455 ad
4960 4410 5066 4455 ter-

3499 4495 3622 4545 tiam
3663 4493 4060 4562 generationem
4099 4491 4251 4563 (Gen.
4304 4494 4377 4562 L).
4419 4513 4438 4545 ι
4478 4494 4578 4560 Qui
4620 4495 4870 4547 nimirum
4925 4496 4968 4547 si
5009 4495 5061 4548 in

1828 4570 2174 4639 genies,quia
2196 4569 2418 4627 forsitan
2445 4574 2664 4638 excidit,
2697 4575 2750 4629 in
2776 4579 3090 4633 memoriam
3121 4590 3389 4636 revocate.
3422 4598 3467 4655 υ
3496 4582 3931 4651 generationibus
3980 4583 4333 4651 supputandis
4389 4598 4510 4636 cum
4564 4584 4761 4638 nostris
4799 4582 5063 4650 iudicibus

1825 4659 1917 4712 Ait
1946 4675 2176 4729 namque
2203 4662 2291 4716 ubi
2329 4678 2490 4733 supra
2520 4665 2658 4719 idem
2696 4665 3026 4724 Justinianus
3051 4671 3167 4740 (lib.
3193 4688 3273 4737 ιιι,
3309 4677 3388 4728 tit.

1829 4749 1905 4801 De
1925 4766 2145 4805 success.
2172 4769 2601 4825 cogn.,paragr.,
2631 4756 2746 4811 Hoc
2776 4758 2908 4830 loco)
2929 4779 2940 4813 :
2965 4780 2980 4812 t
3006 4762 3115 4817 Hoc
3138 4765 3272 4829 loco,
3308 4768 3389 4819 in-

1828 4838 1961 4904 quit,
1989 4848 2042 4891 et
2072 4838 2199 4892 illud
2245 4844 2545 4898 necessario
2574 4846 2890 4901 admonendi
2923 4866 3125 4917 sumus,
3154 4854 3390 4922 agnatio-

1829 4927 1913 4979 nis
1950 4927 2162 4994 quidem
2200 4928 2320 4995 jure
2360 4934 2569 4987 admitti
2609 4936 2835 5011 aliquem
2887 4940 2952 4991 ad
3002 4941 3362 4998 haereditatem

1828 5015 1932 5069 etsi
1962 5016 2167 5070 decimo
2197 5019 2359 5086 gradu
2392 5022 2479 5074 sit.
2520 5042 2538 5074 ι
2570 5024 2702 5080 Cum
2732 5041 2860 5098 ergo
2886 5038 3125 5095 constet,
3170 5034 3289 5100 quia
3332 5049 3389 5087 in

1828 5104 2192 5159 hereditatem
2222 5107 2457 5162 intestati
2480 5112 2654 5173 nullus
2683 5115 2999 5183 admittitur,
3024 5120 3124 5173 nisi
3157 5120 3381 5175 aliinita-

1830 5194 1900 5246 tis
1927 5192 1997 5245 illi
2025 5193 2143 5261 jure
2167 5194 2448 5265 jungatur,
2474 5215 2579 5268 quo
2609 5212 2765 5273 pacto
2810 5206 3048 5261 decimus
3080 5209 3130 5261 in
3165 5211 3383 5264 Ιιίὲιιεόὶο

1831 5289 1996 5335 tatem
2022 5285 2319 5351 agnationis
2341 5287 2459 5356 jure
2489 5293 2747 5358 succedit,
2778 5310 2896 5348 cum
2917 5298 3027 5365 jam
3056 5309 3300 5368 quartus,
3328 5313 3391 5356 ut

1829 5371 2028 5437 dicitis,
2060 5388 2181 5427 cum
2213 5375 2509 5445 hnjusmodi
2540 5385 2781 5451 personis
2810 5385 2956 5440 licito
2984 5390 3389 5445 matrimonium

1830 5462 2129 5531 contrahit,
2176 5466 2430 5521 nimirum
2477 5477 2722 5540 tanquam
2772 5474 3013 5534 decimus
3057 5481 3124 5535 sit
3168 5484 3386 5552 propin-

1831 5567 1999 5645 quus,
2040 5563 2095 5608 et
2139 5566 2362 5624 quartus
2394 5560 2640 5616 videatur
2669 5571 2993 5623 extraneus?
3029 5570 3178 5636 Quod
3208 5576 3249 5627 si
3272 5575 3382 5645 jam

1814 5697 1818 5701 ,
1829 5655 1926 5708 per
1954 5642 2086 5707 haec,
2113 5658 2232 5711 qua:
2256 5649 2500 5716 superius
2535 5657 2917 5722 comprehensa
2957 5671 3079 5713 sunt
3105 5702 3118 5725 ,
3151 5642 3383 5729 constat,

1830 5731 1952 5796 quia
1994 5731 2030 5785 ii
2092 5734 2182 5801 qui
2236 5736 2376 5791 ultro
2425 5740 2668 5810 citroque
2710 5743 2758 5796 in
2807 5757 2996 5815 quarto
3046 5753 3385 5819 reperiuntur

1831 5822 2020 5889 gradu,
2062 5828 2270 5894 cognati
2326 5840 2469 5898 sunt,
2523 5841 2681 5903 atque
2734 5837 3051 5908 propinqui;
3103 5841 3384 5897 audiamus

3494 4674 3885 4736 coocordaret,
3946 4674 4011 4727 ad
4092 4672 4388 4728 Manassem
4459 4690 4671 4743 quoque
4748 4675 5059 4743 respiciens,

3493 4763 3744 4829 Epitraim
3773 4764 4080 4831 progeniem
4105 4778 4210 4816 non
4236 4764 4346 4832 jam
4376 4765 4608 4829 tertiam,
4629 4765 4718 4818 sed
4743 4775 4946 4818 sextam
4969 4780 5059 4833 po-

3495 4852 3597 4904 lius
3644 4853 3981 4904 astruxisset.
4041 4851 4174 4904 Nam
4232 4862 4286 4905 et
4342 4869 4463 4906 mox
4514 4854 4776 4921 sequitur,
4826 4854 5054 4908 dicens:

3499 4959 3514 4990 ι
3556 4940 3679 5013 Filii
3719 4956 3929 5008 quoque
3970 4940 4174 4994 Maehir
4202 4941 4291 4993 filii
4324 4941 4564 4997 Manasse
4589 4943 4702 4996 nati
4732 4954 4853 4997 sunt
4882 4943 4933 4996 in
4968 4958 5060 5013 ge-

3491 5032 3645 5083 nibus
3673 5008 3867 5099 ilosepb
3898 5029 4103 5099 (Ibid).
4143 5050 4160 5081 ι
4196 5031 4326 5085 Cum
4383 5032 4544 5099 igitur
4575 5033 4732 5086 tertia
4776 5008 5058 5102 progenies

3490 5120 3766 5189 Epltraim,
3796 5122 4216 5189 itemquetertia
4270 5121 4512 5177 Manasse
4552 5137 4888 5193 nequaquam
4928 5138 5052 5192 pro~

3490 5220 3609 5277 pter
3632 5210 3943 5264 alterutram
3993 5210 4133 5263 inter
4179 5226 4236 5264 se
4261 5212 4629 5266 habitudinem
4685 5213 4931 5276 tenditur,
4962 5216 5053 5269 scd

3488 5300 3804 5373 simpliciter
3843 5304 4093 5373 utrinque
4129 5306 4319 5370 tertia,
4360 5314 4589 5359 testante
4636 5321 4790 5360 sacro
4820 5305 5050 5375 eloquio.

3488 5395 3833 5464 perhibetur;
3867 5410 3969 5464 qua
4019 5396 4358 5461 auctoritate,
4389 5411 4489 5463 qua
4540 5396 4774 5450 novitate
4796 5396 5052 5452 doctrina:

3489 5484 3715 5538 atllnitas
3748 5486 3826 5539 sic
3874 5486 4126 5538 moderna
4172 5486 4447 5548 dividitur,
4471 5494 4530 5539 ut
4563 5485 4787 5540 duorum
4824 5485 5048 5539 fratrum

3487 5586 3805 5644 pronepotes
3847 5585 3968 5629 octo
4009 5576 4117 5643 jam
4162 5574 4377 5630 differre
4418 5577 4556 5629 inter
4585 5593 4642 5632 se
4681 5577 4928 5645 gradibus
4955 5577 5050 5632 do-

3488 5676 3727 5718 ceantur.
3773 5665 4002 5717 Abrahae
4054 5679 4269 5734 quoque
4309 5666 4374 5718 de
4431 5666 4551 5719 filiis
4597 5665 4710 5734 ejus
4761 5666 5046 5736 Algyptum

3487 5755 3821 5821 postmodum
3869 5754 4210 5821 proiecturis,
4255 5756 4439 5809 eodem
4472 5756 4649 5825 Moyse
4677 5766 4832 5819 teste,
4868 5756 5045 5810 Domi-

3487 5857 3587 5896 nus
3619 5843 3747 5898 dicit
3779 5860 3791 5895 :
3830 5863 3846 5894 ι
3884 5843 4261 5911 Generatione,
4308 5845 4500 5915 inquit,
4536 5856 4725 5915 quarta
4777 5854 5045 5902 reverten-
