5392 6584
1933 153 1944 156 _
1989 159 2048 166 ___
2080 120 2405 167 ,εξςΜ-ῖξτ
2432 146 2457 151 ,ι
2496 148 2503 151 ,
2604 140 2607 143 -
2660 136 2679 159 χ
2776 130 2791 135 π-

1719 201 1740 206 .-
1789 193 1796 200 -ι
1833 193 1892 212 .__-—
1984 182 2025 197 ’.Ἰ
2057 167 2064 170 -
2157 174 2239 214 _
2285 180 2509 208 avi-1F"!
2590 188 2601 191 “
2664 186 2675 189 ”

183 235 324 277 —
388 249 415 274 I
442 141 2553 279 Μ
1677 237 1698 240 -
1721 205 1804 240 ...ε-ο
1855 211 1950 240 ....-·“
1973 213 2052 240 .'_'
2087 217 2142 238 ..ες
2163 247 2172 252 _
2209 225 2242 234 ι-
2323 247 2334 252 _
2382 226 2391 227 ί
2501 238 2504 240 .
2552 180 3049 269 μίμῳ-ι
3031 215 3034 220 ·
3102 240 3115 241 γ
3166 240 3169 241 ,

309 646 399 703 19⁸1
1244 643 1515 703 01⁵1186.
1548 640 1681 698 VIII.
1713 670 1779 681 -
1803 638 1892 695 DE
1931 635 2373 694 PARENTELE
2405 637 2438 695 (ἐ

1244 643 1515 703 01⁵1186.
1548 640 1681 698 VIII.
1713 670 1779 681 -
1803 638 1892 695 DE
1931 635 2373 694 PARENTELE
2405 635 2778 695 GRADIBUS.

313 765 391 812 tur
408 754 517 812 huc
542 754 700 828 (Gen.
736 754 847 825 xv).
879 774 897 808 ι
930 754 1090 811 Enim
1126 770 1255 811 vero
1299 755 1345 811 si
1370 768 1561 809 omnes
1584 751 1893 823 generatio-
1921 758 1973 816 Α
2002 766 2157 807 mens
2181 762 2521 823 argumento,
2552 751 2924 817 Florentinus,
2950 761 3099 821 puto,
3134 754 3311 812 verbis
3339 771 3426 814 me
3446 758 3593 814 beati

312 859 419 909 nes,
447 859 568 916 qum
620 844 723 901 sub
752 840 935 916 Moyse
970 845 1038 899 de
1083 843 1322 914 Egypto
1370 843 1422 897 in
1450 852 1596 897 terra
1637 838 1896 895 Chanaan

310 949 537 991 reversae
564 943 715 999 sunt,
741 932 897 1002 juxta
944 933 1247 989 sententias
1276 942 1587 988 nostrorum
1622 929 1895 999 iudicum,

307 1041 407 1080 vox
431 1025 617 1081 divina
643 1024 927 1090 divideret,
952 1036 1059 1078 non
1082 1022 1483 1093 generationem
1510 1029 1780 1089 quartam,
1802 1017 1898 1072 sed

308 1116 653 1171 millesimam
699 1116 899 1185 potius,
932 1115 1018 1169 vel
1063 1115 1378 1170 ulteriorem
1418 1120 1568 1167 certe
1606 1126 1897 1166 numerum

307 1207 638 1277 protulisset.
668 1207 802 1262 Illud
849 1207 1038 1271 etiam,
1070 1205 1214 1275 quod
1244 1220 1343 1275 per
1368 1202 1710 1260 Psalmistam
1763 1200 1900 1257 dici-

306 1307 392 1351 tur
421 1314 436 1350 :
474 1314 495 1349 ι
534 1296 743 1352 Memor
769 1293 871 1351 fuit
900 1295 1051 1351 verbi
1098 1294 1272 1351 sancti
1313 1294 1416 1359 sui,
1447 1294 1592 1364 quod
1620 1291 1901 1349 mandavit

306 1382 360 1436 in
411 1383 569 1439 mille
608 1385 990 1455 generationes
1019 1380 1193 1453 (Psal.
1219 1382 1362 1451 crv);
1402 1400 1420 1434 ι
1452 1396 1560 1436 non
1590 1380 1656 1435 ad
1682 1378 1897 1434 illarum

310 1475 547 1533 refertur
586 1454 997 1546 generittlonum
1056 1476 1476 1540 multitudinem,
1512 1488 1633 1546 quae
1661 1472 1761 1528 sub
1792 1487 1900 1529 uno

311 1576 557 1636 tempore
585 1566 637 1620 in
664 1566 768 1622 hac
795 1567 906 1621 vita
933 1567 1236 1625 subsistunt
1268 1585 1279 1619 :
1322 1565 1417 1619 sed
1451 1565 1517 1624 ad
1548 1565 1669 1621 illas
1698 1566 1896 1636 potius,

313 1671 431 1725 quae
462 1656 567 1711 sibi
612 1656 840 1711 invicem
895 1670 993 1725 per
1022 1656 1220 1711 smeula
1252 1655 1550 1727 prolixiora
1578 1656 1899 1711 succedunt.

314 1747 447 1801 Nam
471 1748 515 1801 si
539 1746 915 1817 generationes
942 1744 1278 1816 singulorum
1326 1754 1613 1815 parentum
1644 1744 1749 1799 hoc
1782 1745 1902 1800 loco

316 1838 583 1908 Propheta
630 1836 891 1892 voluisset
934 1836 1183 1907 intelligi,
1213 1835 1391 1890 nullus
1412 1844 1497 1889 est
1538 1834 1677 1901 dies,
1707 1850 1813 1905 quo
1846 1837 1901 1890 in

318 1929 511 1998 populo
540 1928 635 1983 Dei
663 1928 808 1983 mille
838 1928 1215 1999 generationes
1248 1942 1353 1981 non
1385 1927 1602 1981 valeant
1632 1928 1855 1997 reperiri
1884 1946 1897 1982 :

317 2027 475 2087 atque
503 2018 622 2072 ideo
649 2017 783 2071 nihil
811 2018 929 2087 plus
949 2026 1095 2073 esset
1124 2018 1380 2071 mandare
1410 2018 1637 2072 verbum
1667 2018 1721 2072 in
1754 2018 1900 2072 mille

3485 639 3591 700 198

1998 840 2245 911 Gregorii
2291 842 2590 898 insolenter
2621 844 2849 914 urgebat
2879 862 2892 896 :
2922 844 3117 912 quibus
3162 846 3419 902 nimirum
3456 863 3597 918 pra:-

1999 932 2141 999 cepit
2170 930 2324 1001 (Reg.
2355 931 2391 984 l.
2418 931 2519 987 ult.
2545 948 2632 1002 ep.
2662 932 2753 996 3|)
2809 933 3017 1003 Anglos
3066 936 3178 1003 jam
3230 944 3421 1004 quarta
3447 975 3462 1001 ,
3508 934 3597 992 vel

1997 1023 2182 1091 quinta
2205 1022 2405 1077 debere
2421 1024 2770 1093 generatione
2784 1022 3057 1093 conjungi.
3084 1044 3102 1076 ι
3129 1024 3302 1088 Licet,
3320 1024 3597 1097 inquiens,

1998 1123 2220 1169 sanctus
2246 1114 2332 1170 ille
2355 1116 2438 1169 vir
2464 1116 2567 1170 hoc
2594 1116 2881 1186 neophyta:
2912 1116 3060 1186 genti
3084 1116 3453 1186 dispensative
3466 1134 3597 1173 con-

1998 1204 2226 1259 cesserit
2252 1220 2267 1270 ;
2302 1213 2487 1259 tamen
2508 1206 2554 1260 si
2585 1206 3030 1276 consanguinitas
3061 1215 3345 1276 tantopere
3362 1217 3516 1263 ‘esset
3543 1210 3595 1266 in

2000 1295 2390 1351 matrimoniali
2415 1296 2760 1367 copulatione
2782 1299 3046 1363 cavenda,
3080 1314 3421 1368 nequaquam
3454 1301 3599 1355 inter

2001 1395 2110 1441 tam
2133 1386 2466 1456 propinquos
2502 1388 2860 1443 conveniendi
2890 1388 3107 1443 licentia
3137 1390 3324 1444 fuisset
3355 1390 3597 1445 indulta:

2000 1486 2213 1532 constat
2235 1477 2446 1547 utique,
2468 1479 2595 1547 quia
2625 1494 2791 1548 super
2819 1478 2925 1533 hoc
2945 1480 3347 1547 coniunctionis
3370 1480 3603 1536 articulo

2001 1570 2395 1637 temperantius
2425 1570 2632 1634 sensit,
2664 1570 2756 1639 qui
2790 1569 2917 1624 licet
2948 1571 3174 1625 rudibus
3202 1582 3409 1640 quartae
3438 1585 3627 1642 gene—p

2000 1656 2228 1711 rationis
2256 1657 2565 1727 coniugium
2594 1673 2701 1713 non
2734 1659 2974 1729 negavit.
2997 1679 3016 1712 ι
3046 1658 3155 1715 Nos
3182 1670 3361 1715 autem
3388 1670 3602 1716 utram-

2001 1760 2104 1815 que
2129 1748 2478 1815 sententiam,
2515 1746 2811 1803 Justiniani
2852 1750 3082 1813 scilicet,
3112 1760 3167 1805 et
3198 1750 3448 1821 Gregorii
3475 1767 3606 1806 cono

2000 1836 2243 1893 feramus
2278 1856 2290 1891 :
2324 1846 2378 1891 et
2410 1847 2665 1907 tanquam
2712 1839 2847 1894 duos
2889 1840 3118 1909 lapides,
3148 1842 3237 1910 qui
3281 1843 3333 1895 in
3379 1857 3481 1897 nos
3533 1857 3603 1897 ex

2002 1928 2186 1983 hostili
2238 1930 2356 1983 acie
2390 1929 2617 1997 iaculati
2650 1940 2795 1996 sunt,
2827 1932 3057 1989 invicem
3099 1934 3438 1998 collidamus,
3470 1951 3606 2003 qua-

2008 2029 2166 2075 tenus
2210 2034 2276 2075 ex
2321 2036 2511 2076 eorum
2566 2025 2981 2092 repercussione
3016 2025 3285 2096 igniculus
3310 2028 3603 2096 exeat,qui

321 2108 714 2174 generationes,
756 2122 918 2177 quam
964 2108 1095 2163 dare
1127 2107 1298 2185 legem
1340 2106 1415 2160 illi
1438 2106 1659 2177 populo,
1689 2108 1779 2162 ubi
1815 2122 1902 2161 es-
1935 2098 1977 2157 Β
2007 2112 2210 2164 eisdem
2244 2112 2447 2166 nostris
2476 2096 2823 2167 'adversariis
2879 2128 2985 2167 non
3034 2114 3211 2169 dicam
3268 2116 3607 2169 cmcutienti-

320 2206 439 2252 sent
482 2197 627 2253 mille
675 2206 874 2266 patres.
918 2196 995 2252 De
1036 2198 1198 2253 beato
1247 2213 1465 2267 quoque
1513 2197 1615 2252 Job
1656 2198 1899 2267 legitur:

330 2288 517 2355 iQuia
566 2288 700 2343 vidit
746 2288 886 2343 ﬁlios
932 2304 1081 2354 suos,
1126 2300 1181 2344 et
1227 2289 1366 2344 ﬁlios
1406 2289 1641 2344 ﬁliorum
1683 2306 1905 2346 suorum

324 2393 489 2448 usque
526 2379 591 2433 ad
642 2388 887 2449 quartam
916 2380 1319 2450 generationem
1362 2379 1484 2451 (Job
1522 2382 1674 2452 xui).
1708 2400 1726 2432 ι
1770 2380 1903 2435 Nam

326 2484 440 2523 cum
495 2467 775 2540 Scriptura
807 2484 914 2525 non
956 2469 1122 2537 dicat,
1155 2470 1354 2525 vidisse
1405 2471 1612 2525 scilicet
1635 2470 1734 2525 Job
1768 2471 1906 2525 ﬁlios

326 2554 413 2615 ﬁlii
460 2562 569 2625 sui,
600 2561 668 2615 ab
703 2577 811 2616 uno
841 2561 1095 2616 nimirum
1135 2562 1483 2631 progenitore
1512 2563 1813 2632 simplicem
1845 2561 1907 2615 li-

331 2669 479 2708 neam
512 2654 927 2708 descendentem
964 2669 976 2705 :
1002 2653 1095 2707 sed
1127 2652 1265 2707 ﬁlios
1294 2654 1527 2707 ﬁliorum
1555 2668 1800 2719 suorum,
1828 2663 1908 2707 at-

330 2758 425 2813 que
485 2759 583 2799 eos
636 2758 825 2798 omnes
878 2759 985 2798 non
1035 2742 1102 2796 ad
1142 2752 1363 2813 quartas
1396 2747 1793 2813 generationes.
1816 2748 1908 2798 sed

330 2834 391 2886 ad
450 2841 699 2902 quartam
764 2832 1110 2903 singulariter
1142 2834 1544 2903 generationem
1580 2835 1813 2897 venisse,
1846 2850 1910 2886 eo

328 2921 560 2985 vivente,
608 2922 1142 2990 pronuntiet:patet
1184 2920 1426 2989 profecto
1484 2922 1610 2989 quia
1672 2923 1907 2975 auctori-

333 3011 436 3064 tate
465 3010 634 3064 divini
667 3008 889 3078 eloquii,
917 3009 1316 3078 generationes,
1345 3026 1465 3079 quze
1486 3026 1516 3063 a
1542 3010 1801 3065 fratribus
1826 3025 1913 3064 ve-

332 3102 502 3165 niunt,
530 3116 641 3155 non
684 3101 892 3164 divisas,
930 3099 1022 3155 sed
1056 3100 1375 3168 simpliciter
1414 3108 1790 3155 numerantur.
1837 3102 1913 3156 De

333 3177 488 3243 Tobia
520 3191 688 3244 etiam
713 3189 791 3243 sic
818 3190 1017 3243 dicitur
1044 3203 1060 3241 :
1094 3209 1112 3238 ι
1152 3191 1402 3258 Viditque
1435 3190 1634 3246 Tobias
1669 3193 1911 3263 quintam

333 3282 727 3349 generationem
758 3280 986 3334 ﬁliorum
1013 3296 1232 3335 suorum
1263 3280 1413 3349 (Tob.
1452 3288 1588 3353 xw).
1634 3303 1653 3334 ι

399 3368 605 3426 Videtis
644 3372 845 3439 itaque,
869 3386 902 3427 ο
922 3371 1153 3441 iudices,
1178 3386 1296 3439 quae
1318 3371 1607 3426 dicuntur:
1640 3373 1910 3439 videlicet,

2006 2200 2131 2261 bus,
2180 2206 2367 2266 utpote
2420 2201 2726 2253 reverentia
2773 2216 3009 2263 servata,
3056 2201 3377 2269 iudicibus:
3422 2212 3605 2260 tamen

2005 2285 2376 2356 lippientibus,
2411 2300 2465 2341 et
2486 2290 2846 2357 caligantibus
2876 2290 3052 2344 lumen
3090 2294 3345 2347 ostendit.

2077 2375 2274 2429 Audite
2319 2376 2501 2446 igitur,
2540 2378 2779 2443 iudices,
2828 2382 3111 2447 utriusque
3160 2383 3400 2436 doctoris
3439 2384 3607 2437 verba

2009 2466 2292 2534 diligenter
2324 2470 2587 2522 attendite
2612 2483 2625 2519 :
2649 2482 2811 2537 atque
2842 2471 2965 2523 illud
2999 2474 3439 2527 tumultuantium
3463 2491 3609 2529 mur-

2010 2572 2150 2619 mur,
2182 2574 2285 2625 quo
2316 2560 2367 2611 in
2398 2559 2537 2621 foro,
2570 2559 2653 2612 vel
2697 2561 3055 2617 tribunalibus
3099 2566 3303 2617 assueti
3333 2568 3486 2630 estis,
3522 2566 3612 2619 hic

2011 2647 2063 2700 in
2116 2648 2360 2703 Ecclesia
2407 2652 2521 2703 ﬁeri
2556 2652 2859 2719 prohibete.
2912 2652 3165 2723 Litigium
3209 2668 3455 2710 nostrum
3497 2674 3607 2712 non

2011 2739 2232 2793 confusa
2258 2742 2492 2810 partium
2516 2741 2820 2811 loquacitas
2847 2755 3059 2813 augeat,
3086 2747 3177 2799 sed
3206 2748 3399 2801 intenti
3427 2750 3610 2804 cordis

2012 2829 2149 2881 ratio
2177 2840 2457 2898 sequestra
2499 2841 2810 2900 componat.
2856 2832 3166 2890 Clamemus
3194 2850 3325 2906 ergo
3351 2837 3509 2892 simul
3543 2837 3609 2892 ad

2014 2918 2322 2983 Dominum,
2353 2930 2517 2989 atque
2546 2921 2772 2996 illipars
2798 2933 3027 2993 utraque
3057 2926 3339 2980 dicamus:
3370 2947 3390 2979 ι
3411 2927 3606 2999 Surge,

2014 3009 2187 3076 Deus,
2247 3010 2429 3078 iudica
2484 3028 2705 3069 causam
2759 3025 2906 3069 tuam
2957 3016 3131 3087 (Psal.
3167 3020 3383 3085 cum).
3425 3041 3444 3073 ι
3496 3021 3613 3091 Age

2013 3100 2178 3169 igitur
2210 3115 2224 3153 :
2259 3103 2399 3157 Dicit
2442 3118 2637 3174 nempe
2665 3104 3011 3161 Justinianus
3038 3118 3237 3175 vester,
3266 3119 3325 3164 ut
3353 3126 3495 3182 saepe
3521 3128 3615 3166 su-

2014 3192 2195 3260 perius
2233 3196 2433 3247 dictum
2477 3205 2599 3247 est:
2636 3216 2653 3246 ι
2691 3197 2828 3263 Quia
2882 3201 3057 3267 neptis
3090 3200 3275 3255 fratris
3313 3203 3389 3255 tui
3416 3212 3614 3272 quarto

2008 3280 2118 3348 jam
2144 3298 2172 3335 a
2199 3291 2248 3337 te
2275 3286 2441 3354 gradu
2470 3286 2752 3351 dividitur,
2793 3307 2813 3339 ι
2849 3291 3106 3344 nimirum
3154 3301 3210 3345 tu
3256 3308 3417 3357 unus,
3445 3294 3607 3349 frater

2020 3382 2143 3425 tuus
2173 3376 2463 3437 secundus,
2491 3377 2633 3431 lilius
2666 3377 2783 3446 eius
2806 3379 2997 3432 tertius
3025 3397 3038 3443 ;
3084 3384 3262 3450 neptis
3291 3391 3470 3436 autem
3498 3382 3616 3451 eius

335 3472 385 3518 ci
415 3484 432 3516 σ
462 3465 895 3535 generationem,
924 3484 942 3516 ›
986 3473 1041 3520 ει
1071 3483 1088 3515 ι
1129 3465 1267 3519 ﬁlios
1315 3463 1549 3518 ﬁliorum
1604 3481 1847 3521 suorum.
1888 3487 1907 3519 ι
1942 3450 1986 3512 C
2019 3474 2212 3531 quarto
2251 3480 2279 3517 a
2313 3475 2365 3519 te
2397 3468 2747 3538 distinguitur
2792 3471 2983 3538 gradu.
3030 3471 3170 3539 Ergo
3198 3472 3241 3525 si
3272 3473 3343 3525 ita
3367 3482 3469 3535 est,
3507 3450 3614 3527 non

335 3556 385 3611 ln
412 3560 546 3615 ﬁlios
581 3558 749 3631 igitur
781 3560 1010 3615 ﬁliorum
1052 3561 1232 3627 plures
1268 3559 1706 3613 descendentium
1742 3559 1911 3612 lineas

336 3659 727 3719 consequenter
754 3649 1012 3703 attendite
1038 3668 1049 3702 :
1077 3650 1128 3703 in
1156 3649 1557 3719 generationem
1584 3657 1764 3701 autem
1796 3664 1913 3716 qua:

339 3741 547 3805 dicitur,
579 3756 776 3796 omnes
824 3738 985 3795 simul
1039 3750 1293 3809 tanquam
1342 3740 1502 3793 unius
1552 3740 1913 3793 successionis

338 3830 571 3885 ordinem
625 3831 900 3900 deputatae.
946 3830 1148 3884 ldioma
1192 3829 1457 3899 siquidem
1506 3837 1591 3883 est
1621 3828 1915 3897 Scriptura:

340 3934 513 3987 sacrae,
547 3922 700 3993 quod
736 3922 1068 3976 diversorum
1103 3920 1331 3974 fratrum
1368 3921 1445 3973 sic
1481 3920 1534 3972 in
1558 3934 1721 3972 unum
1750 3934 1913 3987 gene-

341 4011 464 4066 ratio
511 4011 1016 4080 comprehenditur,
1050 4021 1304 4081 tanquam
1351 4012 1397 4065 si
1440 4012 1508 4065 ab
1550 4025 1657 4064 uno
1701 4011 1916 4063 homine

340 4099 714 4158 descendentis
764 4103 1120 4157 successionis
1161 4102 1332 4157 series
1374 4112 1740 4156 contexatur:
1775 4103 1917 4156 unde

340 4191 379 4245 si
399 4209 511 4263 quae
541 4196 595 4248 in
641 4194 819 4248 sacris
846 4193 1205 4248 voluminibus
1242 4195 1608 4264 reperiuntur,
1640 4193 1799 4248 velim
1831 4193 1919 4248 hic

346 4280 491 4353 186
515 4296 720 4339 cuncta
759 4283 1027 4355 colligere,
1058 4292 1181 4341 ante
1223 4283 1309 4337 lux
1340 4286 1406 4337 ad
1442 4298 1723 4348 occasum,
1754 4299 1917 4352 quam

344 4380 569 4449 exempla
599 4380 924 4451 perveniant
950 4379 1014 4433 ad
1038 4379 1307 4435 effectum.
1341 4378 1792 4432 Animadvertitis
1822 4378 1921 4448 igi-

346 4477 438 4534 tur,
466 4486 498 4525 ο
512 4471 753 4539 iudices,
781 4470 905 4540 quia
936 4472 1061 4524 dum
1084 4471 1223 4525 male
1252 4472 1576 4535 numeratis,
1602 4485 1922 4527 numerosos

346 4564 611 4623 adversum
666 4579 769 4618 vos
828 4564 1184 4618 reclamantes
1222 4564 1361 4617 sacri
1404 4564 1601 4633 eloquii
1650 4574 1815 4619 testes
1841 4566 1922 4619 in-

345 4652 545 4707 curritis
572 4674 585 4707 :
618 4663 678 4709 et
710 4653 840 4706 dum
868 4653 967 4723 sub
992 4653 1173 4707 colore
1199 4653 1433 4723 coniugii
1471 4654 1710 4708 incestus
1732 4655 1922 4709 sordes

346 4740 598 4811 inducitis,
638 4745 1031 4802 ecclesiastica:
1066 4746 1331 4800 castitatis
1368 4745 1687 4799 munditiam
1715 4745 1923 4801 fcedare

2021 3563 2126 3605 tam
2160 3554 2372 3624 longius
2406 3555 2715 3625 fatigemur,
2743 3569 2930 3629 utpote
2986 3562 3076 3629 qui
3112 3566 3334 3631 propius
3370 3564 3617 3621 invenire

2018 3649 2485 3714 pOSaUITIUS,QUU(I
2510 3649 2574 3700 ad
2600 3650 2739 3703 hanc
2762 3666 2873 3703 rem
2892 3654 3257 3705 necessarium
3283 3656 3614 3720 iudicamus.

2090 3731 2221 3786 Cum
2253 3736 2415 3805 igitur
2442 3748 2516 3801 tu,
2556 3739 2696 3792 sicut
2750 3740 2951 3794 dictum
2992 3752 3096 3806 est,
3122 3758 3149 3795 a
3182 3746 3294 3796 tilio
3323 3744 3509 3799 fratris
3541 3747 3617 3799 tui

2020 3829 2095 3881 sis
2129 3831 2339 3894 tertius,
2385 3843 2784 3900 consequenter
2829 3835 2991 3887 ctiam
3028 3834 3132 3887 filia
3184 3844 3271 3888 tua
3316 3837 3384 3890 ab
3421 3838 3615 3893 eodem

2022 3921 2130 3974 ﬁlio
2158 3923 2345 3977 fratris
2370 3924 2444 3975 tui
2468 3934 2697 3993 quartus
2724 3935 2807 3980 est
2850 3927 3081 3995 gradus;
3114 3928 3263 3983 salvo
3290 3930 3503 3985 scilicet
3526 3946 3614 3997 eo,

2022 4016 2161 4065 sicut
2204 4017 2470 4079 asseritis,
2512 4016 2654 4085 quod
2711 4019 2910 4085 gradus
2958 4028 3013 4072 et
3038 4022 3317 4088 generatio
3346 4023 3486 4077 idem
3521 4025 3613 4079 sit.

2022 4104 2175 4169 Quod
2220 4103 2462 4172 profecto
2490 4106 2533 4157 si
2566 4120 2750 4158 verum
2781 4117 2885 4169 est,
2919 4117 3090 4161 totum
3119 4110 3273 4174 illud,
3310 4112 3452 4179 quod
3484 4114 3619 4167 Gre-

2023 4196 2205 4263 gorius
2245 4196 2511 4263 permittit
2552 4204 2746 4263 quarta
2778 4197 2935 4266 187
2962 4200 3310 4267 generatione
3341 4200 3617 4271 conjungi,

2025 4288 2155 4341 nihil
2186 4297 2268 4341 est
2291 4288 2461 4350 aliud,
2494 4288 2596 4341 nisi
2633 4289 2757 4357 quia
2799 4289 3029 4357 duorqm
3074 4289 3299 4345 fratrum
3332 4310 3619 4362 germano-

2024 4395 2162 4439 rum,
2194 4377 2277 4432 vel
2304 4377 2533 4432 duarum
2584 4393 2832 4435 sororum
2895 4381 3033 4455 ﬁlios
3079 4394 3133 4437 et
3178 4383 3317 4437 ﬁlias
3349 4396 3531 4439 censet
3564 4388 3615 4439 in

2026 4468 2373 4523 matrimonio
2402 4469 2669 4537 copulari.
2706 4469 2813 4525 Sed
2856 4473 2945 4524 ubi
2985 4482 3098 4537 est,
3134 4475 3273 4543 quod
3314 4476 3453 4529 idem
3486 4476 3617 4531 Gre-

1974 4594 1982 4607 .
2024 4561 2208 4627 gorius
2234 4561 2456 4615 omnino
2482 4561 2758 4629 prohibet,
2800 4578 2867 4617 ne
2895 4564 3123 4618 duorum
3162 4566 3391 4620 fratrum
3420 4568 3499 4622 vel
3531 4584 3619 4623 so-

2028 4664 2211 4703 rorum
2243 4650 2383 4704 ﬁlius
2419 4661 2473 4704 et
2504 4651 2609 4705 ﬁlia
2640 4653 3119 4708 misceantur?An
3148 4660 3477 4711 censendum
3509 4670 3613 4725 est,

2028 4743 2141 4810 ipse
2178 4742 2396 4796 sibimet
2425 4743 2702 4797 exstitisse
2728 4746 3057 4808 wntrarius,
3090 4757 3148 4799 ut
3175 4752 3316 4815 quod
3340 4750 3617 4817 prohibuit

346 4838 563 4894 tentatis.
598 4839 909 4893 Erubescat
952 4852 1081 4908 ergo
1120 4846 1348 4892 terrena:
1379 4839 1657 4907 sapientia:
1688 4841 1917 4903 vanitas,
1952 4826 2167 4897 Dﬁcri.
2216 4834 2358 4888 illico
2404 4838 2733 4890 decrevisset
2786 4838 3041 4905 impleri?
3088 4838 3193 4892 Sed
3240 4842 3361 4909 quis
3406 4842 3505 4895 huc
3552 4845 3620 4898 de

348 4939 429 4983 nec
465 4929 515 4985 in
542 4930 813 4987 Ecclesiz
842 4945 1061 4985 nemore
1106 4944 1356 4984 errorum
1404 4930 1621 4985 aculeos
1658 4942 1917 5002 spargat;

348 5019 425 5073 sed
471 5038 721 5093 repressa
754 5024 911 5093 pravi
936 5024 1159 5091 spiritus
1182 5025 1492 5093 arrogantia
1521 5038 1690 5078 sacra:
1733 5040 1791 5079 se
1830 5040 1925 5079 an-

349 5109 562 5165 ctoritati
616 5111 907 5167 humiliter
957 5110 1152 5165 subdat
1198 5126 1212 5164 :
1262 5126 1361 5165 nec
1415 5113 1659 5180 protinus
1716 5115 1921 5177 credat,

352 5199 579 5269 quidquid
612 5203 720 5257 sibi
765 5199 1095 5255 luxuriantis
1124 5200 1429 5255 intellectus
1450 5200 1744 5269 petulantia
1774 5202 1923 5259 leno—

355 5286 567 5357 cinante,
609 5293 964 5363 suggeritur;
1009 5291 1102 5345 sed
1144 5292 1285 5360 quod
1316 5306 1343 5344 a
1382 5293 1583 5346 sanctis
1610 5294 1921 5348 doctoribus

357 5373 604 5436 deﬁnitum
624 5393 736 5449 est,
766 5382 878 5435 hoc
899 5395 1109 5435 sacrum
1135 5380 1465 5436 intellectum
1492 5382 1819 5438 omnimodis
1839 5400 1926 5437 ar-

360 5464 577 5528 bitretur.

939 5559 1163 5618 CAPUT
1210 5562 1314 5617 VII.

366 5640 443 5701 Ubi
473 5652 803 5709 aduersam»
831 5651 1121 5705 ἰηιήιοιὶιί
1157 5655 1609 5722 argmluione
1646 5657 1922 5710 ςωιυίπίίι.

420 5738 531 5796 Post
571 5744 717 5799 illam
770 5752 964 5796 autem
994 5744 1084 5795 vix
1122 5742 1445 5797 enatabilem
1476 5744 1767 5799 Iustiniani
1806 5761 1921 5799 aen-

372 5832 579 5899 tentiam,
607 5850 711 5905 qua
746 5830 1023 5887 videlicet
1062 5833 1235 5901 neptis
1285 5832 1471 5890 fratris
1505 5846 1703 5905 quarto
1730 5835 1929 5891 dicitur

374 5933 467 5977 esse
505 5930 701 5997 gradu,‘
722 5925 959 5997 quidam
989 5926 1345 5994 promptulns,
1376 5928 1719 5993 cerebrosus,
1753 5945 1817 5984 ac
1848 5930 1927 5982 die

378 6025 471 6083 Cu,
501 6018 696 6077 scilicet
737 6033 875 6075 acer
928 6015 1174 6085 ingenio,
1213 6019 1436 6073 mordax
1486 6020 1725 6090 eloquio,
1761 6022 1921 6075 vehe-

2026 4924 2288 4991 Gregorio
2318 4924 2527 4987 credat,
2556 4926 2659 4978 nisi
2696 4928 2787 4994 qui
2812 4926 3042 4980 alienata
3078 4941 3257 4983 mente
3290 4947 3511 4998 prorsus
3534 4936 3615 4989 in-

2028 5016 2238 5068 saniat?
2278 5016 2661 5069 Verumtamen
2688 5016 2800 5085 ipse
2828 5015 3193 5086 Cregoriauus
3220 5022 3391 5088 stylus
3416 5024 3479 5075 ad
3504 5039 3621 5080 me-

2028 5109 2173 5161 dium
2207 5108 2407 5167 veniat,
2440 5117 2493 5161 et
2539 5118 2719 5161 utrum
2758 5111 2975 5162 sibimet
3022 5122 3251 5169 constet.
3302 5126 3365 5166 ex
3399 5115 3513 5183 ipso
3543 5118 3620 5168 le—

2028 5201 2223 5252 Ctionis
2252 5199 2439 5253 ordine
2472 5199 2671 5251 clarius
2703 5200 3005 5253 innotescat
3040 5199 3199 5265 (Ibid.
3222 5224 3249 5251 ι.
3288 5222 3304 5252 ι
3338 5204 3615 5269 Quadam,

2032 5290 2233 5357 inquit,
2264 5298 2479 5343 terrena
2511 5289 2595 5342 lex
2643 5290 2695 5341 in
2732 5287 2977 5341 Romana
3006 5294 3277 5359 rapublica
3330 5298 3617 5359 permittit,

2032 5389 2091 5433 ut
2118 5379 2231 5434 sive
2262 5378 2445 5431 fratris
2474 5389 2523 5431 et
2569 5380 2793 5441 sororis,
2834 5394 2927 5433 seu
2970 5386 3195 5433 deorum
3230 5380 3455 5437 fratrum
3504 5400 3619 5452 ger-

2032 5486 2339 5532 manorum,
2358 5470 2439 5523 vel
2457 5470 2681 5523 duarum
2704 5485 2953 5523 sororum
2987 5472 3127 5525 ﬁlius
3146 5482 3199 5525 et
3222 5472 3327 5525 ﬁlia
3354 5476 3621 5529 rbi-suan-

2033 5570 2137 5614 tur.
2166 5559 2271 5615 Sed
2301 5562 2674 5629 experimento
2699 5560 3011 5624 didicimus,
3036 5577 3099 5615 ex
3139 5564 3229 5617 tali
3258 5568 3508 5635 coniugio
3534 5584 3615 5620 m-

2032 5658 2209 5713 bulem
2237 5672 2342 5711 non
2373 5670 2529 5725 posse
2556 5669 2942 5719 succrescere;
2992 5656 3131 5708 unde
3179 5672 3401 5711 necesse
3428 5670 3531 5715 est.
3562 5672 3619 5712 ut

2026 5750 2139 5820 iam
2185 5762 2403 5819 quarta,
2444 5750 2525 5801 vel
2572 5748 2759 5817 quinta
2788 5758 3137 5817 generatione
3168 5748 3353 5804 ﬁdeles
3392 5752 3617 5805 licenter

2034 5842 2131 5894 sibi
2161 5841 2471 5908 iungantur.
2508 5858 2525 5887 ι

2102 5924 2239 5977 Ecce
2292 5926 2404 5990 ipsa
2448 5922 2730 5987 scripturae
2770 5922 2940 5975 series
2991 5926 3331 5989 comprobat,
3360 5926 3487 5993 quia
3521 5925 3615 5981 ﬁlii

2030 6032 2407 6087 germanorum
2460 6012 2709 6073 fratrum,
2766 6014 2817 6068 in
2876 6026 3067 6082 quarta
3112 6018 3463 6083 generaaione
3511 6032 3615 6070 non

4742 6310 5206 6422 Α

4510 6463 5206 6584 -
