5392 6562
1937 531 2042 590 499

2402 529 2462 585 S.
2504 526 2707 585 PETRI
2746 524 3028 583 DAMIANI
3064 524 3215 584 OPP.
3255 521 3491 583 τοιιυδ
3530 522 3661 579 SEU
3691 522 3874 580 PARS
3905 522 3988 579 Ill.
4017 554 4085 563 —
4107 520 4470 578 OPUSCL'LA
4507 521 4733 577 V’ARIA.

5079 519 5177 576 9.00

1937 657 2084 713 sunt,
2115 647 2241 702 dum
2281 658 2386 715 qua
2421 642 2494 697 illi
2546 639 2898 711 prohibentur
2945 638 3271 695 auctoritate
3304 652 3508 692 connu-
3536 638 3581 697 A
3613 652 3842 706 namque
3888 647 3989 702 est,
4020 638 4159 706 quod
4207 638 4572 693 Antichristus
4625 636 4847 690 veniens
4903 634 5180 705 judaizare

1935 739 2094 803 bere;
2145 736 2332 791 eadem
2362 732 2471 795 isti,
2496 729 2589 800 qui
2630 731 2687 783 in
2718 738 2911 797 quarta
2960 727 3307 798 generatione
3354 732 3503 785 sunt,

1935 829 2303 887 conceduntur
2324 821 2728 880 in'matrimonii
2761 820 2963 876 foedera
2987 816 3437 875 convenire.Nam
3461 817 3503 870 si

1934 932 2310 990 germanorum
2331 915 2427 969 filii
2455 915 2508 967 in
2536 921 2729 982 Quarta
2753 912 3103 980 generatione
3123 908 3501 970 consisterent,

1933 1009 2063 1079 quid
2105 1015 2251 1068 esset
2289 1005 2431 1059 aliud
2461 1004 2665 1066 dicere,
2709 1000 2803 1054 tilii
2855 1013 3229 1071 germanorum
3274 994 3503 1050 fratrmn

1932 1115 2041 1153 non
2063 1098 2376 1168 jungantur,
2405 1103 2459 1149 et
2485 1093 2701 1147 tertium
2731 1092 2785 1146 in
2810 1099 2999 1160 quarta
3031 1088 3378 1159 generatione
3407 1088 3503 1140 ho-

1931 1190 2106 1243 mines
2124 1186 2413 1249 socientur,
2440 1183 2540 1237 nisi
2566 1191 2816 1250 tanquam
2849 1183 2923 1235 sic
2953 1194 3130 1233 sermo
3159 1177 3498 1246 procederet:

1932 1276 2239 1331 consobrini
2271 1273 2502 1328 invicem
2538 1282 2593 1326 et
2619 1286 2723 1324 non
2746 1268 3059 1338 iungantur,
3097 1276 3150 1322 et
3172 1265 3503 1336 jungantur‘!

1931 1369 2084 1437 Quod
2110 1368 2293 1436 utique
2326 1364 2667 1419 ridiculosum
2722 1361 2899 1430 potius
2943 1374 3106 1428 quam
3132 1358 3501 1412 authenticum

1928 1459 2238 1513 haberetur.
2290 1455 2441 1510 Unde
2485 1463 2539 1505 et
2586 1452 2724 1504 idem
2771 1448 3093 1502 venerabilis
3134 1447 3323 1500 doctor
3356 1453 3502 1514 post-

1929 1567 2090 1622 quam
2140 1547 2395 1618 praemisit
2425 1564 2438 1598 :
2469 1563 2486 1595 ι
2524 1542 2756 1622 ῌοοεεεθ
2799 1550 2902 1605 est,
2931 1549 2988 1593 ut
3022 1539 3134 1607 jam
3179 1547 3393 1608 quarta,
3417 1539 3500 1593 vel

1929 1644 2115 1712 quinta
2142 1638 2486 1710 generatione
2517 1633 2697 1688 fideles
2726 1632 2952 1686 licenter
2980 1632 3080 1685 sibi
3109 1629 3436 1699 jungantur;
3478 1648 3495 1680 ι

1926 1730 2168 1798 protinus
2210 1726 2428 1780 intulit:
2467 1744 2483 1775 ε
2524 1722 2657 1785 Nam
2690 1738 2720 1776 a
2750 1724 3006 1783 secunda,
3058 1736 3216 1791 quam
3249 1720 3502 1787 praedixi-

1925 1836 2065 1883 mus,
2089 1818 2397 1873 omnimodo
2422 1816 2578 1870 debet
2600 1814 2880 1868 abstineri.
2920 1832 2937 1864 ›
2973 1812 3112 1866 Ecce
3129 1811 3241 1881 jam
3273 1811 3498 1879 lapides,

1926 1926 2062 1979 quos
2091 1908 2299 1962 hostilis
2337 1920 2529 1959 manus
2560 1904 2871 1967 intorserat,
2903 1902 3103 1955 vicaria
3149 1903 3291 1954 inter
3315 1916 3372 1954 se
3403 1902 3497 1953 im-

3606 729 3850 782 homines
3891 730 4100 793 doceat,
4131 739 4185 783 et
4212 731 4403 783 vetusti
4443 729 4675 783 hominis
4706 729 5056 783 cmremonias
5087 743 5177 785 no-

3605 820 3685 873 vis
3722 820 4043 888 evangelicae
4073 821 4255 888 gratia:
4286 821 4492 889 legibus
4518 828 4830 887 anteponat.
4866 819 4973 873 Vos
5001 829 5176 875 autem

3606 924 3709 962 non
3767 910 3876 971 sic,
3921 912 4014 963 sed
4071 911 4220 978 (licet
4271 911 4585 979 ignorantia:
4636 910 4807 979 caligo
4859 909 4921 962 ad
4973 919 5179 978 tempus

3604 999 3922 1068 obrepserit)
3961 1000 4025 1052 ad
4074 1001 4213 1055 sacri
4267 1001 4463 1069 eloquii
4521 1001 4764 1070 paginas.
4798 1000 4942 1054 velut
4978 1002 5179 1070 perspi-

3604 1103 3760 1142 cuum
3793 1088 3968 1140 lumen
4013 1101 4208 1156 prmsro
4238 1090 4518 1152 recurrite,
4549 1090 4754 1160 proprii
4785 1104 4973 1143 sensus
5021 1104 5176 1143 erro-

3602 1195 3715 1233 rem
3757 1195 3879 1232 cum
3925 1175 4228 1233 humilitate
4256 1181 4522 1249 deponite,
4561 1189 4722 1249 atque
4752 1181 4816 1233 ad
4843 1190 5001 1234 rectae
5026 1181 5180 1236 intel-

3602 1270 3834 1339 ligentia:
3884 1269 4150 1322 tramitem
4196 1270 4513 1337 quantocius
4543 1274 4825 1338 repedale:
4853 1277 4905 1323 ut
4928 1270 5016 1337 qui
5045 1272 5180 1323 inter

3600 1362 3877 1415 clientium
3913 1362 4095 1414 turbas
4149 1363 4345 1414 tenetis
4385 1362 4438 1415 in
4489 1368 4771 1431 gymnasio
4804 1360 5048 1424 ferulam,
5076 1379 5175 1417 non

3600 1453 3893 1507 vereamini
3915 1452 4102 1505 subire
4131 1454 4181 1504 in
4211 1451 4449 1504 Ecclesia
4475 1451 4841 1520 disciplinam;
4869 1463 4919 1505 et
4945 1452 5036 1520 qui
5065 1462 5175 1505 tan-

3600 1557 3758 1610 quam
3784 1541 3926 1599 docti
3958 1542 4222 1609 peroratis
4250 1542 4301 1593 in
4331 1541 4690 1595 tribunalibus
4712 1557 4921 1605 causas,
4952 1539 5177 1595 sufﬁciat

3601 1631 3752 1684 vobis
3788 1631 3927 1684 sicut
3965 1631 4206 1683 docentis
4239 1630 4288 1682 in
4316 1630 4558 1683 oratorio
4589 1629 4788 1684 Christi
4834 1629 5019 1683 audire
5059 1646 5178 1684 scn-

3604 1724 3817 1777 teutias.
3846 1722 4138 1776 llonestum
4167 1724 4365 1792 quippe
4390 1732 4493 1786 est,
4514 1732 4572 1777 ut
4599 1723 4697 1792 ipsi
4730 1724 4889 1777 etiam
4917 1724 4968 1777 in
4994 1725 5176 1793 mysti-

3604 1815 3704 1878 cis,
3728 1831 3790 1868 ac
3813 1815 4179 1884 spiritualibus
4204 1815 4382 1869 causis
4418 1830 4477 1869 se
4501 1817 4776 1883 praebeant
4809 1815 5057 1881 humiles,
5086 1818 5174 1886 qui

3604 1906 3853 1958 humanis
3888 1907 4117 1974 negotiis
4156 1917 4551 1960 consueverant
4585 1907 4872 1977 prtesidere
4903 1921 5173 1962 censores.

1927 2000 2174 2067 pactione
2193 1997 2549 2054 contudimus,
2581 1992 2846 2046 scintillas
2875 1991 3175 2056 elicuimus,
3200 1991 3378 2044 lumen
3410 1991 3497 2044 ba-
3531 1969 3572 2026 η
3602 1993 3864 2060 Quocirca
3889 1996 4134 2062 quisquis
4164 2010 4241 2056 es,
4268 1996 4358 2064 qui
4398 1996 4778 2064 cognationum
4811 1996 5008 2065 gradus
5047 2011 5177 2049 enu-
5205 2034 5210 2069 ,

1926 2089 2135 2143 bemus.
2194 2085 2545 2141 Amhulemus
2572 2097 2702 2152 ergo
2731 2083 2782 2135 in
2812 2081 3011 2136 lumine
3044 2082 3272 2144 Domini,
3307 2096 3374 2134 ne
3403 2096 3499 2134 nos

1931 2182 2162 2234 tenebrte
2186 2177 2648 2246 comprehendant
2670 2173 2850 2241 (Joan.
2882 2175 3004 2243 ιιι).
3032 2174 3186 2240 Quod
3217 2174 3258 2227 si
3285 2188 3368 2226 me
3394 2172 3496 2225 for-

1926 2277 2071 2323 tasse
2119 2267 2420 2329 consulitis,
2470 2264 2703 2332 qualiter
2759 2264 2845 2318 illa
2896 2263 3184 2318 Justiniani
3235 2264 3497 2317 sententia

1922 2357 2092 2429 possit
2118 2356 2344 2419 absolvi,
2386 2352 2516 2407 nihil
2542 2365 2728 2408 nostra
2770 2353 3013 2408 interest.
3050 2352 3213 2406 Vobis
3234 2352 3497 2420 siquidem

1923 2455 2102 2502 vestra
2146 2445 2522 2514 relinquimus,
2547 2459 2647 2498 nec
2696 2442 2854 2505 alieni
2893 2444 3047 2497 nobis
3066 2441 3223 2499 ofﬁcii
3252 2443 3497 2511 peritiam

1926 2553 2259 2609 arrogamus.
2301 2536 2415 2590 Hoc
2463 2543 2692 2597 tantum,
2718 2532 2861 2602 quod
2906 2532 2971 2585 ad
3010 2547 3107 2586 nos
3150 2533 3361 2596 attinet,
3392 2548 3499 2585 non

1926 2629 2241 2690 omittimus,
2272 2627 2396 2694 quia
2425 2639 2529 2678 non
2564 2637 2778 2691 semper
2805 2622 2909 2674 iuta
2936 2621 3182 2684 summis,
3211 2636 3316 2674 non
3345 2638 3500 2674 mun-

1927 2720 2063 2773 dana
2105 2718 2294 2780 sacris,
2327 2731 2431 2770 non
2469 2712 2800 2768 concordant
2848 2711 3082 2764 humana
3116 2710 3328 2763 divinis.
3366 2710 3498 2762 Nam

1927 2826 2048 2864 cum
2102 2809 2190 2863 ille
2242 2815 2453 2875 neptem
2514 2803 2695 2858 fratris
2740 2802 2792 2855 in
2843 2810 3037 2870 quarto
3080 2800 3247 2869 gradu
3291 2807 3500 2854 asserat

1926 2900 2295 2960 constitutam,
2327 2896 2386 2949 Β.
2417 2894 2730 2964 Gregorius,
2779 2899 2838 2944 ut
2870 2891 2921 2943 in
2952 2899 3201 2959 promptu
3240 2898 3343 2951 est,
3369 2890 3498 2942 duo-

1924 3004 2044 3044 rum
2097 2988 2345 3048 fratrum,
2376 2983 2461 3044 vel
2490 2997 2738 3037 sororum
2768 2980 2906 3033 filios
2931 2988 2986 3032 et
3015 2977 3171 3039 filias,
3202 2978 3342 3044 quod
3391 2977 3494 3030 titi-

1925 3095 2029 3149 que
2073 3076 2417 3148 longinquius
2456 3083 2559 3137 est,
2586 3080 2748 3154 atque
2778 3074 3059 3134 remotius,
3094 3070 3380 3121 secundam
3411 3082 3501 3136 ge-

1925 3167 2261 3223 nerationem
2290 3171 2470 3217 vocat.

2512 3249 2741 3306 CAPUT
2778 3246 2914 3300 VIII.

1927 3345 2077 3412 Quod
2105 3345 2320 3406 septima
2353 3341 2614 3409 generatio
2640 3339 2692 3389 in
2729 3333 3096 3405 pronepotibus
3131 3349 3231 3385 non
3258 3332 3496 3385 habetur.

1995 3435 2108 3490 Hoc
2136 3434 2295 3487 etiam
2326 3446 2429 3483 non
2476 3428 2699 3482 minimo
2724 3434 3038 3495 argumento
3063 3431 3161 3485 est,
3194 3423 3497 3491 septimam,

1924 3535 1978 3581 et
2023 3534 2267 3580 octavam
2319 3518 2724 3590 generationem
2772 3516 2825 3568 in
2872 3514 3095 3566 fratrum
3125 3527 3500 3581 germanorum

1924 3617 2337 3691 pronepotibus;
2369 3623 2427 3666 ut
2477 3609 2699 3671 asseris,
2744 3621 2848 3660 non
2909 3604 3133 3672 expleri,
3188 3604 3309 3670 quia
3361 3604 3499 3655 sacri

1922 3710 2214 3779 prohibent
2248 3715 2483 3756 canones
2516 3717 2528 3751 :
2562 3707 2621 3751 ut
2661 3694 2896 3765 quandiu
2930 3692 3065 3745 linea
3122 3692 3502 3760 consanguini-

1925 3800 2053 3854 tatis
2101 3795 2427 3866 agnoscitur,
2457 3791 2537 3843 vel
2588 3789 2641 3841 in
2697 3784 2953 3838 memoria
3012 3785 3292 3845 retinetur,
3325 3782 3500 3836 nullus

1922 3905 2144 3945 uxorem
2192 3887 2257 3939 de
2297 3884 2510 3954 propria
2548 3880 2869 3949 cognatione
2913 3884 3202 3944 praesumat
3233 3876 3498 3943 accipere.

1923 3980 1990 4033 Et
2006 3989 2151 4032 certe
2173 3974 2457 4030 ttounullos
2480 3971 2638 4024 hodie
2662 3968 2713 4020 in
2738 3981 2899 4020 carne
2925 3966 3162 4018 viventes
3190 3966 3498 4032 aspicimus,

1930 4070 2091 4139 188
2115 4068 2205 4136 qui
2232 4080 2288 4119 se
2330 4063 2597 4133 gaudeant
2643 4066 2895 4127 nepotum
2954 4070 3173 4109 suorum
3206 4055 3378 4107 adhuc
3411 4067 3499 4106 so-

1923 4162 2047 4215 bole
2085 4156 2381 4212 t'ecundari.
2421 4151 2664 4206 Censetis
2694 4150 2876 4220 igitur,
2922 4155 2979 4199 ut
3007 4149 3188 4198 senior
3212 4145 3317 4208 ille,
3351 4142 3501 4210 cujus

1925 4250 2215 4319 posteritas
2234 4246 2344 4313 jam
2377 4245 2428 4296 in
2480 4249 2804 4310 pronepotes
2846 4237 3172 4295 extenditur,
3209 4252 3326 4289 cum
3383 4250 3500 4303 ger-

1926 4358 2084 4396 mano
2112 4356 2208 4394 suo
2228 4336 2854 4407 mquevidelicetproavo
2878 4332 3109 4401 conjugii
3136 4329 3308 4384 ftedus
3335 4330 3497 4388 ineat,

1926 4443 1976 4486 et
2001 4440 2351 4501 pronepotem
2382 4428 2524 4480 illius
2565 4440 2662 4477 suo
2708 4423 2985 4491 pronepoti
3017 4422 3067 4473 iu
3102 4420 3500 4472 matrimonium

1929 4526 2124 4578 tradat.
2155 4521 2304 4587 Quod
2334 4518 2573 4587 profecto
2605 4530 2761 4583 quam
2798 4516 2864 4566 sit
2891 4514 3205 4569 absurdum,
3231 4524 3501 4579 quamque

1927 4615 2028 4683 ipsi
2075 4620 2280 4666 naturae
2310 4609 2552 4662 videatur
2603 4603 2879 4666 horribile,
2934 4612 3092 4669 atque
3144 4601 3496 4659 contrarium,
3528 4633 3575 4691 Β

1927 4705 2067 4760 nulla
2118 4704 2320 4772 indiget
2352 4698 2765 4768 exaggeratione
2800 4695 3104 4749 verborum.
3153 4694 3281 4759 Qum
3319 4704 3495 4746 autem

1926 4795 2211 4867 progenies
2255 4802 2360 4846 tam
2423 4789 2668 4857 ignobilis
2719 4787 2903 4849 lateat,
2939 4795 2997 4839 ut
3042 4785 3123 4839 vel
3178 4787 3315 4838 inter
3355 4785 3497 4852 ipsos

1926 4887 2255 4957 propinquos
2282 4881 2541 4935 memoria
2571 4879 2635 4931 ad
2665 4893 2891 4946 proavos
2914 4892 3017 4928 non
3049 4883 3290 4927 recurrat
3314 4875 3335 4925 ?
3363 4889 3495 4943 prae-

1927 4977 2112 5031 sertim
2135 4989 2256 5028 cum
2283 4972 2382 5024 etsi
2415 4972 2531 5038 ipse
2558 4978 2904 5035 utrorumque
2932 4980 3306 5035 germanorum
3348 4974 3499 5031 pater

1930 5064 2101 5118 adhuc
2131 5064 2291 5121 vivat,
2328 5060 2468 5129 quod
2497 5058 2659 5111 etiam
2679 5060 2853 5126 ipsum
2884 5058 3132 5120 vidimus,
3164 5075 3348 5114 omnes
3379 5061 3497 5115 illas

1929 5170 2189 5226 personas
2240 5154 2291 5205 in
2341 5167 2435 5205 sua
2474 5146 2885 5222 potestate’jure
2931 5151 3102 5218 possit
3142 5151 3358 5219 habere,
3386 5169 3499 5207 om-

1931 5256 2131 5311 nesque
2164 5241 2315 5308 legali
2341 5240 2607 5293 sententia
2639 5240 2773 5292 filios
2802 5240 3089 5308 appellare.

2003 5337 2131 5400 Quae
2158 5343 2334 5388 autem
2362 5346 2538 5385 rerum
2571 5341 2652 5383 est
2684 5331 2911 5398 species,
2948 5333 2990 5383 si
3024 5341 3173 5400 pater
3202 5335 3338 5387 inter
3362 5335 3500 5388 filios

1930 5437 2203 5492 utcunque
2254 5423 2574 5490 longinquus
2629 5421 3025 5474 matrimonium
3077 5425 3402 5477 contrahat:
3446 5436 3501 5480 et

1934 5515 2125 5583 quibus
2156 5515 2291 5566 inter
2322 5527 2379 5566 sc
2427 5512 2655 5564 invicem
2700 5509 2954 5563 fratribus
2980 5512 3094 5580 ipse
3129 5524 3279 5581 pater
3309 5525 3408 5577 est,
3446 5516 3498 5569 in

1933 5603 2224 5673 nuptialem
2256 5602 2496 5669 copulant
2538 5599 2995 5669 jungat?Videtis
3026 5603 3187 5671 igitur
3206 5603 3339 5672 jam,
3371 5606 3497 5673 quia

1935 5710 2056 5749 cum
2117 5693 2209 5745 ﬁlii
2260 5693 2377 5745 sitis
2427 5691 2700 5756 Ecclesiae,
2734 5691 2798 5743 ad
2837 5693 3021 5746 matris
3073 5685 3321 5761 injuriam
3364 5696 3498 5748 ritus

1937 5781 2190 5836 inducitis
2242 5779 2532 5850 Synagogze
2565 5798 2578 5833 :
2611 5790 2665 5835 et
2726 5780 2823 5833 sub
2878 5780 3206 5848 professione
3268 5783 3501 5836 nominis

1936 5871 2227 5927 Christiani
2270 5871 2517 5926 hmresim
2560 5871 2894 5940 prmcurritis
2932 5873 3265 5927 Antichristi.
3306 5872 3498 5927 Notum

3603 2099 3815 2137 merare
3837 2084 4093 2152 disponis,
4118 2084 4221 2136 noli
4247 2084 4444 2139 lineam
4471 2085 4648 2148 linem,
4674 2101 4737 2139 ac
4761 2085 4803 2139 si
4828 2085 5005 2138 licium
5030 2084 5175 2150 licio,

3603 2176 3655 2229 in
3708 2175 4039 2242 longitudine
4095 2175 4394 2241 adjiciendo
4445 2178 4794 2240 subnectere,
4828 2177 4919 2229 sed
4956 2177 5178 2232 descen-

3601 2265 3785 2316 dentes
3822 2265 3946 2317 hinc
3977 2265 4098 2317 inde
4143 2280 4401 2332 personas
4447 2266 4698 2320 uuimoda
4732 2276 4935 2319 tantum
4977 2282 5176 2336 suppu-

3603 2354 3805 2406 tatione
3855 2354 4113 2408 conclude
4140 2374 4151 2407 :
4183 2356 4434 2409 nimirum
4483 2367 4541 2409 ut
4594 2374 4696 2411 non
4740 2359 4906 2420 dicas,
4946 2368 5179 2426 quatuor

3601 2446 3728 2498 hinc
3767 2447 4162 2508 generationes,
4195 2455 4244 2499 et
4285 2456 4515 2513 quatuor
4550 2447 4689 2511 inde,
4724 2457 4844 2502 octo
4878 2450 5178 2518 generatio-

3603 2551 3697 2589 nes
3727 2534 3859 2587 fiunt
3885 2552 3898 2598 ;
3934 2535 4023 2587 sed
4048 2537 4224 2604 potius
4247 2537 4352 2598 dic,
4373 2539 4495 2606 quia
4522 2553 4763 2606 persona:
4795 2541 4909 2591 ista:
4935 2539 4984 2591 in
5014 2554 5175 2608 quar-

3606 2634 3654 2678 ta
3686 2626 3902 2678 sibimet
3940 2625 4286 2693 generatione
4325 2627 4646 2680 consistunt.

4212 2736 4437 2790 CAPUT
4477 2736 4566 2789 IX.

3602 2821 3752 2887 Quod
3789 2832 3947 2892 Juxta
3980 2826 4319 2893 prrrcedentir
4351 2842 4585 2889 persona:
4614 2827 4856 2895 gradum,
4890 2826 5177 2879 communis

4023 2896 4167 2946 debet
4192 2896 4415 2958 afﬁnitas
4438 2898 4743 2962 computari.

3672 2980 3726 3034 Si
3759 2997 3887 3035 vero
3916 2983 4152 3050 impares
4177 2982 4302 3045 sint,
4339 2983 4588 3036 nimirum
4619 2993 4674 3037 ut
4699 2985 4796 3039 iste
4838 2996 4991 3039 sexto
5025 2987 5174 3040 inve-

3601 3070 3783 3123 niatur
3831 3073 4020 3139 gradu,
4062 3072 4149 3123 illa
4172 3071 4428 3137 septimo,
4464 3071 4547 3125 vel
4585 3072 4876 3142 deinceps,
4923 3074 4987 3127 ad
5036 3089 5176 3142 pra:-

3601 3161 3877 3217 cedentem
3906 3161 4150 3228 gradum,
4184 3170 4242 3213 ut
4266 3161 4393 3214 mihi
4425 3161 4657 3222 videtur,
4687 3172 4766 3215 est
4812 3161 4952 3217 illico
4994 3178 5176 3218 recur-

3604 3254 3828 3308 rendum
3862 3266 3877 3304 :
3912 3261 4070 3318 atque
4110 3252 4252 3303 illius
4303 3252 4496 3305 intuitu
4552 3253 4945 3306 decernendum
4990 3263 5094 3317 est,
5123 3255 5176 3308 in

3602 3344 4004 3398 matrimonium
4035 3344 4166 3395 tales
4197 3345 4490 3396 convenire
4516 3360 4617 3396 non
4649 3358 4822 3412 posse.
4850 3345 4998 3399 Licet
5034 3348 5176 3401 enim

3599 3437 3719 3505 quis
3751 3435 4105 3500 limitemjarn
4153 3434 4493 3501 cognationis
4535 3435 4776 3501 excedat,
4827 3450 4927 3489 non
4955 3438 5174 3504 expedi-

3602 3537 3711 3579 tum
3744 3526 3954 3579 videtur
3985 3525 4127 3577 illam
4161 3526 4372 3582 ducere.
4416 3540 4576 3592 quam
4623 3525 4797 3579 adhuc
4832 3529 5061 3596 propria:
5114 3527 5172 3582 Ii-

3601 3629 3714 3667 nea:
3768 3628 4020 3666 mensura
4086 3622 4344 3668 enarctat.
4402 3613 4693 3682 Explcatur
4729 3612 4994 3681 siquidem
5025 3618 5176 3685 prius

3602 3712 3768 3755 totum
3824 3702 4059 3769 undique
4109 3703 4397 3769 parentelze
4446 3718 4664 3771 corpus,
4712 3712 4765 3757 et
4812 3705 4889 3757 sic
4932 3705 5041 3773 jam
5077 3705 5177 3760 fm-

3599 3791 3724 3845 dcra
3787 3792 4008 3845 redeant
4056 3792 4386 3860 nuptiarum.
4419 3792 4618 3846 Verum
4672 3794 4715 3848 si
4767 3795 4851 3848 cui
4883 3810 5043 3862 super
5074 3796 5174 3851 hac

3602 3885 3868 3936 sententia
3945 3884 4188 3937 lorlassis
4260 3885 4588 3953 ambigitur,
4651 3886 4809 3940 sedes
4879 3888 5173 3955 apostolica

3602 3973 3935 4025 consulatur.
3991 3972 4096 4025 Nos
4148 3974 4289 4026 enim
4343 3975 4624 4029 honestius
4688 3975 4933 4031 ducimus
4994 3978 5175 4047 inqui-

3605 4064 3767 4119 rendo
3796 4062 3955 4131 189
3984 4078 4102 4115 cum
4143 4063 4262 4116 aliis
4290 4065 4514 4127 discere,
4542 4082 4701 4135 quam
4738 4067 4834 4120 soli
4882 4069 5173 4125 nesciendo

3601 4153 3836 4205 docere:
3870 4162 3924 4205 et
3969 4152 4020 4204 in
4064 4153 4258 4221 quibus
4306 4153 4404 4223 ipsi
4452 4155 4731 4216 hzeremus,
4774 4155 4989 4212 firmare
5039 4158 5174 4213 alios

3604 4243 3945 4294 temerarium
4005 4244 4326 4310 jndicamus.
4402 4245 4781 4299 Verumtamen
4839 4246 4961 4315 quia
5018 4248 5169 4317 juxta

3603 4334 3989 4400 praecedentem
4022 4334 4278 4386 linearum
4304 4336 4525 4401 gradum
4559 4337 4811 4391 debemus
4839 4342 5172 4408 generatioui

3602 4424 3860 4477 calculum
3887 4440 4105 4492 ponere,
4143 4425 4269 4477 iilud
4296 4426 4455 4479 etiam
4486 4428 4642 4480 datur
4672 4429 4886 4491 indicio,
4915 4434 5054 4500 quod
5082 4449 5172 4487 su-

3601 4515 3781 4582 perius
3819 4514 4047 4567 Abrahae
4086 4516 4367 4568 Dominum
4398 4518 4707 4584 promisisse
4738 4521 5040 4582 retulimus,
5089 4525 5169 4577 vi-

3602 4607 3794 4660 delicet
3822 4626 3832 4658 ε
3867 4606 4014 4672 Quod
4055 4608 4396 4674 generatione
4420 4620 4608 4677 quarta
4646 4623 4825 4664 essent
4849 4611 4936 4664 filii
4965 4615 5082 4681 ejus
5103 4616 5170 4669 de

3605 4698 3862 4749 servitute.
3904 4697 4149 4764 {Egyptia
4197 4696 4455 4760 liberandi
4510 4696 4659 4767 (Cen.
4709 4713 4858 4769 xxv).
4908 4701 5063 4767 Nam,
5116 4713 5173 4759 ut

3602 4791 3843 4859 egregias
3874 4789 4152 4841 Israelitici
4194 4789 4403 4857 generis
4448 4789 4612 4843 lineas
4640 4807 4989 4861 apponamns,
5022 4811 5173 4865 rega-

3604 4880 3704 4932 lem
3756 4880 3997 4931 videlicct
4042 4890 4199 4946 atque
4243 4880 4666 4945 sacerdotalem,
4714 4881 4837 4935 Levi
4889 4887 5173 4953 progenies

3605 4981 3730 5023 tunc
3784 4980 3897 5022 erat
3938 4979 4145 5037 quarta.
4192 4969 4283 5023 sed
4328 4968 4475 5022 Iud-.e
4525 4972 4797 5039 generatio
4826 4972 4934 5037 jam
4984 4974 5173 5041 quinta

3605 5070 3965 5126 prccccsseral.
4007 5059 4137 5111 Cum
4184 5073 4311 5126 ergo
4340 5074 4442 5111 n:n
4474 5058 4787 5127 longiorem,
4830 5061 4919 5113 serl
4962 5060 5172 5116 brevio-

3606 5166 3714 5201 rem
3752 5150 4147 5201 successionum
4196 5149 4389 5201 liueam
4422 5149 4598 5201 divina
4649 5166 4750 5203 vox
4799 5152 4996 5218 posuit,
5039 5168 5173 5221 quo-

3604 5240 3990 5297 ‹1;ιιιτιιιο”ο,ιιι
4035 5238 4369 5304 conjicimus,
4403 5237 4634 5305 regulam
4673 5240 4825 5291 nobis
4874 5241 4924 5292 in
4966 5256 5169 5311 suppu-

3604 5334 3775 5385 landfs
3803 5349 3913 5399 grn‘
3938 5331 4233 5384 rationibus
4263 5347 4356 5383 sua
4387 5332 4702 5384 auctoritate
4727 5332 4994 5399 pra‘tixit:
5026 5345 5084 5386 ut
5119 5337 5169 5387 in

3601 5440 3659 5477 ea
3718 5424 3837 5491 quis
3889 5423 4143 5489 progenie
4194 5438 4312 5475 cum
4370 5421 4474 5474 alio
4522 5431 4773 5475 constare
4834 5432 5118 5477 censeatur
5155 5467 5166 5488 ,

3603 5513 3653 5566 in
3684 5530 3788 5582 quo
3811 5512 4059 5566 videlicet
4082 5513 4243 5581 gradu
4281 5528 4389 5566 sua:
4414 5512 4569 5566 linea:
4597 5496 4840 5581 superior
4875 5512 5167 5569 invenitur.

4209 5619 4431 5674 CAPUT
4489 5620 4555 5674 Χ.

3605 5713 3754 5778 Quod
3800 5713 3854 5765 in
3904 5712 4236 5764 numerandis
4267 5711 4513 5780 gradibus
4550 5728 4654 5764 una
4682 5710 4860 5763 debeat
4901 5692 5169 5764 abundare

4266 5795 4505 5849 persona.

3674 5874 3971 5929 Notandum
3998 5887 4209 5941 quoquc
4230 5880 4330 5930 est,
4360 5871 4498 5941 quod
4518 5870 4573 5925 in
4600 5869 4971 5940 cognationum
5005 5881 5167 5937 gene-
