5392 6462
1319 390 1563 452 orasc.
1597 396 1724 455 vnt.
1755 429 1821 439 —
1852 397 1939 452 on
1979 391 2416 452 passuram:
2454 364 2826 454 caspinos.

3539 393 3651 449 201

359 513 659 571 rationibus
683 515 1035 569 numerandis
1073 528 1178 568 una
1219 526 1435 581 semper
1478 522 1638 568 debet
1676 519 1953 567 abundare
1983 519 2027 571 Α
2054 523 2211 565 nobis
2256 518 2487 576 Videtur,
2542 526 2912 567 necessarium
2960 510 3059 565 sibi
3100 517 3183 566 est
3232 525 3423 565 novem
3477 517 3655 565 utrtn‘

362 621 584 675 persona
617 623 632 660 :
667 619 769 659 nec
803 606 946 659 enim
977 618 1041 660 ex
1074 620 1177 657 una
1205 618 1432 671 persona
1464 612 1641 672 potest
1674 602 1951 673 generatio

368 694 500 749 tieri.
538 693 693 747 Tunc
746 694 1014 762 siquidem
1064 692 1344 763 generatio
1384 692 1466 755 fit,
1500 707 1620 744 cum
1663 690 1877 761 genitus
1922 705 1952 742 a

368 792 612 855 gignente
636 784 969 853 processerit
998 798 1014 836 :
1041 792 1203 851 atque
1242 792 1300 835 ut
1335 781 1637 851 exemplum
1685 782 1953 835 extrinse-

367 886 461 926 cus
493 886 595 924 non
623 886 954 940 qumramus,
981 870 1209 924 sutiiciat
1260 870 1380 932 hoc,
1437 869 1582 937 quod
1629 867 1805 921 adhuc
1843 882 1953 936 pra:

368 961 615 1015 manibus
672 972 941 1015 tenemus.
1004 960 1134 1013 Levi
1197 974 1429 1029 namque
1488 958 1674 1028 genuit
1732 956 1948 1023 Caatb,

364 1051 533 1105 Caatb
563 1054 749 1121 genuit
774 1052 1017 1108 Amram.
1049 1052 1269 1105 Amram
1313 1051 1495 1121 genuit
1525 1049 1728 1113 Aaron,
1767 1050 1951 1104 Aaron

366 1143 550 1214 genuit
570 1143 811 1208 Eleazar,
839 1143 1061 1197 Eleazar
1086 1151 1265 1197 autem
1290 1142 1476 1212 genuit
1497 1141 1729 1196 Pltinees
1757 1139 1947 1210 (Nunt.

365 1236 537 1305 xxvi).
600 1236 768 1292 Caath
824 1252 951 1291 cum
1005 1246 1155 1306 patre
1202 1251 1299 1289 suo
1354 1233 1479 1288 Levi
1535 1234 1813 1302 ingressus
1869 1241 1953 1286 est

364 1325 654 1395 Egyptum
680 1342 694 1389 ;
721 1324 950 1379 Pliinees
977 1333 1155 1377 autem
1187 1333 1387 1378 terram
1412 1321 1847 1393 repromissionis
1873 1321 1951 1374 in-

366 1414 548 1468 travit.
605 1415 660 1468 Si
704 1428 834 1484 ergo
871 1428 1123 1469 numeres
1150 1430 1176 1467 a
1208 1415 1379 1467 tiaatlt
1411 1413 1476 1465 ad
1509 1412 1758 1471 Phincos,
1794 1411 1950 1479 quiu-

363 1519 470 1573 que
499 1518 757 1573 personas
783 1504 1054 1568 invenies;
1081 1519 1225 1567 cum,
1252 1512 1485 1557 testante
1506 1502 1688 1557 divino
1708 1501 1950 1564 oraculo,

363 1604 598 1664 quatuor
619 1609 738 1649 esse
769 1595 997 1650 debeant
1029 1593 1425 1664 generationes.

435 1684 504 1739 Et
534 1676 659 1753 quia
685 1684 896 1755 Moyses
924 1684 976 1738 in
1006 1684 1209 1746 Exodo,
1241 1684 1378 1738 tilios
1408 1683 1568 1738 Israel
1603 1698 1668 1737 ex
1715 1681 1952 1752 Egypto

362 1776 551 1843 quinta
584 1775 931 1844 generatione
974 1783 1205 1828 testatur
1237 1789 1503 1842 egressos,
1536 1773 1773 1827 Judaiea:
1820 1786 1952 1841 quo-

362 1880 470 1933 que
499 1864 667 1918 tribus
694 1863 937 1918 ordinem
952 1864 1241 1919 Videamus
1274 1879 1288 1916 :
1325 1882 1343 1914 ι
1375 1862 1543 1918 .ludas
1602 1863 1811 1917 scilicet
1866 1877 1958 1932 ge-
1992 1862 2034 1919 Β

364 1956 483 2009 nuit
535 1952 754 2017 Phares,
806 1953 1011 2009 Phares
1058 1954 1244 2023 genuit
1293 1954 1486 2018 Esron,
1535 1954 1710 2008 Esron
1766 1954 1952 2023 genuit

361 2050 560 2112 Aram,
604 2048 768 2102 Aram
812 2047 997 2117 genuit
1038 2046 1370 2112 Aminadab,
1418 2047 1718 2099 Aminadab
1770 2044 1957 2116 genuit

362 2134 624 2201 Naasson,
661 2133 897 2189 Naasson
924 2136 1107 2204 genuit
1147 2134 1366 2188 Saimon
1400 2134 1615 2204 (Matth.
1651 2134 1711 2203 ι).
1743 2152 1762 2185 ι
1816 2131 1955 2185 Plia-

365 2241 454 2281 res
478 2231 599 2280 cum
630 2235 781 2294 patre
810 2239 928 2288 suo,
959 2224 1207 2279 videlicet
1239 2224 1401 2287 Juda,
1429 2223 1721 2293 .‘Egyptum
1762 2222 1949 2292 petiit;

362 2314 605 2370 Naasson
637 2330 761 2370 vero
795 2315 1050 2384 princeps
1082 2314 1254 2369 tribus
1276 2312 1430 2367 Judte
1459 2313 1624 2366 fuisse
1651 2312 1705 2365 in
1741 2312 1956 2365 deserto

363 2404 730 2460 describitur:
759 2404 913 2474 cujus
957 2403 1099 2458 filius
1149 2401 1367 2457 Salmon
1417 2411 1619 2455 terram
1658 2400 1951 2467 repromis-

364 2496 533 2551 sionis
569 2497 842 2566 ingressus
872 2504 971 2549 est.
1028 2494 1085 2548 Si
1117 2508 1497 2549 rccenscamus
1531 2493 1695 2563 igitur
1736 2506 1767 2545 a
1809 2490 1954 2545 Plia-

363 2600 453 2641 res
498 2601 665 2653 usque
710 2586 776 2639 ad
818 2586 1035 2640 Salmon
1063 2627 1076 2650 ,
1124 2600 1216 2639 sex
1266 2586 1482 2654 quidem
1530 2598 1791 2653 personas
1836 2597 1956 2637 esse

361 2678 760 2747 perpendimus,
789 2678 881 2732 se't
896 2676 1051 2744 juxta
1080 2676 1293 2746 Moysen
1320 2676 1695 2745 generationes
1718 2676 1956 2742 quinque

364 2767 733 2820 tantummodo
793 2781 1153 2819 numeramus.
1214 2763 1271 2818 Si
1319 2779 1476 2832 quem
1529 2778 1659 2818 vero
1706 2770 1950 2825 tnovcat,

363 2855 530 2927 Moysi
576 2867 857 2910 numerum
894 2856 986 2921 illi,
1032 2871 1191 2925 quem
1222 2856 1482 2909 Dominus
1527 2864 1805 2923 posuerat,
1846 2870 1951 2907 non

361 2957 637 3008 constare,
679 2948 801 3015 quia
850 2947 1071 3000 alterius
1125 2956 1208 3001 est
1261 2946 1501 3015 negotii:
1540 2946 1690 2997 salvo
1733 2945 1952 3012 quidem

360 3036 539 3090 aitiori
570 3036 844 3105 mysterio,
875 3036 1087 3089 interim
1130 3034 1269 3088 scire
1308 3032 1557 3095 sufficiat,
1589 3034 1713 3102 quia
1747 3043 1954 3088 utrm:-

360 3140 467 3193 que
501 3140 687 3179 verum
732 3139 852 3178 esse
898 3125 1260 3193 cognoscitur,
1298 3124 1343 3177 si
1380 3124 1447 3177 ad
1476 3125 1719 3176 diversas
1755 3122 1949 3189 tribus,

358 3216 503 3270 sicut
542 3216 739 3269 dictum
774 3224 878 3277 est,
919 3214 1202 3269 referatur.

431 3303 488 3357 ld
540 3310 717 3355 autem
770 3304 912 3370 quod
968 3302 1224 3366 dicimus,
1279 3315 1538 3369 personas
1593 3302 1775 3370 plures
1832 3320 1953 3359 esse

358 3408 525 3463 quam
590 3393 838 3461 gradus,
893 3392 945 3445 itt
1013 3393 1125 3460 ipsa
1186 3405 1401 3460 qquue
1460 3407 1725 3447 canonum
1782 3394 1950 3465 figura

358 3483 568 3552 liquido
621 3483 1019 3543 demonstratur
1050 3520 1067 3547 ,
1127 3496 1249 3535 cum
1305 3482 1541 3546 dicitur,
1595 3486 1719 3551 quia
1777 3489 1951 3556 primo

357 3572 529 3643 gradu
589 3570 850 3639 superiori
905 3569 1043 3623 linea
1098 3571 1445 3633 continetur,
1504 3580 1673 3640 pater.
1738 3584 1947 3640 mater;

361 3659 647 3723 inferiori,
690 3659 867 3723 filius,
908 3658 1035 3713 filia.
1089 3657 1223 3713 Cum
1264 3676 1392 3727 ergo
1433 3669 1586 3728 pater
1622 3670 1677 3714 et
1717 3662 1856 3715 ﬁlius
1897 3666 1947 3715 in

360 3768 468 3807 uno
504 3752 904 3806 constituantur
948 3751 1151 3820 gradu,
1200 3761 1413 3803 constat
1458 3751 1643 3820 procul
1694 3754 1856 3806 dubio
1896 3754 1951 3806 iu

359 3842 845 3913 consanguinitatis
909 3843 1050 3896 serie
1111 3850 1165 3895 et
1226 3842 1482 3911 gradibus
1554 3842 1714 3912 190
1770 3845 1953 3913 plures

360 3947 481 3987 esse
515 3944 794 4002 personas.
844 3929 994 3996 Quod
1032 3940 1211 3984 autem
1252 3931 1361 3985 illic
1398 3931 1774 4002 subjungitur,
1821 3934 1949 4004 quia

362 4024 448 4078 bis
498 4020 747 4091 personis
789 4020 945 4074 nulla:
984 4020 1104 4075 alia:
1135 4019 1453 4089 junguntur.
1503 4022 1614 4075 tale
1662 4031 1743 4076 est
1805 4038 1869 4075 ac
1904 4023 1949 4077 si

362 4115 704 4168 diceretzes
758 4119 1066 4165 transverso
1114 4125 1220 4163 non
1272 4111 1510 4163 veniunt.
1552 4110 1683 4164 Nam
1740 4128 1845 4167 avo
1896 4123 1952 4167 et

363 4203 545 4273 nepoti
585 4242 602 4269 ,
660 4201 749 4274 qui
797 4201 855 4254 in
902 4200 1141 4255 secundo
1191 4209 1316 4253 sunt
1368 4202 1538 4271 gradu
1578 4241 1593 4264 ,
1651 4216 1718 4256 ex
1776 4212 1951 4257 trans-

364 4311 520 4352 verso
574 4295 656 4349 vel
700 4293 917 4363 obliquo
967 4293 1234 4358 veniunt;
1284 4292 1490 4357 frater,
1545 4308 1701 4347 soror
1747 4308 1949 4362 proavo

361 4387 447 4442 vel
495 4384 798 4457 pronepoti,
856 4384 1104 4439 similiter
1148 4398 1216 4437 ex
1265 4384 1483 4453 obliquo
1530 4386 1785 4446 venient,
1840 4384 1949 4439 fra-

364 4479 463 4533 tris
516 4475 824 4543 sororisque
876 4473 1015 4528 filius
1047 4513 1062 4537 ,
1106 4473 1211 4526 filia
1250 4514 1264 4537 ,

362 4572 491 4625 dum
541 4568 662 4622 aliis
716 4566 839 4619 alia.
905 4564 1001 4618 llis
1062 4572 1245 4617 autem
1308 4563 1598 4631 personis,
1648 4578 1770 4631 quae
1821 4573 1947 4617 sunt

360 4671 521 4731 pater
554 4668 612 4715 et
646 4657 788 4711 filius
810 4695 824 4720 ,
862 4653 981 4708 alia:
1018 4668 1123 4707 non
1156 4651 1456 4722 junguntur
1479 4694 1493 4714 ,
1541 4652 1665 4721 quia
1708 4662 1948 4720 utrmque
1979 4658 1987 4666 “

364 4762 531 4804 unum
597 4745 800 4800 faciunt
851 4743 1073 4811 gradum
1108 4782 1122 4803 ,
1184 4757 1248 4795 ac
1306 4757 1402 4809 per
1458 4743 1564 4796 hoc
1619 4742 1779 4795 nulla;
1829 4742 1949 4795 alia:

361 4852 605 4913 personat
646 4842 872 4906 possunt
906 4833 984 4888 eis
1034 4833 1239 4886 similes
1285 4833 1534 4886 inveniri.
1590 4833 1740 4899 Quod
1783 4836 1947 4888 etiam

362 4929 649 4984 Psalmista
698 4933 966 4989 testatur,
1011 4938 1130 4976 cum
1180 4923 1311 4975 dicit
1350 4941 1363 4975 ς
1409 4943 1425 4973 t
1459 4916 1618 4977 Fiant
1674 4925 1786 4976 nati
1833 4924 1950 4990 ejus

362 5025 416 5077 in
472 5022 770 5083 interitum,
800 5019 879 5071 .in
920 5033 1022 5070 una
1062 5018 1411 5086 generatione
1462 5017 1707 5070 deleatur
1752 5032 1947 5071 nomen

361 5116 481 5186 ejus
531 5111 704 5183 (Paul.
760 5110 932 5180 cvm).
962 5128 979 5161 ι
1034 5107 1199 5175 Cujus
1246 5108 1389 5162 enim
1438 5107 1575 5162 lilios
1626 5110 1951 5179 imprcmuur

363 5205 417 5260 in
464 5202 686 5257 interitu
733 5200 851 5255 fieri
878 5239 893 5262 ,
942 5199 1023 5253 eis
1072 5200 1301 5252 devovet
1344 5211 1541 5251 nomen
1583 5213 1686 5249 una
1724 5212 1954 5263 genera-

364 5298 512 5349 tione
546 5293 734 5349 deleri.
785 5293 989 5361 Quibus
1027 5295 1271 5364 profecto
1300 5295 1479 5349 verbis
1531 5294 1818 5348 manifeste
1856 5294 1953 5347 de-

361 5384 571 5450 clarat,
629 5384 772 5453 quod
816 5392 969 5452 pater
1012 5393 1066 5438 et
1115 5384 1258 5437 filius
1305 5399 1409 5438 non
1465 5386 1627 5446 dum,
1693 5383 1791 5437 sed
1846 5399 1950 5437 una

362 5472 640 5543 generatio
670 5513 684 5535 ,
740 5487 985 5540 unusque
1041 5473 1112 5527 sit
1164 5473 1378 5541 gradus.
1430 5472 1561 5527 Post
1622 5473 1720 5525 bas
1772 5476 1953 5525 autem

361 5572 494 5633 quot
538 5571 668 5617 sunt
702 5576 966 5632 personze,
1008 5577 1113 5616 non
1154 5569 1280 5617 sunt
1319 5561 1503 5630 procul
1542 5560 1704 5614 dubio
1733 5562 1949 5629 gradus.

361 5657 702 5723 Quapropter
754 5651 996 5719 quisquis
1044 5652 1096 5704 in
1150 5652 1514 5706 contrahendo
1534 5636 1801 5719 \coujugio
1830 5665 1955 5714 per-

361 5747 502 5804 fecte
561 5746 673 5799 vult
736 5745 1019 5811 septimam
1068 5746 1471 5813 generationem
1526 5745 1775 5810 evadere,
1818 5745 1957 5797 sicut

604 5838 882 5897 l’aTttoL.
928 5833 1166 5895 CXLV.

980 6048 1013 6079 ’δ

1314 4481 1477 4542 atque
1514 4473 1584 4564 in
1637 4473 1781 4527 hunc
1832 4489 1946 4527 mo-
1974 4506 2026 4564 Ι)

2057 616 2161 670 que
2208 618 2465 670 personas
2514 604 2797 673 aequaliter
2845 618 3132 657 numerare
3174 623 3185 655 :
3224 614 3348 657 octo
3402 603 3652 667 scilicet,

2056 690 2252 759 quibus
2310 701 2516 760 septem
2561 692 2941 760 generationes
2991 692 3163 755 fiant;
3217 707 3357 745 noua
3407 692 3479 746 sit
3531 692 3649 755 illa,

2056 796 2177 850 quae
2223 783 2275 835 iu
2327 783 2729 835 matrimonium
2778 791 3037 835 transeat.

2128 871 2185 926 Si
2242 873 2363 941 quis
2414 881 2593 926 autem
2635 873 2789 942 juxta
2852 873 3013 927 aliam
3075 872 3442 929 definitionem
3498 880 3655 928 sexta

2055 960 2217 1030 elegit
2260 976 2379 1016 esse
2430 962 2782 1032 generatione
2830 971 3115 1017 contentus
3145 1002 3160 1026 ,
3213 978 3314 1017 nos
3366 964 3657 1018 austerita-

2058 1057 2165 1100 tem
2215 1064 2409 1102 novatn
2459 1050 2695 1118 antiquis
2747 1051 3047 1103 canoniiius
3100 1048 3359 1104 inducere
3409 1066 3517 1105 non
3564 1048 3657 1121 ju-

2054 1138 2319 1192 ditamus.
2379 1138 2761 1193 Verumtamen
2810 1141 2941 1209 quia
2971 1141 3063 1194 alii
3101 1142 3348 1195 doctores
3396 1151 3605 1195 sextam
3632 1181 3651 1207 ,

2056 1226 2153 1301 alii.
2186 1228 2471 1297 septimam
2520 1231 2929 1299 generationem
2972 1229 3364 1283 observandam
3401 1246 3524 1286 esse
3562 1230 3659 1286 de-

2054 1327 2321 1381 cernunt,
2376 1319 2490 1373 haec
2543 1319 2595 1372 in
2653 1320 2851 1375 talibus
2908 1328 2993 1374 est
3050 1322 3280 1375 tenenda
3334 1322 3594 1377 discretio
3632 1336 3652 1377 :

2054 1415 2114 1460 ut
2170 1408 2215 1461 si
2276 1424 2305 1462 a
2362 1408 2486 1463 filiis
2535 1410 2763 1478 incipit,
2810 1411 2865 1464 in
2915 1420 3068 1465 sexta
3122 1411 3475 1480 generatione
3521 1424 3655 1483 sup-

2054 1499 2263 1567 putatio
2312 1499 2563 1563 desinat;
2620 1501 2665 1554 si
2723 1514 2852 1555 vero
2898 1516 2929 1554 a
2985 1501 3312 1568 nepotibus,
3370 1517 3541 1571 usque
3585 1503 3655 1555 ad

2049 1588 2338 1656 septimam
2398 1582 2603 1643 tendat.
2667 1591 2759 1644 Sic
2810 1590 3066 1643 nimirum
3121 1590 3477 1657 plurimorum
3531 1606 3660 1648 sen-

2054 1680 2221 1732 tentia
2282 1682 2588 1749 reperietur
2645 1698 2754 1736 una
2787 1722 2801 1745 ,
2855 1680 2981 1751 quat
3030 1682 3085 1735 in
3142 1681 3445 1737 litterarum
3501 1682 3654 1737 vide-

2053 1769 2213 1824 batur
2258 1769 2628 1840 inazqualitate
2674 1774 2910 1826 diversa.

2670 1861 2902 1917 CAPUT
2955 1860 3046 1916 XI.

2057 1953 2211 2020 Quod
2259 1955 2408 2008 aliud
2460 1954 2529 2007 sit
2576 1950 2863 2022 aliquando
2907 1952 3124 2019 gradus,
3176 1951 3325 2004 aliud
3367 1954 3657 2022 generatio.

2126 2044 2261 2099 illud
2316 2052 2496 2097 autem
2556 2040 2999 2110 praetereundum
3062 2056 3169 2094 non
3230 2050 3315 2096 est
3342 2054 3361 2105 ‘,
3422 2042 3661 2110 quiain

2058 2136 2142 2190 bis
2190 2134 2498 2203 scripturis.
2559 2148 2679 2202 quae
2718 2132 2785 2185 de
2831 2131 3218 2200 cognationum
3272 2130 3534 2186 aﬂinitate
3576 2130 3661 2185 lo-

2056 2236 2319 2293 quuntur,
2360 2239 2467 2277 non
2513 2235 2729 2289 semper
2779 2220 2978 2289 gradus
3024 2234 3122 2289 pro
3170 2221 3521 2290 generatione
3557 2237 3661 2292 po-

2056 2315 2195 2369 situs
2240 2312 2532 2368 invenitur.
2584 2311 2840 2380 Alioquin
2890 2324 3233 2379 nequaquam
3283 2311 3661 2378 Justinianus,

2055 2406 2200 2475 quod
2244 2405 2495 2473 superius
2542 2403 2746 2457 dictum
2797 2411 2903 2465 est,
2957 2412 3175 2471 neptem
3223 2403 3409 2457 fratris
3462 2413 3662 2473 quarto

2055 2496 2401 2551 constituerit
2456 2495 2664 2564 gradu;
2717 2493 3017 2560 prtesertim
3064 2508 3187 2547 cum
3228 2502 3281 2547 et
3322 2507 3387 2547 ex
3426 2504 3665 2562 quatuor

2056 2586 2400 2641 solummodo
2462 2585 2739 2655 personis,
2796 2592 3030 2652 quatuor
3086 2585 3469 2655 generationes
3542 2584 3666 2639 fieri

2054 2678 2280 2731 omnino
2324 2693 2429 2730 non
2485 2684 2707 2745 possent
2764 2693 2777 2727 :
2838 2685 2894 2729 et
2943 2673 3114 2728 frater
3161 2678 3227 2729 ad
3282 2674 3509 2730 fratrem
3570 2692 3665 2745 ge-

2056 2767 2389 2822 nerationem
2426 2780 2535 2819 non
2574 2766 2787 2828 habent,
2850 2774 3034 2834 utpote
3090 2780 3320 2833 quorum
3360 2775 3553 2819 neuter
3582 2766 3664 2818 al-

2058 2867 2231 2911 terum
2286 2856 2489 2926 gignat.
2556 2853 2748 2919 Unde,
2808 2864 2862 2907 ut
2916 2854 3045 2907 mibi
3102 2855 3347 2918 videtur,
3404 2855 3657 2924 disputa-

2058 2956 2202 3003 tores
2250 2947 2344 3007 illi,
2395 2961 2533 3017 qnos
2584 2960 2746 3013 supra
2796 2944 3217 3010 nominavimus,
3274 2944 3431 3012 hujus
3479 2945 3663 2998 nomi-

2054 3036 2141 3089 nis
2181 3036 2499 3090 diversitate
2543 3034 2799 3087 falluntur
2832 3050 2844 3086 :
2889 3034 3032 3103 quod
3075 3033 3326 3089 videlicet
3365 3034 3664 3104 aliquando

2055 3128 2480 3196 generationem,
2522 3124 2810 3193 aliquando
2848 3124 3025 3178 locum
3067 3124 3403 3178 solummodo
3450 3124 3665 3180 inveni-

2061 3224 2150 3269 tur
2202 3214 2511 3285 significare
2562 3228 2824 3282 personae.
2881 3213 3239 3267 Tantumdem
3297 3229 3530 3283 namque
3576 3225 3667 3270 est

2056 3307 2255 3368 dicere,
2304 3315 2521 3372 neptem
2564 3304 2747 3357 fratris
2785 3317 2907 3358 esse
2947 3314 3144 3373 quarto
3171 3305 3364 3372 gradu,
3396 3312 3661 3372 tanquam

2052 3397 2095 3450 si
2145 3397 2349 3451 diceret
2412 3405 2609 3465 quarto
2661 3396 2801 3450 loco.
2862 3397 2961 3459 Qui
3045 3396 3301 3451 nimirum
3352 3396 3659 3467 litigatores

2054 3486 2157 3540 mei
2199 3488 2245 3540 si
2280 3488 2365 3539 vix
2412 3486 2538 3539 dum
2576 3486 2863 3539 mitescere
2901 3484 3090 3551 nescii,
3128 3485 3271 3555 quod
3304 3493 3431 3541 tunc
3460 3487 3657 3541 molie-

2053 3577 2253 3630 bantur
2308 3575 2591 3642 objicere,
2642 3590 2748 3628 nou
2804 3584 3097 3629 vereantur
3159 3576 3415 3629 redivivis
3475 3577 3659 3631 adhuc

2055 3666 2451 3721 invectionibus
2483 3666 2704 3729 iterare,
2737 3679 2843 3718 non
2880 3666 2998 3719 sine
3038 3666 3270 3734 quodam
3304 3666 3510 3721 scilicet
3534 3668 3661 3736 jur-

2053 3758 2123 3826 gii
2154 3766 2365 3810 tumore
2405 3756 2647 3810 dicentes
2681 3769 2695 3807 :
2726 3755 2854 3823 quid
2901 3765 3007 3808 tam
3048 3755 3288 3824 prolixas
3331 3756 3660 3811 aliiuitatum

2053 3848 2226 3900 lineas
2281 3846 2458 3911 texis,
2512 3847 2646 3899 doce
2702 3845 2865 3899 etiam
2912 3845 2956 3898 si
3006 3846 3278 3913 trinepos,
3332 3857 3393 3899 ut
3434 3848 3657 3913 asset'is,

2054 3936 2120 3987 al
2168 3935 2455 4005 trineptem
2499 3950 2529 3988 e
2583 3934 2801 4004 regione
2850 3934 3268 3989 descendentem
3313 3933 3405 4002 jus
3458 3951 3664 4006 cogna-

2055 4025 2216 4078 tionis
2264 4026 2453 4085 babct.
2506 4040 2614 4092 quo
2671 4026 2813 4077 inter
2860 4038 2919 4077 se
2968 4024 3385 4093 propinquitatis
3436 4026 3664 4081 nomine

2052 4115 2454 4169 censebantur?
2490 4114 2741 4184 Nunquid
2772 4114 2927 4183 l9],
2958 4114 3187 4178 sobriui,
3214 4114 3329 4169 sive
3358 4116 3659 4183 patrueles,

2053 4214 2146 4257 aut
2183 4204 2438 4258 amitini?
2486 4204 2639 4271 Quod
2680 4204 2723 4258 si
2766 4204 2913 4257 nullo
2946 4203 3085 4256 inter
3116 4220 3175 4258 se
3214 4203 3518 4273 bujusmodi
3564 4221 3664 4258 no-

2054 4296 2201 4349 mine
2243 4293 2632 4358 conferuntur,
2662 4308 2768 4362 quo
2794 4304 2954 4361 pacto
2978 4304 3105 4347 sunt
3128 4292 3537 4364 consanguinei,
3565 4292 3662 4362 qui

2053 4385 2197 4437 nulla
2240 4401 2269 4438 a
2312 4401 2370 4439 se
2408 4385 2657 4438 videntur
2692 4384 3012 4438 alterutrum
3055 4384 3528 4453 cognominatione
3568 4401 3659 4439 re-

2055 4478 2192 4530 lati?
2239 4477 2321 4531 Ad
2351 4492 2487 4546 quos
2524 4491 2625 4543 ego
2657 4494 2669 4528 :
2702 4476 2746 4530 si
2789 4476 2857 4529 de
2894 4475 3221 4542 nominibus,
3267 4476 3507 4545 inquam,
3547 4477 3666 4548 agi-

2054 4581 2158 4627 tur.
2207 4568 2311 4621 tale
2358 4568 2487 4637 quid
2535 4568 2732 4636 sacpius
2768 4567 3059 4630 invenitur,
3118 4574 3177 4618 ut
3225 4566 3547 4636 quibusdam
3607 4579 3666 4622 et

2053 4659 2398 4714 necessitudo
2452 4659 2871 4728 propinquitatis
2911 4658 3145 4722 intersit,
3174 4668 3224 4711 e:
3253 4657 3529 4712 afﬁnitatis
3570 4675 3668 4715 vo-

2053 4749 2307 4803 cabttlum
2347 4748 2507 4803 desit.

2126 4838 2328 4908 Atque,
2391 4848 2451 4891 ut
2502 4839 2645 4907 quod
2695 4839 2926 4894 dicimus
2969 4854 3139 4893 sacrm
3185 4841 3529 4894 auctoritatis
3584 4851 3665 4897 te-

2058 4929 2316 4982 stimonio
2372 4930 2831 4997 comprobemus,
2896 4930 3208 4999 praecipitur
3264 4931 3318 4984 in
3369 4931 3663 4987 Levitico:

2064 5039 2081 5067 ι
2115 5018 2525 5088 Turpitudinem
2556 5060 2571 5083 ,
2635 5020 2851 5089 inquit,
2906 5024 3111 5076 sororis
3158 5024 3344 5075 uxoris
3398 5032 3499 5076 tuae
3529 5064 3544 5086 ,
3608 5036 3666 5079 et

2059 5106 2181 5160 lilia:
2230 5107 2347 5176 ejus
2403 5124 2509 5161 non
2568 5109 2873 5177 revelabis;
2936 5112 3100 5165 liliant
3150 5113 3244 5166 filii
3294 5113 3449 5181 ejus,
3503 5124 3560 5171 et
3602 5117 3665 5170 li-

2060 5195 2187 5250 liam
2238 5196 2363 5251 lilia:
2413 5195 2553 5251 illius
2611 5214 2719 5251 non
2782 5214 3004 5263 sumes,
3058 5212 3115 5254 ut
3169 5204 3375 5257 reveles
3428 5204 3664 5272 ignomi-

2064 5290 2211 5345 niam
2258 5287 2396 5355 ejus,
2456 5288 2580 5355 quia
2628 5302 2757 5342 caro
2811 5282 2953 5344 illius
3001 5300 3148 5355 sunt,
3200 5302 3255 5345 et
3312 5294 3433 5346 talis
3483 5296 3662 5349 coitus

2061 5379 2298 5434 incestus
2344 5388 2429 5434 est
2475 5379 2661 5449 (Lavit.
2709 5388 2889 5453 mvrn).
2921 5402 2939 5431 ι
3003 5382 3141 5436 Ecce
3193 5384 3419 5438 vitricus
3468 5402 3497 5437 a
3553 5386 3664 5440 lilia

2056 5468 2289 5539 privigni
2334 5470 2618 5537 utriusque
2664 5484 2827 5524 sexus
2874 5470 3050 5524 divina
3099 5486 3231 5526 voce
3274 5474 3661 5542 compescitur,

2058 5570 2113 5614 et
2160 5571 2337 5613 tamen
2387 5559 2662 5613 aliinitatis
2702 5573 2919 5627 nomen,
2963 5575 3070 5631 quo
3125 5562 3265 5615 inter
3318 5578 3378 5616 se
3434 5574 3663 5629 utraque

2059 5666 2290 5719 persona
2333 5652 2703 5718 cuguomiuari
2755 5647 2987 5711 debeat,
3047 5668 3150 5703 non
3209 5652 3457 5705 habetur.
3523 5651 3663 5705 Cett-

2062 5743 2264 5798 sctisue
2313 5756 2442 5810 ergo
2495 5740 2799 5810 ltnjusmodi
2849 5758 3107 5809 personas
3174 5751 3360 5795 contra
3415 5742 3659 5797 divinum

3269 5834 3303 5891 ’Ζ
