  <div class='ocr_page' id='page_1' title='image "/cluster/home/n/w/nwhite01/storage/ocr_20150623/144-145/uc1.31175001639262/641.png"; bbox 0 0 5392 6578; ppageno 0'>
   <div class='ocr_carea' id='block_1_1' title="bbox 284 2 2413 263">
    <p class='ocr_par' dir='ltr' id='par_1_1' title="bbox 284 2 2413 263">
     <span class='ocr_line' id='line_1_1' title="bbox 284 2 2413 263; baseline 0.003 -183"><span class='ocrx_word' id='word_1_1' title='bbox 284 2 1342 263; x_wconf 44' lang='grc' dir='ltr'>..ἡ</span> <span class='ocrx_word' id='word_1_2' title='bbox 2300 78 2413 86; x_wconf 43' lang='grc' dir='ltr'><strong>,η</strong></span> 
     </span>
    </p>
   </div>
   <div class='ocr_carea' id='block_1_2' title="bbox 2415 2 4544 263">
    <p class='ocr_par' dir='ltr' id='par_1_2' title="bbox 2415 84 2511 90">
     <span class='ocr_line' id='line_1_2' title="bbox 2415 84 2511 90; baseline 0 0"><span class='ocrx_word' id='word_1_3' title='bbox 2415 84 2511 90; x_wconf 33' lang='lat' dir='ltr'><strong>-s</strong></span> 
     </span>
    </p>
   </div>
   <div class='ocr_carea' id='block_1_3' title="bbox 1936 561 2043 615">
    <p class='ocr_par' dir='ltr' id='par_1_3' title="bbox 1936 561 2043 615">
     <span class='ocr_line' id='line_1_3' title="bbox 1936 561 2043 615; baseline -0.019 0"><span class='ocrx_word' id='word_1_4' title='bbox 1936 561 2043 615; x_wconf 69' lang='lat'><strong>2‘03</strong></span> 
     </span>
    </p>
   </div>
   <div class='ocr_carea' id='block_1_4' title="bbox 2401 552 4710 614">
    <p class='ocr_par' dir='ltr' id='par_1_4' title="bbox 2401 552 4710 614">
     <span class='ocr_line' id='line_1_4' title="bbox 2401 552 4710 614; baseline -0.002 0"><span class='ocrx_word' id='word_1_5' title='bbox 2401 561 2456 614; x_wconf 86' lang='lat' dir='ltr'><strong>S.</strong></span> <span class='ocrx_word' id='word_1_6' title='bbox 2490 561 2687 614; x_wconf 70' lang='lat' dir='ltr'><strong>FET‘Rl</strong></span> <span class='ocrx_word' id='word_1_7' title='bbox 2729 557 3004 613; x_wconf 68' lang='lat' dir='ltr'><strong>DA‘JlANl</strong></span> <span class='ocrx_word' id='word_1_8' title='bbox 3038 557 3187 614; x_wconf 80' lang='lat' dir='ltr'><strong>OPP.</strong></span> <span class='ocrx_word' id='word_1_9' title='bbox 3227 552 3454 610; x_wconf 72' lang='lat' dir='ltr'><strong>TOHUS</strong></span> <span class='ocrx_word' id='word_1_10' title='bbox 3495 553 3624 610; x_wconf 70' lang='grc' dir='ltr'><strong>εει]</strong></span> <span class='ocrx_word' id='word_1_11' title='bbox 3668 554 3843 609; x_wconf 70' lang='lat' dir='ltr'><strong>PARS</strong></span> <span class='ocrx_word' id='word_1_12' title='bbox 3882 556 3964 610; x_wconf 82' lang='lat' dir='ltr'><strong>lli.</strong></span> <span class='ocrx_word' id='word_1_13' title='bbox 3997 556 4445 613; x_wconf 71' lang='lat' dir='ltr'><strong>-—0i&quot;CSCULA</strong></span> <span class='ocrx_word' id='word_1_14' title='bbox 4483 557 4710 611; x_wconf 67' lang='lat' dir='ltr'><strong>VAlilA.</strong></span> 
     </span>
    </p>
   </div>
   <div class='ocr_carea' id='block_1_5' title="bbox 5069 563 5164 617">
    <p class='ocr_par' dir='ltr' id='par_1_5' title="bbox 5069 563 5164 617">
     <span class='ocr_line' id='line_1_5' title="bbox 5069 563 5164 617; baseline 0 0"><span class='ocrx_word' id='word_1_15' title='bbox 5069 563 5164 617; x_wconf 68' lang='grc'><strong>204</strong></span> 
     </span>
    </p>
   </div>
   <div class='ocr_carea' id='block_1_6' title="bbox 1933 669 5165 748">
    <p class='ocr_par' dir='ltr' id='par_1_6' title="bbox 1933 669 5165 748">
     <span class='ocr_line' id='line_1_6' title="bbox 1933 669 5165 748; baseline -0.003 -17"><span class='ocrx_word' id='word_1_16' title='bbox 1933 684 2259 748; x_wconf 66' lang='lat' dir='ltr'><strong>praeceptum</strong></span> <span class='ocrx_word' id='word_1_17' title='bbox 2308 676 2500 730; x_wconf 82' lang='lat' dir='ltr'><strong>debere</strong></span> <span class='ocrx_word' id='word_1_18' title='bbox 2542 673 2812 743; x_wconf 73' lang='lat' dir='ltr'><strong>conjungi,</strong></span> <span class='ocrx_word' id='word_1_19' title='bbox 2853 688 2974 725; x_wconf 86' lang='lat' dir='ltr'><strong>cum</strong></span> <span class='ocrx_word' id='word_1_20' title='bbox 3023 689 3129 726; x_wconf 81' lang='lat' dir='ltr'><strong>non</strong></span> <span class='ocrx_word' id='word_1_21' title='bbox 3175 672 3496 734; x_wconf 84' lang='lat' dir='ltr'><strong>inveniatur,</strong></span> <span class='ocrx_word' id='word_1_22' title='bbox 3531 686 3574 740; x_wconf 75' lang='grc' dir='ltr'>Α</span> <span class='ocrx_word' id='word_1_23' title='bbox 3605 684 3754 723; x_wconf 78' lang='lat' dir='ltr'><strong>cessu</strong></span> <span class='ocrx_word' id='word_1_24' title='bbox 3806 678 4101 739; x_wconf 88' lang='lat' dir='ltr'><strong>temporum</strong></span> <span class='ocrx_word' id='word_1_25' title='bbox 4154 669 4404 736; x_wconf 88' lang='lat' dir='ltr'><strong>paulatim</strong></span> <span class='ocrx_word' id='word_1_26' title='bbox 4458 682 4668 734; x_wconf 84' lang='lat' dir='ltr'><strong>semper</strong></span> <span class='ocrx_word' id='word_1_27' title='bbox 4717 683 4953 721; x_wconf 72' lang='lat' dir='ltr'><strong>excrevit</strong></span> <span class='ocrx_word' id='word_1_28' title='bbox 4988 687 5001 722; x_wconf 89' lang='lat'><strong><em>:</em></strong></span> <span class='ocrx_word' id='word_1_29' title='bbox 5031 686 5165 725; x_wconf 75' lang='lat' dir='ltr'><strong>num</strong></span> 
     </span>
    </p>
   </div>
   <div class='ocr_carea' id='block_1_7' title="bbox 1934 760 3499 835">
    <p class='ocr_par' dir='ltr' id='par_1_7' title="bbox 1934 760 3499 835">
     <span class='ocr_line' id='line_1_7' title="bbox 1934 760 3499 835; baseline -0.004 -16"><span class='ocrx_word' id='word_1_30' title='bbox 1934 783 2043 834; x_wconf 86' lang='lat' dir='ltr'><strong>quo</strong></span> <span class='ocrx_word' id='word_1_31' title='bbox 2067 765 2344 835; x_wconf 84' lang='lat' dir='ltr'><strong>propinqui</strong></span> <span class='ocrx_word' id='word_1_32' title='bbox 2355 764 2471 816; x_wconf 65' lang='lat' dir='ltr'><strong>tatis</strong></span> <span class='ocrx_word' id='word_1_33' title='bbox 2507 766 2713 831; x_wconf 60' lang='lat' dir='ltr'><strong>poesint</strong></span> <span class='ocrx_word' id='word_1_34' title='bbox 2739 762 2997 816; x_wconf 84' lang='lat' dir='ltr'><strong>vocabulo</strong></span> <span class='ocrx_word' id='word_1_35' title='bbox 3030 761 3324 828; x_wconf 82' lang='lat' dir='ltr'><strong>nuncupari</strong></span> <span class='ocrx_word' id='word_1_36' title='bbox 3347 760 3370 811; x_wconf 65' lang='grc' dir='ltr'><em>ἲ</em></span> <span class='ocrx_word' id='word_1_37' title='bbox 3395 760 3499 812; x_wconf 86' lang='lat' dir='ltr'><strong>Sed</strong></span> 
     </span>
    </p>
   </div>
   <div class='ocr_carea' id='block_1_8' title="bbox 1934 846 3502 920">
    <p class='ocr_par' dir='ltr' id='par_1_8' title="bbox 1934 846 3502 920">
     <span class='ocr_line' id='line_1_8' title="bbox 1934 846 3502 920; baseline -0.003 -17"><span class='ocrx_word' id='word_1_38' title='bbox 1934 856 2111 907; x_wconf 83' lang='lat' dir='ltr'><strong>videte</strong></span> <span class='ocrx_word' id='word_1_39' title='bbox 2162 852 2286 920; x_wconf 88' lang='lat' dir='ltr'><strong>quid</strong></span> <span class='ocrx_word' id='word_1_40' title='bbox 2350 852 2401 903; x_wconf 90' lang='lat' dir='ltr'><strong>in</strong></span> <span class='ocrx_word' id='word_1_41' title='bbox 2459 851 2563 903; x_wconf 85' lang='lat' dir='ltr'><strong>fine</strong></span> <span class='ocrx_word' id='word_1_42' title='bbox 2609 850 2887 902; x_wconf 63' lang='lat' dir='ltr'><strong>sententiae</strong></span> <span class='ocrx_word' id='word_1_43' title='bbox 2945 848 3161 909; x_wconf 81' lang='lat' dir='ltr'><strong>dicitur,</strong></span> <span class='ocrx_word' id='word_1_44' title='bbox 3215 847 3337 915; x_wconf 85' lang='lat' dir='ltr'><strong>quia</strong></span> <span class='ocrx_word' id='word_1_45' title='bbox 3379 846 3502 899; x_wconf 83' lang='lat' dir='ltr'><strong>talis</strong></span> 
     </span>
    </p>
   </div>
   <div class='ocr_carea' id='block_1_9' title="bbox 1934 935 3502 1002">
    <p class='ocr_par' dir='ltr' id='par_1_9' title="bbox 1934 935 3502 1002">
     <span class='ocr_line' id='line_1_9' title="bbox 1934 935 3502 1002; baseline -0.004 -9"><span class='ocrx_word' id='word_1_46' title='bbox 1934 941 2108 993; x_wconf 74' lang='lat' dir='ltr'><strong>coitus</strong></span> <span class='ocrx_word' id='word_1_47' title='bbox 2154 939 2387 992; x_wconf 72' lang='lat' dir='ltr'><strong>incestus</strong></span> <span class='ocrx_word' id='word_1_48' title='bbox 2437 944 2539 990; x_wconf 91' lang='lat' dir='ltr'><strong>est.</strong></span> <span class='ocrx_word' id='word_1_49' title='bbox 2602 936 2658 988; x_wconf 87' lang='lat' dir='ltr'><strong>lu</strong></span> <span class='ocrx_word' id='word_1_50' title='bbox 2701 936 2939 990; x_wconf 87' lang='lat' dir='ltr'><strong>Decretis</strong></span> <span class='ocrx_word' id='word_1_51' title='bbox 2979 950 3191 1002; x_wconf 90' lang='lat' dir='ltr'><strong>quoque</strong></span> <span class='ocrx_word' id='word_1_52' title='bbox 3245 935 3502 988; x_wconf 82' lang='lat' dir='ltr'><strong>Innocen-</strong></span> 
     </span>
    </p>
   </div>
   <div class='ocr_carea' id='block_1_10' title="bbox 1936 1023 3503 1095">
    <p class='ocr_par' dir='ltr' id='par_1_10' title="bbox 1936 1023 3503 1095">
     <span class='ocr_line' id='line_1_10' title="bbox 1936 1023 3503 1095; baseline -0.004 -16"><span class='ocrx_word' id='word_1_53' title='bbox 1936 1029 1994 1079; x_wconf 91' lang='lat' dir='ltr'><strong>tii</strong></span> <span class='ocrx_word' id='word_1_54' title='bbox 2047 1041 2197 1095; x_wconf 69' lang='lat' dir='ltr'><strong>parte</strong></span> <span class='ocrx_word' id='word_1_55' title='bbox 2244 1026 2473 1094; x_wconf 75' lang='lat' dir='ltr'><strong>legizur:</strong></span> <span class='ocrx_word' id='word_1_56' title='bbox 2512 1043 2530 1074; x_wconf 78' lang='grc' dir='ltr'><em>ι</em></span> <span class='ocrx_word' id='word_1_57' title='bbox 2561 1023 2841 1085; x_wconf 69' lang='lat' dir='ltr'><strong>Relictam,</strong></span> <span class='ocrx_word' id='word_1_58' title='bbox 2899 1023 3087 1090; x_wconf 89' lang='lat' dir='ltr'><strong>inquit.</strong></span> <span class='ocrx_word' id='word_1_59' title='bbox 3146 1023 3313 1078; x_wconf 80' lang='lat' dir='ltr'><strong>patris</strong></span> <span class='ocrx_word' id='word_1_60' title='bbox 3369 1037 3503 1075; x_wconf 83' lang='lat' dir='ltr'><strong>uxo-</strong></span> 
     </span>
    </p>
   </div>
   <div class='ocr_carea' id='block_1_11' title="bbox 1929 1109 3496 1178">
    <p class='ocr_par' dir='ltr' id='par_1_11' title="bbox 1929 1109 3496 1178">
     <span class='ocr_line' id='line_1_11' title="bbox 1929 1109 3496 1178; baseline -0.006 -8"><span class='ocrx_word' id='word_1_61' title='bbox 1929 1116 2010 1170; x_wconf 66' lang='lat' dir='ltr'><strong>vis</strong></span> <span class='ocrx_word' id='word_1_62' title='bbox 2051 1130 2181 1178; x_wconf 61' lang='lat' dir='ltr'><strong>sum,</strong></span> <span class='ocrx_word' id='word_1_63' title='bbox 2223 1112 2462 1169; x_wconf 81' lang='lat' dir='ltr'><strong>relictam</strong></span> <span class='ocrx_word' id='word_1_64' title='bbox 2500 1111 2683 1164; x_wconf 79' lang='lat' dir='ltr'><strong>fratris</strong></span> <span class='ocrx_word' id='word_1_65' title='bbox 2721 1111 2900 1163; x_wconf 88' lang='lat' dir='ltr'><strong>uxoris</strong></span> <span class='ocrx_word' id='word_1_66' title='bbox 2946 1125 3075 1170; x_wconf 74' lang='lat' dir='ltr'><strong>sure,</strong></span> <span class='ocrx_word' id='word_1_67' title='bbox 3124 1111 3361 1162; x_wconf 85' lang='lat' dir='ltr'><strong>relictam</strong></span> <span class='ocrx_word' id='word_1_68' title='bbox 3405 1109 3496 1162; x_wconf 85' lang='lat' dir='ltr'><strong>filii</strong></span> 
     </span>
    </p>
   </div>
   <div class='ocr_carea' id='block_1_12' title="bbox 1911 1200 3495 1268">
    <p class='ocr_par' dir='ltr' id='par_1_12' title="bbox 1911 1200 3495 1268">
     <span class='ocr_line' id='line_1_12' title="bbox 1911 1200 3495 1268; baseline -0.004 -11"><span class='ocrx_word' id='word_1_69' title='bbox 1911 1204 2121 1257; x_wconf 72' lang='lat' dir='ltr'><strong>inxoris</strong></span> <span class='ocrx_word' id='word_1_70' title='bbox 2159 1218 2289 1264; x_wconf 72' lang='lat' dir='ltr'><strong>suze,</strong></span> <span class='ocrx_word' id='word_1_71' title='bbox 2341 1202 2578 1256; x_wconf 81' lang='lat' dir='ltr'><strong>relictam</strong></span> <span class='ocrx_word' id='word_1_72' title='bbox 2626 1200 3131 1268; x_wconf 74' lang='lat' dir='ltr'><strong>consanguineorum</strong></span> <span class='ocrx_word' id='word_1_73' title='bbox 3162 1202 3343 1252; x_wconf 80' lang='lat' dir='ltr'><strong>uxoris</strong></span> <span class='ocrx_word' id='word_1_74' title='bbox 3368 1215 3495 1261; x_wconf 61' lang='lat' dir='ltr'><strong>sum,</strong></span> 
     </span>
    </p>
   </div>
   <div class='ocr_carea' id='block_1_13' title="bbox 1937 1288 3502 1360">
    <p class='ocr_par' dir='ltr' id='par_1_13' title="bbox 1937 1288 3502 1360">
     <span class='ocr_line' id='line_1_13' title="bbox 1937 1288 3502 1360; baseline -0.004 -14"><span class='ocrx_word' id='word_1_75' title='bbox 1937 1308 2103 1360; x_wconf 92' lang='lat' dir='ltr'><strong>usque</strong></span> <span class='ocrx_word' id='word_1_76' title='bbox 2152 1294 2205 1346; x_wconf 89' lang='lat' dir='ltr'><strong>in</strong></span> <span class='ocrx_word' id='word_1_77' title='bbox 2245 1293 2456 1345; x_wconf 85' lang='lat' dir='ltr'><strong>tertiam</strong></span> <span class='ocrx_word' id='word_1_78' title='bbox 2510 1290 2811 1359; x_wconf 80' lang='lat' dir='ltr'><strong>progeniem</strong></span> <span class='ocrx_word' id='word_1_79' title='bbox 2859 1303 3015 1342; x_wconf 91' lang='lat' dir='ltr'><strong>nemo</strong></span> <span class='ocrx_word' id='word_1_80' title='bbox 3065 1288 3114 1341; x_wconf 93' lang='lat' dir='ltr'><strong>in</strong></span> <span class='ocrx_word' id='word_1_81' title='bbox 3154 1302 3373 1341; x_wconf 86' lang='lat' dir='ltr'><strong>uxorem</strong></span> <span class='ocrx_word' id='word_1_82' title='bbox 3412 1302 3502 1339; x_wconf 86' lang='lat' dir='ltr'><strong>su-</strong></span> 
     </span>
    </p>
   </div>
   <div class='ocr_carea' id='block_1_14' title="bbox 1936 1378 3501 1445">
    <p class='ocr_par' dir='ltr' id='par_1_14' title="bbox 1936 1378 3501 1445">
     <span class='ocr_line' id='line_1_14' title="bbox 1936 1378 3501 1445; baseline -0.005 -9"><span class='ocrx_word' id='word_1_83' title='bbox 1936 1393 2067 1437; x_wconf 87' lang='lat' dir='ltr'><strong>mat.</strong></span> <span class='ocrx_word' id='word_1_84' title='bbox 2098 1403 2116 1435; x_wconf 77' lang='grc'><strong>»</strong></span> <span class='ocrx_word' id='word_1_85' title='bbox 2173 1382 2341 1436; x_wconf 86' lang='lat' dir='ltr'><strong>Porro</strong></span> <span class='ocrx_word' id='word_1_86' title='bbox 2397 1392 2571 1434; x_wconf 89' lang='lat' dir='ltr'><strong>autem</strong></span> <span class='ocrx_word' id='word_1_87' title='bbox 2624 1381 2676 1431; x_wconf 90' lang='lat' dir='ltr'><strong>in</strong></span> <span class='ocrx_word' id='word_1_88' title='bbox 2729 1378 2979 1431; x_wconf 89' lang='lat' dir='ltr'><strong>omnibus</strong></span> <span class='ocrx_word' id='word_1_89' title='bbox 3027 1379 3112 1432; x_wconf 88' lang='lat' dir='ltr'><strong>his</strong></span> <span class='ocrx_word' id='word_1_90' title='bbox 3167 1378 3406 1445; x_wconf 86' lang='lat' dir='ltr'><strong>personis</strong></span> <span class='ocrx_word' id='word_1_91' title='bbox 3445 1384 3501 1429; x_wconf 90' lang='lat' dir='ltr'><strong>et</strong></span> 
     </span>
    </p>
   </div>
   <div class='ocr_carea' id='block_1_15' title="bbox 1934 1468 3498 1539">
    <p class='ocr_par' dir='ltr' id='par_1_15' title="bbox 1934 1468 3498 1539">
     <span class='ocr_line' id='line_1_15' title="bbox 1934 1468 3498 1539; baseline -0.005 -12"><span class='ocrx_word' id='word_1_92' title='bbox 1934 1472 2207 1529; x_wconf 71' lang='lat' dir='ltr'><strong>:dlinitatis</strong></span> <span class='ocrx_word' id='word_1_93' title='bbox 2252 1470 2559 1539; x_wconf 87' lang='lat' dir='ltr'><strong>cognomina</strong></span> <span class='ocrx_word' id='word_1_94' title='bbox 2601 1482 2704 1521; x_wconf 92' lang='lat' dir='ltr'><strong>non</strong></span> <span class='ocrx_word' id='word_1_95' title='bbox 2744 1468 3102 1534; x_wconf 84' lang='lat' dir='ltr'><strong>reperiuntur.</strong></span> <span class='ocrx_word' id='word_1_96' title='bbox 3142 1477 3196 1521; x_wconf 90' lang='lat' dir='ltr'><strong>et</strong></span> <span class='ocrx_word' id='word_1_97' title='bbox 3236 1468 3370 1520; x_wconf 91' lang='lat' dir='ltr'><strong>inter</strong></span> <span class='ocrx_word' id='word_1_98' title='bbox 3407 1479 3498 1519; x_wconf 89' lang='lat' dir='ltr'><strong>eas</strong></span> 
     </span>
    </p>
   </div>
   <div class='ocr_carea' id='block_1_16' title="bbox 1934 1555 3219 1625">
    <p class='ocr_par' dir='ltr' id='par_1_16' title="bbox 1934 1555 3219 1625">
     <span class='ocr_line' id='line_1_16' title="bbox 1934 1555 3219 1625; baseline -0.007 -10"><span class='ocrx_word' id='word_1_99' title='bbox 1934 1571 2113 1615; x_wconf 86' lang='lat' dir='ltr'><strong>tamen</strong></span> <span class='ocrx_word' id='word_1_100' title='bbox 2161 1560 2397 1614; x_wconf 78' lang='lat' dir='ltr'><strong>cantrahi</strong></span> <span class='ocrx_word' id='word_1_101' title='bbox 2449 1556 2844 1610; x_wconf 83' lang='lat' dir='ltr'><strong>matrimonium</strong></span> <span class='ocrx_word' id='word_1_102' title='bbox 2889 1555 3219 1625; x_wconf 86' lang='lat' dir='ltr'><strong>prohibetur.</strong></span> 
     </span>
    </p>
   </div>
   <div class='ocr_carea' id='block_1_17' title="bbox 2001 1644 3498 1715">
    <p class='ocr_par' dir='ltr' id='par_1_17' title="bbox 2001 1644 3498 1715">
     <span class='ocr_line' id='line_1_17' title="bbox 2001 1644 3498 1715; baseline -0.005 -13"><span class='ocrx_word' id='word_1_103' title='bbox 2001 1648 2152 1715; x_wconf 85' lang='lat' dir='ltr'><strong>Quod</strong></span> <span class='ocrx_word' id='word_1_104' title='bbox 2211 1649 2256 1702; x_wconf 87' lang='lat' dir='ltr'><strong>si</strong></span> <span class='ocrx_word' id='word_1_105' title='bbox 2307 1646 2532 1701; x_wconf 90' lang='lat' dir='ltr'><strong>necdum</strong></span> <span class='ocrx_word' id='word_1_106' title='bbox 2579 1646 2665 1699; x_wconf 79' lang='lat' dir='ltr'><strong>his</strong></span> <span class='ocrx_word' id='word_1_107' title='bbox 2708 1646 3073 1713; x_wconf 83' lang='lat' dir='ltr'><strong>aequiescitis,</strong></span> <span class='ocrx_word' id='word_1_108' title='bbox 3124 1655 3281 1712; x_wconf 90' lang='lat' dir='ltr'><strong>atque</strong></span> <span class='ocrx_word' id='word_1_109' title='bbox 3325 1644 3498 1696; x_wconf 87' lang='lat' dir='ltr'><strong>adhuc</strong></span> 
     </span>
    </p>
   </div>
   <div class='ocr_carea' id='block_1_18' title="bbox 1931 1733 3497 1808">
    <p class='ocr_par' dir='ltr' id='par_1_18' title="bbox 1931 1733 3497 1808">
     <span class='ocr_line' id='line_1_18' title="bbox 1931 1733 3497 1808; baseline -0.004 -16"><span class='ocrx_word' id='word_1_110' title='bbox 1931 1740 2243 1808; x_wconf 74' lang='lat' dir='ltr'><strong>impugnare</strong></span> <span class='ocrx_word' id='word_1_111' title='bbox 2299 1735 2565 1800; x_wconf 87' lang='lat' dir='ltr'><strong>tentatis,</strong></span> <span class='ocrx_word' id='word_1_112' title='bbox 2621 1750 2687 1788; x_wconf 75' lang='lat' dir='ltr'><strong>ex</strong></span> <span class='ocrx_word' id='word_1_113' title='bbox 2748 1735 2942 1788; x_wconf 82' lang='lat' dir='ltr'><strong>vestris</strong></span> <span class='ocrx_word' id='word_1_114' title='bbox 2993 1734 3231 1801; x_wconf 88' lang='lat' dir='ltr'><strong>profecto</strong></span> <span class='ocrx_word' id='word_1_115' title='bbox 3284 1733 3497 1786; x_wconf 78' lang='lat' dir='ltr'><strong>exedris</strong></span> 
     </span>
    </p>
   </div>
   <div class='ocr_carea' id='block_1_19' title="bbox 1930 1820 3497 1891">
    <p class='ocr_par' dir='ltr' id='par_1_19' title="bbox 1930 1820 3497 1891">
     <span class='ocr_line' id='line_1_19' title="bbox 1930 1820 3497 1891; baseline -0.004 -12"><span class='ocrx_word' id='word_1_116' title='bbox 1930 1827 2203 1879; x_wconf 84' lang='lat' dir='ltr'><strong>munimen</strong></span> <span class='ocrx_word' id='word_1_117' title='bbox 2259 1825 2574 1891; x_wconf 88' lang='lat' dir='ltr'><strong>arripimus,</strong></span> <span class='ocrx_word' id='word_1_118' title='bbox 2626 1824 2766 1890; x_wconf 90' lang='lat' dir='ltr'><strong>quod</strong></span> <span class='ocrx_word' id='word_1_119' title='bbox 2825 1823 3012 1874; x_wconf 77' lang='lat' dir='ltr'><strong>vestris</strong></span> <span class='ocrx_word' id='word_1_120' title='bbox 3075 1822 3258 1875; x_wconf 84' lang='lat' dir='ltr'><strong>itidem</strong></span> <span class='ocrx_word' id='word_1_121' title='bbox 3306 1820 3497 1887; x_wconf 88' lang='lat' dir='ltr'><strong>jaculis</strong></span> 
     </span>
    </p>
   </div>
   <div class='ocr_carea' id='block_1_20' title="bbox 1930 1910 3494 1982">
    <p class='ocr_par' dir='ltr' id='par_1_20' title="bbox 1930 1910 3494 1982">
     <span class='ocr_line' id='line_1_20' title="bbox 1930 1910 3494 1982; baseline -0.002 -16"><span class='ocrx_word' id='word_1_122' title='bbox 1930 1928 2277 1982; x_wconf 84' lang='lat' dir='ltr'><strong>opponamus.</strong></span> <span class='ocrx_word' id='word_1_123' title='bbox 2336 1911 2525 1965; x_wconf 81' lang='lat' dir='ltr'><strong>Vester</strong></span> <span class='ocrx_word' id='word_1_124' title='bbox 2579 1926 2807 1978; x_wconf 91' lang='lat' dir='ltr'><strong>namque</strong></span> <span class='ocrx_word' id='word_1_125' title='bbox 2845 1910 3176 1973; x_wconf 69' lang='lat' dir='ltr'><strong>Iustinianns</strong></span> <span class='ocrx_word' id='word_1_126' title='bbox 3213 1923 3494 1981; x_wconf 88' lang='lat' dir='ltr'><strong>postquam</strong></span> 
     </span>
    </p>
   </div>
   <div class='ocr_carea' id='block_1_21' title="bbox 3605 756 5167 825">
    <p class='ocr_par' dir='ltr' id='par_1_21' title="bbox 3605 756 5167 825">
     <span class='ocr_line' id='line_1_21' title="bbox 3605 756 5167 825; baseline 0.002 -17"><span class='ocrx_word' id='word_1_127' title='bbox 3605 769 3780 809; x_wconf 81' lang='lat' dir='ltr'><strong>autem</strong></span> <span class='ocrx_word' id='word_1_128' title='bbox 3838 758 4019 811; x_wconf 87' lang='lat' dir='ltr'><strong>divino</strong></span> <span class='ocrx_word' id='word_1_129' title='bbox 4067 759 4175 825; x_wconf 85' lang='lat' dir='ltr'><strong>jam</strong></span> <span class='ocrx_word' id='word_1_130' title='bbox 4235 759 4542 818; x_wconf 83' lang='lat' dir='ltr'><strong>imminente</strong></span> <span class='ocrx_word' id='word_1_131' title='bbox 4590 756 4831 824; x_wconf 82' lang='lat' dir='ltr'><strong>judicio,</strong></span> <span class='ocrx_word' id='word_1_132' title='bbox 4878 772 4996 809; x_wconf 80' lang='lat' dir='ltr'><strong>eum</strong></span> <span class='ocrx_word' id='word_1_133' title='bbox 5049 774 5167 811; x_wconf 88' lang='lat' dir='ltr'><strong>sua-</strong></span> 
     </span>
    </p>
   </div>
   <div class='ocr_carea' id='block_1_22' title="bbox 3604 845 5166 912">
    <p class='ocr_par' dir='ltr' id='par_1_22' title="bbox 3604 845 5166 912">
     <span class='ocr_line' id='line_1_22' title="bbox 3604 845 5166 912; baseline 0.002 -14"><span class='ocrx_word' id='word_1_134' title='bbox 3604 847 3757 899; x_wconf 81' lang='lat' dir='ltr'><strong>dendi</strong></span> <span class='ocrx_word' id='word_1_135' title='bbox 3821 856 4001 900; x_wconf 85' lang='lat' dir='ltr'><strong>essent</strong></span> <span class='ocrx_word' id='word_1_136' title='bbox 4063 846 4306 900; x_wconf 86' lang='lat' dir='ltr'><strong>homines</strong></span> <span class='ocrx_word' id='word_1_137' title='bbox 4367 847 4585 898; x_wconf 89' lang='lat' dir='ltr'><strong>omnino</strong></span> <span class='ocrx_word' id='word_1_138' title='bbox 4643 846 4821 898; x_wconf 53' lang='lat' dir='ltr'><strong>carpis</strong></span> <span class='ocrx_word' id='word_1_139' title='bbox 4881 845 5166 912; x_wconf 79' lang='lat' dir='ltr'><strong>vo&#39;uptatcs</strong></span> 
     </span>
    </p>
   </div>
   <div class='ocr_carea' id='block_1_23' title="bbox 3603 934 5165 1002">
    <p class='ocr_par' dir='ltr' id='par_1_23' title="bbox 3603 934 5165 1002">
     <span class='ocr_line' id='line_1_23' title="bbox 3603 934 5165 1002; baseline 0.002 -16"><span class='ocrx_word' id='word_1_140' title='bbox 3603 935 3896 999; x_wconf 71' lang='lat' dir='ltr'><strong>abscidere,</strong></span> <span class='ocrx_word' id='word_1_141' title='bbox 3934 935 4074 989; x_wconf 86' lang='lat' dir='ltr'><strong>ultro</strong></span> <span class='ocrx_word' id='word_1_142' title='bbox 4123 936 4280 989; x_wconf 82' lang='lat' dir='ltr'><strong>etiam</strong></span> <span class='ocrx_word' id='word_1_143' title='bbox 4325 944 4686 1002; x_wconf 79' lang='lat' dir='ltr'><strong>provocamur</strong></span> <span class='ocrx_word' id='word_1_144' title='bbox 4729 934 5026 988; x_wconf 83' lang='lat' dir='ltr'><strong>incestuosa</strong></span> <span class='ocrx_word' id='word_1_145' title='bbox 5058 951 5165 989; x_wconf 86' lang='lat' dir='ltr'><strong>ma-</strong></span> 
     </span>
    </p>
   </div>
   <div class='ocr_carea' id='block_1_24' title="bbox 3604 1023 5167 1093">
    <p class='ocr_par' dir='ltr' id='par_1_24' title="bbox 3604 1023 5167 1093">
     <span class='ocr_line' id='line_1_24' title="bbox 3604 1023 5167 1093; baseline -0.001 -15"><span class='ocrx_word' id='word_1_146' title='bbox 3604 1026 3846 1078; x_wconf 87' lang='lat' dir='ltr'><strong>trimonia</strong></span> <span class='ocrx_word' id='word_1_147' title='bbox 3896 1023 4178 1080; x_wconf 71' lang='lat' dir='ltr'><strong>ftederare.</strong></span> <span class='ocrx_word' id='word_1_148' title='bbox 4240 1024 4513 1077; x_wconf 82' lang='lat' dir='ltr'><strong>Adversus</strong></span> <span class='ocrx_word' id='word_1_149' title='bbox 4564 1039 4690 1093; x_wconf 89' lang='lat' dir='ltr'><strong>ergo</strong></span> <span class='ocrx_word' id='word_1_150' title='bbox 4737 1024 5033 1090; x_wconf 80' lang='lat' dir='ltr'><strong>hujusmodi</strong></span> <span class='ocrx_word' id='word_1_151' title='bbox 5081 1039 5167 1089; x_wconf 82' lang='lat' dir='ltr'><strong>pe-</strong></span> 
     </span>
    </p>
   </div>
   <div class='ocr_carea' id='block_1_25' title="bbox 3602 1111 5168 1180">
    <p class='ocr_par' dir='ltr' id='par_1_25' title="bbox 3602 1111 5168 1180">
     <span class='ocr_line' id='line_1_25' title="bbox 3602 1111 5168 1180; baseline 0.002 -17"><span class='ocrx_word' id='word_1_152' title='bbox 3602 1121 3713 1163; x_wconf 84' lang='lat' dir='ltr'><strong>stes</strong></span> <span class='ocrx_word' id='word_1_153' title='bbox 3754 1111 4102 1165; x_wconf 84' lang='lat' dir='ltr'><strong>sacerdotalis</strong></span> <span class='ocrx_word' id='word_1_154' title='bbox 4149 1125 4208 1163; x_wconf 92' lang='lat' dir='ltr'><strong>se</strong></span> <span class='ocrx_word' id='word_1_155' title='bbox 4258 1111 4550 1163; x_wconf 88' lang='lat' dir='ltr'><strong>auctoritas</strong></span> <span class='ocrx_word' id='word_1_156' title='bbox 4586 1111 4773 1179; x_wconf 79' lang='lat' dir='ltr'><strong>erigat,</strong></span> <span class='ocrx_word' id='word_1_157' title='bbox 4818 1119 4873 1163; x_wconf 92' lang='lat' dir='ltr'><strong>et</strong></span> <span class='ocrx_word' id='word_1_158' title='bbox 4919 1111 5168 1180; x_wconf 70' lang='lat' dir='ltr'><strong>improbe</strong></span> 
     </span>
    </p>
   </div>
   <div class='ocr_carea' id='block_1_26' title="bbox 3602 1197 5164 1266">
    <p class='ocr_par' dir='ltr' id='par_1_26' title="bbox 3602 1197 5164 1266">
     <span class='ocr_line' id='line_1_26' title="bbox 3602 1197 5164 1266; baseline -0.001 -14"><span class='ocrx_word' id='word_1_159' title='bbox 3602 1200 3887 1253; x_wconf 84' lang='lat' dir='ltr'><strong>temeritati</strong></span> <span class='ocrx_word' id='word_1_160' title='bbox 3939 1199 4316 1252; x_wconf 64' lang='lat' dir='ltr'><strong>ecclesiastici:</strong></span> <span class='ocrx_word' id='word_1_161' title='bbox 4372 1197 4665 1263; x_wconf 70' lang='lat' dir='ltr'><strong>disc‘plinze</strong></span> <span class='ocrx_word' id='word_1_162' title='bbox 4728 1197 4876 1266; x_wconf 91' lang='lat' dir='ltr'><strong>vigor</strong></span> <span class='ocrx_word' id='word_1_163' title='bbox 4923 1199 5164 1255; x_wconf 69' lang='lat' dir='ltr'><strong>obsistat.</strong></span> 
     </span>
    </p>
   </div>
   <div class='ocr_carea' id='block_1_27' title="bbox 3602 1286 5166 1355">
    <p class='ocr_par' dir='ltr' id='par_1_27' title="bbox 3602 1286 5166 1355">
     <span class='ocr_line' id='line_1_27' title="bbox 3602 1286 5166 1355; baseline 0.003 -18"><span class='ocrx_word' id='word_1_164' title='bbox 3602 1286 3713 1340; x_wconf 80' lang='lat' dir='ltr'><strong>Non</strong></span> <span class='ocrx_word' id='word_1_165' title='bbox 3774 1287 3929 1340; x_wconf 84' lang='lat' dir='ltr'><strong>detur</strong></span> <span class='ocrx_word' id='word_1_166' title='bbox 3978 1302 4143 1339; x_wconf 92' lang='lat' dir='ltr'><strong>cornu</strong></span> <span class='ocrx_word' id='word_1_167' title='bbox 4186 1288 4472 1354; x_wconf 76' lang='lat' dir='ltr'><strong>peccaturi,</strong></span> <span class='ocrx_word' id='word_1_168' title='bbox 4527 1286 4667 1338; x_wconf 60' lang='lat' dir='ltr'><strong>nulla</strong></span> <span class='ocrx_word' id='word_1_169' title='bbox 4707 1287 5035 1355; x_wconf 76' lang='lat' dir='ltr'><strong>relinquatur</strong></span> <span class='ocrx_word' id='word_1_170' title='bbox 5069 1303 5166 1341; x_wconf 79' lang='lat' dir='ltr'><strong>au-</strong></span> 
     </span>
    </p>
   </div>
   <div class='ocr_carea' id='block_1_28' title="bbox 3600 1371 5164 1428">
    <p class='ocr_par' dir='ltr' id='par_1_28' title="bbox 3600 1371 5164 1428">
     <span class='ocr_line' id='line_1_28' title="bbox 3600 1371 5164 1428; baseline 0.003 -4"><span class='ocrx_word' id='word_1_171' title='bbox 3600 1372 3750 1424; x_wconf 86' lang='lat' dir='ltr'><strong>dacia</strong></span> <span class='ocrx_word' id='word_1_172' title='bbox 3802 1372 4052 1425; x_wconf 84' lang='lat' dir='ltr'><strong>vanitati.</strong></span> <span class='ocrx_word' id='word_1_173' title='bbox 4122 1371 4274 1425; x_wconf 80' lang='lat' dir='ltr'><strong>Vivat</strong></span> <span class='ocrx_word' id='word_1_174' title='bbox 4336 1374 4511 1425; x_wconf 84' lang='lat' dir='ltr'><strong>adhuc</strong></span> <span class='ocrx_word' id='word_1_175' title='bbox 4565 1373 4617 1426; x_wconf 87' lang='lat' dir='ltr'><strong>in</strong></span> <span class='ocrx_word' id='word_1_176' title='bbox 4676 1373 4913 1427; x_wconf 80' lang='lat' dir='ltr'><strong>Ecclesia</strong></span> <span class='ocrx_word' id='word_1_177' title='bbox 4969 1372 5164 1428; x_wconf 87' lang='lat' dir='ltr'><strong>Christi</strong></span> 
     </span>
    </p>
   </div>
   <div class='ocr_carea' id='block_1_29' title="bbox 3601 1459 5169 1532">
    <p class='ocr_par' dir='ltr' id='par_1_29' title="bbox 3601 1459 5169 1532">
     <span class='ocr_line' id='line_1_29' title="bbox 3601 1459 5169 1532; baseline 0.005 -23"><span class='ocrx_word' id='word_1_178' title='bbox 3601 1459 3686 1512; x_wconf 77' lang='lat' dir='ltr'><strong>ille</strong></span> <span class='ocrx_word' id='word_1_179' title='bbox 3741 1460 4005 1514; x_wconf 85' lang='lat' dir='ltr'><strong>Mosaicus</strong></span> <span class='ocrx_word' id='word_1_180' title='bbox 4058 1477 4280 1532; x_wconf 50' lang='lat' dir='ltr'><strong>serpens</strong></span> <span class='ocrx_word' id='word_1_181' title='bbox 4343 1459 4530 1530; x_wconf 79' lang='lat' dir='ltr'><strong>(Nam.</strong></span> <span class='ocrx_word' id='word_1_182' title='bbox 4587 1462 4739 1530; x_wconf 70' lang='lat' dir='ltr'><strong>nt),</strong></span> <span class='ocrx_word' id='word_1_183' title='bbox 4788 1463 4876 1530; x_wconf 86' lang='lat' dir='ltr'><strong>qui</strong></span> <span class='ocrx_word' id='word_1_184' title='bbox 4931 1464 5169 1518; x_wconf 82' lang='lat' dir='ltr'><strong>incanta-</strong></span> 
     </span>
    </p>
   </div>
   <div class='ocr_carea' id='block_1_30' title="bbox 3600 1550 5170 1620">
    <p class='ocr_par' dir='ltr' id='par_1_30' title="bbox 3600 1550 5170 1620">
     <span class='ocr_line' id='line_1_30' title="bbox 3600 1550 5170 1620; baseline 0.004 -21"><span class='ocrx_word' id='word_1_185' title='bbox 3600 1558 3772 1601; x_wconf 88' lang='lat' dir='ltr'><strong>torum</strong></span> <span class='ocrx_word' id='word_1_186' title='bbox 3826 1550 4075 1603; x_wconf 86' lang='lat' dir='ltr'><strong>colubros</strong></span> <span class='ocrx_word' id='word_1_187' title='bbox 4135 1552 4389 1613; x_wconf 84' lang='lat' dir='ltr'><strong>sorbeat;</strong></span> <span class='ocrx_word' id='word_1_188' title='bbox 4449 1550 4614 1612; x_wconf 84' lang='lat' dir='ltr'><strong>vivat,</strong></span> <span class='ocrx_word' id='word_1_189' title='bbox 4673 1552 4911 1618; x_wconf 90' lang='lat' dir='ltr'><strong>inquam,</strong></span> <span class='ocrx_word' id='word_1_190' title='bbox 4961 1553 5170 1620; x_wconf 84' lang='lat' dir='ltr'><strong>spirita-</strong></span> 
     </span>
    </p>
   </div>
   <div class='ocr_carea' id='block_1_31' title="bbox 3601 1638 5167 1707">
    <p class='ocr_par' dir='ltr' id='par_1_31' title="bbox 3601 1638 5167 1707">
     <span class='ocr_line' id='line_1_31' title="bbox 3601 1638 5167 1707; baseline 0.004 -18"><span class='ocrx_word' id='word_1_191' title='bbox 3601 1638 3666 1690; x_wconf 85' lang='lat' dir='ltr'><strong>lis</strong></span> <span class='ocrx_word' id='word_1_192' title='bbox 3713 1639 4017 1706; x_wconf 87' lang='lat' dir='ltr'><strong>prudentia,</strong></span> <span class='ocrx_word' id='word_1_193' title='bbox 4061 1654 4178 1707; x_wconf 69' lang='lat' dir='ltr'><strong>qua:</strong></span> <span class='ocrx_word' id='word_1_194' title='bbox 4219 1639 4449 1692; x_wconf 90' lang='lat' dir='ltr'><strong>carnalis</strong></span> <span class='ocrx_word' id='word_1_195' title='bbox 4498 1640 4747 1699; x_wconf 53' lang='lat' dir='ltr'><strong>versutia</strong></span> <span class='ocrx_word' id='word_1_196' title='bbox 4798 1652 5002 1696; x_wconf 70' lang='lat' dir='ltr'><strong>venena</strong></span> <span class='ocrx_word' id='word_1_197' title='bbox 5040 1656 5167 1695; x_wconf 78' lang='lat' dir='ltr'><strong>eon-</strong></span> 
     </span>
    </p>
   </div>
   <div class='ocr_carea' id='block_1_32' title="bbox 3599 1726 5167 1796">
    <p class='ocr_par' dir='ltr' id='par_1_32' title="bbox 3599 1726 5167 1796">
     <span class='ocr_line' id='line_1_32' title="bbox 3599 1726 5167 1796; baseline 0.004 -19"><span class='ocrx_word' id='word_1_198' title='bbox 3599 1737 3806 1789; x_wconf 88' lang='lat' dir='ltr'><strong>sumat;</strong></span> <span class='ocrx_word' id='word_1_199' title='bbox 3862 1737 3918 1779; x_wconf 93' lang='lat' dir='ltr'><strong>ut</strong></span> <span class='ocrx_word' id='word_1_200' title='bbox 3952 1743 4085 1795; x_wconf 92' lang='lat' dir='ltr'><strong>quos</strong></span> <span class='ocrx_word' id='word_1_201' title='bbox 4135 1729 4333 1796; x_wconf 80' lang='lat' dir='ltr'><strong>proprii</strong></span> <span class='ocrx_word' id='word_1_202' title='bbox 4386 1726 4590 1781; x_wconf 85' lang='lat' dir='ltr'><strong>arbitrii</strong></span> <span class='ocrx_word' id='word_1_203' title='bbox 4645 1729 4858 1782; x_wconf 86' lang='lat' dir='ltr'><strong>libertas</strong></span> <span class='ocrx_word' id='word_1_204' title='bbox 4908 1729 5167 1785; x_wconf 77' lang='lat' dir='ltr'><strong>eﬂ&#39;reuata</strong></span> 
     </span>
    </p>
   </div>
   <div class='ocr_carea' id='block_1_33' title="bbox 3598 1814 5168 1888">
    <p class='ocr_par' dir='ltr' id='par_1_33' title="bbox 3598 1814 5168 1888">
     <span class='ocr_line' id='line_1_33' title="bbox 3598 1814 5168 1888; baseline 0.005 -23"><span class='ocrx_word' id='word_1_205' title='bbox 3598 1814 3916 1878; x_wconf 78' lang='lat' dir='ltr'><strong>laxaverat,</strong></span> <span class='ocrx_word' id='word_1_206' title='bbox 3978 1817 4252 1869; x_wconf 75' lang='lat' dir='ltr'><strong>canonica:</strong></span> <span class='ocrx_word' id='word_1_207' title='bbox 4318 1816 4617 1870; x_wconf 76' lang='lat' dir='ltr'><strong>severitatis</strong></span> <span class='ocrx_word' id='word_1_208' title='bbox 4678 1832 4901 1871; x_wconf 86' lang='lat' dir='ltr'><strong>censura</strong></span> <span class='ocrx_word' id='word_1_209' title='bbox 4959 1834 5168 1888; x_wconf 80' lang='lat' dir='ltr'><strong>compe-</strong></span> 
     </span>
    </p>
   </div>
   <div class='ocr_carea' id='block_1_34' title="bbox 3600 1908 5167 1974">
    <p class='ocr_par' dir='ltr' id='par_1_34' title="bbox 3600 1908 5167 1974">
     <span class='ocr_line' id='line_1_34' title="bbox 3600 1908 5167 1974; baseline 0.004 -18"><span class='ocrx_word' id='word_1_210' title='bbox 3600 1911 3758 1957; x_wconf 86' lang='lat' dir='ltr'><strong>scat:</strong></span> <span class='ocrx_word' id='word_1_211' title='bbox 3800 1915 3854 1958; x_wconf 87' lang='lat' dir='ltr'><strong>et</strong></span> <span class='ocrx_word' id='word_1_212' title='bbox 3898 1921 4031 1972; x_wconf 89' lang='lat' dir='ltr'><strong>quos</strong></span> <span class='ocrx_word' id='word_1_213' title='bbox 4078 1915 4330 1974; x_wconf 89' lang='lat' dir='ltr'><strong>tanquam</strong></span> <span class='ocrx_word' id='word_1_214' title='bbox 4381 1908 4609 1961; x_wconf 80' lang='lat' dir='ltr'><strong>celebris</strong></span> <span class='ocrx_word' id='word_1_215' title='bbox 4664 1908 4817 1962; x_wconf 65' lang='lat' dir='ltr'><strong>famae</strong></span> <span class='ocrx_word' id='word_1_216' title='bbox 4874 1918 5051 1965; x_wconf 84' lang='lat' dir='ltr'><strong>tumor</strong></span> <span class='ocrx_word' id='word_1_217' title='bbox 5090 1910 5167 1964; x_wconf 85' lang='lat' dir='ltr'><strong>in-</strong></span> 
     </span>
    </p>
   </div>
   <div class='ocr_carea' id='block_1_35' title="bbox 1930 1994 5166 2070">
    <p class='ocr_par' dir='ltr' id='par_1_35' title="bbox 1930 1994 5166 2070">
     <span class='ocr_line' id='line_1_35' title="bbox 1930 1994 5166 2070; baseline -0.001 -15"><span class='ocrx_word' id='word_1_218' title='bbox 1930 2017 2023 2055; x_wconf 80' lang='lat' dir='ltr'><strong>sex</strong></span> <span class='ocrx_word' id='word_1_219' title='bbox 2076 2000 2307 2068; x_wconf 87' lang='lat' dir='ltr'><strong>undique</strong></span> <span class='ocrx_word' id='word_1_220' title='bbox 2358 1999 2730 2067; x_wconf 78' lang='lat' dir='ltr'><strong>cognationum</strong></span> <span class='ocrx_word' id='word_1_221' title='bbox 2780 1998 2978 2066; x_wconf 87' lang='lat' dir='ltr'><strong>gradus</strong></span> <span class='ocrx_word' id='word_1_222' title='bbox 3021 2001 3316 2059; x_wconf 73' lang='lat' dir='ltr'><strong>enumerat,</strong></span> <span class='ocrx_word' id='word_1_223' title='bbox 3370 2014 3493 2051; x_wconf 86' lang='lat' dir='ltr'><strong>mox</strong></span> <span class='ocrx_word' id='word_1_224' title='bbox 3529 2003 3568 2058; x_wconf 82' lang='grc' dir='ltr'><strong><em>Β</em></strong></span> <span class='ocrx_word' id='word_1_225' title='bbox 3599 1994 3833 2055; x_wconf 75' lang='lat' dir='ltr'><strong>ﬂaverat.</strong></span> <span class='ocrx_word' id='word_1_226' title='bbox 3883 1996 4103 2048; x_wconf 68' lang='lat' dir='ltr'><strong>reddita:</strong></span> <span class='ocrx_word' id='word_1_227' title='bbox 4162 1997 4384 2050; x_wconf 82' lang='lat' dir='ltr'><strong>rationis</strong></span> <span class='ocrx_word' id='word_1_228' title='bbox 4431 1998 4665 2067; x_wconf 73' lang='lat' dir='ltr'><strong>gravitas</strong></span> <span class='ocrx_word' id='word_1_229' title='bbox 4719 2009 4925 2066; x_wconf 88' lang='lat' dir='ltr'><strong>premat</strong></span> <span class='ocrx_word' id='word_1_230' title='bbox 4958 2017 4973 2052; x_wconf 90' lang='lat'><strong>:</strong></span> <span class='ocrx_word' id='word_1_231' title='bbox 5009 2014 5166 2070; x_wconf 77' lang='lat' dir='ltr'><strong>quos-</strong></span> 
     </span>
    </p>
   </div>
   <div class='ocr_carea' id='block_1_36' title="bbox 1930 2085 3493 2156">
    <p class='ocr_par' dir='ltr' id='par_1_36' title="bbox 1930 2085 3493 2156">
     <span class='ocr_line' id='line_1_36' title="bbox 1930 2085 3493 2156; baseline -0.003 -14"><span class='ocrx_word' id='word_1_232' title='bbox 1930 2088 2076 2142; x_wconf 85' lang='lat' dir='ltr'><strong>addit</strong></span> <span class='ocrx_word' id='word_1_233' title='bbox 2123 2086 2340 2156; x_wconf 60' lang='lat' dir='ltr'><strong>(limit,</strong></span> <span class='ocrx_word' id='word_1_234' title='bbox 2394 2085 2486 2140; x_wconf 88' lang='lat' dir='ltr'><strong>lib.</strong></span> <span class='ocrx_word' id='word_1_235' title='bbox 2541 2101 2620 2144; x_wconf 87' lang='lat' dir='ltr'><strong>Ill.</strong></span> <span class='ocrx_word' id='word_1_236' title='bbox 2657 2085 2735 2138; x_wconf 91' lang='lat' dir='ltr'><strong>tit.</strong></span> <span class='ocrx_word' id='word_1_237' title='bbox 2775 2085 2849 2137; x_wconf 83' lang='lat' dir='ltr'><strong>De</strong></span> <span class='ocrx_word' id='word_1_238' title='bbox 2888 2086 3036 2153; x_wconf 84' lang='lat' dir='ltr'><strong>grad.</strong></span> <span class='ocrx_word' id='word_1_239' title='bbox 3076 2102 3221 2154; x_wconf 83' lang='lat' dir='ltr'><strong>cogn.</strong></span> <span class='ocrx_word' id='word_1_240' title='bbox 3259 2087 3493 2155; x_wconf 82' lang='lat' dir='ltr'><strong>perag.):</strong></span> 
     </span>
    </p>
   </div>
   <div class='ocr_carea' id='block_1_37' title="bbox 1935 2173 3494 2242">
    <p class='ocr_par' dir='ltr' id='par_1_37' title="bbox 1935 2173 3494 2242">
     <span class='ocr_line' id='line_1_37' title="bbox 1935 2173 3494 2242; baseline 0.001 -16"><span class='ocrx_word' id='word_1_241' title='bbox 1935 2195 1955 2226; x_wconf 69' lang='grc' dir='ltr'>α</span> <span class='ocrx_word' id='word_1_242' title='bbox 1987 2177 2062 2229; x_wconf 82' lang='lat' dir='ltr'><strong>Ex</strong></span> <span class='ocrx_word' id='word_1_243' title='bbox 2112 2176 2221 2239; x_wconf 86' lang='lat' dir='ltr'><strong>his,</strong></span> <span class='ocrx_word' id='word_1_244' title='bbox 2279 2175 2467 2241; x_wconf 88' lang='lat' dir='ltr'><strong>inquit,</strong></span> <span class='ocrx_word' id='word_1_245' title='bbox 2515 2173 2690 2242; x_wconf 90' lang='lat' dir='ltr'><strong>palam</strong></span> <span class='ocrx_word' id='word_1_246' title='bbox 2740 2183 2823 2226; x_wconf 92' lang='lat' dir='ltr'><strong>est</strong></span> <span class='ocrx_word' id='word_1_247' title='bbox 2881 2174 3175 2242; x_wconf 76' lang='lat' dir='ltr'><strong>intelligere</strong></span> <span class='ocrx_word' id='word_1_248' title='bbox 3235 2176 3494 2242; x_wconf 86' lang='lat' dir='ltr'><strong>quemad-</strong></span> 
     </span>
    </p>
   </div>
   <div class='ocr_carea' id='block_1_38' title="bbox 1931 2262 3494 2332">
    <p class='ocr_par' dir='ltr' id='par_1_38' title="bbox 1931 2262 3494 2332">
     <span class='ocr_line' id='line_1_38' title="bbox 1931 2262 3494 2332; baseline -0.003 -13"><span class='ocrx_word' id='word_1_249' title='bbox 1931 2265 2145 2319; x_wconf 88' lang='lat' dir='ltr'><strong>modum</strong></span> <span class='ocrx_word' id='word_1_250' title='bbox 2202 2263 2471 2317; x_wconf 86' lang='lat' dir='ltr'><strong>ulterioris</strong></span> <span class='ocrx_word' id='word_1_251' title='bbox 2529 2277 2739 2329; x_wconf 91' lang='lat' dir='ltr'><strong>quoque</strong></span> <span class='ocrx_word' id='word_1_252' title='bbox 2792 2262 2989 2332; x_wconf 84' lang='lat' dir='ltr'><strong>gradus</strong></span> <span class='ocrx_word' id='word_1_253' title='bbox 3037 2277 3353 2316; x_wconf 83' lang='lat' dir='ltr'><strong>enumerare</strong></span> <span class='ocrx_word' id='word_1_254' title='bbox 3405 2263 3494 2315; x_wconf 89' lang='lat' dir='ltr'><strong>de-</strong></span> 
     </span>
    </p>
   </div>
   <div class='ocr_carea' id='block_1_39' title="bbox 1929 2351 3494 2419">
    <p class='ocr_par' dir='ltr' id='par_1_39' title="bbox 1929 2351 3494 2419">
     <span class='ocr_line' id='line_1_39' title="bbox 1929 2351 3494 2419; baseline -0.003 -13"><span class='ocrx_word' id='word_1_255' title='bbox 1929 2353 2149 2406; x_wconf 86' lang='lat' dir='ltr'><strong>beamus</strong></span> <span class='ocrx_word' id='word_1_256' title='bbox 2194 2366 2208 2402; x_wconf 88' lang='lat'><strong>:</strong></span> <span class='ocrx_word' id='word_1_257' title='bbox 2258 2351 2452 2418; x_wconf 80' lang='lat' dir='ltr'><strong>quippe</strong></span> <span class='ocrx_word' id='word_1_258' title='bbox 2513 2359 2763 2418; x_wconf 89' lang='lat' dir='ltr'><strong>generata</strong></span> <span class='ocrx_word' id='word_1_259' title='bbox 2816 2365 3040 2417; x_wconf 65' lang='lat' dir='ltr'><strong>qumque</strong></span> <span class='ocrx_word' id='word_1_260' title='bbox 3093 2364 3318 2418; x_wconf 88' lang='lat' dir='ltr'><strong>persona</strong></span> <span class='ocrx_word' id='word_1_261' title='bbox 3368 2365 3494 2419; x_wconf 89' lang='lat' dir='ltr'><strong>gra-</strong></span> 
     </span>
    </p>
   </div>
   <div class='ocr_carea' id='block_1_40' title="bbox 1928 2427 3495 2509">
    <p class='ocr_par' dir='ltr' id='par_1_40' title="bbox 1928 2427 3495 2509">
     <span class='ocr_line' id='line_1_40' title="bbox 1928 2427 3495 2509; baseline 0 -16"><span class='ocrx_word' id='word_1_262' title='bbox 1928 2442 2054 2493; x_wconf 91' lang='lat' dir='ltr'><strong>dum</strong></span> <span class='ocrx_word' id='word_1_263' title='bbox 2112 2440 2366 2509; x_wconf 86' lang='lat' dir='ltr'><strong>adjiciat,</strong></span> <span class='ocrx_word' id='word_1_264' title='bbox 2427 2447 2484 2491; x_wconf 92' lang='lat' dir='ltr'><strong>ut</strong></span> <span class='ocrx_word' id='word_1_265' title='bbox 2539 2440 2693 2506; x_wconf 85' lang='lat' dir='ltr'><strong>longe</strong></span> <span class='ocrx_word' id='word_1_266' title='bbox 2770 2438 2978 2492; x_wconf 88' lang='lat' dir='ltr'><strong>facilius</strong></span> <span class='ocrx_word' id='word_1_267' title='bbox 3032 2441 3102 2493; x_wconf 87' lang='lat' dir='ltr'><strong>sit</strong></span> <span class='ocrx_word' id='word_1_268' title='bbox 3170 2427 3495 2508; x_wconf 83' lang='lat' dir='ltr'><strong>respondere</strong></span> 
     </span>
    </p>
   </div>
   <div class='ocr_carea' id='block_1_41' title="bbox 1928 2529 3494 2598">
    <p class='ocr_par' dir='ltr' id='par_1_41' title="bbox 1928 2529 3494 2598">
     <span class='ocr_line' id='line_1_41' title="bbox 1928 2529 3494 2598; baseline -0.001 -14"><span class='ocrx_word' id='word_1_269' title='bbox 1928 2546 2034 2598; x_wconf 88' lang='lat' dir='ltr'><strong>quo</strong></span> <span class='ocrx_word' id='word_1_270' title='bbox 2079 2532 2300 2598; x_wconf 87' lang='lat' dir='ltr'><strong>quisque</strong></span> <span class='ocrx_word' id='word_1_271' title='bbox 2364 2530 2529 2596; x_wconf 88' lang='lat' dir='ltr'><strong>gradu</strong></span> <span class='ocrx_word' id='word_1_272' title='bbox 2581 2529 2693 2587; x_wconf 88' lang='lat' dir='ltr'><strong>sit,</strong></span> <span class='ocrx_word' id='word_1_273' title='bbox 2750 2543 2907 2596; x_wconf 88' lang='lat' dir='ltr'><strong>quam</strong></span> <span class='ocrx_word' id='word_1_274' title='bbox 2965 2529 3177 2598; x_wconf 89' lang='lat' dir='ltr'><strong>propria</strong></span> <span class='ocrx_word' id='word_1_275' title='bbox 3223 2530 3494 2595; x_wconf 78' lang='lat' dir='ltr'><strong>cognatio-</strong></span> 
     </span>
    </p>
   </div>
   <div class='ocr_carea' id='block_1_42' title="bbox 1927 2617 3496 2687">
    <p class='ocr_par' dir='ltr' id='par_1_42' title="bbox 1927 2617 3496 2687">
     <span class='ocr_line' id='line_1_42' title="bbox 1927 2617 3496 2687; baseline -0.003 -14"><span class='ocrx_word' id='word_1_276' title='bbox 1927 2621 2014 2673; x_wconf 87' lang='lat' dir='ltr'><strong>nis</strong></span> <span class='ocrx_word' id='word_1_277' title='bbox 2070 2619 2415 2687; x_wconf 83' lang='lat' dir='ltr'><strong>appellatione</strong></span> <span class='ocrx_word' id='word_1_278' title='bbox 2469 2632 2793 2685; x_wconf 88' lang='lat' dir='ltr'><strong>quemquam</strong></span> <span class='ocrx_word' id='word_1_279' title='bbox 2855 2617 3128 2669; x_wconf 87' lang='lat' dir='ltr'><strong>denotare.</strong></span> <span class='ocrx_word' id='word_1_280' title='bbox 3172 2636 3189 2666; x_wconf 77' lang='grc' dir='ltr'>ι</span> <span class='ocrx_word' id='word_1_281' title='bbox 3262 2617 3317 2670; x_wconf 79' lang='grc' dir='ltr'><strong>δι</strong></span> <span class='ocrx_word' id='word_1_282' title='bbox 3368 2632 3496 2686; x_wconf 88' lang='lat' dir='ltr'><strong>ergo</strong></span> 
     </span>
    </p>
   </div>
   <div class='ocr_carea' id='block_1_43' title="bbox 1927 2705 3494 2778">
    <p class='ocr_par' dir='ltr' id='par_1_43' title="bbox 1927 2705 3494 2778">
     <span class='ocr_line' id='line_1_43' title="bbox 1927 2705 3494 2778; baseline -0.001 -18"><span class='ocrx_word' id='word_1_283' title='bbox 1927 2708 2198 2778; x_wconf 86' lang='lat' dir='ltr'><strong>legislator</strong></span> <span class='ocrx_word' id='word_1_284' title='bbox 2250 2708 2359 2775; x_wconf 84' lang='lat' dir='ltr'><strong>ipse</strong></span> <span class='ocrx_word' id='word_1_285' title='bbox 2419 2706 2528 2759; x_wconf 92' lang='lat' dir='ltr'><strong>illic</strong></span> <span class='ocrx_word' id='word_1_286' title='bbox 2579 2705 3054 2774; x_wconf 78' lang='lat' dir='ltr'><strong>consanguinitatis</strong></span> <span class='ocrx_word' id='word_1_287' title='bbox 3115 2707 3310 2773; x_wconf 79' lang='lat' dir='ltr'><strong>gradus</strong></span> <span class='ocrx_word' id='word_1_288' title='bbox 3367 2722 3494 2759; x_wconf 88' lang='lat' dir='ltr'><strong>enu-</strong></span> 
     </span>
    </p>
   </div>
   <div class='ocr_carea' id='block_1_44' title="bbox 1928 2794 3494 2862">
    <p class='ocr_par' dir='ltr' id='par_1_44' title="bbox 1928 2794 3494 2862">
     <span class='ocr_line' id='line_1_44' title="bbox 1928 2794 3494 2862; baseline -0.003 -12"><span class='ocrx_word' id='word_1_289' title='bbox 1928 2806 2119 2857; x_wconf 79' lang='lat' dir='ltr'><strong>merat,</strong></span> <span class='ocrx_word' id='word_1_290' title='bbox 2184 2797 2270 2848; x_wconf 88' lang='lat' dir='ltr'><strong>ubi</strong></span> <span class='ocrx_word' id='word_1_291' title='bbox 2322 2794 2534 2847; x_wconf 89' lang='lat' dir='ltr'><strong>nomina</strong></span> <span class='ocrx_word' id='word_1_292' title='bbox 2586 2796 2770 2846; x_wconf 82' lang='lat' dir='ltr'><strong>deesse</strong></span> <span class='ocrx_word' id='word_1_293' title='bbox 2819 2803 3066 2854; x_wconf 83' lang='lat' dir='ltr'><strong>testatur,</strong></span> <span class='ocrx_word' id='word_1_294' title='bbox 3123 2794 3250 2862; x_wconf 91' lang='lat' dir='ltr'><strong>quid</strong></span> <span class='ocrx_word' id='word_1_295' title='bbox 3301 2795 3494 2846; x_wconf 90' lang='lat' dir='ltr'><strong>mirum</strong></span> 
     </span>
    </p>
   </div>
   <div class='ocr_carea' id='block_1_45' title="bbox 1925 2883 3495 2949">
    <p class='ocr_par' dir='ltr' id='par_1_45' title="bbox 1925 2883 3495 2949">
     <span class='ocr_line' id='line_1_45' title="bbox 1925 2883 3495 2949; baseline -0.004 -8"><span class='ocrx_word' id='word_1_296' title='bbox 1925 2889 1971 2941; x_wconf 92' lang='lat' dir='ltr'><strong>si</strong></span> <span class='ocrx_word' id='word_1_297' title='bbox 2017 2900 2112 2939; x_wconf 89' lang='lat' dir='ltr'><strong>nos</strong></span> <span class='ocrx_word' id='word_1_298' title='bbox 2159 2886 2344 2938; x_wconf 88' lang='lat' dir='ltr'><strong>eadem</strong></span> <span class='ocrx_word' id='word_1_299' title='bbox 2401 2883 2658 2937; x_wconf 79' lang='lat' dir='ltr'><strong>facientes</strong></span> <span class='ocrx_word' id='word_1_300' title='bbox 2690 2924 2704 2947; x_wconf 91' lang='lat'><strong>,</strong></span> <span class='ocrx_word' id='word_1_301' title='bbox 2758 2893 2813 2936; x_wconf 90' lang='lat' dir='ltr'><strong>et</strong></span> <span class='ocrx_word' id='word_1_302' title='bbox 2869 2883 3008 2936; x_wconf 91' lang='lat' dir='ltr'><strong>inter</strong></span> <span class='ocrx_word' id='word_1_303' title='bbox 3059 2885 3176 2936; x_wconf 86' lang='lat' dir='ltr'><strong>illos</strong></span> <span class='ocrx_word' id='word_1_304' title='bbox 3230 2898 3347 2936; x_wconf 79' lang='lat' dir='ltr'><strong>esse</strong></span> <span class='ocrx_word' id='word_1_305' title='bbox 3406 2884 3495 2949; x_wconf 85' lang='lat' dir='ltr'><strong>jus</strong></span> 
     </span>
    </p>
   </div>
   <div class='ocr_carea' id='block_1_46' title="bbox 1923 2974 3491 3045">
    <p class='ocr_par' dir='ltr' id='par_1_46' title="bbox 1923 2974 3491 3045">
     <span class='ocr_line' id='line_1_46' title="bbox 1923 2974 3491 3045; baseline -0.001 -17"><span class='ocrx_word' id='word_1_306' title='bbox 1923 2975 2336 3045; x_wconf 87' lang='lat' dir='ltr'><strong>propinquitatis</strong></span> <span class='ocrx_word' id='word_1_307' title='bbox 2391 2976 2681 3026; x_wconf 81' lang='lat' dir='ltr'><strong>asserimus</strong></span> <span class='ocrx_word' id='word_1_308' title='bbox 2711 3014 2725 3035; x_wconf 97' lang='lat'><strong>,</strong></span> <span class='ocrx_word' id='word_1_309' title='bbox 2770 2989 2996 3041; x_wconf 88' lang='lat' dir='ltr'><strong>quorum</strong></span> <span class='ocrx_word' id='word_1_310' title='bbox 3055 2974 3301 3028; x_wconf 83' lang='lat' dir='ltr'><strong>videlicet</strong></span> <span class='ocrx_word' id='word_1_311' title='bbox 3349 2974 3491 3027; x_wconf 77' lang='lat' dir='ltr'><strong>rela-</strong></span> 
     </span>
    </p>
   </div>
   <div class='ocr_carea' id='block_1_47' title="bbox 1924 3062 3492 3133">
    <p class='ocr_par' dir='ltr' id='par_1_47' title="bbox 1924 3062 3492 3133">
     <span class='ocr_line' id='line_1_47' title="bbox 1924 3062 3492 3133; baseline -0.001 -15"><span class='ocrx_word' id='word_1_312' title='bbox 1924 3067 2033 3118; x_wconf 85' lang='lat' dir='ltr'><strong>tiva</strong></span> <span class='ocrx_word' id='word_1_313' title='bbox 2087 3064 2337 3118; x_wconf 78' lang='lat' dir='ltr'><strong>voeabula</strong></span> <span class='ocrx_word' id='word_1_314' title='bbox 2394 3079 2496 3116; x_wconf 92' lang='lat' dir='ltr'><strong>non</strong></span> <span class='ocrx_word' id='word_1_315' title='bbox 2546 3063 2850 3117; x_wconf 78' lang='lat' dir='ltr'><strong>habentur?</strong></span> <span class='ocrx_word' id='word_1_316' title='bbox 2900 3062 3069 3117; x_wconf 86' lang='lat' dir='ltr'><strong>Tanto</strong></span> <span class='ocrx_word' id='word_1_317' title='bbox 3117 3065 3226 3132; x_wconf 84' lang='lat' dir='ltr'><strong>jam</strong></span> <span class='ocrx_word' id='word_1_318' title='bbox 3279 3064 3345 3118; x_wconf 90' lang='lat' dir='ltr'><strong>de</strong></span> <span class='ocrx_word' id='word_1_319' title='bbox 3399 3080 3492 3133; x_wconf 85' lang='lat' dir='ltr'><strong>pa-</strong></span> 
     </span>
    </p>
   </div>
   <div class='ocr_carea' id='block_1_48' title="bbox 1923 3150 3491 3221">
    <p class='ocr_par' dir='ltr' id='par_1_48' title="bbox 1923 3150 3491 3221">
     <span class='ocr_line' id='line_1_48' title="bbox 1923 3150 3491 3221; baseline -0.001 -12"><span class='ocrx_word' id='word_1_320' title='bbox 1923 3153 2125 3208; x_wconf 81' lang='lat' dir='ltr'><strong>rentela</strong></span> <span class='ocrx_word' id='word_1_321' title='bbox 2178 3166 2261 3204; x_wconf 90' lang='lat' dir='ltr'><strong>me</strong></span> <span class='ocrx_word' id='word_1_322' title='bbox 2326 3153 2525 3204; x_wconf 76' lang='lat' dir='ltr'><strong>dixisse</strong></span> <span class='ocrx_word' id='word_1_323' title='bbox 2585 3150 2811 3205; x_wconf 76' lang='lat' dir='ltr'><strong>sulliciat</strong></span> <span class='ocrx_word' id='word_1_324' title='bbox 2848 3192 2864 3215; x_wconf 96' lang='lat'><strong>,</strong></span> <span class='ocrx_word' id='word_1_325' title='bbox 2932 3166 2998 3205; x_wconf 90' lang='lat' dir='ltr'><strong>ne</strong></span> <span class='ocrx_word' id='word_1_326' title='bbox 3054 3168 3256 3221; x_wconf 90' lang='lat' dir='ltr'><strong>pauper</strong></span> <span class='ocrx_word' id='word_1_327' title='bbox 3322 3154 3491 3221; x_wconf 72' lang='lat' dir='ltr'><strong>stylus</strong></span> 
     </span>
    </p>
   </div>
   <div class='ocr_carea' id='block_1_49' title="bbox 1924 3241 3488 3311">
    <p class='ocr_par' dir='ltr' id='par_1_49' title="bbox 1924 3241 3488 3311">
     <span class='ocr_line' id='line_1_49' title="bbox 1924 3241 3488 3311; baseline 0 -16"><span class='ocrx_word' id='word_1_328' title='bbox 1924 3243 2137 3296; x_wconf 87' lang='lat' dir='ltr'><strong>modum</strong></span> <span class='ocrx_word' id='word_1_329' title='bbox 2187 3242 2284 3294; x_wconf 82' lang='lat' dir='ltr'><strong>sibi</strong></span> <span class='ocrx_word' id='word_1_330' title='bbox 2334 3255 2579 3309; x_wconf 80' lang='lat' dir='ltr'><strong>congruae</strong></span> <span class='ocrx_word' id='word_1_331' title='bbox 2620 3241 2896 3294; x_wconf 87' lang='lat' dir='ltr'><strong>brevitatis</strong></span> <span class='ocrx_word' id='word_1_332' title='bbox 2941 3243 3161 3295; x_wconf 88' lang='lat' dir='ltr'><strong>excedat</strong></span> <span class='ocrx_word' id='word_1_333' title='bbox 3190 3259 3203 3293; x_wconf 90' lang='lat'><strong>:</strong></span> <span class='ocrx_word' id='word_1_334' title='bbox 3230 3243 3369 3311; x_wconf 63' lang='lat' dir='ltr'><strong>quod</strong></span> <span class='ocrx_word' id='word_1_335' title='bbox 3411 3251 3488 3295; x_wconf 89' lang='lat' dir='ltr'><strong>ta-</strong></span> 
     </span>
    </p>
   </div>
   <div class='ocr_carea' id='block_1_50' title="bbox 1924 3316 3560 3399">
    <p class='ocr_par' dir='ltr' id='par_1_50' title="bbox 1924 3316 3560 3399">
     <span class='ocr_line' id='line_1_50' title="bbox 1924 3316 3560 3399; baseline 0 -16"><span class='ocrx_word' id='word_1_336' title='bbox 1924 3345 2046 3383; x_wconf 88' lang='lat' dir='ltr'><strong>men</strong></span> <span class='ocrx_word' id='word_1_337' title='bbox 2075 3340 2133 3383; x_wconf 93' lang='lat' dir='ltr'><strong>ut</strong></span> <span class='ocrx_word' id='word_1_338' title='bbox 2156 3330 2407 3391; x_wconf 86' lang='lat' dir='ltr'><strong>arbitror,</strong></span> <span class='ocrx_word' id='word_1_339' title='bbox 2435 3330 2479 3381; x_wconf 89' lang='lat' dir='ltr'><strong>si</strong></span> <span class='ocrx_word' id='word_1_340' title='bbox 2508 3329 2784 3396; x_wconf 78' lang='lat' dir='ltr'><strong>diligenter</strong></span> <span class='ocrx_word' id='word_1_341' title='bbox 2813 3330 3119 3392; x_wconf 88' lang='lat' dir='ltr'><strong>attenditur,</strong></span> <span class='ocrx_word' id='word_1_342' title='bbox 3154 3333 3344 3392; x_wconf 81' lang='lat' dir='ltr'><strong>omnis,</strong></span> <span class='ocrx_word' id='word_1_343' title='bbox 3373 3346 3491 3399; x_wconf 67' lang='lat' dir='ltr'><strong>qua;</strong></span> <span class='ocrx_word' id='word_1_344' title='bbox 3519 3316 3560 3376; x_wconf 64' lang='grc' dir='ltr'><em>ε</em></span> 
     </span>
    </p>
   </div>
   <div class='ocr_carea' id='block_1_51' title="bbox 1917 3418 3488 3488">
    <p class='ocr_par' dir='ltr' id='par_1_51' title="bbox 1917 3418 3488 3488">
     <span class='ocr_line' id='line_1_51' title="bbox 1917 3418 3488 3488; baseline -0.002 -14"><span class='ocrx_word' id='word_1_345' title='bbox 1917 3434 2082 3488; x_wconf 80' lang='lat' dir='ltr'><strong>super</strong></span> <span class='ocrx_word' id='word_1_346' title='bbox 2111 3418 2208 3471; x_wconf 89' lang='lat' dir='ltr'><strong>hoc</strong></span> <span class='ocrx_word' id='word_1_347' title='bbox 2247 3419 2456 3486; x_wconf 86' lang='lat' dir='ltr'><strong>negotio</strong></span> <span class='ocrx_word' id='word_1_348' title='bbox 2484 3432 2654 3483; x_wconf 87' lang='lat' dir='ltr'><strong>nuper</strong></span> <span class='ocrx_word' id='word_1_349' title='bbox 2681 3428 2995 3480; x_wconf 84' lang='lat' dir='ltr'><strong>emerserat,</strong></span> <span class='ocrx_word' id='word_1_350' title='bbox 3018 3419 3238 3487; x_wconf 85' lang='lat' dir='ltr'><strong>querela</strong></span> <span class='ocrx_word' id='word_1_351' title='bbox 3265 3420 3488 3488; x_wconf 85' lang='lat' dir='ltr'><strong>sopitur.</strong></span> 
     </span>
    </p>
   </div>
   <div class='ocr_carea' id='block_1_52' title="bbox 2515 3524 2900 3580">
    <p class='ocr_par' dir='ltr' id='par_1_52' title="bbox 2515 3524 2900 3580">
     <span class='ocr_line' id='line_1_52' title="bbox 2515 3524 2900 3580; baseline -0.003 -1"><span class='ocrx_word' id='word_1_352' title='bbox 2515 3524 2739 3580; x_wconf 81' lang='lat' dir='ltr'><strong>CAPUT</strong></span> <span class='ocrx_word' id='word_1_353' title='bbox 2789 3525 2900 3579; x_wconf 77' lang='lat' dir='ltr'><strong>XII.</strong></span> 
     </span>
    </p>
   </div>
   <div class='ocr_carea' id='block_1_53' title="bbox 2274 3633 3141 3702">
    <p class='ocr_par' dir='ltr' id='par_1_53' title="bbox 2274 3633 3141 3702">
     <span class='ocr_line' id='line_1_53' title="bbox 2274 3633 3141 3702; baseline 0.001 -15"><span class='ocrx_word' id='word_1_354' title='bbox 2274 3633 2556 3687; x_wconf 69' lang='lat' dir='ltr'><strong>Excusatt&#39;o</strong></span> <span class='ocrx_word' id='word_1_355' title='bbox 2602 3633 2845 3702; x_wconf 84' lang='lat' dir='ltr'><strong>longioris</strong></span> <span class='ocrx_word' id='word_1_356' title='bbox 2890 3635 3141 3702; x_wconf 76' lang='lat' dir='ltr'><strong>opusculi.</strong></span> 
     </span>
    </p>
   </div>
   <div class='ocr_carea' id='block_1_54' title="bbox 1991 3743 3483 3816">
    <p class='ocr_par' dir='ltr' id='par_1_54' title="bbox 1991 3743 3483 3816">
     <span class='ocr_line' id='line_1_54' title="bbox 1991 3743 3483 3816; baseline 0 -19"><span class='ocrx_word' id='word_1_357' title='bbox 1991 3744 2192 3798; x_wconf 83' lang='lat' dir='ltr'><strong>Dixerit</strong></span> <span class='ocrx_word' id='word_1_358' title='bbox 2236 3759 2321 3797; x_wconf 91' lang='lat' dir='ltr'><strong>me</strong></span> <span class='ocrx_word' id='word_1_359' title='bbox 2372 3743 2632 3812; x_wconf 87' lang='lat' dir='ltr'><strong>quispiam</strong></span> <span class='ocrx_word' id='word_1_360' title='bbox 2680 3744 2857 3797; x_wconf 87' lang='lat' dir='ltr'><strong>verbis</strong></span> <span class='ocrx_word' id='word_1_361' title='bbox 2905 3745 3121 3798; x_wconf 62' lang='lat' dir='ltr'><strong>liberius</strong></span> <span class='ocrx_word' id='word_1_362' title='bbox 3162 3756 3441 3816; x_wconf 85' lang='lat' dir='ltr'><strong>evagatum</strong></span> <span class='ocrx_word' id='word_1_363' title='bbox 3468 3785 3483 3809; x_wconf 95' lang='lat'><strong>,</strong></span> 
     </span>
    </p>
   </div>
   <div class='ocr_carea' id='block_1_55' title="bbox 1919 3831 3482 3897">
    <p class='ocr_par' dir='ltr' id='par_1_55' title="bbox 1919 3831 3482 3897">
     <span class='ocr_line' id='line_1_55' title="bbox 1919 3831 3482 3897; baseline -0.001 -9"><span class='ocrx_word' id='word_1_364' title='bbox 1919 3832 2013 3889; x_wconf 71' lang='lat' dir='ltr'><strong>sed</strong></span> <span class='ocrx_word' id='word_1_365' title='bbox 2064 3833 2189 3886; x_wconf 89' lang='lat' dir='ltr'><strong>mihi</strong></span> <span class='ocrx_word' id='word_1_366' title='bbox 2246 3831 2378 3884; x_wconf 70' lang='lat' dir='ltr'><strong>tanti</strong></span> <span class='ocrx_word' id='word_1_367' title='bbox 2439 3840 2522 3883; x_wconf 86' lang='lat' dir='ltr'><strong>est</strong></span> <span class='ocrx_word' id='word_1_368' title='bbox 2578 3833 2942 3897; x_wconf 80' lang='lat' dir='ltr'><strong>proximorum</strong></span> <span class='ocrx_word' id='word_1_369' title='bbox 3001 3849 3235 3887; x_wconf 81' lang='lat' dir='ltr'><strong>meorum</strong></span> <span class='ocrx_word' id='word_1_370' title='bbox 3300 3836 3482 3895; x_wconf 86' lang='lat' dir='ltr'><strong>salus,</strong></span> 
     </span>
    </p>
   </div>
   <div class='ocr_carea' id='block_1_56' title="bbox 1922 3918 3485 3989">
    <p class='ocr_par' dir='ltr' id='par_1_56' title="bbox 1922 3918 3485 3989">
     <span class='ocr_line' id='line_1_56' title="bbox 1922 3918 3485 3989; baseline 0.001 -17"><span class='ocrx_word' id='word_1_371' title='bbox 1922 3929 1984 3973; x_wconf 87' lang='lat' dir='ltr'><strong>ut</strong></span> <span class='ocrx_word' id='word_1_372' title='bbox 2042 3934 2146 3972; x_wconf 89' lang='lat' dir='ltr'><strong>non</strong></span> <span class='ocrx_word' id='word_1_373' title='bbox 2206 3918 2436 3971; x_wconf 87' lang='lat' dir='ltr'><strong>otiosum</strong></span> <span class='ocrx_word' id='word_1_374' title='bbox 2479 3918 2692 3969; x_wconf 80' lang='lat' dir='ltr'><strong>credam</strong></span> <span class='ocrx_word' id='word_1_375' title='bbox 2743 3919 3029 3972; x_wconf 88' lang='lat' dir='ltr'><strong>multorum</strong></span> <span class='ocrx_word' id='word_1_376' title='bbox 3087 3920 3345 3988; x_wconf 88' lang='lat' dir='ltr'><strong>lignorum</strong></span> <span class='ocrx_word' id='word_1_377' title='bbox 3393 3935 3485 3989; x_wconf 84' lang='lat' dir='ltr'><strong>py--</strong></span> 
     </span>
    </p>
   </div>
   <div class='ocr_carea' id='block_1_57' title="bbox 1920 4006 3480 4076">
    <p class='ocr_par' dir='ltr' id='par_1_57' title="bbox 1920 4006 3480 4076">
     <span class='ocr_line' id='line_1_57' title="bbox 1920 4006 3480 4076; baseline 0.001 -16"><span class='ocrx_word' id='word_1_378' title='bbox 1920 4021 2038 4061; x_wconf 85' lang='lat' dir='ltr'><strong>ram</strong></span> <span class='ocrx_word' id='word_1_379' title='bbox 2084 4008 2408 4064; x_wconf 87' lang='lat' dir='ltr'><strong>accendere.</strong></span> <span class='ocrx_word' id='word_1_380' title='bbox 2463 4020 2565 4072; x_wconf 86' lang='lat' dir='ltr'><strong>qua</strong></span> <span class='ocrx_word' id='word_1_381' title='bbox 2621 4006 2962 4068; x_wconf 86' lang='lat' dir='ltr'><strong>basiliscum,</strong></span> <span class='ocrx_word' id='word_1_382' title='bbox 3014 4008 3138 4061; x_wconf 86' lang='lat' dir='ltr'><strong>licet</strong></span> <span class='ocrx_word' id='word_1_383' title='bbox 3196 4010 3480 4076; x_wconf 69' lang='lat' dir='ltr'><strong>exiguum,</strong></span> 
     </span>
    </p>
   </div>
   <div class='ocr_carea' id='block_1_58' title="bbox 1921 4095 3482 4162">
    <p class='ocr_par' dir='ltr' id='par_1_58' title="bbox 1921 4095 3482 4162">
     <span class='ocr_line' id='line_1_58' title="bbox 1921 4095 3482 4162; baseline 0.001 -13"><span class='ocrx_word' id='word_1_384' title='bbox 1921 4095 2174 4150; x_wconf 88' lang='lat' dir='ltr'><strong>incolumi</strong></span> <span class='ocrx_word' id='word_1_385' title='bbox 2224 4095 2415 4162; x_wconf 89' lang='lat' dir='ltr'><strong>populo</strong></span> <span class='ocrx_word' id='word_1_386' title='bbox 2467 4108 2686 4147; x_wconf 85' lang='lat' dir='ltr'><strong>necesse</strong></span> <span class='ocrx_word' id='word_1_387' title='bbox 2735 4096 2805 4147; x_wconf 90' lang='lat' dir='ltr'><strong>sit</strong></span> <span class='ocrx_word' id='word_1_388' title='bbox 2861 4096 3077 4149; x_wconf 88' lang='lat' dir='ltr'><strong>interire</strong></span> <span class='ocrx_word' id='word_1_389' title='bbox 3117 4115 3130 4149; x_wconf 88' lang='lat'><strong>:</strong></span> <span class='ocrx_word' id='word_1_390' title='bbox 3173 4112 3270 4151; x_wconf 91' lang='lat' dir='ltr'><strong>nec</strong></span> <span class='ocrx_word' id='word_1_391' title='bbox 3318 4099 3482 4153; x_wconf 86' lang='lat' dir='ltr'><strong>multa</strong></span> 
     </span>
    </p>
   </div>
   <div class='ocr_carea' id='block_1_59' title="bbox 1920 4184 3482 4257">
    <p class='ocr_par' dir='ltr' id='par_1_59' title="bbox 1920 4184 3482 4257">
     <span class='ocr_line' id='line_1_59' title="bbox 1920 4184 3482 4257; baseline 0 -15"><span class='ocrx_word' id='word_1_392' title='bbox 1920 4202 2060 4257; x_wconf 84' lang='lat' dir='ltr'><strong>aqua</strong></span> <span class='ocrx_word' id='word_1_393' title='bbox 2105 4186 2332 4239; x_wconf 84' lang='lat' dir='ltr'><strong>inaniter</strong></span> <span class='ocrx_word' id='word_1_394' title='bbox 2369 4184 2607 4237; x_wconf 89' lang='lat' dir='ltr'><strong>funditur</strong></span> <span class='ocrx_word' id='word_1_395' title='bbox 2651 4187 2693 4239; x_wconf 88' lang='lat' dir='ltr'><strong>si</strong></span> <span class='ocrx_word' id='word_1_396' title='bbox 2739 4187 2963 4239; x_wconf 86' lang='lat' dir='ltr'><strong>scintilla</strong></span> <span class='ocrx_word' id='word_1_397' title='bbox 3012 4188 3169 4255; x_wconf 88' lang='lat' dir='ltr'><strong>ignis,</strong></span> <span class='ocrx_word' id='word_1_398' title='bbox 3216 4203 3317 4255; x_wconf 83' lang='lat' dir='ltr'><strong>qua</strong></span> <span class='ocrx_word' id='word_1_399' title='bbox 3358 4189 3482 4242; x_wconf 85' lang='lat' dir='ltr'><strong>urbs</strong></span> 
     </span>
    </p>
   </div>
   <div class='ocr_carea' id='block_1_60' title="bbox 1919 4270 3479 4342">
    <p class='ocr_par' dir='ltr' id='par_1_60' title="bbox 1919 4270 3479 4342">
     <span class='ocr_line' id='line_1_60' title="bbox 1919 4270 3479 4342; baseline 0 -14"><span class='ocrx_word' id='word_1_400' title='bbox 1919 4274 2206 4328; x_wconf 89' lang='lat' dir='ltr'><strong>cremanda</strong></span> <span class='ocrx_word' id='word_1_401' title='bbox 2254 4271 2445 4335; x_wconf 83' lang='lat' dir='ltr'><strong>fuerat,</strong></span> <span class='ocrx_word' id='word_1_402' title='bbox 2494 4273 2877 4342; x_wconf 74' lang='lat' dir='ltr'><strong>esstinguatur.</strong></span> <span class='ocrx_word' id='word_1_403' title='bbox 2923 4270 3057 4326; x_wconf 76' lang='lat' dir='ltr'><strong>Vilis</strong></span> <span class='ocrx_word' id='word_1_404' title='bbox 3103 4274 3260 4340; x_wconf 89' lang='lat' dir='ltr'><strong>plane</strong></span> <span class='ocrx_word' id='word_1_405' title='bbox 3290 4277 3479 4342; x_wconf 81' lang='lat' dir='ltr'><strong>sagitta</strong></span> 
     </span>
    </p>
   </div>
   <div class='ocr_carea' id='block_1_61' title="bbox 1918 4360 3477 4432">
    <p class='ocr_par' dir='ltr' id='par_1_61' title="bbox 1918 4360 3477 4432">
     <span class='ocr_line' id='line_1_61' title="bbox 1918 4360 3477 4432; baseline -0.001 -17"><span class='ocrx_word' id='word_1_406' title='bbox 1918 4362 2120 4432; x_wconf 85' lang='lat' dir='ltr'><strong>pectori</strong></span> <span class='ocrx_word' id='word_1_407' title='bbox 2176 4360 2419 4414; x_wconf 88' lang='lat' dir='ltr'><strong>bellantis</strong></span> <span class='ocrx_word' id='word_1_408' title='bbox 2475 4360 2746 4428; x_wconf 75' lang='lat' dir='ltr'><strong>infigitur,</strong></span> <span class='ocrx_word' id='word_1_409' title='bbox 2796 4362 2887 4415; x_wconf 89' lang='lat' dir='ltr'><strong>sed</strong></span> <span class='ocrx_word' id='word_1_410' title='bbox 2942 4373 3227 4430; x_wconf 90' lang='lat' dir='ltr'><strong>antequam</strong></span> <span class='ocrx_word' id='word_1_411' title='bbox 3278 4373 3477 4428; x_wconf 75' lang='lat' dir='ltr'><strong>exeat,</strong></span> 
     </span>
    </p>
   </div>
   <div class='ocr_carea' id='block_1_62' title="bbox 1918 4449 3481 4520">
    <p class='ocr_par' dir='ltr' id='par_1_62' title="bbox 1918 4449 3481 4520">
     <span class='ocr_line' id='line_1_62' title="bbox 1918 4449 3481 4520; baseline 0.001 -15"><span class='ocrx_word' id='word_1_412' title='bbox 1918 4459 2089 4505; x_wconf 79' lang='lat' dir='ltr'><strong>multo</strong></span> <span class='ocrx_word' id='word_1_413' title='bbox 2140 4449 2319 4502; x_wconf 88' lang='lat' dir='ltr'><strong>labore</strong></span> <span class='ocrx_word' id='word_1_414' title='bbox 2384 4450 2624 4501; x_wconf 89' lang='lat' dir='ltr'><strong>sudatur.</strong></span> <span class='ocrx_word' id='word_1_415' title='bbox 2679 4450 3056 4505; x_wconf 76' lang='lat' dir='ltr'><strong>Verumtamen</strong></span> <span class='ocrx_word' id='word_1_416' title='bbox 3118 4454 3351 4520; x_wconf 80' lang='lat' dir='ltr'><strong>qui-me</strong></span> <span class='ocrx_word' id='word_1_417' title='bbox 3404 4455 3481 4506; x_wconf 81' lang='lat' dir='ltr'><strong>la-</strong></span> 
     </span>
    </p>
   </div>
   <div class='ocr_carea' id='block_1_63' title="bbox 1917 4537 3474 4611">
    <p class='ocr_par' dir='ltr' id='par_1_63' title="bbox 1917 4537 3474 4611">
     <span class='ocr_line' id='line_1_63' title="bbox 1917 4537 3474 4611; baseline 0.004 -19"><span class='ocrx_word' id='word_1_418' title='bbox 1917 4537 2107 4593; x_wconf 89' lang='lat' dir='ltr'><strong>ciniosi</strong></span> <span class='ocrx_word' id='word_1_419' title='bbox 2155 4542 2331 4605; x_wconf 83' lang='lat' dir='ltr'><strong>operis</strong></span> <span class='ocrx_word' id='word_1_420' title='bbox 2389 4539 2578 4606; x_wconf 84' lang='lat' dir='ltr'><strong>arguit.</strong></span> <span class='ocrx_word' id='word_1_421' title='bbox 2623 4542 2910 4606; x_wconf 84' lang='lat' dir='ltr'><strong>perpendat</strong></span> <span class='ocrx_word' id='word_1_422' title='bbox 2953 4557 3072 4595; x_wconf 91' lang='lat' dir='ltr'><strong>eum</strong></span> <span class='ocrx_word' id='word_1_423' title='bbox 3118 4544 3313 4611; x_wconf 87' lang='lat' dir='ltr'><strong>quibus</strong></span> <span class='ocrx_word' id='word_1_424' title='bbox 3350 4546 3474 4598; x_wconf 92' lang='lat' dir='ltr'><strong>mihi</strong></span> 
     </span>
    </p>
   </div>
   <div class='ocr_carea' id='block_1_64' title="bbox 3598 2081 5166 2152">
    <p class='ocr_par' dir='ltr' id='par_1_64' title="bbox 3598 2081 5166 2152">
     <span class='ocr_line' id='line_1_64' title="bbox 3598 2081 5166 2152; baseline 0.006 -22"><span class='ocrx_word' id='word_1_425' title='bbox 3598 2098 3700 2148; x_wconf 85' lang='lat' dir='ltr'><strong>que</strong></span> <span class='ocrx_word' id='word_1_426' title='bbox 3749 2081 3868 2134; x_wconf 85' lang='lat' dir='ltr'><strong>ﬁdei</strong></span> <span class='ocrx_word' id='word_1_427' title='bbox 3923 2083 4098 2136; x_wconf 88' lang='lat' dir='ltr'><strong>unitas</strong></span> <span class='ocrx_word' id='word_1_428' title='bbox 4145 2095 4452 2152; x_wconf 77' lang='lat' dir='ltr'><strong>congregat,</strong></span> <span class='ocrx_word' id='word_1_429' title='bbox 4497 2085 4752 2138; x_wconf 65' lang='lat' dir='ltr'><strong>doctrina:</strong></span> <span class='ocrx_word' id='word_1_430' title='bbox 4788 2085 5021 2139; x_wconf 80' lang='lat' dir='ltr'><strong>scissura</strong></span> <span class='ocrx_word' id='word_1_431' title='bbox 5060 2102 5166 2140; x_wconf 89' lang='lat' dir='ltr'><strong>non</strong></span> 
     </span>
    </p>
   </div>
   <div class='ocr_carea' id='block_1_65' title="bbox 3595 2167 5171 2236">
    <p class='ocr_par' dir='ltr' id='par_1_65' title="bbox 3595 2167 5171 2236">
     <span class='ocr_line' id='line_1_65' title="bbox 3595 2167 5171 2236; baseline 0.005 -17"><span class='ocrx_word' id='word_1_432' title='bbox 3595 2177 3829 2236; x_wconf 79' lang='lat' dir='ltr'><strong>spargat.</strong></span> <span class='ocrx_word' id='word_1_433' title='bbox 3876 2167 3965 2221; x_wconf 82' lang='lat' dir='ltr'><strong>Sic</strong></span> <span class='ocrx_word' id='word_1_434' title='bbox 4002 2171 4077 2222; x_wconf 90' lang='lat' dir='ltr'><strong>sic</strong></span> <span class='ocrx_word' id='word_1_435' title='bbox 4112 2171 4361 2223; x_wconf 85' lang='lat' dir='ltr'><strong>nimirum</strong></span> <span class='ocrx_word' id='word_1_436' title='bbox 4394 2181 4572 2226; x_wconf 85' lang='lat' dir='ltr'><strong>vestro</strong></span> <span class='ocrx_word' id='word_1_437' title='bbox 4600 2172 4775 2225; x_wconf 85' lang='lat' dir='ltr'><strong>studio</strong></span> <span class='ocrx_word' id='word_1_438' title='bbox 4804 2174 4870 2227; x_wconf 88' lang='lat' dir='ltr'><strong>ad</strong></span> <span class='ocrx_word' id='word_1_439' title='bbox 4896 2173 5059 2229; x_wconf 81' lang='lat' dir='ltr'><strong>sobrii</strong></span> <span class='ocrx_word' id='word_1_440' title='bbox 5090 2175 5171 2227; x_wconf 85' lang='lat' dir='ltr'><strong>in-</strong></span> 
     </span>
    </p>
   </div>
   <div class='ocr_carea' id='block_1_66' title="bbox 3595 2256 5173 2329">
    <p class='ocr_par' dir='ltr' id='par_1_66' title="bbox 3595 2256 5173 2329">
     <span class='ocr_line' id='line_1_66' title="bbox 3595 2256 5173 2329; baseline 0.007 -22"><span class='ocrx_word' id='word_1_441' title='bbox 3595 2256 3838 2309; x_wconf 79' lang='lat' dir='ltr'><strong>tellectus</strong></span> <span class='ocrx_word' id='word_1_442' title='bbox 3877 2257 4218 2311; x_wconf 83' lang='lat' dir='ltr'><strong>concordiam</strong></span> <span class='ocrx_word' id='word_1_443' title='bbox 4273 2262 4509 2324; x_wconf 88' lang='lat' dir='ltr'><strong>redeant,</strong></span> <span class='ocrx_word' id='word_1_444' title='bbox 4565 2271 4621 2315; x_wconf 90' lang='lat' dir='ltr'><strong>et</strong></span> <span class='ocrx_word' id='word_1_445' title='bbox 4659 2276 4767 2329; x_wconf 66' lang='lat' dir='ltr'><strong>tam</strong></span> <span class='ocrx_word' id='word_1_446' title='bbox 4823 2263 5052 2319; x_wconf 80' lang='lat' dir='ltr'><strong>humiles</strong></span> <span class='ocrx_word' id='word_1_447' title='bbox 5093 2263 5173 2324; x_wconf 82' lang='lat' dir='ltr'><strong>fa.</strong></span> 
     </span>
    </p>
   </div>
   <div class='ocr_carea' id='block_1_67' title="bbox 3592 2350 5169 2421">
    <p class='ocr_par' dir='ltr' id='par_1_67' title="bbox 3592 2350 5169 2421">
     <span class='ocr_line' id='line_1_67' title="bbox 3592 2350 5169 2421; baseline 0.003 -20"><span class='ocrx_word' id='word_1_448' title='bbox 3592 2350 3661 2401; x_wconf 91' lang='lat' dir='ltr'><strong>eti</strong></span> <span class='ocrx_word' id='word_1_449' title='bbox 3691 2388 3706 2413; x_wconf 95' lang='lat'><strong>,</strong></span> <span class='ocrx_word' id='word_1_450' title='bbox 3757 2364 3862 2403; x_wconf 90' lang='lat' dir='ltr'><strong>uno</strong></span> <span class='ocrx_word' id='word_1_451' title='bbox 3904 2350 4094 2417; x_wconf 75' lang='lat' dir='ltr'><strong>Spiritu</strong></span> <span class='ocrx_word' id='word_1_452' title='bbox 4152 2365 4271 2403; x_wconf 89' lang='lat' dir='ltr'><strong>cum</strong></span> <span class='ocrx_word' id='word_1_453' title='bbox 4316 2351 4676 2404; x_wconf 79' lang='lat' dir='ltr'><strong>ecclesiastica</strong></span> <span class='ocrx_word' id='word_1_454' title='bbox 4723 2368 4782 2405; x_wconf 86' lang='lat' dir='ltr'><strong>se</strong></span> <span class='ocrx_word' id='word_1_455' title='bbox 4828 2368 4961 2421; x_wconf 86' lang='lat' dir='ltr'><strong>pace</strong></span> <span class='ocrx_word' id='word_1_456' title='bbox 5022 2369 5169 2407; x_wconf 87' lang='lat' dir='ltr'><strong>com-</strong></span> 
     </span>
    </p>
   </div>
   <div class='ocr_carea' id='block_1_68' title="bbox 3592 2443 5171 2508">
    <p class='ocr_par' dir='ltr' id='par_1_68' title="bbox 3592 2443 5171 2508">
     <span class='ocr_line' id='line_1_68' title="bbox 3592 2443 5171 2508; baseline 0.003 -16"><span class='ocrx_word' id='word_1_457' title='bbox 3592 2451 3838 2508; x_wconf 88' lang='lat' dir='ltr'><strong>ponant;</strong></span> <span class='ocrx_word' id='word_1_458' title='bbox 3893 2454 4157 2507; x_wconf 89' lang='lat' dir='ltr'><strong>quatenus</strong></span> <span class='ocrx_word' id='word_1_459' title='bbox 4218 2450 4271 2493; x_wconf 90' lang='lat' dir='ltr'><strong>et</strong></span> <span class='ocrx_word' id='word_1_460' title='bbox 4324 2451 4634 2496; x_wconf 76' lang='lat' dir='ltr'><strong>veternosus</strong></span> <span class='ocrx_word' id='word_1_461' title='bbox 4689 2443 4903 2498; x_wconf 82' lang='lat' dir='ltr'><strong>coluber</strong></span> <span class='ocrx_word' id='word_1_462' title='bbox 4957 2444 5171 2499; x_wconf 84' lang='lat' dir='ltr'><strong>desinat</strong></span> 
     </span>
    </p>
   </div>
   <div class='ocr_carea' id='block_1_69' title="bbox 3591 2531 5169 2599">
    <p class='ocr_par' dir='ltr' id='par_1_69' title="bbox 3591 2531 5169 2599">
     <span class='ocr_line' id='line_1_69' title="bbox 3591 2531 5169 2599; baseline 0.004 -18"><span class='ocrx_word' id='word_1_463' title='bbox 3591 2532 3739 2598; x_wconf 82' lang='lat' dir='ltr'><strong>pravi</strong></span> <span class='ocrx_word' id='word_1_464' title='bbox 3787 2532 4051 2599; x_wconf 87' lang='lat' dir='ltr'><strong>dogmatis</strong></span> <span class='ocrx_word' id='word_1_465' title='bbox 4094 2533 4238 2584; x_wconf 89' lang='lat' dir='ltr'><strong>virus</strong></span> <span class='ocrx_word' id='word_1_466' title='bbox 4285 2531 4531 2595; x_wconf 69' lang='lat' dir='ltr'><strong>caluere,</strong></span> <span class='ocrx_word' id='word_1_467' title='bbox 4580 2542 4634 2586; x_wconf 92' lang='lat' dir='ltr'><strong>et</strong></span> <span class='ocrx_word' id='word_1_468' title='bbox 4682 2533 4917 2588; x_wconf 83' lang='lat' dir='ltr'><strong>Ecclesia</strong></span> <span class='ocrx_word' id='word_1_469' title='bbox 4966 2535 5169 2588; x_wconf 86' lang='lat' dir='ltr'><strong>Christi</strong></span> 
     </span>
    </p>
   </div>
   <div class='ocr_carea' id='block_1_70' title="bbox 3592 2622 5169 2692">
    <p class='ocr_par' dir='ltr' id='par_1_70' title="bbox 3592 2622 5169 2692">
     <span class='ocr_line' id='line_1_70' title="bbox 3592 2622 5169 2692; baseline 0.003 -20"><span class='ocrx_word' id='word_1_470' title='bbox 3592 2622 3659 2673; x_wconf 89' lang='lat' dir='ltr'><strong>de</strong></span> <span class='ocrx_word' id='word_1_471' title='bbox 3708 2630 3901 2674; x_wconf 67' lang='lat' dir='ltr'><strong>caetero</strong></span> <span class='ocrx_word' id='word_1_472' title='bbox 3946 2624 4149 2691; x_wconf 88' lang='lat' dir='ltr'><strong>integra</strong></span> <span class='ocrx_word' id='word_1_473' title='bbox 4201 2624 4368 2690; x_wconf 89' lang='lat' dir='ltr'><strong>possit</strong></span> <span class='ocrx_word' id='word_1_474' title='bbox 4414 2624 4467 2676; x_wconf 90' lang='lat' dir='ltr'><strong>in</strong></span> <span class='ocrx_word' id='word_1_475' title='bbox 4514 2625 4594 2677; x_wconf 87' lang='lat' dir='ltr'><strong>sui</strong></span> <span class='ocrx_word' id='word_1_476' title='bbox 4644 2625 4861 2692; x_wconf 81' lang='lat' dir='ltr'><strong>pudoris</strong></span> <span class='ocrx_word' id='word_1_477' title='bbox 4911 2625 5169 2679; x_wconf 80' lang='lat' dir='ltr'><strong>munditia</strong></span> 
     </span>
    </p>
   </div>
   <div class='ocr_carea' id='block_1_71' title="bbox 3595 2727 3933 2779">
    <p class='ocr_par' dir='ltr' id='par_1_71' title="bbox 3595 2727 3933 2779">
     <span class='ocr_line' id='line_1_71' title="bbox 3595 2727 3933 2779; baseline 0.003 -15"><span class='ocrx_word' id='word_1_478' title='bbox 3595 2727 3933 2779; x_wconf 89' lang='lat' dir='ltr'><strong>permanere.</strong></span> 
     </span>
    </p>
   </div>
   <div class='ocr_carea' id='block_1_72' title="bbox 3590 2823 5151 2846">
    <p class='ocr_par' dir='ltr' id='par_1_72' title="bbox 3590 2823 5151 2846">
     <span class='ocr_line' id='line_1_72' title="bbox 3590 2823 5151 2846; baseline 0.003 -5"><span class='ocrx_word' id='word_1_479' title='bbox 3590 2823 5151 2846; x_wconf 49' lang='grc' dir='ltr'><em>Ἣ</em></span> 
     </span>
    </p>
   </div>
   <div class='ocr_carea' id='block_1_73' title="bbox 4018 2886 4701 2942">
    <p class='ocr_par' dir='ltr' id='par_1_73' title="bbox 4018 2886 4701 2942">
     <span class='ocr_line' id='line_1_73' title="bbox 4018 2886 4701 2942; baseline 0.004 -4"><span class='ocrx_word' id='word_1_480' title='bbox 4018 2886 4701 2942; x_wconf 71' lang='lat' dir='ltr'><strong>DlSSERTATIUNCULA</strong></span> 
     </span>
    </p>
   </div>
   <div class='ocr_carea' id='block_1_74' title="bbox 3871 2976 4884 3035">
    <p class='ocr_par' dir='ltr' id='par_1_74' title="bbox 3871 2976 4884 3035">
     <span class='ocr_line' id='line_1_74' title="bbox 3871 2976 4884 3035; baseline 0.002 -5"><span class='ocrx_word' id='word_1_481' title='bbox 3871 2977 3958 3030; x_wconf 86' lang='lat' dir='ltr'><strong>DE</strong></span> <span class='ocrx_word' id='word_1_482' title='bbox 4013 2978 4053 3030; x_wconf 72' lang='grc' dir='ltr'><strong>(ἶ</strong></span> <span class='ocrx_word' id='word_1_483' title='bbox 4066 2977 4150 3029; x_wconf 75' lang='lat' dir='ltr'><strong>RA</strong></span> <span class='ocrx_word' id='word_1_484' title='bbox 4161 2976 4356 3032; x_wconf 83' lang='lat' dir='ltr'><strong>DlBUS</strong></span> <span class='ocrx_word' id='word_1_485' title='bbox 4411 2977 4884 3035; x_wconf 74' lang='lat' dir='ltr'><strong>COGNATIONIS.</strong></span> 
     </span>
    </p>
   </div>
   <div class='ocr_carea' id='block_1_75' title="bbox 3589 3065 5164 3139">
    <p class='ocr_par' dir='ltr' id='par_1_75' title="bbox 3589 3065 5164 3139">
     <span class='ocr_line' id='line_1_75' title="bbox 3589 3065 5164 3139; baseline 0.006 -20"><span class='ocrx_word' id='word_1_486' title='bbox 3589 3065 3983 3120; x_wconf 61' lang='lat' dir='ltr'><strong>Anconem-cu.</strong></span> <span class='ocrx_word' id='word_1_487' title='bbox 4024 3096 4093 3106; x_wconf 89' lang='lat'><strong>—</strong></span> <span class='ocrx_word' id='word_1_488' title='bbox 4127 3068 4421 3131; x_wconf 87' lang='lat' dir='ltr'><strong>Quemdam</strong></span> <span class='ocrx_word' id='word_1_489' title='bbox 4473 3070 4838 3139; x_wconf 75' lang='lat' dir='ltr'><strong>presbyterum</strong></span> <span class='ocrx_word' id='word_1_490' title='bbox 4901 3072 5164 3137; x_wconf 80' lang='lat' dir='ltr'><strong>consulit,</strong></span> 
     </span>
    </p>
   </div>
   <div class='ocr_carea' id='block_1_76' title="bbox 3662 3138 5168 3207">
    <p class='ocr_par' dir='ltr' id='par_1_76' title="bbox 3662 3138 5168 3207">
     <span class='ocr_line' id='line_1_76' title="bbox 3662 3138 5168 3207; baseline 0.007 -22"><span class='ocrx_word' id='word_1_491' title='bbox 3662 3150 3896 3207; x_wconf 82' lang='lat' dir='ltr'><strong>quonam</strong></span> <span class='ocrx_word' id='word_1_492' title='bbox 3937 3146 4091 3203; x_wconf 86' lang='lat' dir='ltr'><strong>pacto</strong></span> <span class='ocrx_word' id='word_1_493' title='bbox 4128 3138 4504 3207; x_wconf 74' lang='lat' dir='ltr'><strong>cognationum</strong></span> <span class='ocrx_word' id='word_1_494' title='bbox 4541 3142 4736 3207; x_wconf 87' lang='lat' dir='ltr'><strong>gradus</strong></span> <span class='ocrx_word' id='word_1_495' title='bbox 4775 3142 5044 3194; x_wconf 63' lang='lat' dir='ltr'><strong>numerari</strong></span> <span class='ocrx_word' id='word_1_496' title='bbox 5075 3146 5168 3196; x_wconf 77' lang='lat' dir='ltr'><strong>do-</strong></span> 
     </span>
    </p>
   </div>
   <div class='ocr_carea' id='block_1_77' title="bbox 3661 3204 5167 3264">
    <p class='ocr_par' dir='ltr' id='par_1_77' title="bbox 3661 3204 5167 3264">
     <span class='ocr_line' id='line_1_77' title="bbox 3661 3204 5167 3264; baseline 0.007 -9"><span class='ocrx_word' id='word_1_497' title='bbox 3661 3204 3820 3256; x_wconf 75' lang='lat' dir='ltr'><strong>beant</strong></span> <span class='ocrx_word' id='word_1_498' title='bbox 3868 3221 3880 3255; x_wconf 91' lang='lat'>:</span> <span class='ocrx_word' id='word_1_499' title='bbox 3927 3221 4027 3255; x_wconf 73' lang='lat' dir='ltr'><strong>non</strong></span> <span class='ocrx_word' id='word_1_500' title='bbox 4082 3205 4223 3255; x_wconf 88' lang='lat' dir='ltr'><strong>enim</strong></span> <span class='ocrx_word' id='word_1_501' title='bbox 4273 3208 4404 3257; x_wconf 79' lang='lat' dir='ltr'><strong>adeo</strong></span> <span class='ocrx_word' id='word_1_502' title='bbox 4451 3204 4619 3258; x_wconf 75' lang='lat' dir='ltr'><strong>tttttiut</strong></span> <span class='ocrx_word' id='word_1_503' title='bbox 4666 3207 4763 3260; x_wconf 85' lang='lat' dir='ltr'><strong>sibi</strong></span> <span class='ocrx_word' id='word_1_504' title='bbox 4808 3210 4969 3262; x_wconf 90' lang='lat' dir='ltr'><strong>videri</strong></span> <span class='ocrx_word' id='word_1_505' title='bbox 5016 3226 5167 3264; x_wconf 86' lang='lat' dir='ltr'><strong>com-</strong></span> 
     </span>
    </p>
   </div>
   <div class='ocr_carea' id='block_1_78' title="bbox 3662 3276 5169 3339">
    <p class='ocr_par' dir='ltr' id='par_1_78' title="bbox 3662 3276 5169 3339">
     <span class='ocr_line' id='line_1_78' title="bbox 3662 3276 5169 3339; baseline 0.005 -15"><span class='ocrx_word' id='word_1_506' title='bbox 3662 3287 3879 3324; x_wconf 78' lang='lat' dir='ltr'><strong>munem</strong></span> <span class='ocrx_word' id='word_1_507' title='bbox 3925 3287 4128 3324; x_wconf 89' lang='lat' dir='ltr'><strong>morem</strong></span> <span class='ocrx_word' id='word_1_508' title='bbox 4179 3276 4266 3339; x_wconf 58' lang='lat' dir='ltr'><strong>(eo</strong></span> <span class='ocrx_word' id='word_1_509' title='bbox 4306 3276 4505 3326; x_wconf 83' lang='lat' dir='ltr'><strong>scilicet</strong></span> <span class='ocrx_word' id='word_1_510' title='bbox 4556 3278 4713 3328; x_wconf 81' lang='lat' dir='ltr'><strong>modo</strong></span> <span class='ocrx_word' id='word_1_511' title='bbox 4756 3280 5065 3332; x_wconf 88' lang='lat' dir='ltr'><strong>numerandi</strong></span> <span class='ocrx_word' id='word_1_512' title='bbox 5110 3288 5169 3332; x_wconf 81' lang='lat' dir='ltr'><strong>ut</strong></span> 
     </span>
    </p>
   </div>
   <div class='ocr_carea' id='block_1_79' title="bbox 3661 3342 5170 3412">
    <p class='ocr_par' dir='ltr' id='par_1_79' title="bbox 3661 3342 5170 3412">
     <span class='ocr_line' id='line_1_79' title="bbox 3661 3342 5170 3412; baseline 0.007 -21"><span class='ocrx_word' id='word_1_513' title='bbox 3661 3342 3831 3412; x_wconf 86' lang='lat' dir='ltr'><strong>prima</strong></span> <span class='ocrx_word' id='word_1_514' title='bbox 3885 3357 4121 3412; x_wconf 73' lang='lat' dir='ltr'><strong>persona</strong></span> <span class='ocrx_word' id='word_1_515' title='bbox 4166 3357 4376 3408; x_wconf 87' lang='lat' dir='ltr'><strong>semper</strong></span> <span class='ocrx_word' id='word_1_516' title='bbox 4433 3345 4685 3412; x_wconf 80' lang='lat' dir='ltr'><strong>abundet)</strong></span> <span class='ocrx_word' id='word_1_517' title='bbox 4744 3355 4800 3397; x_wconf 90' lang='lat' dir='ltr'><strong>ut</strong></span> <span class='ocrx_word' id='word_1_518' title='bbox 4848 3346 4913 3399; x_wconf 84' lang='lat' dir='ltr'><strong>ab</strong></span> <span class='ocrx_word' id='word_1_519' title='bbox 4965 3363 5030 3400; x_wconf 83' lang='lat' dir='ltr'><strong>eo</strong></span> <span class='ocrx_word' id='word_1_520' title='bbox 5083 3361 5170 3400; x_wconf 74' lang='grc' dir='ltr'><strong><em>η-</em></strong></span> 
     </span>
    </p>
   </div>
   <div class='ocr_carea' id='block_1_80' title="bbox 3661 3410 5165 3476">
    <p class='ocr_par' dir='ltr' id='par_1_80' title="bbox 3661 3410 5165 3476">
     <span class='ocr_line' id='line_1_80' title="bbox 3661 3410 5165 3476; baseline 0.004 -14"><span class='ocrx_word' id='word_1_521' title='bbox 3661 3411 3851 3463; x_wconf 76' lang='lat' dir='ltr'><strong>eedere</strong></span> <span class='ocrx_word' id='word_1_522' title='bbox 3889 3412 4036 3462; x_wconf 84' lang='lat' dir='ltr'><strong>nel&#39;as</strong></span> <span class='ocrx_word' id='word_1_523' title='bbox 4081 3410 4170 3468; x_wconf 77' lang='lat' dir='ltr'><strong>sit,</strong></span> <span class='ocrx_word' id='word_1_524' title='bbox 4219 3412 4510 3476; x_wconf 67' lang='lat' dir='ltr'><strong>prazserlim</strong></span> <span class='ocrx_word' id='word_1_525' title='bbox 4554 3410 4675 3465; x_wconf 82' lang='lat' dir='ltr'><strong>eum</strong></span> <span class='ocrx_word' id='word_1_526' title='bbox 4724 3415 4972 3466; x_wconf 85' lang='lat' dir='ltr'><strong>nonnulla</strong></span> <span class='ocrx_word' id='word_1_527' title='bbox 5014 3416 5165 3469; x_wconf 74' lang='lat' dir='ltr'><strong>Scri-</strong></span> 
     </span>
    </p>
   </div>
   <div class='ocr_carea' id='block_1_81' title="bbox 3659 3478 5170 3551">
    <p class='ocr_par' dir='ltr' id='par_1_81' title="bbox 3659 3478 5170 3551">
     <span class='ocr_line' id='line_1_81' title="bbox 3659 3478 5170 3551; baseline 0.007 -24"><span class='ocrx_word' id='word_1_528' title='bbox 3659 3488 3827 3551; x_wconf 61' lang='lat' dir='ltr'><strong>ptura:</strong></span> <span class='ocrx_word' id='word_1_529' title='bbox 3883 3478 4003 3551; x_wconf 77' lang='lat' dir='ltr'><strong>loca</strong></span> <span class='ocrx_word' id='word_1_530' title='bbox 4032 3478 4329 3551; x_wconf 81' lang='lat' dir='ltr'><strong>_vid_eantur</strong></span> <span class='ocrx_word' id='word_1_531' title='bbox 4370 3481 4605 3533; x_wconf 82' lang='lat' dir='ltr'><strong>obstare.</strong></span> <span class='ocrx_word' id='word_1_532' title='bbox 4669 3479 4803 3535; x_wconf 84' lang='lat' dir='ltr'><strong>Petit</strong></span> <span class='ocrx_word' id='word_1_533' title='bbox 4852 3483 5011 3551; x_wconf 84' lang='lat' dir='ltr'><strong>igitur</strong></span> <span class='ocrx_word' id='word_1_534' title='bbox 5040 3525 5054 3545; x_wconf 84' lang='grc'><em>,</em></span> <span class='ocrx_word' id='word_1_535' title='bbox 5108 3494 5170 3537; x_wconf 85' lang='lat' dir='ltr'><strong>ut</strong></span> 
     </span>
    </p>
   </div>
   <div class='ocr_carea' id='block_1_82' title="bbox 3664 3546 5164 3619">
    <p class='ocr_par' dir='ltr' id='par_1_82' title="bbox 3664 3546 5164 3619">
     <span class='ocr_line' id='line_1_82' title="bbox 3664 3546 5164 3619; baseline 0.007 -22"><span class='ocrx_word' id='word_1_536' title='bbox 3664 3548 3713 3597; x_wconf 87' lang='lat' dir='ltr'><strong>in</strong></span> <span class='ocrx_word' id='word_1_537' title='bbox 3768 3546 3868 3599; x_wconf 76' lang='lat' dir='ltr'><strong>hac</strong></span> <span class='ocrx_word' id='word_1_538' title='bbox 3921 3548 4249 3600; x_wconf 68' lang='lat' dir='ltr'><strong>dubitatione</strong></span> <span class='ocrx_word' id='word_1_539' title='bbox 4298 3563 4448 3600; x_wconf 89' lang='lat' dir='ltr'><strong>suam</strong></span> <span class='ocrx_word' id='word_1_540' title='bbox 4494 3552 4815 3606; x_wconf 80' lang='lat' dir='ltr'><strong>sententiam</strong></span> <span class='ocrx_word' id='word_1_541' title='bbox 4857 3546 5164 3619; x_wconf 71' lang='lat' dir='ltr'><strong>patefaciat.</strong></span> 
     </span>
    </p>
   </div>
   <div class='ocr_carea' id='block_1_83' title="bbox 3605 3652 5172 3729">
    <p class='ocr_par' dir='ltr' id='par_1_83' title="bbox 3605 3652 5172 3729">
     <span class='ocr_line' id='line_1_83' title="bbox 3605 3652 5172 3729; baseline 0.008 -26"><span class='ocrx_word' id='word_1_542' title='bbox 3605 3719 3616 3726; x_wconf 39' lang='lat'><strong>.</strong></span> <span class='ocrx_word' id='word_1_543' title='bbox 3660 3652 3865 3708; x_wconf 86' lang='lat' dir='ltr'><strong>Domno</strong></span> <span class='ocrx_word' id='word_1_544' title='bbox 3910 3653 3968 3709; x_wconf 80' lang='lat'><strong>8.</strong></span> <span class='ocrx_word' id='word_1_545' title='bbox 4011 3653 4257 3721; x_wconf 84' lang='lat' dir='ltr'><strong>religioso</strong></span> <span class='ocrx_word' id='word_1_546' title='bbox 4298 3656 4629 3725; x_wconf 75' lang='lat' dir='ltr'><strong>presbytero,</strong></span> <span class='ocrx_word' id='word_1_547' title='bbox 4672 3658 4882 3714; x_wconf 69' lang='lat' dir='ltr'><strong>Penus</strong></span> <span class='ocrx_word' id='word_1_548' title='bbox 4920 3671 5172 3729; x_wconf 77' lang='lat' dir='ltr'><strong>peccator</strong></span> 
     </span>
    </p>
   </div>
   <div class='ocr_carea' id='block_1_84' title="bbox 3587 3744 4924 3814">
    <p class='ocr_par' dir='ltr' id='par_1_84' title="bbox 3587 3744 4924 3814">
     <span class='ocr_line' id='line_1_84' title="bbox 3587 3744 4924 3814; baseline 0.004 -17"><span class='ocrx_word' id='word_1_549' title='bbox 3587 3744 3879 3797; x_wconf 86' lang='lat' dir='ltr'><strong>monachus</strong></span> <span class='ocrx_word' id='word_1_550' title='bbox 3924 3744 4290 3798; x_wconf 87' lang='lat' dir='ltr'><strong>indissolubile</strong></span> <span class='ocrx_word' id='word_1_551' title='bbox 4333 3746 4593 3814; x_wconf 67' lang='lat' dir='ltr'><strong>glutinum</strong></span> <span class='ocrx_word' id='word_1_552' title='bbox 4629 3750 4924 3804; x_wconf 86' lang='lat' dir='ltr'><strong>charitatis.</strong></span> 
     </span>
    </p>
   </div>
   <div class='ocr_carea' id='block_1_85' title="bbox 3656 3830 5166 3907">
    <p class='ocr_par' dir='ltr' id='par_1_85' title="bbox 3656 3830 5166 3907">
     <span class='ocr_line' id='line_1_85' title="bbox 3656 3830 5166 3907; baseline 0.005 -24"><span class='ocrx_word' id='word_1_553' title='bbox 3656 3832 3917 3884; x_wconf 79' lang='lat' dir='ltr'><strong>Admonet</strong></span> <span class='ocrx_word' id='word_1_554' title='bbox 3974 3833 4054 3884; x_wconf 77' lang='lat' dir='ltr'><strong>vir</strong></span> <span class='ocrx_word' id='word_1_555' title='bbox 4105 3830 4363 3901; x_wconf 61' lang='lat' dir='ltr'><strong>sapiens‘:</strong></span> <span class='ocrx_word' id='word_1_556' title='bbox 4413 3833 4588 3887; x_wconf 70' lang='lat' dir='ltr'><strong>«Cum</strong></span> <span class='ocrx_word' id='word_1_557' title='bbox 4641 3835 4773 3898; x_wconf 88' lang='lat' dir='ltr'><strong>viro,</strong></span> <span class='ocrx_word' id='word_1_558' title='bbox 4829 3837 5020 3907; x_wconf 90' lang='lat' dir='ltr'><strong>inquit,</strong></span> <span class='ocrx_word' id='word_1_559' title='bbox 5077 3855 5166 3895; x_wconf 79' lang='lat' dir='ltr'><strong>re-</strong></span> 
     </span>
    </p>
   </div>
   <div class='ocr_carea' id='block_1_86' title="bbox 3589 3920 5167 3995">
    <p class='ocr_par' dir='ltr' id='par_1_86' title="bbox 3589 3920 5167 3995">
     <span class='ocr_line' id='line_1_86' title="bbox 3589 3920 5167 3995; baseline 0.008 -25"><span class='ocrx_word' id='word_1_560' title='bbox 3589 3920 3775 3987; x_wconf 61' lang='lat' dir='ltr'><strong>ligioso</strong></span> <span class='ocrx_word' id='word_1_561' title='bbox 3802 3929 3974 3973; x_wconf 88' lang='lat' dir='ltr'><strong>tracta</strong></span> <span class='ocrx_word' id='word_1_562' title='bbox 4010 3920 4076 3972; x_wconf 91' lang='lat' dir='ltr'><strong>de</strong></span> <span class='ocrx_word' id='word_1_563' title='bbox 4101 3922 4387 3974; x_wconf 84' lang='lat' dir='ltr'><strong>sanctitate</strong></span> <span class='ocrx_word' id='word_1_564' title='bbox 4406 3961 4421 3986; x_wconf 92' lang='lat'><strong>,</strong></span> <span class='ocrx_word' id='word_1_565' title='bbox 4448 3929 4501 3974; x_wconf 84' lang='lat' dir='ltr'><strong>et</strong></span> <span class='ocrx_word' id='word_1_566' title='bbox 4532 3938 4652 3975; x_wconf 91' lang='lat' dir='ltr'><strong>cum</strong></span> <span class='ocrx_word' id='word_1_567' title='bbox 4677 3923 4821 3990; x_wconf 88' lang='lat' dir='ltr'><strong>justo</strong></span> <span class='ocrx_word' id='word_1_568' title='bbox 4861 3925 4923 3979; x_wconf 89' lang='lat' dir='ltr'><strong>de</strong></span> <span class='ocrx_word' id='word_1_569' title='bbox 4951 3928 5167 3995; x_wconf 71' lang='lat' dir='ltr'><strong>iustitia</strong></span> 
     </span>
    </p>
   </div>
   <div class='ocr_carea' id='block_1_87' title="bbox 3588 4008 5164 4077">
    <p class='ocr_par' dir='ltr' id='par_1_87' title="bbox 3588 4008 5164 4077">
     <span class='ocr_line' id='line_1_87' title="bbox 3588 4008 5164 4077; baseline 0.007 -19"><span class='ocrx_word' id='word_1_570' title='bbox 3588 4008 3773 4075; x_wconf 70' lang='lat' dir='ltr'><strong>(Ea-ti.</strong></span> <span class='ocrx_word' id='word_1_571' title='bbox 3830 4008 4035 4075; x_wconf 80' lang='lat' dir='ltr'><strong>xxxvu)</strong></span> <span class='ocrx_word' id='word_1_572' title='bbox 4086 4008 4183 4075; x_wconf 74' lang='lat'><strong>(8).</strong></span> <span class='ocrx_word' id='word_1_573' title='bbox 4212 4027 4228 4058; x_wconf 75' lang='grc' dir='ltr'><strong><em>ι</em></strong></span> <span class='ocrx_word' id='word_1_574' title='bbox 4283 4009 4383 4071; x_wconf 80' lang='lat' dir='ltr'><strong>Qui</strong></span> <span class='ocrx_word' id='word_1_575' title='bbox 4424 4009 4584 4060; x_wconf 89' lang='lat' dir='ltr'><strong>etiam</strong></span> <span class='ocrx_word' id='word_1_576' title='bbox 4628 4013 4958 4077; x_wconf 72' lang='lat' dir='ltr'><strong>posmodum</strong></span> <span class='ocrx_word' id='word_1_577' title='bbox 5000 4014 5164 4069; x_wconf 89' lang='lat' dir='ltr'><strong>dicit.</strong></span> 
     </span>
    </p>
   </div>
   <div class='ocr_carea' id='block_1_88' title="bbox 3591 4098 5166 4172">
    <p class='ocr_par' dir='ltr' id='par_1_88' title="bbox 3591 4098 5166 4172">
     <span class='ocr_line' id='line_1_88' title="bbox 3591 4098 5166 4172; baseline 0.006 -24"><span class='ocrx_word' id='word_1_578' title='bbox 3591 4118 3606 4148; x_wconf 73' lang='grc' dir='ltr'><strong>ι</strong></span> <span class='ocrx_word' id='word_1_579' title='bbox 3633 4098 3763 4150; x_wconf 84' lang='lat' dir='ltr'><strong>Cum</strong></span> <span class='ocrx_word' id='word_1_580' title='bbox 3787 4099 3900 4150; x_wconf 87' lang='lat' dir='ltr'><strong>viro</strong></span> <span class='ocrx_word' id='word_1_581' title='bbox 3921 4107 4106 4149; x_wconf 81' lang='lat' dir='ltr'><strong>sancto</strong></span> <span class='ocrx_word' id='word_1_582' title='bbox 4142 4098 4388 4151; x_wconf 80' lang='lat' dir='ltr'><strong>assiduus</strong></span> <span class='ocrx_word' id='word_1_583' title='bbox 4409 4109 4526 4151; x_wconf 90' lang='lat' dir='ltr'><strong>esto</strong></span> <span class='ocrx_word' id='word_1_584' title='bbox 4544 4139 4557 4160; x_wconf 92' lang='lat'><strong>,</strong></span> <span class='ocrx_word' id='word_1_585' title='bbox 4581 4114 4948 4169; x_wconf 86' lang='lat' dir='ltr'><strong>quemcunque</strong></span> <span class='ocrx_word' id='word_1_586' title='bbox 4967 4117 5166 4172; x_wconf 83' lang='lat' dir='ltr'><strong>cogno-</strong></span> 
     </span>
    </p>
   </div>
   <div class='ocr_carea' id='block_1_89' title="bbox 3585 4184 5166 4258">
    <p class='ocr_par' dir='ltr' id='par_1_89' title="bbox 3585 4184 5166 4258">
     <span class='ocr_line' id='line_1_89' title="bbox 3585 4184 5166 4258; baseline 0.005 -23"><span class='ocrx_word' id='word_1_587' title='bbox 3585 4188 3726 4238; x_wconf 78' lang='lat' dir='ltr'><strong>veris</strong></span> <span class='ocrx_word' id='word_1_588' title='bbox 3747 4186 4118 4239; x_wconf 77' lang='lat' dir='ltr'><strong>ob:.ervantem</strong></span> <span class='ocrx_word' id='word_1_589' title='bbox 4154 4187 4397 4238; x_wconf 90' lang='lat' dir='ltr'><strong>timorem</strong></span> <span class='ocrx_word' id='word_1_590' title='bbox 4423 4185 4515 4239; x_wconf 90' lang='lat' dir='ltr'><strong>Dei</strong></span> <span class='ocrx_word' id='word_1_591' title='bbox 4545 4184 4757 4256; x_wconf 58' lang='lat' dir='ltr'><strong>(Ibid).</strong></span> <span class='ocrx_word' id='word_1_592' title='bbox 4784 4207 4802 4238; x_wconf 72' lang='lat' dir='ltr'><strong>i</strong></span> <span class='ocrx_word' id='word_1_593' title='bbox 4829 4188 5166 4258; x_wconf 86' lang='lat' dir='ltr'><strong>Quapropter</strong></span> 
     </span>
    </p>
   </div>
   <div class='ocr_carea' id='block_1_90' title="bbox 3584 4270 5163 4345">
    <p class='ocr_par' dir='ltr' id='par_1_90' title="bbox 3584 4270 5163 4345">
     <span class='ocr_line' id='line_1_90' title="bbox 3584 4270 5163 4345; baseline 0.005 -21"><span class='ocrx_word' id='word_1_594' title='bbox 3584 4291 3681 4341; x_wconf 79' lang='lat' dir='ltr'><strong>ego</strong></span> <span class='ocrx_word' id='word_1_595' title='bbox 3709 4285 3774 4338; x_wconf 81' lang='lat' dir='ltr'><strong>te,</strong></span> <span class='ocrx_word' id='word_1_596' title='bbox 3802 4274 4118 4326; x_wconf 84' lang='lat' dir='ltr'><strong>venerabilis</strong></span> <span class='ocrx_word' id='word_1_597' title='bbox 4148 4270 4333 4334; x_wconf 90' lang='lat' dir='ltr'><strong>frater,</strong></span> <span class='ocrx_word' id='word_1_598' title='bbox 4357 4288 4671 4343; x_wconf 84' lang='lat' dir='ltr'><strong>agnoscens,</strong></span> <span class='ocrx_word' id='word_1_599' title='bbox 4696 4291 4989 4345; x_wconf 87' lang='lat' dir='ltr'><strong>congruum</strong></span> <span class='ocrx_word' id='word_1_600' title='bbox 5004 4278 5163 4343; x_wconf 80' lang='lat' dir='ltr'><strong>duxi,</strong></span> 
     </span>
    </p>
   </div>
   <div class='ocr_carea' id='block_1_91' title="bbox 3585 4363 5161 4437">
    <p class='ocr_par' dir='ltr' id='par_1_91' title="bbox 3585 4363 5161 4437">
     <span class='ocr_line' id='line_1_91' title="bbox 3585 4363 5161 4437; baseline 0.004 -21"><span class='ocrx_word' id='word_1_601' title='bbox 3585 4380 3686 4416; x_wconf 86' lang='lat' dir='ltr'><strong>non</strong></span> <span class='ocrx_word' id='word_1_602' title='bbox 3737 4363 3955 4417; x_wconf 88' lang='lat' dir='ltr'><strong>consilia</strong></span> <span class='ocrx_word' id='word_1_603' title='bbox 4001 4373 4174 4415; x_wconf 76' lang='lat' dir='ltr'><strong>tecum</strong></span> <span class='ocrx_word' id='word_1_604' title='bbox 4220 4371 4428 4416; x_wconf 92' lang='lat' dir='ltr'><strong>terrena</strong></span> <span class='ocrx_word' id='word_1_605' title='bbox 4478 4365 4737 4427; x_wconf 79' lang='lat' dir='ltr'><strong>conferre.</strong></span> <span class='ocrx_word' id='word_1_606' title='bbox 4776 4367 4868 4420; x_wconf 84' lang='lat' dir='ltr'><strong>sed</strong></span> <span class='ocrx_word' id='word_1_607' title='bbox 4904 4367 4969 4422; x_wconf 88' lang='lat' dir='ltr'><strong>de</strong></span> <span class='ocrx_word' id='word_1_608' title='bbox 5004 4370 5161 4437; x_wconf 84' lang='lat' dir='ltr'><strong>spiri-</strong></span> 
     </span>
    </p>
   </div>
   <div class='ocr_carea' id='block_1_92' title="bbox 3585 4453 5160 4523">
    <p class='ocr_par' dir='ltr' id='par_1_92' title="bbox 3585 4453 5160 4523">
     <span class='ocr_line' id='line_1_92' title="bbox 3585 4453 5160 4523; baseline 0.003 -14"><span class='ocrx_word' id='word_1_609' title='bbox 3585 4456 3672 4509; x_wconf 79' lang='lat' dir='ltr'><strong>tali</strong></span> <span class='ocrx_word' id='word_1_610' title='bbox 3717 4456 3909 4522; x_wconf 90' lang='lat' dir='ltr'><strong>potius,</strong></span> <span class='ocrx_word' id='word_1_611' title='bbox 3956 4463 4007 4507; x_wconf 91' lang='lat' dir='ltr'><strong>et</strong></span> <span class='ocrx_word' id='word_1_612' title='bbox 4052 4453 4412 4508; x_wconf 87' lang='lat' dir='ltr'><strong>ecclesiastica</strong></span> <span class='ocrx_word' id='word_1_613' title='bbox 4458 4456 4751 4523; x_wconf 68' lang='lat' dir='ltr'><strong>quaestione</strong></span> <span class='ocrx_word' id='word_1_614' title='bbox 4798 4466 5044 4511; x_wconf 84' lang='lat' dir='ltr'><strong>tractare.</strong></span> <span class='ocrx_word' id='word_1_615' title='bbox 5101 4460 5160 4513; x_wconf 89' lang='lat' dir='ltr'><strong>In</strong></span> 
     </span>
    </p>
   </div>
   <div class='ocr_carea' id='block_1_93' title="bbox 3580 4545 5158 4620">
    <p class='ocr_par' dir='ltr' id='par_1_93' title="bbox 3580 4545 5158 4620">
     <span class='ocr_line' id='line_1_93' title="bbox 3580 4545 5158 4620; baseline 0.005 -25"><span class='ocrx_word' id='word_1_616' title='bbox 3580 4545 3835 4613; x_wconf 71' lang='lat' dir='ltr'><strong>opsiSCnlo</strong></span> <span class='ocrx_word' id='word_1_617' title='bbox 3892 4545 4185 4612; x_wconf 84' lang='lat' dir='ltr'><strong>siquiden,</strong></span> <span class='ocrx_word' id='word_1_618' title='bbox 4240 4545 4325 4597; x_wconf 90' lang='lat' dir='ltr'><strong>ubi</strong></span> <span class='ocrx_word' id='word_1_619' title='bbox 4380 4547 4445 4598; x_wconf 90' lang='lat' dir='ltr'><strong>de</strong></span> <span class='ocrx_word' id='word_1_620' title='bbox 4493 4547 4776 4613; x_wconf 73' lang='lat' dir='ltr'><strong>parentelze</strong></span> <span class='ocrx_word' id='word_1_621' title='bbox 4837 4548 4991 4618; x_wconf 78' lang='lat'><strong>193</strong></span> <span class='ocrx_word' id='word_1_622' title='bbox 5031 4566 5158 4620; x_wconf 78' lang='lat' dir='ltr'><strong>gra-</strong></span> 
     </span>
    </p>
   </div>
   <div class='ocr_carea' id='block_1_94' title="bbox 1916 4626 5152 4707">
    <p class='ocr_par' dir='ltr' id='par_1_94' title="bbox 1916 4626 5152 4707">
     <span class='ocr_line' id='line_1_94' title="bbox 1916 4626 5152 4707; baseline 0.003 -25"><span class='ocrx_word' id='word_1_623' title='bbox 1916 4629 1989 4682; x_wconf 84' lang='lat' dir='ltr'><strong>sit</strong></span> <span class='ocrx_word' id='word_1_624' title='bbox 2036 4627 2088 4679; x_wconf 92' lang='lat' dir='ltr'><strong>in</strong></span> <span class='ocrx_word' id='word_1_625' title='bbox 2144 4628 2240 4679; x_wconf 82' lang='lat' dir='ltr'><strong>hac</strong></span> <span class='ocrx_word' id='word_1_626' title='bbox 2279 4626 2661 4693; x_wconf 67' lang='lat' dir='ltr'><strong>disceptatione</strong></span> <span class='ocrx_word' id='word_1_627' title='bbox 2716 4628 2870 4696; x_wconf 75' lang='lat'><strong>192</strong></span> <span class='ocrx_word' id='word_1_628' title='bbox 2925 4633 3191 4696; x_wconf 79' lang='lat' dir='ltr'><strong>negotium</strong></span> <span class='ocrx_word' id='word_1_629' title='bbox 3226 4644 3319 4685; x_wconf 92' lang='lat' dir='ltr'><strong>:et</strong></span> <span class='ocrx_word' id='word_1_630' title='bbox 3356 4649 3474 4688; x_wconf 86' lang='lat' dir='ltr'><strong>mox</strong></span> <span class='ocrx_word' id='word_1_631' title='bbox 3507 4651 3552 4707; x_wconf 79' lang='grc' dir='ltr'>ο</span> <span class='ocrx_word' id='word_1_632' title='bbox 3581 4636 3734 4687; x_wconf 88' lang='lat' dir='ltr'><strong>dibus</strong></span> <span class='ocrx_word' id='word_1_633' title='bbox 3778 4635 4060 4699; x_wconf 80' lang='lat' dir='ltr'><strong>disputavi,</strong></span> <span class='ocrx_word' id='word_1_634' title='bbox 4103 4634 4250 4686; x_wconf 76' lang='lat' dir='ltr'><strong>inter</strong></span> <span class='ocrx_word' id='word_1_635' title='bbox 4283 4645 4473 4687; x_wconf 61' lang='lat' dir='ltr'><strong>cetera</strong></span> <span class='ocrx_word' id='word_1_636' title='bbox 4515 4635 4715 4689; x_wconf 74' lang='lat' dir='ltr'><strong>dixisse</strong></span> <span class='ocrx_word' id='word_1_637' title='bbox 4757 4651 4840 4690; x_wconf 90' lang='lat' dir='ltr'><strong>me</strong></span> <span class='ocrx_word' id='word_1_638' title='bbox 4887 4641 5101 4691; x_wconf 89' lang='lat' dir='ltr'><strong>memini</strong></span> <span class='ocrx_word' id='word_1_639' title='bbox 5137 4657 5152 4692; x_wconf 91' lang='lat'><strong>:</strong></span> 
     </span>
    </p>
   </div>
   <div class='ocr_carea' id='block_1_95' title="bbox 1915 4714 3473 4781">
    <p class='ocr_par' dir='ltr' id='par_1_95' title="bbox 1915 4714 3473 4781">
     <span class='ocr_line' id='line_1_95' title="bbox 1915 4714 3473 4781; baseline 0.004 -13"><span class='ocrx_word' id='word_1_640' title='bbox 1915 4714 2221 4770; x_wconf 83' lang='lat' dir='ltr'><strong>necessitati</strong></span> <span class='ocrx_word' id='word_1_641' title='bbox 2263 4715 2498 4780; x_wconf 85' lang='lat' dir='ltr'><strong>deputet,</strong></span> <span class='ocrx_word' id='word_1_642' title='bbox 2546 4715 2686 4781; x_wconf 90' lang='lat' dir='ltr'><strong>quod</strong></span> <span class='ocrx_word' id='word_1_643' title='bbox 2731 4715 3035 4770; x_wconf 84' lang='lat' dir='ltr'><strong>verbositati</strong></span> <span class='ocrx_word' id='word_1_644' title='bbox 3087 4720 3344 4773; x_wconf 79' lang='lat' dir='ltr'><strong>hactenus</strong></span> <span class='ocrx_word' id='word_1_645' title='bbox 3381 4725 3473 4774; x_wconf 82' lang='lat' dir='ltr'><strong>ad-</strong></span> 
     </span>
    </p>
   </div>
   <div class='ocr_carea' id='block_1_96' title="bbox 1913 4802 3473 4873">
    <p class='ocr_par' dir='ltr' id='par_1_96' title="bbox 1913 4802 3473 4873">
     <span class='ocr_line' id='line_1_96' title="bbox 1913 4802 3473 4873; baseline 0.007 -18"><span class='ocrx_word' id='word_1_646' title='bbox 1913 4804 2204 4860; x_wconf 72' lang='lat' dir='ltr'><strong>seribebat.</strong></span> <span class='ocrx_word' id='word_1_647' title='bbox 2249 4802 2618 4859; x_wconf 76' lang='lat' dir='ltr'><strong>Necessarium</strong></span> <span class='ocrx_word' id='word_1_648' title='bbox 2670 4820 2859 4873; x_wconf 82' lang='lat' dir='ltr'><strong>nempe</strong></span> <span class='ocrx_word' id='word_1_649' title='bbox 2910 4811 3153 4866; x_wconf 65' lang='lat' dir='ltr'><strong>duximus</strong></span> <span class='ocrx_word' id='word_1_650' title='bbox 3193 4813 3293 4865; x_wconf 80' lang='lat' dir='ltr'><strong>ista</strong></span> <span class='ocrx_word' id='word_1_651' title='bbox 3346 4828 3473 4866; x_wconf 87' lang='lat' dir='ltr'><strong>con-</strong></span> 
     </span>
    </p>
   </div>
   <div class='ocr_carea' id='block_1_97' title="bbox 1913 4894 3475 4971">
    <p class='ocr_par' dir='ltr' id='par_1_97' title="bbox 1913 4894 3475 4971">
     <span class='ocr_line' id='line_1_97' title="bbox 1913 4894 3475 4971; baseline 0.005 -22"><span class='ocrx_word' id='word_1_652' title='bbox 1913 4894 2190 4955; x_wconf 81' lang='lat' dir='ltr'><strong>scribere,</strong></span> <span class='ocrx_word' id='word_1_653' title='bbox 2236 4907 2299 4945; x_wconf 89' lang='lat' dir='ltr'><strong>ne</strong></span> <span class='ocrx_word' id='word_1_654' title='bbox 2345 4909 2576 4957; x_wconf 89' lang='lat' dir='ltr'><strong>cancer,</strong></span> <span class='ocrx_word' id='word_1_655' title='bbox 2634 4897 2723 4963; x_wconf 93' lang='lat' dir='ltr'><strong>qui</strong></span> <span class='ocrx_word' id='word_1_656' title='bbox 2777 4898 2831 4950; x_wconf 74' lang='lat' dir='ltr'><strong>in</strong></span> <span class='ocrx_word' id='word_1_657' title='bbox 2888 4899 3001 4952; x_wconf 89' lang='lat' dir='ltr'><strong>dies</strong></span> <span class='ocrx_word' id='word_1_658' title='bbox 3052 4912 3145 4969; x_wconf 78' lang='lat' dir='ltr'><strong>per</strong></span> <span class='ocrx_word' id='word_1_659' title='bbox 3194 4916 3475 4971; x_wconf 78' lang='lat' dir='ltr'><strong>augmenta</strong></span> 
     </span>
    </p>
   </div>
   <div class='ocr_carea' id='block_1_98' title="bbox 1913 4984 3476 5056">
    <p class='ocr_par' dir='ltr' id='par_1_98' title="bbox 1913 4984 3476 5056">
     <span class='ocr_line' id='line_1_98' title="bbox 1913 4984 3476 5056; baseline 0.006 -19"><span class='ocrx_word' id='word_1_660' title='bbox 1913 4984 2185 5050; x_wconf 85' lang='lat' dir='ltr'><strong>serpebat,</strong></span> <span class='ocrx_word' id='word_1_661' title='bbox 2244 4984 2576 5050; x_wconf 76' lang='lat' dir='ltr'><strong>pestilentias</strong></span> <span class='ocrx_word' id='word_1_662' title='bbox 2627 4985 2802 5040; x_wconf 89' lang='lat' dir='ltr'><strong>adhuc</strong></span> <span class='ocrx_word' id='word_1_663' title='bbox 2842 5002 2902 5041; x_wconf 82' lang='lat' dir='ltr'><strong>se</strong></span> <span class='ocrx_word' id='word_1_664' title='bbox 2947 5004 3045 5056; x_wconf 85' lang='lat' dir='ltr'><strong>per</strong></span> <span class='ocrx_word' id='word_1_665' title='bbox 3094 4992 3342 5046; x_wconf 79' lang='lat' dir='ltr'><strong>Ecclesia:</strong></span> <span class='ocrx_word' id='word_1_666' title='bbox 3394 4995 3476 5047; x_wconf 87' lang='lat' dir='ltr'><strong>vi-</strong></span> 
     </span>
    </p>
   </div>
   <div class='ocr_carea' id='block_1_99' title="bbox 1914 5073 2385 5128">
    <p class='ocr_par' dir='ltr' id='par_1_99' title="bbox 1914 5073 2385 5128">
     <span class='ocr_line' id='line_1_99' title="bbox 1914 5073 2385 5128; baseline -0.008 0"><span class='ocrx_word' id='word_1_667' title='bbox 1914 5088 2004 5128; x_wconf 83' lang='lat' dir='ltr'><strong>see</strong></span> <span class='ocrx_word' id='word_1_668' title='bbox 2014 5089 2066 5124; x_wconf 79' lang='lat' dir='ltr'><strong>ra</strong></span> <span class='ocrx_word' id='word_1_669' title='bbox 2117 5073 2277 5125; x_wconf 85' lang='lat' dir='ltr'><strong>dilata</strong></span> <span class='ocrx_word' id='word_1_670' title='bbox 2287 5083 2385 5125; x_wconf 86' lang='lat' dir='ltr'><strong>ret.</strong></span> 
     </span>
    </p>
   </div>
   <div class='ocr_carea' id='block_1_100' title="bbox 1991 5162 3490 5230">
    <p class='ocr_par' dir='ltr' id='par_1_100' title="bbox 1991 5162 3490 5230">
     <span class='ocr_line' id='line_1_100' title="bbox 1991 5162 3490 5230; baseline 0.008 -17"><span class='ocrx_word' id='word_1_671' title='bbox 1991 5162 2094 5213; x_wconf 79' lang='lat' dir='ltr'><strong>Vos</strong></span> <span class='ocrx_word' id='word_1_672' title='bbox 2133 5172 2343 5223; x_wconf 83' lang='lat' dir='ltr'><strong>autem,</strong></span> <span class='ocrx_word' id='word_1_673' title='bbox 2397 5162 2721 5218; x_wconf 83' lang='lat' dir='ltr'><strong>serenissimi</strong></span> <span class='ocrx_word' id='word_1_674' title='bbox 2768 5165 2822 5220; x_wconf 91' lang='lat' dir='ltr'><strong>in</strong></span> <span class='ocrx_word' id='word_1_675' title='bbox 2871 5166 3124 5230; x_wconf 83' lang='lat' dir='ltr'><strong>Christo.</strong></span> <span class='ocrx_word' id='word_1_676' title='bbox 3169 5179 3226 5223; x_wconf 85' lang='lat' dir='ltr'><strong>et</strong></span> <span class='ocrx_word' id='word_1_677' title='bbox 3271 5187 3490 5227; x_wconf 87' lang='lat' dir='ltr'><strong>venera-</strong></span> 
     </span>
    </p>
   </div>
   <div class='ocr_carea' id='block_1_101' title="bbox 1913 5246 3486 5327">
    <p class='ocr_par' dir='ltr' id='par_1_101' title="bbox 1913 5246 3486 5327">
     <span class='ocr_line' id='line_1_101' title="bbox 1913 5246 3486 5327; baseline 0.008 -26"><span class='ocrx_word' id='word_1_678' title='bbox 1913 5246 2051 5302; x_wconf 78' lang='lat' dir='ltr'><strong>biles</strong></span> <span class='ocrx_word' id='word_1_679' title='bbox 2078 5248 2200 5310; x_wconf 82' lang='lat' dir='ltr'><strong>viri,</strong></span> <span class='ocrx_word' id='word_1_680' title='bbox 2242 5248 2488 5302; x_wconf 81' lang='lat' dir='ltr'><strong>videlicet</strong></span> <span class='ocrx_word' id='word_1_681' title='bbox 2524 5252 2612 5319; x_wconf 85' lang='lat' dir='ltr'><strong>qui</strong></span> <span class='ocrx_word' id='word_1_682' title='bbox 2648 5266 2735 5306; x_wconf 91' lang='lat' dir='ltr'><strong>me</strong></span> <span class='ocrx_word' id='word_1_683' title='bbox 2779 5253 2879 5308; x_wconf 89' lang='lat' dir='ltr'><strong>hoc</strong></span> <span class='ocrx_word' id='word_1_684' title='bbox 2921 5269 3055 5323; x_wconf 73' lang='lat' dir='ltr'><strong>opus</strong></span> <span class='ocrx_word' id='word_1_685' title='bbox 3103 5261 3316 5327; x_wconf 88' lang='lat' dir='ltr'><strong>aggredi</strong></span> <span class='ocrx_word' id='word_1_686' title='bbox 3353 5277 3486 5326; x_wconf 73' lang='lat' dir='ltr'><strong>pra:-</strong></span> 
     </span>
    </p>
   </div>
   <div class='ocr_carea' id='block_1_102' title="bbox 1911 5336 3486 5405">
    <p class='ocr_par' dir='ltr' id='par_1_102' title="bbox 1911 5336 3486 5405">
     <span class='ocr_line' id='line_1_102' title="bbox 1911 5336 3486 5405; baseline 0.008 -16"><span class='ocrx_word' id='word_1_687' title='bbox 1911 5336 2149 5404; x_wconf 82' lang='lat' dir='ltr'><strong>cepistis.</strong></span> <span class='ocrx_word' id='word_1_688' title='bbox 2202 5345 2360 5391; x_wconf 75' lang='lat' dir='ltr'><strong>tautze</strong></span> <span class='ocrx_word' id='word_1_689' title='bbox 2402 5342 2768 5405; x_wconf 78' lang='lat' dir='ltr'><strong>perversiiatis</strong></span> <span class='ocrx_word' id='word_1_690' title='bbox 2815 5347 2984 5398; x_wconf 70' lang='lat' dir='ltr'><strong>errori</strong></span> <span class='ocrx_word' id='word_1_691' title='bbox 3035 5362 3155 5400; x_wconf 89' lang='lat' dir='ltr'><strong>cum</strong></span> <span class='ocrx_word' id='word_1_692' title='bbox 3199 5349 3343 5401; x_wconf 90' lang='lat' dir='ltr'><strong>omni</strong></span> <span class='ocrx_word' id='word_1_693' title='bbox 3393 5365 3486 5402; x_wconf 89' lang='lat' dir='ltr'><strong>au-</strong></span> 
     </span>
    </p>
   </div>
   <div class='ocr_carea' id='block_1_103' title="bbox 1912 5426 3485 5502">
    <p class='ocr_par' dir='ltr' id='par_1_103' title="bbox 1912 5426 3485 5502">
     <span class='ocr_line' id='line_1_103' title="bbox 1912 5426 3485 5502; baseline 0.01 -25"><span class='ocrx_word' id='word_1_694' title='bbox 1912 5427 2162 5477; x_wconf 88' lang='lat' dir='ltr'><strong>ctoritate</strong></span> <span class='ocrx_word' id='word_1_695' title='bbox 2215 5426 2490 5480; x_wconf 82' lang='lat' dir='ltr'><strong>resistite:</strong></span> <span class='ocrx_word' id='word_1_696' title='bbox 2530 5438 2583 5481; x_wconf 90' lang='lat' dir='ltr'><strong>et</strong></span> <span class='ocrx_word' id='word_1_697' title='bbox 2626 5444 2692 5484; x_wconf 93' lang='lat' dir='ltr'><strong>ne</strong></span> <span class='ocrx_word' id='word_1_698' title='bbox 2736 5446 2794 5485; x_wconf 91' lang='lat' dir='ltr'><strong>se</strong></span> <span class='ocrx_word' id='word_1_699' title='bbox 2840 5447 2938 5499; x_wconf 88' lang='lat' dir='ltr'><strong>per</strong></span> <span class='ocrx_word' id='word_1_700' title='bbox 2985 5449 3176 5502; x_wconf 83' lang='lat' dir='ltr'><strong>corpus</strong></span> <span class='ocrx_word' id='word_1_701' title='bbox 3233 5434 3485 5492; x_wconf 67' lang='lat' dir='ltr'><strong>l-Irrlesiae</strong></span> 
     </span>
    </p>
   </div>
   <div class='ocr_carea' id='block_1_104' title="bbox 1910 5510 3483 5582">
    <p class='ocr_par' dir='ltr' id='par_1_104' title="bbox 1910 5510 3483 5582">
     <span class='ocr_line' id='line_1_104' title="bbox 1910 5510 3483 5582; baseline 0.011 -17"><span class='ocrx_word' id='word_1_702' title='bbox 1910 5510 2124 5565; x_wconf 89' lang='lat' dir='ltr'><strong>lethalis</strong></span> <span class='ocrx_word' id='word_1_703' title='bbox 2169 5513 2311 5581; x_wconf 87' lang='lat' dir='ltr'><strong>lepra</strong></span> <span class='ocrx_word' id='word_1_704' title='bbox 2364 5514 2642 5580; x_wconf 75' lang='lat' dir='ltr'><strong>diffundat,</strong></span> <span class='ocrx_word' id='word_1_705' title='bbox 2693 5520 2921 5575; x_wconf 73' lang='lat' dir='ltr'><strong>viriliter</strong></span> <span class='ocrx_word' id='word_1_706' title='bbox 2970 5523 3199 5578; x_wconf 86' lang='lat' dir='ltr'><strong>obviate.</strong></span> <span class='ocrx_word' id='word_1_707' title='bbox 3254 5527 3483 5582; x_wconf 74' lang='lat' dir='ltr'><strong>Castitas</strong></span> 
     </span>
    </p>
   </div>
   <div class='ocr_carea' id='block_1_105' title="bbox 1911 5604 3481 5681">
    <p class='ocr_par' dir='ltr' id='par_1_105' title="bbox 1911 5604 3481 5681">
     <span class='ocr_line' id='line_1_105' title="bbox 1911 5604 3481 5681; baseline 0.01 -26"><span class='ocrx_word' id='word_1_708' title='bbox 1911 5616 2103 5668; x_wconf 83' lang='lat' dir='ltr'><strong>nempe</strong></span> <span class='ocrx_word' id='word_1_709' title='bbox 2146 5604 2383 5670; x_wconf 70' lang='lat' dir='ltr'><strong>qnmdam</strong></span> <span class='ocrx_word' id='word_1_710' title='bbox 2431 5608 2674 5672; x_wconf 81' lang='lat' dir='ltr'><strong>specialis</strong></span> <span class='ocrx_word' id='word_1_711' title='bbox 2721 5621 2802 5661; x_wconf 81' lang='lat' dir='ltr'><strong>est</strong></span> <span class='ocrx_word' id='word_1_712' title='bbox 2857 5614 3044 5672; x_wconf 69' lang='lat' dir='ltr'><strong>virtus.</strong></span> <span class='ocrx_word' id='word_1_713' title='bbox 3097 5629 3214 5680; x_wconf 70' lang='lat' dir='ltr'><strong>qua:</strong></span> <span class='ocrx_word' id='word_1_714' title='bbox 3259 5617 3325 5668; x_wconf 88' lang='lat' dir='ltr'><strong>ab</strong></span> <span class='ocrx_word' id='word_1_715' title='bbox 3368 5616 3481 5681; x_wconf 72' lang='lat' dir='ltr'><strong>ipso</strong></span> 
     </span>
    </p>
   </div>
   <div class='ocr_carea' id='block_1_106' title="bbox 1912 5690 3482 5773">
    <p class='ocr_par' dir='ltr' id='par_1_106' title="bbox 1912 5690 3482 5773">
     <span class='ocr_line' id='line_1_106' title="bbox 1912 5690 3482 5773; baseline 0.01 -29"><span class='ocrx_word' id='word_1_716' title='bbox 1912 5690 2093 5744; x_wconf 88' lang='lat' dir='ltr'><strong>muudi</strong></span> <span class='ocrx_word' id='word_1_717' title='bbox 2139 5693 2425 5759; x_wconf 82' lang='lat' dir='ltr'><strong>primordio</strong></span> <span class='ocrx_word' id='word_1_718' title='bbox 2467 5697 2517 5749; x_wconf 92' lang='lat' dir='ltr'><strong>in</strong></span> <span class='ocrx_word' id='word_1_719' title='bbox 2564 5697 2652 5749; x_wconf 85' lang='lat' dir='ltr'><strong>Dei</strong></span> <span class='ocrx_word' id='word_1_720' title='bbox 2703 5699 2996 5755; x_wconf 71' lang='lat' dir='ltr'><strong>cultoribus</strong></span> <span class='ocrx_word' id='word_1_721' title='bbox 3042 5703 3225 5769; x_wconf 70' lang='lat' dir='ltr'><strong>viguit,</strong></span> <span class='ocrx_word' id='word_1_722' title='bbox 3266 5716 3314 5757; x_wconf 93' lang='lat' dir='ltr'><strong>et</strong></span> <span class='ocrx_word' id='word_1_723' title='bbox 3357 5721 3482 5773; x_wconf 83' lang='lat' dir='ltr'><strong>pm-</strong></span> 
     </span>
    </p>
   </div>
   <div class='ocr_carea' id='block_1_107' title="bbox 3580 4723 5160 4794">
    <p class='ocr_par' dir='ltr' id='par_1_107' title="bbox 3580 4723 5160 4794">
     <span class='ocr_line' id='line_1_107' title="bbox 3580 4723 5160 4794; baseline 0.004 -19"><span class='ocrx_word' id='word_1_724' title='bbox 3580 4724 3633 4775; x_wconf 88' lang='lat' dir='ltr'><strong>lu</strong></span> <span class='ocrx_word' id='word_1_725' title='bbox 3691 4725 4106 4792; x_wconf 87' lang='lat' dir='ltr'><strong>cognationum,</strong></span> <span class='ocrx_word' id='word_1_726' title='bbox 4159 4723 4415 4790; x_wconf 89' lang='lat' dir='ltr'><strong>inquam,</strong></span> <span class='ocrx_word' id='word_1_727' title='bbox 4477 4726 4906 4794; x_wconf 73' lang='lat' dir='ltr'><strong>generationibus</strong></span> <span class='ocrx_word' id='word_1_728' title='bbox 4969 4741 5160 4781; x_wconf 84' lang='lat' dir='ltr'><strong>nume-</strong></span> 
     </span>
    </p>
   </div>
   <div class='ocr_carea' id='block_1_108' title="bbox 3582 4814 5155 4884">
    <p class='ocr_par' dir='ltr' id='par_1_108' title="bbox 3582 4814 5155 4884">
     <span class='ocr_line' id='line_1_108' title="bbox 3582 4814 5155 4884; baseline 0.004 -18"><span class='ocrx_word' id='word_1_729' title='bbox 3582 4815 3761 4866; x_wconf 88' lang='lat' dir='ltr'><strong>randis</strong></span> <span class='ocrx_word' id='word_1_730' title='bbox 3798 4829 3899 4865; x_wconf 84' lang='lat' dir='ltr'><strong>una</strong></span> <span class='ocrx_word' id='word_1_731' title='bbox 3950 4829 4160 4880; x_wconf 87' lang='lat' dir='ltr'><strong>semper</strong></span> <span class='ocrx_word' id='word_1_732' title='bbox 4197 4814 4355 4867; x_wconf 89' lang='lat' dir='ltr'><strong>debet</strong></span> <span class='ocrx_word' id='word_1_733' title='bbox 4399 4814 4671 4869; x_wconf 88' lang='lat' dir='ltr'><strong>abundare</strong></span> <span class='ocrx_word' id='word_1_734' title='bbox 4702 4831 4946 4884; x_wconf 65' lang='lat' dir='ltr'><strong>persona.</strong></span> <span class='ocrx_word' id='word_1_735' title='bbox 4999 4817 5155 4884; x_wconf 86' lang='lat' dir='ltr'><strong>Quod</strong></span> 
     </span>
    </p>
   </div>
   <div class='ocr_carea' id='block_1_109' title="bbox 3581 4902 5156 4975">
    <p class='ocr_par' dir='ltr' id='par_1_109' title="bbox 3581 4902 5156 4975">
     <span class='ocr_line' id='line_1_109' title="bbox 3581 4902 5156 4975; baseline 0.004 -21"><span class='ocrx_word' id='word_1_736' title='bbox 3581 4904 3740 4954; x_wconf 78' lang='lat' dir='ltr'><strong>etiam</strong></span> <span class='ocrx_word' id='word_1_737' title='bbox 3782 4903 4103 4969; x_wconf 78' lang='lat' dir='ltr'><strong>approbatis,</strong></span> <span class='ocrx_word' id='word_1_738' title='bbox 4145 4903 4320 4954; x_wconf 86' lang='lat' dir='ltr'><strong>adJidi</strong></span> <span class='ocrx_word' id='word_1_739' title='bbox 4350 4917 4362 4954; x_wconf 90' lang='lat'><strong>:</strong></span> <span class='ocrx_word' id='word_1_740' title='bbox 4396 4902 4577 4970; x_wconf 82' lang='lat' dir='ltr'><strong>Neque</strong></span> <span class='ocrx_word' id='word_1_741' title='bbox 4615 4907 4756 4957; x_wconf 89' lang='lat' dir='ltr'><strong>enim</strong></span> <span class='ocrx_word' id='word_1_742' title='bbox 4785 4920 4850 4957; x_wconf 88' lang='lat' dir='ltr'><strong>ex</strong></span> <span class='ocrx_word' id='word_1_743' title='bbox 4892 4922 4991 4960; x_wconf 87' lang='lat' dir='ltr'><strong>una</strong></span> <span class='ocrx_word' id='word_1_744' title='bbox 5030 4922 5156 4975; x_wconf 87' lang='lat' dir='ltr'><strong>per-</strong></span> 
     </span>
    </p>
   </div>
   <div class='ocr_carea' id='block_1_110' title="bbox 3580 4989 5152 5058">
    <p class='ocr_par' dir='ltr' id='par_1_110' title="bbox 3580 4989 5152 5058">
     <span class='ocr_line' id='line_1_110' title="bbox 3580 4989 5152 5058; baseline 0.002 -15"><span class='ocrx_word' id='word_1_745' title='bbox 3580 5006 3710 5043; x_wconf 86' lang='lat' dir='ltr'><strong>sona</strong></span> <span class='ocrx_word' id='word_1_746' title='bbox 3762 4998 3932 5057; x_wconf 87' lang='lat' dir='ltr'><strong>potest</strong></span> <span class='ocrx_word' id='word_1_747' title='bbox 3981 4992 4257 5058; x_wconf 80' lang='lat' dir='ltr'><strong>generatio</strong></span> <span class='ocrx_word' id='word_1_748' title='bbox 4307 4991 4441 5045; x_wconf 84' lang='lat' dir='ltr'><strong>fieri.</strong></span> <span class='ocrx_word' id='word_1_749' title='bbox 4491 4989 4758 5046; x_wconf 49' lang='lat' dir='ltr'><strong>Aiﬂtihltis</strong></span> <span class='ocrx_word' id='word_1_750' title='bbox 4793 4994 4953 5049; x_wconf 84' lang='lat' dir='ltr'><strong>etiam</strong></span> <span class='ocrx_word' id='word_1_751' title='bbox 5002 4997 5152 5048; x_wconf 61' lang='lat' dir='ltr'><strong>testi-</strong></span> 
     </span>
    </p>
   </div>
   <div class='ocr_carea' id='block_1_111' title="bbox 3586 5080 5148 5148">
    <p class='ocr_par' dir='ltr' id='par_1_111' title="bbox 3586 5080 5148 5148">
     <span class='ocr_line' id='line_1_111' title="bbox 3586 5080 5148 5148; baseline 0.001 -13"><span class='ocrx_word' id='word_1_752' title='bbox 3586 5081 3781 5135; x_wconf 73' lang='lat' dir='ltr'><strong>maniis</strong></span> <span class='ocrx_word' id='word_1_753' title='bbox 3813 5080 4420 5147; x_wconf 75' lang='lat' dir='ltr'><strong>Seriptnrarnmquibus</strong></span> <span class='ocrx_word' id='word_1_754' title='bbox 4450 5082 4546 5135; x_wconf 87' lang='lat' dir='ltr'><strong>hoc</strong></span> <span class='ocrx_word' id='word_1_755' title='bbox 4587 5082 4872 5148; x_wconf 85' lang='lat' dir='ltr'><strong>disputatio</strong></span> <span class='ocrx_word' id='word_1_756' title='bbox 4890 5080 5148 5148; x_wconf 58' lang='lat' dir='ltr'><strong>deﬂuiﬁt,</strong></span> 
     </span>
    </p>
   </div>
   <div class='ocr_carea' id='block_1_112' title="bbox 3591 5172 5146 5243">
    <p class='ocr_par' dir='ltr' id='par_1_112' title="bbox 3591 5172 5146 5243">
     <span class='ocr_line' id='line_1_112' title="bbox 3591 5172 5146 5243; baseline 0.005 -24"><span class='ocrx_word' id='word_1_757' title='bbox 3591 5180 3648 5221; x_wconf 89' lang='lat' dir='ltr'><strong>ut</strong></span> <span class='ocrx_word' id='word_1_758' title='bbox 3671 5185 3788 5222; x_wconf 88' lang='lat' dir='ltr'><strong>cum</strong></span> <span class='ocrx_word' id='word_1_759' title='bbox 3824 5172 4239 5237; x_wconf 71' lang='lat' dir='ltr'><strong>propinquorum</strong></span> <span class='ocrx_word' id='word_1_760' title='bbox 4268 5172 4639 5239; x_wconf 69' lang='lat' dir='ltr'><strong>generationes</strong></span> <span class='ocrx_word' id='word_1_761' title='bbox 4671 5172 4863 5227; x_wconf 83' lang='lat' dir='ltr'><strong>fuerint</strong></span> <span class='ocrx_word' id='word_1_762' title='bbox 4891 5183 5146 5243; x_wconf 86' lang='lat' dir='ltr'><strong>supputa-</strong></span> 
     </span>
    </p>
   </div>
   <div class='ocr_carea' id='block_1_113' title="bbox 3590 5259 5148 5329">
    <p class='ocr_par' dir='ltr' id='par_1_113' title="bbox 3590 5259 5148 5329">
     <span class='ocr_line' id='line_1_113' title="bbox 3590 5259 5148 5329; baseline 0.003 -19"><span class='ocrx_word' id='word_1_763' title='bbox 3590 5267 3680 5318; x_wconf 67' lang='grc' dir='ltr'><strong>ια’.</strong></span> <span class='ocrx_word' id='word_1_764' title='bbox 3707 5271 3808 5309; x_wconf 91' lang='lat' dir='ltr'><strong>una</strong></span> <span class='ocrx_word' id='word_1_765' title='bbox 3857 5271 4065 5323; x_wconf 78' lang='lat' dir='ltr'><strong>semper</strong></span> <span class='ocrx_word' id='word_1_766' title='bbox 4092 5273 4314 5323; x_wconf 87' lang='lat' dir='ltr'><strong>persona</strong></span> <span class='ocrx_word' id='word_1_767' title='bbox 4356 5261 4654 5329; x_wconf 85' lang='lat' dir='ltr'><strong>reperiatur</strong></span> <span class='ocrx_word' id='word_1_768' title='bbox 4683 5266 4956 5315; x_wconf 76' lang='lat' dir='ltr'><strong>excedere.</strong></span> <span class='ocrx_word' id='word_1_769' title='bbox 4988 5259 5148 5315; x_wconf 85' lang='lat' dir='ltr'><strong>Verbi</strong></span> 
     </span>
    </p>
   </div>
   <div class='ocr_carea' id='block_1_114' title="bbox 3588 5345 5150 5415">
    <p class='ocr_par' dir='ltr' id='par_1_114' title="bbox 3588 5345 5150 5415">
     <span class='ocr_line' id='line_1_114' title="bbox 3588 5345 5150 5415; baseline 0.005 -23"><span class='ocrx_word' id='word_1_770' title='bbox 3588 5347 3754 5413; x_wconf 72' lang='lat' dir='ltr'><strong>gratia</strong></span> <span class='ocrx_word' id='word_1_771' title='bbox 3791 5364 3802 5396; x_wconf 88' lang='lat'><strong>:</strong></span> <span class='ocrx_word' id='word_1_772' title='bbox 3834 5345 3920 5396; x_wconf 86' lang='lat' dir='ltr'><strong>ubi</strong></span> <span class='ocrx_word' id='word_1_773' title='bbox 3948 5345 4182 5411; x_wconf 87' lang='lat' dir='ltr'><strong>quinque</strong></span> <span class='ocrx_word' id='word_1_774' title='bbox 4218 5355 4335 5398; x_wconf 90' lang='lat' dir='ltr'><strong>sunt</strong></span> <span class='ocrx_word' id='word_1_775' title='bbox 4369 5347 4760 5415; x_wconf 78' lang='lat' dir='ltr'><strong>generationes,</strong></span> <span class='ocrx_word' id='word_1_776' title='bbox 4785 5363 4876 5401; x_wconf 73' lang='lat' dir='ltr'><strong>sca</strong></span> <span class='ocrx_word' id='word_1_777' title='bbox 4905 5362 5150 5401; x_wconf 81' lang='lat' dir='ltr'><strong>necessa-</strong></span> 
     </span>
    </p>
   </div>
   <div class='ocr_carea' id='block_1_115' title="bbox 3588 5436 5146 5503">
    <p class='ocr_par' dir='ltr' id='par_1_115' title="bbox 3588 5436 5146 5503">
     <span class='ocr_line' id='line_1_115' title="bbox 3588 5436 5146 5503; baseline 0.002 -15"><span class='ocrx_word' id='word_1_778' title='bbox 3588 5438 3667 5488; x_wconf 82' lang='lat' dir='ltr'><strong>iio</strong></span> <span class='ocrx_word' id='word_1_779' title='bbox 3698 5438 3925 5489; x_wconf 81' lang='lat' dir='ltr'><strong>debeant</strong></span> <span class='ocrx_word' id='word_1_780' title='bbox 3956 5450 4073 5488; x_wconf 84' lang='lat' dir='ltr'><strong>esse</strong></span> <span class='ocrx_word' id='word_1_781' title='bbox 4116 5449 4379 5503; x_wconf 57' lang='lat' dir='ltr'><strong>personan</strong></span> <span class='ocrx_word' id='word_1_782' title='bbox 4416 5436 4505 5490; x_wconf 90' lang='lat' dir='ltr'><strong>Sic</strong></span> <span class='ocrx_word' id='word_1_783' title='bbox 4540 5448 4594 5491; x_wconf 87' lang='lat' dir='ltr'><strong>et</strong></span> <span class='ocrx_word' id='word_1_784' title='bbox 4633 5438 4685 5490; x_wconf 78' lang='lat' dir='ltr'><strong>in</strong></span> <span class='ocrx_word' id='word_1_785' title='bbox 4717 5438 4921 5491; x_wconf 77' lang='lat' dir='ltr'><strong>caeteris</strong></span> <span class='ocrx_word' id='word_1_786' title='bbox 4956 5451 5146 5491; x_wconf 84' lang='lat' dir='ltr'><strong>nume-</strong></span> 
     </span>
    </p>
   </div>
   <div class='ocr_carea' id='block_1_116' title="bbox 3588 5523 4958 5592">
    <p class='ocr_par' dir='ltr' id='par_1_116' title="bbox 3588 5523 4958 5592">
     <span class='ocr_line' id='line_1_116' title="bbox 3588 5523 4958 5592; baseline -0.001 -16"><span class='ocrx_word' id='word_1_787' title='bbox 3588 5540 3704 5578; x_wconf 83' lang='lat' dir='ltr'><strong>rum</strong></span> <span class='ocrx_word' id='word_1_788' title='bbox 3736 5525 3998 5592; x_wconf 61' lang='lat' dir='ltr'><strong>graduum</strong></span> <span class='ocrx_word' id='word_1_789' title='bbox 4030 5523 4312 5576; x_wconf 77' lang='lat' dir='ltr'><strong>tunititudo</strong></span> <span class='ocrx_word' id='word_1_790' title='bbox 4341 5535 4553 5592; x_wconf 79' lang='lat' dir='ltr'><strong>supero:</strong></span> <span class='ocrx_word' id='word_1_791' title='bbox 4591 5539 4958 5590; x_wconf 83' lang='lat' dir='ltr'><strong>personarum.</strong></span> 
     </span>
    </p>
   </div>
   <div class='ocr_carea' id='block_1_117' title="bbox 3657 5609 5145 5681">
    <p class='ocr_par' dir='ltr' id='par_1_117' title="bbox 3657 5609 5145 5681">
     <span class='ocr_line' id='line_1_117' title="bbox 3657 5609 5145 5681; baseline -0.001 -17"><span class='ocrx_word' id='word_1_792' title='bbox 3657 5612 3761 5665; x_wconf 89' lang='lat' dir='ltr'><strong>Sed</strong></span> <span class='ocrx_word' id='word_1_793' title='bbox 3791 5628 3887 5679; x_wconf 89' lang='lat' dir='ltr'><strong>per</strong></span> <span class='ocrx_word' id='word_1_794' title='bbox 3916 5626 4188 5664; x_wconf 77' lang='lat' dir='ltr'><strong>accessum</strong></span> <span class='ocrx_word' id='word_1_795' title='bbox 4232 5612 4484 5681; x_wconf 82' lang='lat' dir='ltr'><strong>temporis</strong></span> <span class='ocrx_word' id='word_1_796' title='bbox 4523 5611 4715 5681; x_wconf 86' lang='lat' dir='ltr'><strong>legenti</strong></span> <span class='ocrx_word' id='word_1_797' title='bbox 4758 5610 4882 5665; x_wconf 88' lang='lat' dir='ltr'><strong>mihi</strong></span> <span class='ocrx_word' id='word_1_798' title='bbox 4924 5609 5145 5677; x_wconf 83' lang='lat' dir='ltr'><strong>aliquid.</strong></span> 
     </span>
    </p>
   </div>
   <div class='ocr_carea' id='block_1_118' title="bbox 3585 5701 5149 5771">
    <p class='ocr_par' dir='ltr' id='par_1_118' title="bbox 3585 5701 5149 5771">
     <span class='ocr_line' id='line_1_118' title="bbox 3585 5701 5149 5771; baseline -0.001 -14"><span class='ocrx_word' id='word_1_799' title='bbox 3585 5715 3637 5758; x_wconf 91' lang='lat' dir='ltr'><strong>et</strong></span> <span class='ocrx_word' id='word_1_800' title='bbox 3675 5706 3726 5755; x_wconf 92' lang='lat' dir='ltr'><strong>in</strong></span> <span class='ocrx_word' id='word_1_801' title='bbox 3771 5703 4064 5771; x_wconf 79' lang='lat' dir='ltr'><strong>Scripturis</strong></span> <span class='ocrx_word' id='word_1_802' title='bbox 4107 5705 4359 5766; x_wconf 77' lang='lat' dir='ltr'><strong>occurrit,</strong></span> <span class='ocrx_word' id='word_1_803' title='bbox 4402 5704 4540 5771; x_wconf 81' lang='lat' dir='ltr'><strong>quod</strong></span> <span class='ocrx_word' id='word_1_804' title='bbox 4581 5712 4789 5756; x_wconf 87' lang='lat' dir='ltr'><strong>mutare</strong></span> <span class='ocrx_word' id='word_1_805' title='bbox 4818 5716 4973 5770; x_wconf 76' lang='lat' dir='ltr'><strong>posse</strong></span> <span class='ocrx_word' id='word_1_806' title='bbox 5004 5701 5149 5756; x_wconf 87' lang='lat' dir='ltr'><strong>haue</strong></span> 
     </span>
    </p>
   </div>
   <div class='ocr_carea' id='block_1_119' title="bbox 1980 5792 5147 5881">
    <p class='ocr_par' dir='ltr' id='par_1_119' title="bbox 1980 5792 5147 5881">
     <span class='ocr_line' id='line_1_119' title="bbox 1980 5792 5147 5881; baseline 0.007 -37"><span class='ocrx_word' id='word_1_807' title='bbox 1980 5792 2415 5881; x_wconf 30' lang='lat' dir='ltr'><strong>tgiglc.ontralriits</strong></span> <span class='ocrx_word' id='word_1_808' title='bbox 2463 5801 2670 5855; x_wconf 76' lang='lat' dir='ltr'><strong>videtur</strong></span> <span class='ocrx_word' id='word_1_809' title='bbox 2715 5819 2901 5860; x_wconf 80' lang='lat' dir='ltr'><strong>sensus</strong></span> <span class='ocrx_word' id='word_1_810' title='bbox 2972 5807 3130 5877; x_wconf 82' lang='lat' dir='ltr'><strong>hujus</strong></span> <span class='ocrx_word' id='word_1_811' title='bbox 3181 5810 3323 5876; x_wconf 83' lang='lat' dir='ltr'><strong>loci,</strong></span> <span class='ocrx_word' id='word_1_812' title='bbox 3375 5822 3494 5864; x_wconf 87' lang='lat' dir='ltr'><strong>cum</strong></span> <span class='ocrx_word' id='word_1_813' title='bbox 3526 5811 3574 5863; x_wconf 91' lang='lat' dir='ltr'><strong>in</strong></span> <span class='ocrx_word' id='word_1_814' title='bbox 3628 5820 3772 5865; x_wconf 74' lang='lat' dir='ltr'><strong>textu</strong></span> <span class='ocrx_word' id='word_1_815' title='bbox 3822 5811 4125 5865; x_wconf 80' lang='lat' dir='ltr'><strong>habeatur:</strong></span> <span class='ocrx_word' id='word_1_816' title='bbox 4172 5828 4287 5865; x_wconf 79' lang='lat' dir='ltr'><strong>cum</strong></span> <span class='ocrx_word' id='word_1_817' title='bbox 4357 5814 4463 5868; x_wconf 74' lang='lat' dir='ltr'><strong>viro</strong></span> <span class='ocrx_word' id='word_1_818' title='bbox 4527 5812 4810 5881; x_wconf 66' lang='lat' dir='ltr'><strong>irreligioso</strong></span> <span class='ocrx_word' id='word_1_819' title='bbox 4860 5821 5026 5866; x_wconf 63' lang='lat' dir='ltr'><strong>trado</strong></span> <span class='ocrx_word' id='word_1_820' title='bbox 5080 5814 5147 5868; x_wconf 68' lang='lat' dir='ltr'><strong>de</strong></span> 
     </span>
    </p>
   </div>
   <div class='ocr_carea' id='block_1_120' title="bbox 1908 5865 2366 5928">
    <p class='ocr_par' dir='ltr' id='par_1_120' title="bbox 1908 5865 2366 5928">
     <span class='ocr_line' id='line_1_120' title="bbox 1908 5865 2366 5928; baseline 0.002 -15"><span class='ocrx_word' id='word_1_821' title='bbox 1908 5865 2204 5928; x_wconf 58' lang='lat' dir='ltr'><strong>g&#39;iitt&#39;tt&#39;talc,</strong></span> <span class='ocrx_word' id='word_1_822' title='bbox 2261 5874 2366 5916; x_wconf 81' lang='lat' dir='ltr'><strong>etc.</strong></span> 
     </span>
    </p>
   </div>
  </div>
