4690 6374
239 492 367 551 205

240 612 592 667 enumerata:
630 588 965 664 cognationis
1012 585 1248 653 regulam
1289 588 1580 651 persuasu;
1613 592 1833 647 przeser-
1864 586 1909 637 Α

242 698 358 753 lini
395 708 516 749 cum
553 688 797 758 plerique
837 677 1123 735 suculares
1153 675 1277 727 huic
1308 670 1601 726 deﬁnitioni
1640 667 1829 729 feram,

237 800 423 858 atque
466 784 811 839 inhumanam
861 776 1260 837 conquerantur
1317 764 1493 817 inesse
1542 759 1829 819 duritiam,

238 855 484 943 seseque
522 868 839 939 perhibeant
894 860 1048 913 nobis
1100 855 1473 921 obtemperare
1512 866 1615 944 non
1653 862 1830 944 posse,

239 964 357 1019 nisi
390 936 473 1014 vel
502 936 751 1012 nimirum
785 947 911 1017 quid
942 942 1369 1012 acquieverimus
1407 954 1471 991 es;
1513 937 1667 1002 hujus
1703 936 1831 1001 legis

238 1053 437 1123 rigore
468 1049 671 1101 laxare.
706 1040 819 1094 Hoc
846 1034 1087 1106 quotidie
1115 1032 1333 1096 bellum,
1358 1030 1459 1082 hoc
1485 1028 1601 1081 sine
1630 1025 1831 1079 foedere

241 1138 550 1194 toleramus
576 1127 909 1197 obloqoium.

762 1230 988 1290 CAPUT
1029 1226 1316 1283 PRIMUM.

239 1355 321 1411 In
350 1349 767 1424 generationibus
806 1341 1147 1414 supputandis
1187 1354 1302 1408 qua:
1342 1334 1518 1403 regula
1554 1334 1826 1387 servanda.

321 1460 552 1515 Videtur
591 1459 772 1523 itaque
815 1452 969 1507 nobis
1026 1446 1430 1502 infirmitatibus
1484 1443 1827 1497 iinbceilliiun

233 1552 367 1608 sine
397 1548 548 1617 culpa
573 1561 676 1598 non
703 1558 859 1611 posse
878 1538 1236 1594 conscendere
1259 1536 1322 1606 Π.
1348 1529 1825 1600 condescendere],

234 1650 308 1694 ut
335 1640 687 1693 decernamus
726 1629 1109 1697 cognationum
1159 1624 1317 1679 simul
1366 1636 1428 1674 ac
1475 1635 1825 1688 personarum

234 1743 533 1786 numerum
580 1726 809 1778 invicem
860 1718 1183 1779 convenire;
1226 1724 1492 1782 quatenus
1530 1720 1658 1778 quot
1702 1719 1827 1763 sunt

231 1831 514 1889 personae,
554 1811 775 1866 totidem
812 1821 1026 1876 quoque
1072 1792 1323 1857 dicantur
1359 1815 1477 1854 esse
1514 1796 1821 1869 generatio-

1147 470 1389 530 OPUSC.
1430 469 1558 525 Vill.
1583 500 1649 509 ο-ο
1678 468 1763 523 DE
1790 463 2223 521 ΡΜὶΕΝΤΕΙΛΕ
2260 464 2395 521 GRA
2410 460 2626 519 DIBL'S.

2565 569 2790 626 CAPUT
2831 568 2892 622 ll.

1939 656 2210 721 Quomodo
2251 672 2281 707 α
2327 654 2785 720 lmnsmigralionc
2821 649 3104 721 Babylonis
3146 648 3215 721 od
3246 645 3509 701 Christum

2208 724 2400 791 fuerint
2431 717 2785 791 generationes
2824 717 3231 787 quatuordecim.

2006 816 2280 871 Addamus
2307 814 2504 874 adhuc,
2548 810 2689 880 quod
2736 808 3001 879 gravioris
3044 816 3128 861 est
3157 808 3432 875 ponderis;
3460 818 3519 862 et

1935 904 2239 959 inviolabile
2270 910 2413 955 tene:
2445 899 2607 952 robur
2649 896 3004 951 auctoritatis.
3046 894 3327 948 Mutiliaeos
3364 894 3513 948 enim

1932 993 2258 1062 evangelista
2308 998 2590 1057 postquam
2638 985 3004 1055 generationis
3056 982 3257 1038 Christi
3316 983 3514 1036 lineam

1934 1082 2125 1142 texuit,
2161 1081 2260 1131 hoc
2290 1078 2341 1131 in
2375 1076 2721 1131 conclusione
2751 1074 3027 1142 subiunxit
3060 1090 3071 1124 :
3111 1091 3128 1123 ι
3159 1072 3359 1127 Omnes
3385 1087 3518 1143 ergo

1931 1171 2310 1238 generationes
2354 1168 2422 1221 ab
2453 1167 2726 1220 Abraham
2778 1179 2946 1231 usque
2984 1166 3052 1218 ad
3092 1164 3258 1217 David
3289 1178 3517 1232 genera-

1934 1258 2108 1311 tiones
2130 1268 2254 1310 sunt
2274 1255 2706 1323 quatuordccim,
2731 1262 2782 1307 et
2810 1268 2837 1303 a
2867 1252 3033 1306 David
3059 1268 3229 1321 usque
3251 1254 3316 1307 ad
3344 1263 3517 1307 trans-

1932 1347 2307 1413 migrationem
2351 1332 2637 1413 Bahyionis
2668 1344 3044 1413 generationes
3077 1344 3511 1411 quarunt-decim,

1929 1443 1983 1487 et
2011 1450 2042 1487 a
2076 1433 2547 1502 transmigratione
2588 1433 2875 1503 Babylonis
2920 1448 3089 1501 usque
3125 1433 3189 1485 ad
3236 1433 3514 1487 Christum

1927 1526 2300 1595 generationes
2328 1526 2733 1592 quaom-decim
2771 1522 2987 1593 (Matth.
3020 1526 3118 1590 xi).
3158 1542 3175 1575 ι
3208 1524 3340 1579 (Ioni
3364 1526 3516 1579 vide-

1928 1616 2053 1671 licet
2080 1616 2224 1669 nulla
2257 1617 2417 1670 trium
2455 1616 2725 1681 ordinum,
2760 1617 2850 1685 qui
2892 1616 3082 1682 digesti
3122 1627 3249 1672 sunt
3282 1630 3511 1681 tessera,

1927 1708 2209 1777 plusquam
2262 1707 2667 1775 quatuordeciin
2715 1706 3021 1774 genitorum
3051 1747 3066 1766 .
3120 1708 3236 1761 sive
3287 1707 3503 1776 gignen-

1928 1796 2059 1849 tium
2094 1796 2400 1850 inveniatur
2444 1809 2767 1849 enumerare
2814 1810 3097 1863 personas.
3146 1796 3256 1848 ltno
3298 1798 3345 1848 si
3388 1796 3512 1850 dili-

232 1884 359 1963 ;I85.
400 1904 469 1958 Ut
497 1913 674 1956 autem
707 1900 805 1952 hoc
842 1912 945 1950 non
990 1903 1171 1947 nostra
1215 1892 1505 1951 temeritas,
1550 1888 1642 1942 sed
1689 1902 1817 1941 san-
1855 1921 1895 1978 Β
1926 1893 2113 1954 genter
2151 1884 2470 1947 attenditur,
2506 1884 2717 1937 nonnisi
2766 1885 3025 1939 tredecim
3073 1886 3352 1939 continere
3387 1899 3513 1954 per-

229 2006 454 2051 ctorum
484 1991 703 2045 Patrum
739 1987 984 2038 videatur
1013 1982 1329 2039 auctoritas.
1360 1978 1419 2031 Β.
1461 1977 1820 2046 Hieronymus

229 2084 368 2137 dum
414 2081 625 2135 solvere
667 2077 857 2129 nititur
892 2073 1243 2141 quaestionem
1280 2068 1527 2131 Genesis,
1570 2066 1658 2121 ubi
1689 2066 1821 2119 dici-

233 2181 330 2225 tur
360 2186 375 2223 :
412 2188 429 2220 ‹
463 2169 564 2235 Qui
605 2165 868 2221 occiderit
905 2162 1061 2224 Cain,
1091 2168 1294 2227 septem
1335 2158 1600 2209 vindictas
1638 2156 1817 2209 cxsol~

228 2270 327 2315 vet
364 2257 519 2329 (Gen.
548 2259 655 2324 iv),
688 2274 707 2306 ι
761 2263 967 2321 septem
1010 2248 1257 2319 perhibet
1291 2264 1411 2299 esse
1445 2244 1819 2315 generationes

230 2350 307 2404 ab
329 2348 499 2402 Adam
531 2358 700 2413 usque
722 2341 973 2401 Lamech,
998 2353 1119 2391 cum
1149 2347 1323 2389 tamen
1350 2350 1453 2387 non
1481 2334 1819 2402 reperiantur

230 2436 338 2492 nisi
373 2433 613 2489 totidem.
650 2431 755 2484 hoc
783 2436 885 2491 est,
930 2434 1134 2493 septem
1178 2437 1297 2477 esse
1337 2436 1601 2490 personae.
1643 2420 1731 2484 Et,
1760 2428 1820 2473 ut

230 2526 353 2595 ipsa
406 2522 749 2592 potissimum
806 2517 939 2571 tanti
998 2514 1237 2569 doctoris
1282 2513 1443 2565 verba
1507 2525 1814 2578 ponamus:

230 2614 519 2682 Maiorum,
550 2610 742 2678 inquit,
779 2616 1086 2660 nostrorum
1119 2605 1218 2658 ista
1251 2603 1514 2658 sententia
1541 2611 1646 2665 est,
1676 2600 1817 2670 quod

229 2711 427 2774 putant
457 2702 510 2753 in
548 2698 777 2768 septima
814 2693 1159 2765 generatione
1197 2690 1428 2745 Lamecli
1475 2689 1815 2744 interfectum

227 2796 400 2857 Cain;
432 2807 664 2860 moxque
694 2790 967 2859 subjungit
995 2802 1011 2840 :
1042 2787 1211 2840 Adam
1243 2788 1438 2855 quippe
1458 2786 1641 2856 genuit
1662 2784 1813 2847 Cain,

224 2885 366 2942 Cain
394 2883 581 2954 genuit
620 2880 860 2941 lleooch,
889 2879 1108 2932 Ilenocli
1134 2878 1319 2947 genuit
1354 2877 1585 2938 Gainan,
1613 2874 1814 2930 Cainaa

224 2977 417 3048 genuit
440 2972 744 3033 Malaleliel,
778 2969 1054 3023 Malalebel
1079 2969 1263 3038 genuit
1294 2966 1673 3028 Mathusalem,
1700 2965 1816 3017 Ma-

227 3064 503 3118 tliusalem
531 3059 716 3131 genuit
738 3058 992 3118 Laniecli,
1018 3058 1107 3124 qui
1135 3056 1397 3125 septimus
1429 3064 1510 3107 est
1533 3055 1602 3107 ab
1623 3053 1814 3107 Adam.

224 3154 297 3207 Et
325 3150 485 3221 paulo
517 3158 635 3218 post
667 3166 679 3200 :
725 3147 822 3200 llic
860 3147 1099 3215 quidem,
1150 3144 1343 3211 inquit,
1383 3141 1540 3205 Cain,
1588 3140 1729 3208 quod
1762 3140 1814 3192 in

224 3243 458 3311 septima
502 3238 851 3309 generatione
903 3236 1219 3289 interfectos
1260 3234 1347 3296 sit,
1386 3244 1439 3287 et
1466 3232 1617 3299 juxta
1651 3231 1809 3284 aliam
1841 3265 1885 3321 Ο

220 3332 520 3386 editionem
566 3344 778 3396 pinnam
831 3327 913 3380 sui
967 3326 1187 3379 sceleris
1230 3324 1440 3377 dederit
1490 3339 1504 3373 :
1547 3319 1637 3373 ubi
1681 3321 1810 3373 nihil

219 3421 442 3477 obscuri
479 3420 716 3473 arbitror
760 3416 1104 3471 remansisse.
1161 3413 1217 3467 lu
1262 3413 1457 3482 quibus
1497 3412 1681 3480 utique
1719 3411 1812 3464 do-

218 3513 452 3568 ctissimi
503 3512 603 3565 viri
648 3510 825 3565 verbis
864 3518 1109 3577 patenter
1149 3509 1475 3569 ostenditur,
1517 3508 1645 3576 quia
1684 3521 1807 3559 Cum

218 3603 295 3656 ab
320 3604 490 3655 Adam
530 3616 699 3670 usque
739 3600 975 3653 Lamech
1018 3607 1224 3668 septem
1267 3599 1639 3652 tantummodo
1686 3606 1812 3650 sunt

218 3705 471 3761 persona:
494 3730 510 3754 ,
555 3698 758 3758 septem
800 3689 1149 3743 nihilominus
1175 3687 1379 3742 faciunt
1410 3688 1806 3758 generationes.

217 3785 266 3837 Α
308 3796 414 3851 qua
446 3782 854 3851 generationum
893 3781 1329 3834 dinumeratione
1366 3782 1554 3835 beatus
1594 3796 1809 3849 quoque

216 3872 515 3941 Gregorius
543 3886 649 3925 non
674 3870 964 3925 discordat.
998 3868 1132 3923 Nam
1162 3870 1215 3923 in
1247 3870 1580 3937 expositione
1603 3869 1662 3922 Β.
1683 3869 1805 3930 Job,

218 3961 408 4017 Enocb
449 3960 735 4029 septimam
774 3959 1018 4027 perhibet
1056 3974 1177 4013 esse
1216 3961 1651 4028 generationem,
1684 3975 1805 4013 cum

136 4042 139 4045 ’
216 4063 318 4102 sex
356 4048 729 4102 tantummodo
757 4059 969 4115 patrum
997 4056 1123 4102 ante
1149 4048 1297 4101 illum
1325 4050 1662 4116 reperiantur
1684 4064 1805 4102 esse

214 4149 485 4206 persome.
510 4134 636 4189 Haec
662 4136 914 4189 nimirum
940 4136 1081 4189 beati
1112 4136 1211 4188 viri
1238 4138 1399 4189 verba
1426 4150 1553 4191 sunt
1584 4138 1802 4206 (Horat.

214 4225 276 4292 ι)
311 4241 325 4277 :
357 4241 378 4275 α
410 4223 631 4287 Electis,
674 4225 768 4289 ait,
816 4223 1035 4279 Henocli
1086 4226 1139 4279 in
1178 4228 1405 4295 septima
1456 4230 1804 4295 generatione

214 4313 489 4375 nascitur,
519 4330 539 4363 ι
568 4314 692 4381 quia
720 4313 802 4367 sui
834 4314 1224 4368 dedicationem
1251 4317 1428 4384 gaudii
1464 4318 1515 4368 iu
1546 4328 1803 4372 extrema:

213 4398 589 4454 retributionis
618 4400 787 4469 gloria
825 4401 1129 4468 requirunt.
1161 4401 1229 4456 Et
1266 4414 1433 4466 certe,
1474 4405 1613 4457 sicut
1647 4420 1799 4459 sacra

213 4486 492 4541 Geneseos
534 4488 737 4556 liquido
788 4497 1015 4543 testatur
1044 4491 1268 4545 historia
1302 4511 1315 4547 :
1351 4514 1367 4543 ε
1401 4494 1570 4546 Adam
1616 4499 1797 4565 genuit

1922 1990 2086 2031 sonas
2132 1975 2266 2029 ordo
2314 1974 2527 2039 tertius,
2567 1974 2659 2042 qui
2705 1984 2790 2027 cst
2840 1983 2895 2027 et
2937 1973 3176 2033 ultimus.
3219 1974 3511 2028 invenitur.

1924 2066 2097 2134 Super
2130 2080 2239 2133 quo
2266 2064 2521 2118 nimirum
2562 2063 2804 2116 nonnulli
2834 2064 3114 2117 doctorum
3141 2064 3357 2118 diversa
3388 2080 3419 2117 a
3450 2079 3511 2117 se

1924 2156 2153 2208 invicem
2186 2154 2507 2215 sentientes,
2538 2152 2710 2222 longis
2740 2152 3301 2221 argumentationibus
3330 2154 3497 2223 dispo

1923 2254 2060 2307 tant,
2090 2253 2150 2298 ut
2187 2243 2594 2312 quatuordecini
2643 2252 2698 2298 et
2742 2242 2797 2297 in
2825 2244 2969 2306 .hoc,
3016 2244 3158 2297 sicut
3198 2244 3252 2298 in
3293 2257 3510 2301 «autem

1922 2334 2190 2387 habeatur
2231 2333 2539 2393 ordinibus,
2590 2348 2713 2387 esse
2765 2333 3148 2402 generationes
3194 2345 3487 2389 esten-iant

1920 2422 2153 2477 Sanctus
2176 2422 2375 2491 quippe
2412 2423 2769 2493 Hieronymus
2804 2423 2941 2477 duos
2976 2436 3097 2477 esse
3134 2425 3384 2491 pcrlzilie'.
3411 2424 3507 2480 Je-

1919 2510 2164 2575 climiias,
2190 2522 2398 2579 patrem
2421 2510 2627 2564 scilicet
2654 2520 2712 2564 et
2738 2509 2938 2574 lilium;
2975 2521 3028 2563 et
3050 2522 3259 2578 patrem
3286 2514 3504 2581 quidem

1922 2600 1974 2653 in
2024 2600 2129 2653 line
2167 2599 2388 2654 secundi
2426 2601 2656 2663 ordinis,
2710 2602 2880 2655 tilium
2930 2606 3128 2659 asserit
3174 2607 3407 2675 positum
3452 2608 3507 2661 in

1918 2692 2093 2760 capite
2123 2692 2285 2745 tertii.
2316 2693 2385 2744 At
2412 2691 2602 2747 beatus
2634 2692 2767 2747 dicit
2802 2694 2940 2765 Aug.
2974 2697 3098 2764 quia
3142 2712 3279 2751 unus
3308 2696 3510 2754 Jecino-

1919 2782 2037 2834 nias
2076 2781 2161 2836 bis
2196 2791 2533 2835 numeratur.
2564 2782 2717 2847 Quod
2750 2782 2793 2836 si
2834 2784 3163 2839 credendum
3197 2788 3289 2848 sit,
3322 2789 3507 2843 nescio

1917 2887 2025 2940 quo
2053 2882 2212 2940 pacto
2234 2875 2405 2927 sancti
2432 2874 2776 2943 evangelistm
2798 2890 2921 2930 vera
2946 2876 3115 2931 videri
3143 2880 3310 2947 possit
3330 2894 3507 2935 asser-

1920 2966 2015 3025 tio,
2044 2980 2150 3034 (μω
2182 2966 2334 3027 dicit,
2367 2965 2621 3033 quoniam
2645 2981 2673 3019 a
2710 2968 3185 3038 transmigratioue
3218 2969 3509 3041 Ital-globis

1918 3072 2088 3124 usque
2114 3056 2180 3108 ad
2207 3055 2484 3110 Christum
2516 3057 2895 3127 generationes
2920 3068 3045 3112 sunt
3072 3061 3504 3128 quatuordmtiin.

1919 3144 2062 3199 Sane
2106 3148 2222 3200 sive
2268 3145 2382 3207 bis,
2426 3147 2539 3200 sive
2584 3148 2796 3215 quoties
2836 3146 2986 3209 libet.
3027 3149 3102 3209 id,
3147 3151 3289 3217 quod
3336 3167 3502 3205 unum

1918 3245 2021 3299 est,
2056 3244 2389 3300 numeretur,
2439 3252 2605 3290 unum
2658 3238 3009 3293 nihilominus
3054 3252 3375 3307 pernumere
3414 3260 3507 3292 in.

1917 3325 2217 3393 guoscitur.
2265 3324 2398 3377 Nam
2443 3325 2545 3379 etsi
2597 3339 2969 3393 smpenumcro
3007 3327 3139 3395 quid
3179 3328 3397 3388 dicitur.
3425 3332 3505 3385 rei

1917 3425 2095 3466 tamen
2127 3415 2363 3467 essentia
2404 3429 2509 3467 non
2547 3423 2792 3481 augetur,
2835 3430 2934 3471 nec
2974 3416 3364 3484 multiplicatur
3399 3433 3507 3474 nu-

1915 3518 2121 3566 meros,
2177 3502 2305 3558 licet
2358 3519 2536 3559 sermo
2592 3502 2754 3559 fuerit
2808 3505 3055 3561 iteratus.
3113 3506 3301 3561 Timeo
3347 3508 3506 3575 pline

1912 3609 2077 3663 super
2102 3594 2382 3663 utriusque
2410 3596 2649 3649 doctoris
2684 3597 2978 3659 sententia,
3006 3612 3125 3666 qua:
3157 3598 3285 3651 inihi
3313 3599 3504 3652 diibio~~

1915 3696 1995 3739 tas
2032 3684 2334 3747 oboriatur,
2362 3685 2698 3755 exprimere;
2730 3700 2796 3741 ne
2835 3694 2944 3740 tam
2991 3686 3287 3741 illustribus
3319 3690 3505 3743 llic-Ir.

1912 3778 2005 3829 sia:
2036 3777 2329 3845 magistris,
2361 3783 2419 3830 et
2446 3777 2809 3831 assertoribus
2837 3778 3082 3832 veritatis
3118 3778 3322 3841 videar,
3353 3781 3503 3847 qiin.l

1911 3867 2072 3931 absit,
2102 3866 2449 3935 aliquatenus
2483 3882 2826 3922 succensere.
2899 3890 2916 3911 ο

1982 3958 2059 4012 De
2102 3958 2317 4011 illorum
2358 3958 2541 4027 itaque
2584 3960 2911 4013 venerandis
2952 3959 3357 4015 deﬁnitionibus
3399 3977 3498 4028 ego

1906 4044 2187 4116 disputare
2219 4063 2322 4101 non
2354 4050 2547 4110 audeo,
2592 4049 2913 4118 simpliciter
2953 4061 3159 4105 tantum
3196 4053 3328 4120 quid
3365 4054 3494 4104 inibi

1907 4136 2179 4198 videatur,
2222 4152 2457 4206 expono.
2502 4138 2583 4191 Ab
2625 4152 2692 4191 eo
2738 4154 2889 4201 sane,
2934 4140 3078 4208 quod
3123 4140 3345 4199 dicitur,
3376 4155 3498 4208 post

1907 4227 2440 4295 transmigratiouem
2471 4227 2636 4297 Babyl
2661 4245 2757 4281 ints
2796 4226 3086 4283 Jechonias
3121 4232 3305 4299 genuit
3334 4231 3492 4283 Sala-

1907 4314 2056 4377 thiel,
2108 4322 2279 4382 usque
2329 4316 2394 4368 ad
2444 4315 2595 4377 illud,
2638 4313 2805 4371 Jacob
2852 4329 3033 4371 autem
3072 4319 3257 4388 genuit
3287 4316 3489 4385 lost-po

1904 4406 2079 4457 virum
2108 4405 2311 4470 Moriar,
2344 4407 2600 4460 tredecim
2629 4419 2753 4460 sunt
2779 4409 3176 4476 generationes.
3205 4410 3256 4462 lu
3287 4409 3489 4478 Josrpli

1905 4495 2171 4563 siquidem
2203 4496 2540 4559 duodecima,
2580 4498 2631 4549 in
2671 4497 2836 4551 .‘larta
2872 4499 3186 4567 intelligitur
3210 4500 3367 4553 tcrtia
3396 4501 3491 4553 de-

214 4574 371 4639 Setli,
403 4574 532 4629 Seth
563 4577 746 4645 genuit
772 4576 935 4641 Eoos,
961 4577 1103 4631 Eoos
1131 4581 1315 4647 genuit
1343 4582 1569 4645 Cainau,
1593 4584 1797 4637 (Zainan
1834 4585 1877 4640 l)
1907 4585 2066 4638 cima.
2094 4583 2149 4638 Si
2180 4586 2350 4688 enim‘.
2377 4586 2540 4639 Maria
2576 4586 2800 4655 Joseph,
2836 4589 2981 4643 sicut
3028 4604 3165 4642 uxor
3198 4590 3335 4652 viro,
3367 4606 3489 4643 car-

216 4664 397 4688 _---.-:-
429 4664 702 4688 ὶΙ-Ι..Ιν-Ι.-Ι
761 4665 803 4688 Il
826 4666 977 4688 .l,_l-l-
1022 4668 1032 4688 I
1052 4667 1197 4688 ἈΙ
1230 4686 1247 4688 ἡ
1351 4671 1398 4688 γ’.
1435 4671 1476 4688 ου
1558 4673 1613 4688 ν-.
1691 4671 1731 4688 m
1980 4674 2010 4688 1·
2439 4677 2451 4688 ι
2815 4679 2825 4688 .
3148 4679 3161 4688 .
3434 4682 3445 4688 -

212 4664 403 4734 genuit
427 4664 727 4728 Malalehel,
759 4665 1407 4739 Malalehellaﬂgenuit
1435 4671 1654 4733 'l‘areth,
1691 4671 1797 4725 Ta-

214 4752 337 4805 retli
366 4753 549 4822 genuit
570 4752 787 4807 Henoch
806 4754 954 4822 (Gen.
976 4757 1079 4825 nt).
1102 4774 1121 4806 ι
1152 4757 1301 4810 Sicut
1335 4772 1463 4827 ergo
1488 4775 1584 4827 per
1603 4760 1797 4814 lineam

212 4836 346 4892 Cain
390 4851 595 4909 septem
654 4842 991 4897 solummodo
1047 4845 1452 4900 succedentium
1500 4846 1600 4899 sibi
1647 4862 1799 4916 repe-

213 4930 431 4984 riuntur
465 4946 586 4985 esse
617 4947 860 5001 persona:
894 4933 961 4987 ab
990 4934 1160 4989 Adam
1204 4950 1373 5004 usque
1414 4936 1683 5002 Lamech;
1720 4942 1791 4991 ita

211 5034 427 5088 quoque
467 5036 563 5091 per
589 5023 884 5076 electorum
915 5024 1109 5077 seriem
1149 5036 1352 5094 septem
1383 5028 1644 5079 duntaxat
1675 5042 1795 5094 pcr-

210 5122 362 5162 sonze
397 5118 755 5163 numerantur
796 5112 863 5163 ab
904 5113 1093 5165 eodem
1127 5114 1295 5167 Adam
1342 5131 1510 5183 usque
1550 5114 1790 5170 licendi.

210 5195 320 5251 Sed
365 5209 509 5251 sicut
547 5199 599 5252 in
644 5199 953 5271 genealogia
1001 5200 1134 5254 Cain
1186 5218 1217 5255 a
1271 5204 1429 5257 beato
1466 5202 1792 5275 Hieronymo

206 5285 445 5341 Lamech
487 5288 752 5354 septimus
793 5298 877 5344 est
929 5290 997 5343 ab
1047 5289 1243 5356 Adam,
1284 5292 1355 5345 ita
1399 5291 1459 5345 Β.
1497 5294 1791 5363 Gregorius

207 5375 493 5444 septimam
520 5379 923 5445 generationem
953 5393 1074 5433 esse
1102 5389 1349 5435 testatur.

277 5487 333 5543 Si
365 5502 497 5556 ergo
547 5496 818 5543 tantorum
864 5491 1103 5545 virorum
1149 5492 1301 5562 sequi
1344 5508 1448 5547 non
1500 5494 1790 5548 abhorrea-

203 5590 321 5630 mus
362 5575 696 5645 exemplum,
729 5588 897 5633 restat
933 5590 992 5633 ut
1032 5589 1109 5635 tot
1146 5583 1373 5638 debeant
1413 5585 1790 5651 generationes

203 5668 335 5731 diei,
361 5675 496 5737 quot
527 5681 774 5736 persona:
803 5671 980 5728 valent
1013 5673 1065 5726 in
1094 5675 1377 5743 cujuslibet
1415 5676 1627 5743 generis
1667 5691 1788 5729 suc-

200 5758 510 5814 cessoribus
547 5761 849 5826 supputari.

1906 4674 2013 4727 nali
2063 4674 2390 4729 commercio
2434 4677 2931 4746 jungeretur.jure
2977 4695 3079 4731 una
3129 4679 3388 4732 duntaxat
3434 4682 3488 4734 in

1907 4763 2065 4832 195
2095 4772 2323 4831 utroque
2352 4768 2627 4835 generatio
2666 4767 2956 4821 videretur.
3005 4769 3112 4822 Sed
3154 4785 3275 4823 cum
3315 4769 3487 4825 Maria

1900 4855 2095 4923 Jos:-ph
2138 4854 2443 4909 nullatenus
2483 4856 2553 4909 sit
2598 4857 2906 4925 conjuncta,
2950 4861 3317 4929 generationis
3356 4878 3487 4916 vero

1898 4943 2037 4997 linea
2068 4959 2238 5012 usque
2277 4945 2343 4997 ad
2369 4944 2566 5014 .losepli
2611 4962 2706 5009 per
2733 4948 3149 5014 praecedentium
3188 4951 3381 5003 seriem
3413 4953 3485 5004 sit

1900 5038 2175 5105 perducta,
2224 5048 2445 5105 repente
2487 5039 2763 5106 generatio
2806 5039 2859 5091 in
2898 5039 3121 5093 Mariam
3162 5041 3489 5099 altrinsecus

1896 5127 2127 5195 positarn
2168 5128 2381 5194 prosilit
2414 5149 2426 5180 :
2460 5129 2659 5181 etduni
2691 5144 2718 5180 a
2760 5145 2855 5183 Sua
2899 5130 3193 5185 reﬂectitur
3231 5131 3391 5198 linea,
3430 5144 3489 5187 et

1895 5216 1949 5269 in
1978 5216 2135 5269 aliam
2173 5220 2390 5281 transit,
2419 5221 2705 5285 quemdam
2741 5222 2893 5289 quasi
2921 5222 3175 5291 angulum
3208 5222 3357 5275 facit.
3392 5224 3484 5276 Ille

1896 5310 2151 5363 nimirum
2196 5326 2262 5365 ex
2309 5330 2373 5368 ea
2407 5323 2564 5365 natus
2593 5325 2695 5373 est,
2730 5315 2821 5383 qui
2865 5322 2919 5368 et
2956 5313 3112 5381 juxta
3143 5317 3481 5384 Apostolum,

1894 5398 2032 5469 lapis
2070 5411 2153 5453 est
2184 5404 2462 5473 angolaris
2491 5404 2716 5473 (Ephes.
2761 5407 2862 5475 ii);
2904 5416 2959 5459 et
3002 5410 3143 5461 sicut
3196 5408 3485 5462 Psalmista

1898 5489 2041 5542 canit
2070 5508 2082 5541 ε
2120 5510 2138 5540 σ
2174 5489 2374 5547 Factus
2402 5494 2564 5546 estin
2596 5504 2758 5561 caput
2793 5496 2968 5566 anguli
3011 5495 3183 5565 (Paul.
3226 5486 3416 5564 ciui).
3454 5514 3478 5549 ι

1897 5577 2007 5632 Nec
2050 5579 2493 5637 inconvenienter
2524 5599 2625 5636 una
2670 5584 2720 5635 in
2762 5583 2928 5637 Maria
2973 5588 3252 5655 generatio
3279 5587 3482 5639 consti-

1900 5672 2087 5735 tuitur,
2112 5688 2230 5740 qnm.
2257 5673 2538 5743 generatio
2566 5675 2708 5727 illius
2741 5678 2893 5745 origo
2919 5687 3021 5739 est,
3057 5678 3141 5731 cui
3168 5678 3418 5730 videlicet
3450 5696 3478 5731 a

1899 5768 2105 5818 tittzzt'lis
2171 5763 2604 5832 pmicedentilms
2679 5768 3119 5833 gem-rationibus
3195 5764 3480 5819 militatur.
