5392 6578
11 6413 803 6578 -μι

1983 579 2085 634 207

2445 579 2501 635 S.
2543 578 2742 634 PETR!
2780 577 3059 633 DAMIAM
3101 576 3252 634 ΟΡΡ,
3297 566 3527 622 'lOliL'S
3567 568 3695 622 SEU
3734 571 3914 631 PARS
3954 578 4035 632 ιιι.
4067 578 4514 635 -ΟΡΕΞΕΗΑ
4565 582 4574 612 ‘

3101 576 3252 634 ΟΡΡ,
3297 566 3527 622 ’10Ξίυὸ
3567 568 3695 622 ΞΕυ
3734 571 3914 631 PARS
3954 578 4035 632 ιιι.
4067 578 4514 635 -ΟΡΕΞΕΗΔ
4565 579 4785 633 VARIA.
5109 579 5199 635 208

1982 695 2152 750 Porro
2184 707 2304 748 eum
2336 690 2534 760 'iosepb
2556 694 2691 745 tunc
2730 706 2793 745 ex
2841 699 2985 744 recta
3023 699 3324 758 propagata:
3355 700 3543 753 cogna-
3571 699 3619 754 Α
3648 688 3787 742 inter
3816 700 4067 758 parentes
4098 693 4212 758 ejus
4234 700 4490 757 stupenda
4521 693 4761 758 quzedam
4791 701 4842 743 et
4885 690 5204 746 admirabilis

1986 786 2146 840 tionis
2174 785 2310 838 linea
2336 784 2584 851 pendeat,
2615 782 2756 835 illine
2791 796 2856 834 ex
2889 781 3054 834 altera
3089 779 3323 847 ejusdem
3350 792 3546 846 cogna-

1982 875 2143 927 tionis
2168 872 2307 925 linea
2330 871 2491 923 Maria
2521 870 2839 934 descendat;
2876 872 2987 939 ipse
3013 871 3076 922 de
3100 869 3235 920 linea
3268 868 3319 919 in
3347 867 3542 920 lineam

1982 944 2240 1013 transitus
2296 959 2653 1027 generationis
2702 968 2784 1010 est
2839 957 3073 1025 mysticae
3122 963 3538 1008 sacramentum.

1980 1048 2116 1102 Nam
2159 1050 2284 1117 quia
2333 1047 2496 1099 Maria
2540 1047 2734 1115 Joseph
2790 1062 2951 1100 carne
2999 1060 3100 1098 non
3141 1045 3407 1113 jungitur,
3438 1058 3541 1095 non

1979 1146 2207 1205 utraque
2240 1152 2342 1189 una
2379 1146 2459 1189 est
2495 1136 2797 1204 generatio;
2832 1135 2925 1188 sed
2958 1149 3115 1185 unam
3148 1131 3377 1200 Joseph,
3409 1132 3541 1186 alte-

1978 1242 2093 1279 ram
2129 1225 2296 1279 Maria
2337 1227 2732 1296 generationem
2771 1225 2915 1277 facit.
2951 1224 3110 1277 Plane
3138 1240 3260 1278 eum
3304 1223 3543 1291 Scriptu-

1978 1331 2162 1369 rarum
2219 1317 2550 1370 consuetudo
2602 1331 2705 1369 nou
2763 1324 2968 1377 teneat,
3027 1323 3085 1366 ut
3148 1329 3244 1381 per
3290 1314 3540 1367 mulieres

1979 1403 2313 1472 cognationis
2343 1403 2532 1456 lineam
2566 1410 2729 1464 texat,
2762 1415 2856 1469 per
2884 1400 3028 1453 viros
3057 1401 3255 1453 Christi
3293 1400 3539 1469 genealo-

1978 1495 2062 1563 gia
2090 1494 2435 1563 producitur;
2470 1494 2519 1545 iu
2557 1494 2671 1560 ejus
2720 1500 2897 1544 tamen
2938 1502 3058 1543 ortu
3101 1490 3272 1544 virilis
3314 1491 3535 1544 materia

1975 1602 2083 1640 non
2132 1587 2408 1648 miscetur,
2457 1585 2681 1652 ideoque
2717 1598 2836 1636 cum
2884 1584 2949 1636 ad
2989 1582 3183 1650 Joseph
3225 1591 3535 1650 perventum

1973 1685 2076 1740 est,
2108 1675 2458 1730 successionis
2478 1675 2613 1729 ordo
2642 1690 2744 1728 non
2768 1673 2991 1727 ulterius
3020 1675 3072 1725 iu
3102 1672 3350 1726 inferiora
3373 1673 3539 1725 dedu-

1971 1765 2134 1827 citur,
2164 1766 2254 1818 sed
2284 1779 2379 1832 per
2410 1773 2772 1820 transversqu
2804 1764 3067 1832 protinus,
3098 1772 3151 1816 et
3188 1778 3252 1816 ex
3288 1763 3454 1815 latere
3484 1761 3536 1813 in

1974 1855 2233 1922 virginem
2267 1853 2557 1907 derivatur.
2602 1852 2691 1905 Sic
2735 1861 2854 1921 post
2888 1851 3134 1905 carnales
3165 1852 3538 1918 generationes

1972 1945 2034 1998 ﬁt
2061 1945 2334 2014 generatio
2361 1944 2671 2012 spiritualis,
2710 1951 2767 1995 ut
2795 1958 2916 1995 mox
2962 1952 3217 2010 sequatur
3255 1957 3341 1994 res
3388 1943 3540 1993 inatt-

3649 784 3919 844 generatio
3949 780 4210 843 rideatur,
4241 782 4391 848 cujus
4422 782 4673 834 videlicet
4713 790 4766 833 et
4808 781 5081 847 generatio
5109 782 5203 836 sin-

3646 867 3866 936 gularis,
3915 879 3968 922 et
3998 871 4275 936 conceptio
4325 885 4480 932 nova,
4524 879 4574 922 et
4621 870 4872 924 nativitas
4919 871 5203 937 deprehen-

3645 956 3788 1008 ditur
3837 957 4105 1009 inaudita?
4131 956 4249 1008 Ilzec
4273 966 4446 1009 tamen
4481 958 4706 1010 dicimus
4728 958 4872 1009 salva
4895 959 5204 1011 auctoritate

3643 1054 3947 1096 sanctorum
3986 1045 4285 1106 doctorum,
4310 1061 4442 1109 quos
4463 1047 4709 1114 superius
4740 1047 5168 1101 memoravimus.

3718 1132 3781 1186 Ut
3817 1132 3975 1201 igitur
4002 1135 4066 1184 ad
4100 1148 4160 1185 ea
4213 1150 4330 1200 qua:
4378 1135 4642 1201 cmpimus
4688 1145 4807 1201 post
4838 1136 5203 1188 diverticulum

3643 1231 3995 1286 revertamur,
4045 1224 4096 1274 in
4128 1223 4226 1275 hac
4272 1224 4613 1291 generatione
4658 1225 4929 1276 Dominica
4974 1240 5076 1276 non
5121 1225 5202 1276 illa

3641 1314 3969 1381 conspicitur
4024 1314 4202 1382 regula
4253 1315 4416 1367 fuisse
4460 1324 4672 1366 servata
4701 1356 4713 1376 ,
4761 1330 4919 1381 quam
4967 1314 5206 1368 videlicet

3641 1404 3762 1455 alibi
3803 1404 4165 1471 pr;eliximus,
4213 1405 4352 1456 utin
4385 1403 4734 1472 supputandis
4778 1405 5207 1472 generationibus

3640 1508 3741 1545 una
3780 1494 4123 1560 provideatur
4152 1508 4431 1560 superesse
4462 1508 4686 1561 persona
4719 1509 4731 1543 :
4766 1507 4882 1560 quae
4921 1493 5120 1545 srilicet
5163 1492 5204 1545 si

3638 1584 3746 1636 illic
3771 1594 4093 1646 servaretur,
4125 1600 4226 1636 uua
4272 1586 4443 1636 adhuc
4484 1585 4725 1638 addenda
4754 1598 4975 1651 persona
5022 1598 5204 1637 neces-

3640 1673 3782 1725 sario
3826 1674 4117 1725 videretur.
4169 1675 4223 1725 In
4279 1673 4363 1724 illa
4409 1674 4606 1741 quippe
4655 1674 5029 1741 eognationmn
5069 1674 5203 1726 linea

3642 1765 3847 1817 ttifaria
3891 1764 4322 1817 dinumeratione
4353 1766 4554 1832 digesta
4580 1804 4593 1825 ,
4643 1764 5058 1832 uniuscujusque
5097 1779 5201 1817 tes-

3638 1869 3772 1907 sera:
3802 1854 4200 1921 quatuor-decim
4228 1853 4595 1906 tantummodo
4627 1861 4750 1905 sunt
4776 1867 5036 1920 personae,
5073 1856 5207 1904 sicut

3639 1955 3694 1998 et
3721 1946 4109 2013 generationes.
4154 1944 4260 1996 Nec
4290 1943 4694 2011 generationum
4724 1958 5002 1995 numerum
5031 1956 5207 2009 perso-

1973 2035 2082 2088 dita
2139 2049 2395 2104 prorsus,
2444 2044 2498 2087 et
2541 2035 2847 2103 singularis.
2905 2032 3209 2101 Spiritualis
3272 2032 3535 2100 siquidem
3572 2032 3612 2087 Β
3644 2051 3834 2087 narum
3871 2034 4155 2087 multitudo
4205 2034 4414 2086 videtur
4458 2035 4739 2094 excedere,
4783 2034 4907 2086 dum
4948 2032 5021 2084 nil
5065 2030 5207 2085 aliud

1973 2123 2244 2188 generatio
2297 2121 2356 2173 lit
2407 2121 2473 2174 de
2524 2119 2718 2190 Joseph
2769 2120 2821 2173 in
2869 2119 3112 2181 Mariam,
3151 2118 3435 2186 singularis
3470 2121 3535 2172 de

1974 2209 2136 2264 Maria
2167 2211 2219 2264 in
2248 2211 2540 2264 Christum.

2584 2301 2808 2356 CAPUT
2846 2302 2929 2355 Ill.

2144 2394 2414 2458 Quomch
2443 2393 2598 2444 Ozias
2624 2394 2822 2461 genitus
2853 2410 2882 2443 α
2915 2391 3095 2444 Joram
3128 2392 3351 2443 dicatur.

2045 2484 2148 2540 Sed
2177 2485 2309 2538 dicis
2333 2480 2483 2545 mihi,
2507 2484 2748 2551 quisquis
2777 2499 2857 2544 es,
2883 2483 3148 2549 quomodo
3181 2484 3317 2534 inter
3336 2482 3531 2549 Joseph

1968 2589 2020 2634 et
2050 2579 2270 2633 Mariam
2299 2587 2469 2645 potest
2500 2578 2777 2645 generatio
2810 2576 2935 2639 dici,
2961 2590 3119 2642 quam
3145 2575 3389 2627 videlicet
3422 2575 3533 2642 ipse.

1967 2684 2075 2723 non
2103 2668 2318 2737 genuit?
2349 2667 2408 2719 Et
2440 2676 2494 2718 tu
2531 2667 2658 2718 mihi
2691 2667 2961 2733 reciproca
3000 2665 3276 2717 consultus
3314 2664 3533 2731 inquisi-

1969 2760 2118 2813 tione
2149 2759 2409 2825 responde
2442 2773 2455 2809 :
2483 2756 2588 2808 Cur
2629 2756 2763 2808 idem
2813 2755 3001 2808 beatus
3042 2754 3366 2819 evangelista
3404 2753 3534 2804 Mat-

1968 2850 2159 2910 thteus,
2188 2848 2252 2900 de
2278 2846 2428 2913 cujus
2453 2860 2592 2899 nunc
2620 2846 2881 2898 sententia
2908 2846 3259 2911 disputamus,
3289 2846 3363 2896 ait
3395 2847 3535 2896 inter

1967 2945 2160 2991 extera
2197 2952 2211 2987 :
2258 2955 2275 2986 ι
2311 2934 2489 2987 Joram
2534 2935 2717 3002 genuit
2766 2934 2948 2987 Oziam
2995 2934 3208 3001 (Matth.
3252 2936 3318 3003 t);
3361 2954 3377 2985 ι
3413 2951 3532 2987 eum

1964 3040 2302 3093 nequaquam
2351 3025 2421 3077 sit
2464 3034 2617 3092 pater
2658 3023 2833 3084 Olim,
2885 3024 2975 3076 sed
3024 3025 3199 3090 potius
3245 3023 3533 3076 Oelioziw?

1967 3113 2224 3182 Quisquis
2269 3114 2411 3165 enim
2456 3114 2630 3179 quarti
2669 3113 2786 3165 libri
2820 3112 3022 3180 Regum
3064 3112 3325 3179 percurrit
3365 3113 3531 3165 histo-

1964 3202 2136 3263 riam,
2194 3200 2557 3255 indubitanter
2609 3200 2882 3267 agnoscit,
2937 3200 3060 3267 quia
3117 3198 3299 3252 Joram
3348 3203 3532 3269 genuit

1964 3291 2280 3354 Oehoziam,
2313 3291 2572 3344 Ochozias
2603 3291 2787 3358 genuit
2822 3290 2965 3353 Joas,
2993 3288 3116 3342 Joas
3139 3292 3320 3359 genuit
3367 3295 3529 3344 Ama-

1963 3382 2122 3443 siam,
2185 3381 2431 3433 Amasias
2471 3380 2653 3449 genuit
2701 3378 2909 3441 Oziam,
2959 3380 3047 3447 qui
3097 3389 3149 3431 et
3188 3380 3293 3431 alio
3320 3383 3532 3432 nomine
3560 3360 3602 3419 (ἶ

1964 3470 2163 3522 dicitur
2203 3470 2423 3522 Azarias
2470 3468 2581 3538 (IV
2619 3469 2741 3538 Reg.
2794 3470 2946 3535 vnt).
2996 3468 3103 3522 Cur
3154 3469 3314 3536 igitur
3353 3468 3533 3523 Joram

1960 3570 2071 3610 non
2124 3555 2434 3620 Oehoziam,
2475 3557 2671 3610 dicitur
2701 3557 2951 3622 genuisse
2997 3571 3159 3623 quem
3190 3559 3405 3625 genuit;
3440 3560 3534 3612 sed

1960 3645 2141 3714 potius
2168 3644 2376 3707 Oziam,
2406 3646 2495 3711 qui
2543 3644 2653 3711 jam
2696 3644 2882 3712 procul
2928 3644 2993 3697 ab
3024 3645 3114 3699 illo
3143 3648 3361 3713 quintus
3390 3647 3534 3699 absi-

1963 3733 2094 3788 stit?
2122 3732 2178 3786 Si
2208 3748 2334 3802 ergo
2382 3734 2521 3785 inter
2562 3732 2741 3787 Joram
2790 3743 2843 3786 et
2873 3734 3055 3788 Oziam
3100 3750 3216 3788 esse
3254 3736 3530 3803 generatio

1963 3825 2178 3885 dicitur,
2212 3839 2314 3877 non
2347 3824 2486 3890 quod
2517 3823 2674 3877 Ozias
2705 3824 2772 3877 ab
2796 3824 2974 3878 Joram
3005 3827 3073 3878 sit
3115 3826 3339 3892 genitus,
3372 3825 3529 3895 196

1963 3913 2056 3966 sed
2081 3912 2220 3980 quod
2257 3912 2322 3964 ab
2348 3912 2437 3965 illo
2469 3927 2565 3980 per
2590 3912 2802 3979 longam
2839 3914 3076 3966 continui
3109 3915 3320 3983 generis
3349 3918 3530 3967 tradu-

1962 4019 2081 4058 cem
2110 4006 2180 4057 sit
2216 4005 2539 4072 produetus;
2571 4004 2696 4070 quid
2727 4004 2974 4071 prohibet
3020 4005 3158 4057 inter
3202 4004 3424 4058 Mariam
3476 4015 3531 4058 et

1963 4091 2185 4159 Joscph,
2217 4092 2304 4159 qui
2334 4091 2515 4159 procul
2542 4091 2702 4146 dubio
2729 4092 3106 4159 consanguinei
3137 4102 3281 4152 sunt.
3306 4107 3529 4160 genera-

1962 4183 2162 4233 tionem
2193 4181 2293 4233 diei
2325 4197 2418 4249 per
2445 4169 2728 4250 quamdam
2759 4181 2966 4235 scilicet
2998 4184 3102 4234 vim
3133 4191 3186 4234 et
3219 4184 3529 4251 mysterium

1961 4269 2325 4323 sacramenti?
2377 4270 2438 4324 Et
2486 4272 2529 4323 si
2577 4271 2956 4339 comprehendi
3006 4288 3107 4324 non
3158 4280 3353 4338 potest,
3403 4287 3535 4339 quo-

1966 4356 2128 4411 modo
2168 4356 2414 4411 Christus
2457 4373 2525 4413 ex
2564 4360 2773 4428 virgine
2813 4359 3082 4422 nascitur;
3107 4360 3233 4427 quid
3266 4361 3458 4412 mirum
3489 4361 3533 4413 si

1969 4550 3206 4575 .——————————-—————

3215 4553 5132 4576 ————————_—-———_—————*

3638 2124 3708 2175 ibi
3742 2123 4131 2192 generationes,
4160 2137 4318 2189 quam
4345 2121 4614 2189 simpllc:s
4645 2122 4751 2174 sint
4774 2135 5030 2188 personae.

3709 2216 4079 2271 Consideranti
4107 2218 4302 2284 itaque,
4327 2225 4378 2269 et
4397 2230 4508 2268 rem
4537 2214 4840 2283 diligentius
4865 2212 5207 2281 perpenfenti

3637 2316 3885 2373 patenter
3913 2307 4173 2368 occurrit,
4198 2307 4337 2372 quod
4371 2304 4431 2355 Β.
4463 2304 4789 2371 evangelista
4822 2303 5210 2357 dinumerando

3637 2396 3972 2465 cognationis
4010 2396 4269 2462 regulam,
4309 2410 4469 2462 quam
4497 2394 4862 2462 prtediximus,
4907 2408 5010 2446 non
5051 2395 5209 2446 modo

3636 2504 3737 2539 non
3765 2489 3953 2547 tenuit,
3981 2488 4072 2538 sed
4102 2495 4154 2537 et
4183 2495 4337 2538 caute
4364 2485 4568 2545 vitavit,
4598 2484 4837 2536 studiose
4866 2483 5207 2550 contempsit,

3635 2576 3926 2642 prudenter
3954 2575 4201 2626 exclusit.
4234 2572 4364 2625 Nam
4397 2589 4517 2627 eum
4546 2574 4595 2624 in
4629 2572 4934 2641 genealogia
4972 2572 5206 2632 Domini,

3635 2664 3763 2714 certi
3826 2677 3988 2714 causa
4043 2661 4285 2729 mysterii
4353 2661 4564 2713 trifario
4611 2661 4974 2729 dispositionis
5022 2659 5211 2713 ordine

3635 2750 4037 2816 quatuordeeim
4070 2749 4399 2802 decrevisset
4442 2750 4820 2817 generationes
4852 2758 5117 2811 attexere,
5150 2756 5210 2801 ut

3637 2856 4070 2907 nnannntamque
4118 2856 4403 2908 personam
4457 2841 4859 2908 generationem
4905 2856 5023 2893 esse
5064 2856 5212 2894 nion-

3634 2939 3846 2985 stt‘aret.
3885 2939 3993 2981 tres
4024 2944 4158 2996 quos
4188 2929 4434 2996 superius
4458 2929 4709 2992 diximus,
4739 2927 5027 2982 Oehoziam
5060 2928 5207 2981 vide-

3636 3023 3776 3085 licet,
3800 3022 3924 3075 Joas
3955 3032 4007 3073 et
4032 3023 4303 3073 Amasiam
4330 3061 4343 3083 ,
4375 3023 4440 3074 de
4481 3022 4808 3074 narrationis
4840 3022 5028 3074 ordine
5056 3033 5214 3090 reges

3634 3113 3828 3180 abjecit
3864 3130 3875 3165 :
3903 3123 3957 3166 et
3984 3122 4060 3166 tot
4086 3126 4345 3180 personas
4367 3129 4654 3180 apponere,
4683 3122 4810 3179 quot
4837 3113 5214 3178 generationes

3633 3219 3954 3257 enumerare
3989 3213 4273 3256 contentus
4299 3202 4415 3255 fuit.
4450 3202 4612 3254 Plane
4655 3218 4774 3255 cum
4815 3202 4912 3254 sibi
4956 3216 5211 3268 personae

3637 3306 3753 3342 runt
3788 3290 4070 3342 multitudo
4097 3297 4423 3356 suppeteret,
4450 3289 4620 3341 noluit
4652 3298 4711 3340 ut
4737 3304 4961 3356 persona
4988 3303 5213 3356 genera-

3637 3381 3867 3434 tionibus
3897 3390 4234 3447 superesset;
4269 3381 4362 3432 sed
4392 3391 4447 3432 ut
4476 3381 4899 3448 generatiunum,
4936 3393 4997 3430 ac
5027 3393 5215 3444 perso—

3640 3486 3827 3522 narum
3874 3471 3974 3523 sibi
4026 3471 4254 3523 invicem
4289 3468 4851 3535 numernsmqnaliter
4877 3468 5209 3520 conveniret.

3638 3556 3761 3610 llzec
3789 3561 3987 3625 itaque,
4022 3560 4322 3609 venerande
4351 3556 4535 3618 frater,
4568 3568 4622 3609 et
4652 3557 4764 3624 ipse
4793 3555 5011 3624 pervigil
5040 3555 5214 3609 medi-

3636 3657 3771 3708 tare,
3822 3657 3876 3699 et
3921 3663 4041 3700 eum
4092 3647 4424 3714 sapientibus
4478 3647 4583 3699 tuis
4630 3647 4783 3699 stude
4835 3646 5102 3706 conferre,
5153 3653 5214 3696 ut

3634 3737 3856 3789 aliorum
3888 3738 4015 3789 mihi
4049 3737 4212 3789 fultus
4253 3736 4472 3795 auxilio,
4519 3745 4723 3789 certum
4760 3737 4886 3803 quid
4919 3735 5099 3788 valeas
5127 3750 5213 3787 re-

3636 3826 3918 3891 spondere.
3962 3825 4218 3879 Rescribe
4250 3825 4430 3892 igitur,
4460 3825 4501 3877 si
4537 3825 4587 3875 in
4625 3824 4976 3892 supputandis
5017 3838 5215 3890 paren-

3637 3915 3754 3967 telm
3795 3916 4050 3981 gradibus
4075 3954 4089 3976 ,
4117 3916 4198 3966 vel
4233 3915 4283 3965 in
4314 3931 4376 3966 eo
4421 3928 4766 3978 perseverare
4796 3914 5039 3976 debeam,
5064 3914 5212 3980 quod

3636 4013 3759 4056 ante
3805 4003 4099 4070 descripsi;
4148 4003 4232 4054 vel
4306 4018 4566 4069 usurpare
4618 4003 4792 4070 potius
4849 3999 4990 4069 quod
5037 4016 5215 4069 nuper

3637 4093 3835 4155 inveni,
3887 4103 3943 4144 ut
3993 4094 4116 4145 dum
4150 4108 4176 4144 a
4218 4102 4266 4144 te
4299 4093 4428 4144 mihi
4464 4092 4642 4145 multis
4691 4106 4915 4144 onerosa
4960 4091 5215 4145 dubietas

3636 4180 3857 4240 tollitur,
3893 4197 3919 4232 a
3963 4181 4143 4233 multis
4180 4181 4271 4234 tibi
4312 4195 4406 4248 per
4435 4195 4520 4232 me
4548 4181 4702 4249 digna
4731 4180 5025 4248 gratiarum
5065 4181 5214 4233 actio

3631 4268 3910 4322 referatur.

3949 4357 4024 4411 Sit
4059 4375 4240 4411 nomen
4274 4359 4481 4411 Domini
4507 4359 4846 4411 benedictum.

2631 4707 2984 4777 197-198
3064 4729 3899 4845 OPUSCULUM
3987 4735 4531 4849 NONUM.

2384 4946 2481 5007 DE
2523 4947 3075 5007 ELEEMOSYNA.
3125 4951 3232 5009 AD
3275 4950 3767 5012 MAINARDUM’
3805 4953 4242 5015 EPISCOPUM
4289 4958 4775 5019 UiBINATEM.

1965 5292 2359 5346 Aacunsswu.
2383 5317 2450 5326 —
2470 5286 2585 5366 Era:
2616 5290 2825 5369 caneris
2853 5289 3141 5369 virtutibus
3171 5288 3558 5369 eleemqsyuam
3586 5292 3924 5359 potissimum
3953 5295 4314 5369 commendat,
4348 5295 4398 5369 iu
4427 5294 4575 5369 cujus
4607 5297 4787 5351 laudes
4808 5298 4909 5352 hoc
4936 5298 5207 5369 Opuscnlo

2449 5358 2530 5409 vir
2572 5367 2785 5412 sanctus
2832 5357 3151 5427 eloquentia:
3183 5359 3328 5411 laxat
3361 5357 3626 5424 habenas,
3659 5372 3712 5410 ct.
3756 5378 3942 5415 omnes
3974 5364 4172 5428 ingenii
4201 5357 4457 5420 sui’vft'es
4482 5357 4726 5420 ell‘untiiz.

2039 5534 2243 5586 Domno
2277 5530 2557 5584 MMNARDO
2589 5528 2830 5584 Urbinati
2876 5531 3192 5584 veneranda:
3223 5531 3525 5584 sanctitatis
3555 5536 3602 5593 Ι)
3630 5533 3713 5586 liis
3741 5534 3996 5600 disputat.
4027 5532 4143 5588 Non
4175 5533 4347 5590 otiose
4392 5539 4750 5606 quiescimus,
4797 5539 4839 5592 si
4874 5540 5206 5607 quiescendo

1966 5621 2485 5691 episcopo,Pt:1tws
2535 5632 2789 5688 peccator
2841 5622 3136 5675 monachus
3183 5623 3413 5674 salutem
3476 5621 3530 5674 in

1969 5713 2214 5766 Domino.

2040 5801 2138 5864 Qui
2170 5799 2269 5851 sub
2298 5798 2482 5851 aestivo
2511 5797 2826 5851 meridiatur
2869 5799 3209 5865 umbraculo,
3241 5809 3293 5855 et
3322 5809 3447 5853 tunc
3474 5800 3525 5852 in

1972 5888 2153 5958 partio
2182 5886 2539 5954 nou‘laborat,
2568 5896 2614 5941 et
2640 5895 2817 5943 tamen
2850 5904 2954 5944 non
2986 5890 3272 5959 incongrue
3304 5891 3365 5945 de
3394 5905 3527 5954 pra:-

3635 5621 3699 5673 de
3728 5621 3908 5675 labore
3942 5633 4253 5677 tracmnius.
4284 5624 4398 5688 Quo
4430 5625 4634 5679 scilicet
4657 5624 4841 5679 ordine
4882 5629 4962 5678 vel
4995 5629 5207 5681 dulcior

3634 5707 3871 5775 fructus,
3922 5711 4003 5763 vel
4055 5711 4286 5766 feracior
4331 5714 4507 5768 valeat
4552 5714 4843 5768 exuberare
4893 5728 5203 5781 proventus.

3635 5801 3732 5868 Qui
3761 5804 3903 5872 regia
3927 5803 4229 5857 diversatur
4252 5805 4302 5856 in
4327 5806 4500 5867 curia,
4524 5814 4746 5858 Cunctas
4770 5804 4959 5856 virium
4982 5822 5203 5860 suorum

3634 5892 3780 5948 dotes
3812 5892 4053 5951 exulorat
4073 5932 4086 5951 .
4116 5895 4160 5949 si
4191 5894 4317 5951 Quid
4349 5902 4432 5949 est
4460 5892 4601 5948 unde
4628 5893 5007 5963 principalibus
5034 5897 5203 5952 oculis
