5392 6588
2835 141 2858 148 -.
2883 145 2904 150 .-
2979 145 2992 148 ._
3077 139 3106 154 -,

2382 190 2435 199 ..ν
2484 186 2585 195 νγ--
2649 177 2654 180 ·
2697 163 3098 200 -Απξτιεέεε-π-ιο-
3193 191 3202 194 .
3385 169 3388 172 ’
3553 179 3572 182 -

1940 226 1951 229 Α
2022 220 2073 227 μ
2114 202 2239 225 π
2230 196 2267 203 λλ
2485 201 2848 232 ,υ-κτρ-μ-ταοω
2873 199 2960 210 -νη
3639 219 3642 222 η

2032 227 2354 249 ίνρ--τ-ἒ-
2502 248 2505 249 ,
2608 246 2613 247 γ
2674 244 2707 249 ,.
2898 238 2915 253 ei
2975 229 3081 251 ”
3142 229 3278 260 ,νη-τᾷ,
3329 253 3342 258 ,
3439 249 3482 256 .-.
3523 249 3680 254 ..-._-..
3705 249 3732 253 --

2340 272 2369 279 2.
2538 268 2589 277 ς-ο.
2662 266 2709 277 ..ι
2770 264 2867 277 η-ι
2884 268 2943 273 ν*
3012 276 3029 279 μ
3127 285 3130 287 Δ
3154 278 3157 279 ,
3233 273 3422 286 *ιφ-νει,
3433 273 3514 286 ἔμω
3529 272 3596 285 διν..-
3629 273 3658 282 --_.
3681 273 3686 276 -
3719 273 3724 276 -
3745 273 3782 285 ..-

379 660 471 716 203

377 866 505 936 plins
531 876 721 931 posse,
768 860 838 914 ibi
884 878 943 914 sc
989 857 1185 927 satagit
1223 857 1435 911 enixius
1464 870 1739 913 exercere.
1788 855 1938 909 Alius

380 954 622 1022 siquidem
660 951 932 1006 robustior
956 959 1040 1004 est
1073 950 1126 1002 in
1175 949 1344 1012 bello,
1379 947 1516 1002 alius
1538 947 1853 1017 prudentior
1883 948 1937 1000 in

387 1042 604 1102 tonsilio.
635 1040 727 1094 Ille
754 1041 879 1094 dum
909 1047 1128 1108 perorat
1157 1053 1376 1102 causas,
1423 1038 1722 1092 luculenter
1763 1051 1829 1090 ac
1857 1036 1936 1089 Ie-

377 1131 485 1200 piJe
511 1131 860 1184 concionatur
887 1129 940 1182 in
984 1127 1228 1197 publico;
1259 1128 1359 1181 iste
1389 1127 1513 1180 dum
1551 1127 1692 1179 hunc
1723 1140 1938 1194 :equare

375 1220 624 1276 facundiae
649 1219 953 1272 urbanitate
983 1233 1089 1274 non
1120 1217 1320 1287 possit,
1369 1216 1605 1270 dictandi
1658 1214 1796 1269 forte
1825 1223 1938 1268 stu-

373 1311 483 1378 dio,
511 1309 594 1364 vel
622 1309 786 1364 etiam
818 1308 1083 1378 aucupio,
1135 1309 1248 1362 sive
1295 1315 1442 1360 certe
1473 1306 1775 1359 venationis
1821 1313 1937 1358 arte

371 1401 652 1474 prmeellit;
675 1409 730 1454 et
754 1409 812 1453 ut
837 1399 902 1452 ad
934 1407 1116 1453 nostra
1141 1398 1440 1461 veniamus,
1475 1396 1549 1448 ait
1577 1395 1788 1464 Moyses
1817 1393 1940 1448 filiis

371 1489 520 1545 Israel
544 1507 556 1541 :
588 1507 609 1540 ι
634 1490 892 1558 Separate
913 1488 1053 1556 apud
1081 1502 1174 1541 vos
1195 1487 1462 1557 pri.nitias
1489 1486 1742 1539 Domino:
1762 1485 1938 1538 omnis

370 1583 692 1639 voluntarius
718 1591 772 1637 et
799 1581 954 1650 proni
978 1580 1179 1644 animi,
1207 1579 1398 1634 oderat
1428 1593 1522 1633 cas
1553 1577 1804 1637 Domino,
1836 1591 1934 1628 au-

368 1691 495 1740 rum,
522 1682 830 1744 argentum,
859 1687 954 1736 tes,
986 1673 1336 1741 byacinthum
1369 1679 1426 1724 et
1457 1685 1774 1740 purpuram,
1810 1682 1935 1723 coc-

366 1780 582 1834 cumque
612 1764 698 1818 bis
726 1764 948 1818 tinctum
967 1802 982 1827 ,
1009 1773 1065 1816 et
1093 1763 1338 1831 byssum,
1370 1761 1506 1829 pilos
1535 1773 1818 1828 caprarum
1843 1797 1858 1820 ,
1882 1765 1938 1810 et

365 1853 518 1922 pelles
543 1854 774 1906 arietum
795 1891 808 1916 ,
838 1851 982 1920 ligna
1005 1851 1228 1916 sethim,
1257 1859 1308 1906 et
1346 1850 1522 1904 oleum
1551 1849 1617 1902 ad
1649 1847 1936 1900 luminaria

365 1943 727 1997 coneinnanda
757 1941 951 2012 (Exod.
1003 1942 1190 2010 xxxv).
1231 1960 1251 1994 ι
1292 1941 1421 2007 Qua:
1469 1941 1754 2004 nimirum,
1809 1937 1932 2008 quia

363 2045 542 2084 omnes
591 2032 775 2086 omnia
825 2045 931 2085 non
977 2031 1280 2095 habebant,
1322 2031 1517 2085 obtulit
1565 2029 1934 2099 unusquisque

1429 647 1669 708 OI’USC.
1711 649 1802 704 IX.
1842 679 1913 691 —
1951 647 2037 703 DE
2078 645 2563 704 LLEEMOSYNA.

3515 637 3624 695 QIO

381 777 568 848 placere
596 769 888 841 plurimum
926 775 1124 832 niteat,
1155 774 1210 820 ut
1238 767 1290 820 in
1321 780 1428 836 quo
1473 783 1534 821 st.
1585 774 1784 836 reperit
1825 779 1942 818 am-
1968 771 2015 826 Α
2044 763 2480 830 exsequendam?
2535 756 2784 848 Nunquid
2842 752 3146 848 jejunium?
3199 751 3304 808 Sed
3362 752 3624 848 continuo

2042 848 2498 918 respondebis:Si
2535 846 2906 902 immoderatis
2934 857 3130 912 corpus
3179 857 3357 896 meum
3398 839 3626 909 jejuuiis

2040 949 2250 1003 altero,
2284 938 2694 992 imminentibus
2748 945 2828 990 tot
2867 948 3149 989 causarum
3197 931 3630 986 discursionutn-

2040 1045 2144 1098 que
2171 1027 2446 1084 laboribus
2474 1044 2597 1082 mox
2620 1026 2935 1082 succumbo.
2967 1025 3022 1078 Si
3049 1023 3360 1079 osalmodiae
3390 1022 3626 1076 medita-

2041 1121 2214 1193 tiones
2238 1121 2487 1173 indixero
2510 1159 2524 1183 ,
2563 1118 2630 1170 ab
2665 1115 2828 1186 199
2855 1116 3153 1177 orationis,
3196 1113 3440 1180 inquies,
3490 1112 3629 1165 assi-

2039 1209 2245 1264 duitate
2274 1210 2594 1280 prmpedior,
2625 1209 2882 1278 quoniam
2912 1206 2977 1259 ad
3008 1204 3444 1273 respondendum
3481 1201 3627 1256 salu-

2042 1298 2336 1352 tationibus
2359 1297 2681 1358 amicorum,
2707 1311 2772 1347 ac
2791 1293 3065 1348 miscenda
3087 1291 3358 1360 colloquia
3382 1290 3626 1360 quotidie

2041 1395 2266 1440 coactus
2295 1386 2558 1454 impellor.
2595 1383 2657 1439 Si
2684 1383 2846 1437 nudis
2877 1392 2960 1446 te,
2987 1381 3141 1448 juxta
3173 1394 3377 1435 morem
3411 1387 3626 1450 aposto-

2041 1478 2241 1542 lorum,
2261 1480 2486 1547 pedibus
2510 1479 2698 1532 hortor
2721 1477 2995 1540 incedere;
3020 1475 3064 1527 si
3089 1470 3260 1537 duris,
3277 1473 3444 1527 instar
3465 1471 3630 1526 Joan-

2042 1569 2156 1632 nis,
2191 1570 2432 1622 memhra
2469 1580 2556 1620 tua
2586 1567 2778 1620 ciliciis
2805 1565 3088 1628 edomare;
3118 1564 3161 1617 si
3195 1562 3426 1632 denique
3469 1574 3524 1616 te
3573 1561 3626 1614 in

2041 1657 2289 1711 exsilium
2323 1655 2626 1723 proficisci;
2660 1655 2704 1706 si
2741 1651 3003 1706 carcerali
3037 1650 3284 1706 custodia
3319 1658 3369 1704 te
3403 1649 3624 1717 jubeant

2042 1749 2421 1818 poeuitentinm
2473 1761 2623 1799 more
2665 1743 2947 1802 concludi,
2997 1742 3368 1796 imminentem
3429 1737 3628 1806 prmsto

2043 1839 2358 1894 causaberis
2402 1838 2812 1908 trgtitudinetn,
2859 1835 2942 1888 vel
2997 1834 3173 1901 potius
3217 1847 3324 1885 non
3374 1841 3422 1886 te
3466 1844 3628 1899 posse

2042 1929 2284 1999 perferre
2333 1938 2440 1982 tam
2485 1928 2674 1981 duram
2723 1925 3019 1995 corporalis
3074 1922 3398 1978 incommodi
3444 1919 3627 1992 gravi-

2043 2031 2227 2075 tatem.

366 2121 494 2189 quod
524 2124 740 2189 potuit,
787 2129 839 2174 et.
885 2121 937 2174 in
967 2136 1030 2176 ea
1078 2137 1136 2176 re
1165 2122 1366 2191 largior
1393 2121 1522 2185 fuit,
1550 2137 1667 2190 qum
1693 2121 1934 2185 sibimet,
1969 2101 2014 2159 Β
2113 2111 2213 2176 Q'li
2248 2125 2376 2180 01‘80
2426 2110 2666 2163 membra
2714 2108 2789 2162 ῑιιί
2837 2106 3081 2174 σοιἰδοτὶε
3110 2105 3288 2159 adhuc
3318 2103 3476 2158 limes
3501 2101 3632 2156 “mi'

364 2209 745 2265 exnberantius
791 2209 1113 2274 abundavit,
1164 2219 1222 2264 ut
1265 2211 1390 2264 dum
1443 2225 1632 2265 omnes
1684 2208 1941 2264 oﬂ‘errent

363 2301 496 2369 quod
526 2301 726 2371 singuli
755 2315 861 2354 non
897 2300 1191 2365 haberent,
1223 2316 1387 2354 unum
1420 2299 1569 2354 multi
1598 2299 1825 2354 Domino
1856 2307 1939 2351 ta-

364 2389 708 2444 bernaculum
753 2389 1106 2444 fabricarent.
1155 2388 1262 2442 Nos
1312 2391 1505 2453 etiam,
1556 2391 1646 2458 qui
1701 2405 1843 2444 nunc
1887 2389 1939 2442 in

363 2475 509 2545 hujus
540 2479 673 2533 vitae
715 2479 932 2533 deserto
976 2479 1381 2533 tabernaculum
1427 2480 1835 2540 constituimus,
1883 2488 1943 2533 ut

361 2567 578 2636 ingressi
612 2576 814 2622 terram
843 2567 927 2622 Iac
955 2577 1010 2621 et
1043 2568 1146 2622 mel
1178 2577 1508 2631 manantem,
1538 2570 1587 2622 in
1619 2568 1705 2621 illa
1734 2567 1939 2622 (πολιαι,ιί

363 2651 649 2711 Ierusalem
680 2657 935 2726 templum
962 2657 1063 2712 sub
1093 2658 1205 2711 veri
1254 2657 1561 2713 Salomonis
1594 2660 1818 2729 imperio
1850 2659 1942 2714 dc-

360 2737 810 2814 dicemusz'quod
854 2746 1107 2799 nimirum
1156 2761 1262 2800 non
1308 2747 1380 2801 sit
1427 2762 1492 2800 ex
1543 2747 1942 2802 insensibilibus

361 2833 655 2903 quibusque
688 2835 953 2900 metallis,
1003 2835 1096 2890 sed
1139 2851 1204 2889 ex
1254 2836 1523 2905 lapidibus
1554 2839 1720 2902 vivis;
1752 2846 1805 2890 et
1833 2853 1938 2892 non

358 2921 636 2980 decusatur
655 2927 987 2980 rutilantium
1011 2926 1186 2979 nitore
1207 2941 1560 2996 gemmarum,
1578 2927 1670 2981 sed
1687 2928 1941 2996 spiritua-

359 3012 480 3066 lium
511 3016 692 3070 radiat
715 3015 908 3070 decore
935 3017 1213 3069 virtutum.
1241 3015 1492 3094 Omnium
1519 3017 1736 3084 quidem
1769 3016 1938 3070 bono-

358 3117 471 3157 rum
498 3105 610 3160 Deo
647 3107 938 3176 largiente,
963 3106 1078 3161 fieri
1103 3108 1393 3176 participes
1415 3123 1731 3176 possumus,
1761 3108 1941 3160 omnia

359 3206 486 3246 vero
510 3197 794 3263 possidere
819 3197 1099 3264 aequaliter
1120 3211 1224 3251 neu
1247 3197 1503 3251 valemus.
1534 3196 1668 3250 Nam
1691 3206 1744 3251 et
1769 3199 1941 3251 sancti

356 3279 569 3346 Patres,
603 3286 698 3354 qui
730 3301 825 3340 nos
857 3288 922 3339 ad
953 3287 1198 3340 coelestia
1227 3296 1638 3354 prtecesserunt,
1672 3287 1798 3342 licet
1823 3302 1943 3342 om-

355 3370 498 3424 n'utn
531 3372 791 3427 virtutum
819 3389 886 3428 ex
916 3373 1094 3428 divina
1144 3374 1345 3428 fuerint
1381 3374 1734 3443 opitulatione
1771 3375 1936 3445 parti-

2043 2217 2199 2269 gere,
2234 2202 2341 2254 imo
2376 2202 2500 2269 quia
2549 2201 2892 2267 temetipsum
2939 2213 3035 2267 per
3072 2197 3424 2252 acrimoniam
3463 2194 3634 2263 pceni-

2045 2291 2226 2344 tentia:
2259 2293 2491 2344 nccdmu
2534 2289 2680 2344 vales
2727 2289 2834 2343 Deo
2878 2287 3202 2343 sacriﬁcium
3237 2287 3529 2348 exhibere,
3564 2286 3632 2338 ad

2042 2399 2136 2446 ea,
2171 2396 2387 2449 qumso,
2448 2377 2567 2450 qua:
2607 2381 2751 2434 circa
2795 2390 2846 2433 te
2889 2389 3048 2443 sunt,
3107 2393 3323 2432 manum
3381 2376 3630 2446 porrige,

2041 2483 2096 2525 et
2121 2473 2250 2541 qui.
2299 2487 2407 2525 non
2463 2481 2534 2536 te,
2581 2471 2770 2526 saltem
2817 2486 2936 2541 quze
2971 2480 3057 2524 tua
3105 2479 3254 2532 sunt,
3301 2469 3578 2537 impertire
3615 2486 3658 2534 ε,

2041 2575 2258 2614 carnea:
2287 2559 2496 2614 scilicet
2539 2561 2836 2624 incisurus,
2881 2561 3015 2614 satis
3046 2561 3138 2614 tibi
3167 2567 3397 2628 pmcsto.
3431 2559 3475 2611 si
3513 2568 3631 2610 tau-

2044 2661 2155 2706 tum
2187 2651 2410 2720 capillos
2451 2651 2736 2715 attondeo;
2777 2651 2867 2718 qui
2905 2665 3098 2705 manus
3140 2652 3495 2706 obtruncatur
3533 2649 3632 2703 a5.-

2041 2750 2290 2804 vcnerat,
2325 2742 2450 2808 pius
2482 2750 2602 2803 est,
2630 2740 2673 2792 si
2705 2740 2966 2808 unguium
2995 2741 3258 2792 duntaxat
3286 2750 3632 2794 excrementa

2040 2829 2316 2898 prmcidat.
2347 2828 2614 2894 Quantum
2642 2828 2807 2881 distat
2837 2829 2977 2882 inter
3003 2829 3196 2886 vulnus
3226 2829 3478 2882 humana:
3509 2842 3633 2882 car-

2043 2921 2126 2971 nis
2160 2928 2210 2972 et
2241 2921 2433 2982 vestis,
2477 2929 2686 2973 tantum
2733 2919 2875 2973 inter
2905 2920 3177 2974 hominem
3213 2930 3264 2974 et
3290 2920 3523 2974 hominis
3549 2918 3637 2972 fa-

2042 3009 2315 3064 cultatem.
2352 3009 2464 3064 lloc
2495 3012 2653 3065 modo
2700 3011 2972 3064 Abraham
3021 3025 3187 3078 pecus
3230 3011 3426 3064 obtulit
3475 3009 3629 3080 (Gen.

2043 3099 2178 3168 xxn)
2228 3109 2284 3168 ut
2333 3101 2502 3153 filium
2551 3109 2933 3164 conservaret,
3005 3101 3260 3154 mactavit
3307 3102 3534 3154 arietem
3575 3108 3634 3154 ut

2045 3191 2340 3245 custodiret
2388 3192 2680 3246 lueredem.
2732 3191 2844 3245 lloc
2889 3191 3050 3244 modo
3104 3191 3301 3245 Michol
3351 3192 3531 3261 posuit
3580 3208 3633 3243 ιιι

2045 3280 2183 3333 lecto
2211 3280 2562 3334 simulacrum
2608 3292 2666 3334 ut
2704 3297 2732 3334 a
2781 3290 3020 3350 paterna:
3050 3281 3282 3334 vesaniae
3313 3281 3503 3348 gladiis
3537 3281 3630 3333 de-

2049 3371 2293 3425 fenderet
2321 3373 2493 3424 virum
2526 3371 2575 3441 (Ι
2608 3370 2735 3440 Reg.
2767 3371 2879 3441 xix)
2911 3388 2926 3424 ;
2959 3379 3012 3424 et
3050 3380 3109 3424 ut
3158 3371 3321 3424 David
3367 3372 3635 3425 veraciter

354 3457 525 3527 cipes.
568 3477 678 3516 non
719 3473 896 3516 tamen
942 3463 994 3516 in
1042 3464 1292 3518 omnibus
1323 3465 1602 3518 exstitisse
1643 3466 1938 3518 creduntur
1965 3443 2010 3503 ε
2047 3465 2283 3527 viveret,
2317 3466 2470 3532 quasi
2500 3465 2818 3518 morientem
2846 3479 2969 3516 cum
2995 3463 3212 3532 caprina
3242 3465 3446 3517 studuit
3484 3464 3638 3532 pelli-

353 3549 603 3614 :equales.
651 3549 924 3606 Abraham
955 3553 1222 3621 siquidem
1273 3554 1483 3608 caeteris
1530 3554 1632 3608 fide
1680 3555 1839 3608 simul
1885 3562 1941 3608 et

353 3636 658 3694 obedientia
686 3640 930 3710 praefuit;
963 3642 1114 3697 Isaac
1142 3643 1310 3696 nitida
1337 3645 1690 3714 monogatnize
1719 3646 1940 3700 castitas

355 3725 666 3794 decoravit;
712 3749 730 3780 ι
762 3729 1006 3801 Moyses,
1040 3733 1181 3786 sicut
1210 3733 1288 3786 ait
1316 3731 1617 3802 Scriptura,
1651 3735 1736 3788 vir
1767 3736 1941 3788 mitis-

352 3811 516 3871 simus
536 3826 662 3872 erat
693 3833 854 3886 super
881 3834 1072 3875 omnes
1101 3820 1346 3876 homines
1369 3823 1460 3891 qui
1495 3825 1854 3878 morabantur
1886 3824 1938 3878 in

355 3913 494 3958 terra
527 3907 689 3977 (Gen.
737 3911 865 3977 xv);
911 3911 1082 3965 Eliam
1116 3911 1382 3968 libertatis
1430 3917 1729 3970 auctoritas
1765 3918 1943 3972 reddit

354 3992 618 4066 insignem
667 3999 861 4067 (Nunt.
890 4001 1022 4072 xu);
1056 4020 1073 4052 ι
1099 4002 1332 4058 Phinees
1362 4005 1464 4058 zeli
1497 4005 1700 4072 fervor,
1725 4018 1778 4061 et
1810 4008 1941 4063 ultio

349 4082 466 4150 jure
495 4101 771 4159 perpetuo
801 4094 1085 4147 constituit
1113 4095 1166 4148 in
1201 4106 1492 4164 conspectu
1520 4097 1730 4151 Domini
1763 4113 1944 4152 sacer-

355 4174 527 4233 dotem
558 4180 756 4250 (Num.
786 4185 944 4254 xxv);
973 4183 1234 4240 Joannem
1262 4187 1327 4241 ad
1355 4189 1652 4243 recubitum
1676 4190 1942 4245 Dominici

355 4271 586 4333 pectoris
609 4271 900 4341 virginitas
922 4273 1118 4326 extulit
1159 4273 1341 4344 (Jonu.
1375 4276 1527 4343 xm);
1561 4276 1781 4330 Petrum
1813 4293 1942 4332 vero

353 4357 658 4427 prmcipuus
695 4375 852 4414 amor
879 4363 932 4416 in
965 4361 1248 4417 Dominum
1282 4366 1348 4418 ad
1389 4367 1734 4437 percipienda
1779 4371 1940 4439 primi

354 4449 582 4511 pastoris
606 4447 737 4516 jura
767 4451 1014 4520 provexit
1039 4451 1224 4522 (loau.
1261 4455 1396 4525 xxi).

867 4581 1095 4637 CAPUT
1132 4583 1420 4640 PRIMUM.

490 4689 651 4756 Quod
679 4709 747 4748 ex
773 4693 1044 4748 virtutibus
1074 4712 1179 4778 una
1207 4695 1477 4768 eligenda,
1517 4702 1603 4755 cui
1633 4703 1820 4773 magis.

989 4781 1299 4821 temnamus.

420 4890 689 4957 Quamvis
720 4909 849 4965 ergo
880 4899 1249 4968 unusquisque
1293 4912 1517 4957 sanctus
1557 4905 1808 4959 omnibus
1849 4905 1944 4960 Ilo-

345 4991 470 5034 τρι-ο
497 4982 802 5037 virtutibus
835 4987 1144 5041 necesSario
1175 4988 1367 5043 debeat
1397 4992 1597 5060 (neque
1641 4995 1785 5047 enim
1828 4996 1942 5049 siu-

356 5068 469 5134 gula
501 5087 745 5142 quaeque
773 5089 897 5129 vere
922 5076 1096 5130 virtus
1119 5085 1223 5143 est,
1250 5079 1294 5132 si
1320 5081 1476 5135 tuista
1502 5081 1625 5137 aliis
1648 5085 1941 5141 virtutibus

354 5171 476 5212 non-
503 5163 616 5236 est)
667 5179 779 5218 una
826 5175 1002 5220 tamen
1034 5167 1205 5224 virtus
1247 5171 1442 5240 cuique
1471 5183 1552 5227 est
1580 5191 1691 5244 pra:
1735 5179 1946 5232 caeteris

357 5251 598 5325 eligenda
620 5297 638 5322 ,
662 5259 755 5313 cui
784 5275 936 5317 mens
959 5260 1282 5320 familiarius
1308 5265 1621 5322 inhzcreudo
1647 5268 1938 5335 deserviat,

356 5352 517 5415 atque
543 5351 617 5404 ab
655 5349 812 5417 ejus,
841 5361 898 5405 ut
926 5353 1002 5406 ita
1030 5353 1243 5423 loquar,
1270 5357 1532 5427 obsequio
1562 5373 1669 5412 non
1704 5361 1942 5415 recedat.

357 5429 410 5484 lu
436 5439 657 5491 cunctis
680 5440 887 5510 quippe
906 5442 1196 5500 virtutibus
1238 5461 1391 5516 aeque
1422 5464 1519 5503 nos
1547 5465 1804 5506 exercere
1839 5469 1945 5506 non

357 5537 683 5594 possumus,
737 5533 829 5587 sed
876 5534 1001 5587 dum
1032 5551 1192 5591 unam
1244 5539 1448 5594 arctius
1493 5543 1858 5608 custodimus,
1893 5545 1944 5598 in

357 5613 483 5683 hac,
532 5623 687 5689 quod
714 5633 787 5676 ex
839 5623 1061 5694 reliquis
1091 5629 1269 5682 minus
1303 5639 1418 5697 est,
1466 5631 1854 5699 adimplemns:
1890 5643 1945 5687 et

357 5703 475 5760 dum
505 5709 654 5765 hanc
687 5712 1061 5768 indesinenter
1085 5717 1458 5786 amplectondo
1485 5722 1906 5792 constringimns
1926 5765 1939 5788 ,

359 5797 503 5860 quasi
537 5807 722 5853 totunt
759 5799 1018 5857 virtutum
1049 5820 1244 5876 corpus
1271 5807 1428 5862 unius
1463 5811 1690 5866 membri
1723 5813 1944 5882 partici-

359 5886 570 5949 patione
613 5901 898 5946 tenemus.

423 5976 594 6046 Quam
628 5983 824 6064 itaque
860 5985 1110 6052 \‘it‘lutczn
1165 5993 1256 6050 tibi
1290 5970 1588 6064 persuadeo
1615 5997 1942 6069 peculiarius

1973 4785 2023 4844 D

2042 3554 2160 3608 cnla
2195 3554 2454 3607 simulare
2489 3571 2502 3606 :
2539 3573 2556 3604 t
2589 3554 2789 3608 Pellem
2834 3555 2979 3607 enim
3016 3567 3114 3621 pro
3141 3554 3308 3623 pelle,
3342 3565 3394 3608 et
3436 3564 3629 3608 cuncta

2041 3658 2160 3712 qutc
2190 3644 2352 3698 habet
2385 3645 2548 3698 homo
2571 3644 2721 3698 dabit
2750 3659 2848 3712 pro
2879 3643 3058 3696 anima
3088 3658 3184 3698 sua
3234 3644 3357 3713 (Job
3388 3644 3469 3709 ιι).
3504 3665 3521 3694 ι
3553 3645 3633 3697 'I'n

2040 3748 2254 3802 quoque
2299 3734 2642 3802 temetipsum
2690 3735 2908 3803 propria
2958 3733 3216 3788 facultate
3264 3744 3544 3804 permuta,
3582 3745 3637 3788 et

2045 3833 2133 3878 tua
2167 3823 2251 3878 fac
2281 3825 2497 3877 interim
2531 3823 2884 3887 sacrificium,
2914 3833 2972 3876 ut
3007 3824 3121 3892 ipse
3145 3827 3485 3892 postmodum
3512 3840 3635 3880 sns-

2042 3916 2144 3984 cipi
2177 3917 2438 3970 merearis
2487 3917 2539 3969 in
2583 3915 2980 3969 holocaustum.
3033 3914 3147 3968 Non
3197 3919 3340 3970 cnim
3382 3918 3523 3972 licus
3553 3919 3635 3972 sic

2043 4005 2237 4071 accipit
2267 4004 2630 4069 oblationem,
2663 4014 2720 4058 ut
2761 4003 3024 4073 despiciat
3052 4004 3368 4060 ollerentem
3405 4025 3416 4060 :
3455 4018 3510 4062 ιιι
3541 4011 3635 4077 qui

2044 4109 2154 4148 suae
2183 4095 2457 4148 facultatis
2486 4095 2699 4149 oblator
2731 4095 3000 4148 exstiterit
3021 4135 3036 4158 ,
3083 4109 3274 4149 secura
3304 4112 3428 4150 cum
3467 4113 3637 4151 uxore

2045 4184 2235 4240 Manue
2265 4185 2442 4240 valeat
2471 4201 2603 4241 voce
2633 4195 2896 4241 cantare:
2932 4205 2949 4237 ι
2995 4186 3050 4241 Si
3091 4187 3383 4252 Dominus,
3419 4186 3632 4259 inquit,

2043 4289 2141 4329 nos
2171 4274 2330 4328 vellet
2355 4276 2607 4330 occidere
2627 4317 2641 4340 ,
2673 4277 2738 4330 de
2771 4275 3020 4330 manibus
3056 4279 3261 4331 nostris
3319 4279 3640 4340 holocausta

2044 4376 2099 4420 et
2125 4366 2416 4420 libamenta
2450 4382 2554 4421 nou
2588 4367 2920 4436 suscepisset
2943 4365 3147 4435 (ludio.
3177 4369 3316 4437 Mli).
3352 4389 3370 4420 ›
3400 4371 3642 4440 Suscipit

2046 4458 2190 4510 enim
2218 4459 2356 4511 Deus
2372 4473 2466 4528 per
2481 4474 2673 4512 manus
2693 4459 2946 4526 pauperis
2967 4457 3387 4530 elecmosynam,
3405 4477 3638 4530 eamque

2048 4547 2142 4600 tibi
2169 4563 2328 4602 recou
2352 4550 2498 4602 litant
2523 4549 2575 4602 in
2597 4549 2686 4602 illa
2704 4549 2943 4604 cmlestis
2962 4551 3317 4619 promptuarii
3341 4553 3635 4607 securitate

2047 4648 2353 4691 conservat.
2416 4639 2566 4694 Unde
2614 4639 2876 4693 Dominus
2928 4640 2981 4692 in
3029 4639 3324 4709 Evangelia
3365 4658 3376 4693 :
3440 4661 3456 4692 ι
3490 4641 3636 4697 Thc—

2046 4728 2348 4792 saurizate,
2403 4728 2617 4798 inquit,
2673 4729 2826 4783 vobis
2877 4731 3162 4784 thesauros
3220 4730 3272 4784 in
3315 4730 3486 4796 cado,
3541 4733 3640 4788 ubi

2048 4831 2224 4886 neque
2249 4833 2463 4883 aerugo,
2499 4833 2674 4887 neque
2707 4819 2850 4872 tinea
2877 4820 3204 4884 demolitur;
3255 4828 3307 4874 et
3353 4822 3441 4874 ubi
3491 4821 3640 4877 fures

2048 4925 2154 4961 non
2185 4909 2478 4973 cllodiuut,
2511 4925 2610 4966 nec
2639 4911 2895 4964 furantur
2943 4911 3157 4979 (Matth.
3202 4912 3335 4982 xvt).
3375 4933 3393 4964 ›
3430 4913 3636 4969 Idcirco

2045 5000 2205 5067 plane
2241 5001 2377 5054 Deus
2403 5002 2750 5070 omnipotens
2782 5002 2919 5055 alios
2938 5012 3259 5072 paupertate
3287 5005 3632 5074 constringit,

2047 5093 2182 5146 alios
2212 5092 2522 5146 divitiarum
2551 5093 2705 5158 copia
2741 5092 3018 5157 dilatavit,
3069 5103 3127 5146 ut
3174 5105 3225 5147 et
3280 5094 3350 5147 illi
3405 5095 3642 5153 habeant

2049 5182 2190 5235 nntlc
2218 5183 2433 5251 propria
2468 5183 2702 5237 debeant
2731 5193 2950 5251 peccata
2984 5183 3346 5247 reditncre,ct
3380 5183 3464 5238 isti
3499 5185 3640 5246 unde

2048 5286 2202 5325 Suam
2254 5273 2471 5327 valeant
2517 5273 2753 5342 inopiam
2801 5282 3126 5328 sustentare.
3176 5275 3328 5329 Sicut
3371 5276 3638 5344 scriptun)

2046 5372 2128 5416 est
2164 5381 2175 5416 :
2233 5383 2250 5414 ι
2308 5363 2629 5433 Redemptio
2672 5365 2867 5419 anima:
2897 5365 3036 5429 viri,
3067 5367 3267 5420 divitiae
3305 5382 3416 5420 sum
3453 5367 3636 5436 (l’rar.

2053 5455 2192 5524 snt).
2236 5475 2253 5506 ›
2306 5453 2459 5508 Unde
2507 5465 2562 5509 et
2607 5456 2674 5510 ad
2720 5454 3222 5511 Nabuchodonosor
3267 5457 3344 5510 ait
3392 5457 3575 5510 Daniel
3623 5474 3638 5510 :

2054 5562 2072 5595 ι
2112 5545 2513 5609 Quamobrem,
2545 5561 2635 5600 rex
2659 5587 2671 5609 ,
2721 5545 3006 5599 consilium
3040 5562 3216 5600 meum
3249 5544 3459 5616 placeat
3506 5544 3636 5612 tibi,

2051 5643 2105 5689 ct
2137 5644 2351 5704 peccata
2404 5647 2488 5689 tua
2525 5637 2888 5708 eleemosyuis
2936 5639 3173 5699 redime,
3221 5649 3275 5692 et
3327 5638 3639 5706 iniquitates

2052 5738 2171 5781 tuas
2204 5728 2596 5783 misericordiis
2643 5745 2974 5799 pauperum,
3026 5731 3071 5785 si
3109 5729 3335 5785 forsitan
3392 5729 3658 5797 ignoscatv

2051 5815 2193 5870 Deus
2223 5813 2434 5871 delictis
2465 5818 2569 5872 tuis
2597 5818 2757 5888 (Dan.
2790 5820 2886 5887 IV).
2926 5839 2944 5872 ι

2122 5907 2222 5974 Qui
2269 5923 2400 5979 ergo
2449 5910 2644 5964 divites
2691 5918 2854 5976 sunt,
2888 5911 3294 5980 dispensatores
3332 5911 3510 5980 potius
3551 5909 3640 5979 jtt-

2051 6000 2248 6057 hcntur
2271 6013 2390 6057 esse
2408 6041 2422 6069 ,
2451 6015 2611 6071 quam
2641 6015 2982 6072 possessores
3012 6019 3023 6056 :
3055 6011 3110 6058 et
3138 6019 3242 6058 non
3269 6003 3472 6073 proprii
3499 6002 3636 6073 juris

4533 6393 5212 6588 Δ
