5392 6574
71 6342 902 6574 ἄπ’»

1935 506 2028 560 2H

349 0 4652 187 Μ

2394 503 2450 558 S.
2494 503 2689 557 PETRI
2730 502 3007 557 DAMIANI
3046 500 3196 556 OPP.
3233 497 3467 557 TOMUS
3505 499 3635 554 εει]
3677 494 3855 552 PARS
3887 495 3970 549 lll.
4003 526 4070 535 -—-
4099 493 4458 551 OPL‘SCULA
4504 494 4725 550 \‘AﬂlA.

5052 492 5142 547 2H

1936 626 2128 672 «Tenent
2161 616 2413 682 deputare
2434 614 2573 681 quod
2600 615 2817 675 habent,
2847 615 2969 680 quia
3002 628 3107 667 non
3135 613 3200 665 ad
3225 614 3323 666 hoc
3349 612 3486 663 bona
3516 616 3563 674 Α
3591 623 3810 678 prorsus
3836 615 4046 661 onnttat
4069 649 4082 671 ,
4114 607 4239 675 qttin
4287 608 4524 659 mnuium
4562 604 4940 660 necessitatum
4988 612 5141 663 mOdIS

1937 704 2239 758 transitoria
2280 712 2666 770 perceperunt,
2715 712 2771 754 ut
2806 702 3024 756 deliciis/
3051 701 3297 762 afﬂuant,
3329 699 3409 752 vel
3442 698 3494 752 in

1933 796 2177 863 prOprios
2216 793 2328 847 [nec
2363 807 2488 844 usus
2514 793 2785 845 insutnant
2808 833 2821 854 ,
2855 794 2946 846 sed
2992 802 3049 844 ut
3076 790 3494 844 administratio-

1935 886 2017 937 uis
2049 885 2335 952 fungantur
2358 880 2562 946 ofﬁcio,
2604 883 2726 935 dum
2759 883 2810 937 in
2857 884 3142 936 commisso
3174 892 3492 948 permanent

1931 973 2187 1025 villicatu.
2216 972 2549 1039 Quapropter
2569 973 2658 1039 qui
2684 972 2874 1039 stipem
2899 972 3218 1039 pauperibus
3245 979 3485 1038 erogant,

1930 1061 2103 1116 aliena
2137 1062 2396 1124 reddunt,
2433 1074 2537 1114 non
2573 1076 2666 1112 sua
2703 1060 3043 1113 distribuunt.
3088 1058 3238 1112 L'na'e.
3281 1069 3335 1112 et
3382 1059 3488 1113 Do-

1927 1150 2105 1202 minus
2133 1149 2524 1218 clecmosynam
2563 1158 2920 1216 praerepturas
2953 1148 3028 1200 ait
3079 1165 3091 1199 :
3147 1167 3164 1197 ‹
3215 1148 3489 1201 Attendite

1929 1254 1994 1293 ne
2015 1241 2281 1308 justitiam
2325 1249 2556 1293 vestram
2603 1239 2807 1292 faciatis
2836 1254 3016 1291 curam
3064 1239 3402 1301 hominibus,
3431 1249 3487 1292 ut

1932 1331 2217 1384 videamini
2247 1331 2313 1385 ab
2343 1331 2421 1384 eis
2447 1329 2767 1397 (Matt/LVI).
2799 1344 2818 1379 ι
2847 1328 2958 1382 Non
2983 1331 3124 1383 enim
3150 1331 3298 1393 dicit,
3332 1332 3487 1382 mise-

1928 1421 2216 1474 ricordiam
2241 1419 2863 1488 vestram,sedjnstitiau
2882 1429 3158 1472 “vestram.
3177 1419 3265 1472 Ille
3291 1421 3486 1486 quippe

1926 1509 2053 1561 facit
2081 1508 2242 1576 200
2266 1507 2717 1569 misericordiam,
2753 1509 2842 1576 qui
2888 1508 3100 1575 propria
3136 1507 3351 1571 tribuit;
3397 1506 3485 1560 ille

1925 1612 2052 1650 vero
2079 1596 2338 1664 justitiam
2383 1597 2544 1659 facit,
2574 1598 2664 1665 qui
2700 1600 2842 1664 quod
2875 1597 3105 1650 alienum
3137 1607 3251 1657 est,
3286 1596 3481 1651 reddit.

1922 1687 2076 1742 Unde
2122 1697 2175 1740 ct
2220 1688 2502 1742 Psalmista
2534 1704 2654 1743 cum
2703 1690 3052 1757 praemisisset
3084 1707 3095 1740 :
3133 1708 3150 1739 ι
3187 1689 3480 1756 Dispersit,

1919 1776 2070 1829 dedit
2096 1778 2447 1845 pauperibus;
2489 1797 2508 1829 ι
2544 1793 2646 1830 non
2675 1779 2766 1839 ait,
2802 1779 3164 1830 misericordia
3193 1778 3330 1844 ejus,
3363 1779 3478 1838 sed,

1921 1880 1941 1912 ι
1975 1861 2223 1928 Iustitia,
2259 1865 2465 1932 inquit,
2510 1863 2625 1930 ejus
2667 1875 2847 1918 manet
2895 1867 2947 1917 in
2998 1866 3248 1919 saeculum
3298 1866 3476 1918 szeculi

1916 1951 2085 2021 (Paul.
2119 1955 2251 2025 (ιιι).
2291 1973 2310 2005 ι

1987 2045 2120 2099 Cum
2161 2061 2289 2114 ergo
2334 2045 2660 2114 pauperibus
2688 2047 3031 2100 subvcnimus
3052 2086 3065 2106 ,
3098 2046 3268 2097 aliena
3298 2045 3479 2111 procul

1918 2135 2078 2189 dubio
2124 2136 2425 2199 reddimus,
2464 2151 2566 2189 non
2615 2147 2799 2189 nostra
2842 2137 3157 2204 priebemus.
3206 2134 3482 2186 Verumta-

1923 2238 2041 2276 men
2072 2224 2209 2290 apud
2241 2224 2384 2289 pium
2414 2223 2648 2290 judicent
2685 2225 3057 2277 misericordes
3087 2239 3207 2277 esse
3235 2224 3480 2276 decerni-

1917 2326 2060 2372 mur,
2091 2326 2210 2364 eum
2240 2312 2351 2364 lucc
2389 2311 2529 2380 ipsa,
2559 2327 2678 2379 qum
2718 2328 2822 2364 non
2855 2325 3037 2364 nostra
3059 2353 3072 2374 ,
3110 2314 3203 2365 sed
3237 2328 3480 2365 commu-

1913 2400 2003 2459 δίη
2031 2408 2185 2463 sunt,
2215 2400 2443 2454 fideliter
2467 2401 2837 2469 dispensamus
2864 2419 2874 2452 :
2906 2414 2956 2454 et
2983 2416 3104 2454 cum
3144 2402 3288 2468 justc
3310 2443 3322 2463 ,
3361 2417 3479 2468 qua:

1917 2490 2089 2543 aliena
2120 2499 2278 2553 sunt,
2312 2490 2620 2554 reddimus,
2652 2493 2788 2558 apud
2813 2507 2933 2544 eum
2964 2491 3051 2560 qui
3085 2492 3263 2545 cordis
3292 2492 3473 2543 intima

1915 2581 2213 2649 conspicit,
2262 2582 2647 2636 miscricordize
2698 2584 2914 2651 prrentio
2960 2597 3062 2634 non
3114 2597 3378 2635 caremus.
3409 2582 3479 2634 At

1912 2679 2131 2731 contra,
2164 2670 2251 2738 qui
2283 2685 2422 2723 nunc
2444 2672 2767 2739 pauperibus
2800 2672 3079 2725 subvenire
3105 2681 3475 2734 contemnunt,

1910 2761 1964 2814 in
2017 2762 2304 2813 tremenda:
2343 2760 2693 2815 discussionis
2740 2761 2985 2815 examine
3027 2777 3129 2814 non
3177 2772 3282 2813 tam
3313 2775 3474 2813 accu-

1911 2859 2103 2903 santur
2136 2849 2375 2902 avaritia:
2413 2864 2574 2917 quam
2611 2849 2849 2917 rapinrez
2883 2864 2981 2903 nec
3015 2864 3233 2902 suorum
3261 2858 3474 2903 tenaces

1910 2941 2000 2994 sed
2032 2941 2326 2994 alienorum
2357 2941 2532 3008 potius
2578 2942 2966 2994 convincuntur
3011 2942 3175 2995 fuisse
3207 2949 3471 3009 raptores.

1909 3029 2113 3094 Quibus
2158 3029 2339 3097 utique
2370 3045 2608 3083 summus
2652 3031 2854 3083 arbiter
2880 3032 3121 3083 dicturus
3145 3039 3226 3083 est
3257 3032 3306 3082 in
3331 3030 3473 3098 judi-

1915 3120 2033 3171 cio:
2066 3137 2082 3168 ι
2116 3118 2381 3173 Discedite
2401 3133 2429 3171 a
2452 3134 2558 3183 me,
2590 3120 2878 3181 maledicti,
2906 3122 2955 3172 iu
2986 3122 3159 3187 ignem
3186 3128 3468 3181 mternum,

1912 3210 2002 3277 qui
2048 3218 2269 3278 paratus
2318 3221 2400 3263 est
2452 3210 2660 3262 diabolo
2717 3222 2768 3263 et
2816 3211 3017 3278 angelis
3070 3209 3201 3276 ejus.
3261 3208 3468 3261 Esurivi

3596 712 3879 769 occurrat.
3914 702 4121 755 cunctis
4170 709 4464 770 egestatum
4509 700 4813 754 vulneribus
4862 699 5003 755 velut
5044 717 5140 755 tne-

3593 792 3762 845 d:ndo
3790 790 4090 843 subveniat.

3662 882 3827 934 Porro
3882 890 4060 933 autem
4111 881 4233 932 dttm
4291 880 4654 948 indigentibus
4723 880 4772 932 in
4843 881 5142 936 necessitate

3591 973 3977 1034 succurrimus,
4006 973 4283 1025 veritatem
4301 973 4458 1025 simul
4483 981 4530 1023 et
4559 972 4976 1025 misericordiam
4995 975 5142 1026 adiut-

3590 1064 3817 1131 plemus.
3875 1061 4296 1115 Misericordiam
4332 1062 4568 1121 scilicet,
4615 1063 4737 1114 dum
4788 1064 5029 1130 inopibus
5070 1063 5143 1131 pie

3587 1150 3976 1218 eutnpatimur;
4013 1150 4292 1202 veritatem
4331 1166 4486 1212 vero,
4520 1150 4569 1202 id
4602 1161 4681 1203 est
4708 1149 5003 1218 justitiam,
5029 1153 5142 1206 dum

3587 1255 3690 1292 non
3726 1241 3827 1293 illis
3858 1252 4074 1302 nostra,
4127 1242 4217 1293 sed
4268 1258 4383 1308 qua:
4429 1256 4524 1293 sua
4562 1251 4717 1304 sunt,
4768 1243 5140 1296 ministratnus.

3588 1331 3720 1383 lliuc
3752 1341 3831 1384 est
3863 1332 4005 1398 quod
4040 1332 4090 1384 in
4123 1331 4536 1384 l‘roverbiorum
4572 1331 4706 1384 libro
4754 1331 5000 1384 Salomon
5030 1334 5138 1385 ait:

3592 1442 3607 1472 ι
3647 1422 4007 1474 Misericordia
4041 1434 4093 1474 et
4118 1424 4318 1475 veritas
4344 1440 4447 1476 non
4483 1434 4531 1476 te
4563 1425 4854 1477 deserant:
4885 1425 5142 1478 circumda

3586 1528 3677 1565 eas
3706 1513 3904 1580 gutturi
3938 1528 4027 1563 tuo
4048 1554 4061 1573 ,
4092 1522 4144 1565 ct
4173 1513 4418 1565 describe
4450 1513 4499 1564 in
4535 1513 4733 1566 tabulis
4764 1514 4939 1567 cordis
4965 1513 5068 1572 tui.
5095 1520 5144 1566 et

3587 1602 3823 1654 invenies
3854 1602 4083 1664 gratiam
4130 1611 4182 1654 et
4216 1603 4553 1670 disciplinam
4600 1603 4792 1656 bonam
4836 1603 5144 1657 coram'Deo

3586 1700 3637 1743 et
3672 1692 3974 1743 hominibus
4002 1689 4182 1759 (Prov.
4212 1694 4315 1761 tit).
4348 1713 4364 1744 ι
4398 1693 4738 1762 Rursumque
4756 1696 5009 1762 scriptum
5026 1705 5096 1748 cst
5127 1713 5140 1747 :

3590 1799 3606 1827 4
3644 1779 4009 1833 Misericordia
4045 1793 4098 1834 et
4147 1783 4348 1835 vetitas
4399 1793 4702 1852 pra‘parant
4733 1785 4899 1847 bona;
4932 1784 4982 1836 in
5006 1784 5143 1838 omni

3584 1881 3744 1931 opt-re
3771 1869 3907 1920 bono
3933 1869 4373 1922 eritalnnulantia
4396 1871 4574 1935 (Prov.
4595 1872 4756 1939 ιη·).»
4778 1872 4840 1925 Et
4862 1888 4926 1925 ne
4941 1872 5145 1941 pietatis

3504 1944 3549 2001 B
3578 1952 3732 2020 201
3759 1969 3889 2020 opus
3916 1955 4165 2022 segnities
4191 1956 4377 2023 ignava
4411 1958 4701 2024 depreciet,
4722 1959 4813 2011 sed
4828 1959 5038 2011 devotio
5061 1976 5145 2013 ce-

3584 2042 3709 2095 leris
3735 2059 3794 2095 ac
3818 2055 4062 2111 prompta
4092 2047 4452 2105 commendet.
4483 2048 4607 2099 alibi
4644 2048 4771 2100 dicit
4800 2065 4811 2098 :
4852 2067 4870 2098 ι
4903 2046 4977 2102 Ne
5006 2049 5146 2103 dicas

3584 2131 3756 2184 amico
3785 2142 3891 2193 tuo,
3923 2132 4054 2185 vade
4084 2144 4137 2186 et
4163 2144 4454 2197 revertere,
4481 2145 4531 2189 et
4556 2150 4677 2188 cras
4704 2137 4840 2191 dabo
4873 2137 4986 2201 tibi,
5026 2153 5144 2191 cum

3583 2221 3764 2274 statim
3794 2223 3967 2289 possis
3993 2224 4120 2275 dare
4147 2222 4327 2292 (Prov.
4362 2229 4465 2291 III).
4507 2245 4525 2276 ι
4562 2224 4765 2279 Tremit
4790 2227 4929 2280 enim
4960 2243 5144 2283 manus

3583 2311 3728 2361 avari
3761 2326 3880 2362 cum
3909 2312 4093 2364 tribuit
4122 2329 4134 2364 :
4165 2323 4216 2364 et
4243 2314 4381 2367 sicut
4419 2329 4560 2382 :rger
4597 2317 4890 2370 exhorretis
4942 2333 5144 2371 amare-

3580 2399 3779 2450 scentis
3817 2401 4039 2452 antidoti
4071 2400 4244 2453 dilfart
4276 2402 4546 2469 poculum,
4581 2404 4658 2457 sic
4697 2404 4796 2458 iste
4817 2405 5036 2459 daturus
5054 2406 5144 2458 ali-

3579 2486 3705 2554 quid
3734 2487 3909 2540 ditl‘ert
3937 2491 3986 2541 in
4024 2502 4320 2557 posterum.
4366 2492 4458 2545 llle
4486 2494 4748 2560 siquidem
4779 2495 5143 2562 exasperanda

3579 2585 3738 2642 potus
3766 2586 3988 2629 nauseat
4012 2578 4459 2642 amaritudinem;
4486 2580 4586 2633 iste
4619 2581 4662 2633 si
4696 2581 4901 2633 dederit
4946 2580 5141 2649 aliquid

3580 2666 3771 2719 metuit
3793 2678 4085 2734 egestatem
4114 2683 4126 2719 :
4158 2669 4382 2735 ideoque
4415 2670 4536 2723 licet
4572 2670 4653 2723 vel
4681 2671 4732 2723 in
4776 2671 5022 2735 bibendo,
5061 2671 5143 2724 vel

3579 2754 3630 2806 in
3669 2754 3951 2822 pra-bendo
3978 2758 4313 2811 necessitatis
4358 2768 4564 2828 tempus
4601 2759 4894 2822 immineat,
4921 2769 5143 2827 uterque

3578 2844 3831 2896 tamenin
3860 2853 4130 2911 posterum
4163 2846 4304 2913 quod
4355 2847 4629 2909 abhorret,
4685 2846 4958 2915 interjecla
5007 2847 5140 2900 dila-

3577 2933 3722 2985 tione
3754 2943 4010 2986 reservat.
4041 2933 4204 2986 Plane
4231 2934 4409 3002 largus
4432 2945 4485 2988 et
4514 2936 4750 2990 liberalis
4781 2937 4989 2989 animus
5017 2937 5142 2990 facit

3577 3021 3813 3083 divitem,
3849 3038 4012 3091 pavor
4034 3033 4191 3090 atque
4223 3027 4425 3078 tenacia
4461 3028 4633 3079 reddit
4674 3034 4937 3094 egentem.
4998 3026 5142 3081 Unde

3576 3114 3834 3180 scriptum
3865 3125 3948 3165 est
3981 3132 3992 3165 :
4027 3134 4044 3164 ι
4096 3114 4410 3168 Substautia
4445 3117 4623 3169 divitis
4646 3118 4771 3169 urbs
4796 3115 5138 3179 fortitudinis,

3577 3220 3741 3271 pavor
3770 3220 4063 3274 pauperum
4115 3217 4322 3275 egestas
4363 3224 4549 3261 eorum
4582 3206 4761 3273 (Prov.
4810 3208 4883 3271 x).
4918 3227 4935 3258 ι
4971 3207 5142 3261 Pavor

1907 3303 2047 3355 enim
2074 3342 2088 3365 ,
2123 3311 2176 3354 et
2225 3316 2327 3354 non
2359 3301 2578 3354 dedistis
2620 3301 2749 3354 mibi
2801 3303 3151 3363 manducare;
3197 3301 3373 3362 sitivi,
3421 3310 3475 3354 et
3503 3280 3545 3340 (ἶ
3578 3295 3718 3347 enim
3762 3297 4036 3362 άθέἷωιυνω

3013 3315 3151 3363 τευ-(κ
3197 3301 3338 3353 simi
3360 3341 3373 3362 ν
3421 3310 3475 3354 ει
3503 3280 3545 3340 C
3578 3295 3718 3347 enim
3762 3297 4075 3362 degenerem
4099 3298 4336 3349 animum
4361 3297 4635 3366 compellit
4659 3311 4835 3367 cgere,
4860 3297 4985 3352 licet
5011 3296 5142 3352 divi-

1906 3404 2013 3443 non
2042 3390 2261 3444 dedistis
2292 3389 2420 3442 mihi
2441 3390 2621 3443 bibere
2652 3389 2862 3458 (.llattlt.
2891 3391 3038 3455 xxv).
3071 3410 3090 3441 ι
3122 3393 3198 3442 Ac
3219 3391 3263 3442 si
3287 3390 3466 3442 dicat:

1904 3479 2028 3546 quia
2060 3478 2309 3532 noluistis
2343 3494 2402 3533 ea
2438 3481 2744 3532 ministrare
2773 3480 3078 3541 conservis,
3125 3495 3242 3546 quae
3287 3493 3384 3546 pro
3412 3478 3473 3529 il-

1904 3576 2078 3622 lorum
2128 3569 2409 3638 refrigerio
2438 3570 2779 3638 percepistis,
2826 3570 3031 3623 voracis
3076 3570 3334 3636 gehennae
3377 3582 3471 3621 vos

1902 3657 2012 3712 ulla
2043 3658 2298 3727 deglutiat
2320 3698 2334 3718 ,
2363 3673 2495 3725 quos
2527 3673 2620 3726 per
2646 3659 2956 3726 cupiditatis
2981 3659 3226 3712 ardorem
3269 3658 3472 3710 alieno-

1906 3765 2024 3801 rum
2051 3748 2311 3802 bonorum
2348 3750 2528 3815 rapina
2554 3749 2890 3801 condemnat.
2930 3749 2992 3801 Et
3029 3765 3149 3801 cutn
3177 3748 3409 3800 alienum
3440 3761 3469 3798 a

1903 3839 2060 3892 nobis
2089 3840 2158 3892 sit
2179 3880 2192 3901 ,
2222 3841 2362 3906 quod
2407 3839 2459 3891 in
2503 3840 2602 3892 hac
2635 3839 2743 3891 vita
2789 3838 3206 3907 dispensandum
3235 3839 3470 3906 suscepi-

1903 3942 2023 3981 mus
2040 3943 2054 3989 ;
2074 3936 2255 3980 nostra
2279 3942 2403 3980 vero
2425 3927 2493 3979 sit
2517 3927 2750 3980 caelestis
2772 3926 2959 3995 gloria,
2977 3943 3137 3996 quam
3166 3942 3466 3994 speramus,

1900 4027 2267 4085 competenter
2298 4018 2382 4070 bis
2426 4016 2514 4070 illa
2545 4019 2807 4071 sententia
2833 4021 3107 4087 congruit,
3155 4033 3315 4086 quam
3365 4018 3467 4073 Do-

1901 4110 2084 4162 minus
2104 4109 2155 4161 in
2179 4108 2464 4178 Evangelio
2489 4109 2617 4163 dicit
2644 4126 2656 4159 .-
2690 4127 2707 4158 ι
2745 4109 2844 4174 Qui
2877 4109 2928 4162 in
2951 4110 3124 4163 alieno
3153 4109 3334 4164 fideles
3356 4124 3463 4163 non

1899 4200 2099 4263 fuistis,
2112 4202 2252 4269 quod
2276 4210 2509 4253 vestrum
2527 4203 2740 4268 estquis
2756 4201 2900 4254 dabit
2916 4202 3102 4255 vobis?
3126 4221 3142 4251 ι
3161 4200 3311 4268 (an.
3329 4199 3464 4268 xvi.)

1897 4288 1990 4342 llle
2016 4298 2160 4342 certe
2204 4288 2375 4341 tidelis
2400 4288 2450 4340 in
2480 4287 2667 4341 alienis
2696 4290 3008 4350 exstiterat,
3040 4290 3130 4356 qui
3157 4294 3223 4342 de
3251 4304 3310 4342 se
3337 4306 3467 4344 con-

1898 4378 2124 4430 tidenter
2151 4377 2328 4429 aiebat
2362 4392 2373 4428 :
2413 4393 2431 4426 t
2465 4375 2773 4431 Benedictio
2802 4378 3024 4444 perituri
3056 4393 3219 4446 super
3250 4395 3335 4433 me
3374 4396 3464 4435 ve-

1896 4467 2110 4532 niebat,
2143 4476 2197 4520 et
2236 4482 2333 4520 cor
2375 4467 2545 4520 viduae
2588 4468 2892 4522 consolatrs
2935 4485 3050 4522 sum
3098 4487 3110 4520 :
3158 4470 3344 4523 oculus
3385 4470 3459 4524 fui

1897 4571 2082 4619 czeco,
2140 4564 2195 4609 et
2243 4570 2340 4626 pes
2410 4555 2642 4619 claudo;
2717 4566 2870 4623 pater
2941 4572 3088 4610 eram
3163 4572 3456 4625 pauperum

1893 4644 2017 4716 (Job
2051 4646 2222 4716 xm).
2257 4664 2279 4701 ι

1967 4732 2011 4788 Ο
2063 4749 2222 4802 quam
2279 4731 2451 4787 fidelis
2499 4733 2550 4786 in
2598 4732 2787 4786 alienis
2839 4735 3144 4795 exstiterat,
3190 4746 3245 4788 et
3294 4751 3455 4804 quam

1892 4823 2047 4877 firma
2082 4837 2175 4891 spe
2229 4823 2292 4876 de
2322 4823 2553 4890 propriis
2597 4824 2865 4875 conlidere
2917 4833 3156 4891 poterat,
3217 4841 3338 4878 cum
3400 4836 3457 4879 et

1894 4913 2020 4967 alibi
2062 4927 2120 4965 se
2167 4911 2472 4964 denotando
2514 4910 2823 4964 clamabat:
2881 4930 2898 4960 t
2934 4910 2990 4963 Si
3020 4914 3228 4980 negavi,
3260 4913 3448 4981 inquit,

1892 5005 2033 5073 quod
2064 5002 2304 5056 volebant
2329 5042 2343 5065 ,
2371 5002 2720 5069 pauperibus,
2750 5011 2802 5057 et
2843 5002 3025 5057 oculos
3052 5005 3223 5059 viduze
3265 5020 3453 5075 exspe-

1890 5106 2038 5151 ctare
2069 5095 2201 5159 feci;
2235 5094 2277 5147 si
2307 5093 2512 5147 comedi
2541 5093 2831 5146 buccellatn
2863 5109 3035 5148 meam
3068 5095 3240 5158 solus,
3265 5107 3317 5150 et
3342 5114 3447 5151 non

1888 5182 2123 5237 comedit
2148 5181 2379 5249 pupillus
2408 5196 2470 5234 ex
2506 5196 2600 5244 ea;
2632 5182 2757 5250 quia
2791 5183 2856 5235 ab
2882 5182 3103 5236 infantia
3134 5199 3246 5238 mea
3280 5187 3450 5239 crevit

1890 5283 2102 5326 mecum
2128 5271 2430 5334 miseratio,
2477 5280 2531 5324 et
2575 5271 2639 5323 .le
2668 5282 2821 5324 utero
2846 5275 3031 5327 matris
3062 5288 3195 5329 mete
3234 5292 3448 5345 egressa

1889 5370 1970 5416 est
1996 5376 2204 5417 mecum
2234 5362 2354 5430 (Job
2387 5367 2555 5428 xxxi).
2586 5381 2604 5413 ι
2632 5362 2731 5417 Ubi
2762 5363 2934 5417 adhuc
2961 5374 3083 5433 apte
3130 5365 3403 5435 subiungit
3432 5386 3444 5420 :

1894 5465 1914 5499 ι
1948 5447 2005 5501 Si
2049 5449 2263 5517 despexi
2309 5458 2719 5519 przetereuntem
2771 5466 2833 5503 eo
2868 5454 3005 5519 quod
3053 5468 3158 5507 non
3204 5455 3450 5509 habuerit

1888 5540 2292 5602 indumentum,
2333 5550 2386 5593 et
2432 5541 2632 5609 absque
2675 5541 3005 5608 operimento
3048 5544 3449 5611 pauperem;si

1891 5647 1993 5684 non
2027 5629 2397 5683 benedixeriut
2441 5632 2569 5685 mihi
2604 5631 2770 5686 latera
2805 5633 2920 5700 ejus
2943 5675 2955 5697 ,
2985 5646 3038 5687 et
3070 5635 3134 5689 de
3164 5636 3452 5689 velleribus

1894 5717 2067 5770 ovium
2110 5734 2353 5773 mearum
2387 5720 2674 5774 calefactus
2702 5732 2782 5776 est
2815 5723 3018 5791 (Ibid).
3062 5743 3077 5774 ι
3125 5726 3256 5778 Vide
3285 5741 3449 5795 quam

1894 5810 2075 5876 longus
2121 5808 2189 5861 sit
2251 5809 2738 5910 miseri‘ctu'diarum
2787 5816 2885 5869 iste
2933 5817 3238 5887 catalogus,
3286 5826 3337 5868 ut
3375 5814 3446 5868 nil

3581 3382 3775 3435 tiarum
3798 3383 3966 3451 copiis
3989 3386 4230 3438 videatur
4259 3385 4493 3439 atllucro.

4171 3477 4396 3531 CAPUT
4423 3477 4482 3530 ll.

3824 3564 4180 3634 Eleemosyna:
4205 3568 4474 3633 pra'mt'ttm
4501 3568 4759 3635 quodnam
4789 3569 4872 3621 sit.

3646 3653 3723 3707 Tu
3785 3664 3986 3717 autem,
4036 3655 4402 3718 dilectissime,
4450 3659 4556 3711 noli
4612 3657 4828 3710 fratrem
4887 3668 5033 3713 tuum
5086 3661 5137 3714 in

3575 3745 3822 3811 prtesenti
3857 3745 4179 3797 necessitate
4202 3745 4494 3814 despicere,
4527 3747 4568 3797 si
4605 3746 4767 3798 Deum
4801 3748 4890 3800 tibi
4931 3749 5140 3801 deside-

3575 3847 3663 3884 ras
3694 3833 3743 3884 in
3775 3832 3972 3885 ultinue
3998 3835 4332 3887 necessitatis
4357 3836 4581 3887 articulo
4604 3837 4916 3892 subvenire:
4941 3855 4958 3887 ι
4989 3836 5138 3892 Beati

3570 3924 3833 3991 siquidem
3866 3926 4256 3986 misericordes,
4287 3927 4540 3992 quoniam
4581 3927 4678 3995 ipsi
4716 3927 5133 3987 misericordiam

3570 4025 3966 4080 consequentur
3999 4014 4209 4082 (Matth.
4259 4013 4332 4082 v).
4376 4035 4393 4066 ι
4428 4014 4593 4070 Porro
4622 4016 4666 4070 si
4693 4017 4901 4072 dederis
4930 4019 5137 4075 homini

3567 4105 3849 4171 pecuniam
3904 4116 4047 4158 tuam
4111 4107 4162 4158 in
4214 4105 4387 4169 fenus,
4432 4108 4777 4160 centesimam
4822 4110 5053 4178 recipis:
5088 4114 5137 4167 si

3567 4207 3697 4245 vero
3746 4195 4090 4261 pauperibus,
4133 4196 4421 4248 secundum
4451 4198 4634 4249 divina
4666 4200 4909 4252 mandata
4940 4213 5139 4256 centu-

3568 4283 3714 4350 plum
3765 4284 4115 4352 consequeris
4145 4301 4160 4339 :
4194 4285 4333 4352 quod
4366 4285 4407 4338 si
4442 4286 4543 4339 hoc
4577 4303 4760 4355 parum
4806 4290 5035 4353 videtur,
5079 4302 5137 4349 et

3566 4373 3672 4425 vita
3706 4374 3798 4426 tibi
3838 4375 4144 4427 cumulatur
4185 4385 4406 4428 :etcrna.
4451 4375 4562 4430 Non
4587 4393 4713 4447 ergo
4740 4380 4925 4433 melius
4953 4392 5036 4435 est
5080 4394 5134 4438 te

3566 4463 3805 4529 recipere
3821 4463 4123 4532 centuplum
4151 4479 4309 4533 quam
4328 4466 4615 4519 centesima
4640 4483 4756 4521 esse
4785 4472 5136 4524 contentum?

3565 4554 3680 4607 Noli
3712 4569 3840 4623 ergo
3875 4555 4151 4622 despicere
4183 4556 4502 4623 proximum,
4530 4557 4572 4610 si
4607 4573 4706 4610 non
4758 4559 4834 4612 vis
4880 4560 4987 4612 Deo
5036 4562 5133 4613 de-

3487 4636 3533 4692 D
3563 4643 3836 4713 spicabitis
3878 4657 4160 4712 apparere.
4218 4644 4363 4699 Unde
4408 4654 4460 4699 et
4492 4645 4738 4701 Salomon
4777 4650 4851 4703 ait
4891 4665 4905 4703 :
4941 4669 4959 4701 σ
5021 4653 5130 4718 Qui

3560 4732 3784 4801 despicit
3812 4733 4116 4799 proximum
4149 4748 4325 4797 suum,
4363 4745 4587 4802 peccat;
4614 4738 4701 4805 qui
4733 4748 4908 4794 autem
4960 4745 5133 4803 mise-

3560 4832 3707 4874 retur
3735 4822 3972 4889 pauperi,
4015 4823 4199 4874 beatus
4248 4825 4350 4875 erit
4380 4821 4559 4889 (Prov.
4603 4831 4732 4885 xiv).
4770 4849 4787 4881 ι
4844 4829 4939 4885 L'bi
4993 4851 5127 4893 mox

3556 4911 3768 4964 additur
3793 4929 3804 4963 :
3847 4930 3863 4960 ι
3896 4910 3994 4975 Qui
4024 4913 4197 4964 credit
4225 4913 4275 4964 in
4310 4914 4532 4966 Domino
4561 4917 4975 4975 misericordiam
4999 4928 5127 4980 dili-

3554 5002 3628 5070 git
3657 5000 3865 5070 (lbid.).
3899 5019 3918 5051 ι
3970 4999 4130 5054 Planc
4158 5001 4202 5054 si
4237 5002 4279 5055 is
4302 5003 4388 5070 qui
4425 5004 4596 5057 credit
4627 5006 4677 5058 in
4718 5008 4938 5062 Domino
4964 5014 5127 5068 mise-

3555 5089 3839 5141 ricordiam
3867 5088 4060 5156 diligit,
4107 5090 4364 5143 dicendus
4401 5101 4484 5145 est
4510 5092 4595 5147 ille
4618 5110 4721 5148 non
4753 5100 4988 5161 credere,
5023 5107 5124 5170 qui

3551 5180 3887 5233 convincitur
3922 5181 4344 5234 misericordiam
4388 5199 4490 5236 non
4524 5201 4724 5240 amare:
4776 5186 4882 5242 Cur
4930 5204 5120 5250 autem

3550 5274 3648 5326 iste
3675 5288 3779 5326 non
3810 5271 4015 5334 credat,
4062 5271 4163 5323 alia
4194 5271 4430 5339 ejusdem
4474 5274 4594 5328 libri
4644 5280 4901 5332 sententia
4930 5283 5119 5337 decla-

3553 5370 3662 5422 rat;
3690 5363 3764 5413 ait
3789 5362 3931 5414 cnim
3969 5380 3979 5413 :
4011 5379 4026 5410 t
4059 5360 4351 5416 Feneratur
4400 5363 4508 5419 Deo
4538 5367 4626 5433 qui
4668 5368 4948 5423 miseretur
4973 5388 5119 5440 pau-

3550 5456 3684 5524 peri,
3717 5464 3770 5508 et
3797 5453 4217 5508 vicissitudinem
4242 5471 4394 5510 suam
4430 5458 4612 5511 reddet
4633 5460 4701 5513 ei.
4740 5480 4760 5514 ι

3619 5544 3730 5597 Non
3762 5545 3940 5612 itaque
3970 5547 4141 5599 credit
4171 5548 4221 5599 in
4274 5546 4519 5612 Domino,
4574 5550 4661 5618 qui
4708 5567 4800 5605 sua
4829 5552 4926 5606 sibi
4956 5555 5117 5611 timet

3546 5634 3682 5687 bona
3707 5636 4061 5698 committere,
4086 5637 4207 5688 dum
4226 5652 4286 5690 ea
4314 5653 4415 5690 non
4448 5638 4558 5691 vult
4582 5641 4935 5711 indigentibus
4948 5649 5110 5699 exhi-

3546 5724 3689 5779 bere.
3717 5725 3845 5781 Nam
3871 5728 3913 5781 si
3940 5729 3988 5781 in
4019 5726 4245 5782 Domino
4272 5730 4538 5783 veraciter
4565 5732 4826 5795 crederet,
4869 5734 5050 5789 fenera
5063 5741 5108 5792 ri

3547 5817 3644 5870 sibi
3681 5827 3927 5889 lauq'tazn
3962 5822 4100 5875 filcli
4156 5821 4356 5877 scilicet
4397 5821 4622 5877 debitori
4682 5824 4947 5881 facultatis
4989 5845 5109 5884 sua:
