5392 6584
2738 136 2741 139 .
2843 135 2846 138 .
2907 114 3065 138 μω*
3105 115 3168 146 .”..
3297 113 3300 116 ’

2352 156 2533 175 ἀμίαι-κν
2608 172 2613 175 1
2979 139 3068 158 ’ἶνιν
3099 159 3202 168 ..ρ-
3223 159 3228 164 ,
3317 155 3360 162 ..μ
3575 163 3588 168 _

2276 184 2283 189 ·
2320 180 2431 185 ⁴ν“”’⁷
2576 176 2581 179 ’
2827 185 2952 200 ρ-..-
2997 185 3066 195 ι..-
3109 179 3148 186 ~-
3189 177 3218 189 έ-
3273 169 3314 198 ;·’⁶

1962 214 1967 215 7
2048 210 2057 211 ί
2176 210 2243 233 ζεῖ
2270 214 2325 229 νῆίᾼ
2348 212 2363 217 _
2408 214 2411 215 ν
2508 212 2511 213 ν
2565 190 2764 218 Mr...
2767 190 2824 212 *Β
2843 219 2848 222 _
2889 205 2898 208 -
2949 199 2964 206 η
2995 203 3012 208 —
3027 203 3060 221 ν
3372 216 3373 219 η
3414 212 3417 213 ,
3449 203 3666 218 ςρθ-ιενᾎ
3687 211 3700 214 -
3719 203 3760 212 -ε

186 264 187 267 Ἰ
210 266 213 267 7
2092 228 2117 233 ν
2329 210 2477 229 ..του-*⁸-
2620 228 2627 231 4
2736 228 2751 231 η
2778 226 2785 229 .
2888 224 2963 233 »-.....
3094 244 3099 245 7
3204 224 3227 233 4-
3284 232 3291 233 κ
3312 220 3371 233 μκ-
3451 233 3514 245 ηξ
3583 241 3598 244 _
3624 227 3788 242 _,_..._.....-
3803 234 3810 236 _

2786 265 2789 272 .

368 634 470 691 213
1473 618 1719 679 OPUSC.
1748 616 1837 672 IX.
1870 642 1940 655 —
1974 609 2062 666 DE
2101 609 2584 667 ιζιεωιοδΥΝΑ.
3540 605 3646 658 2H

372 743 677 813 depositum
732 755 838 795 non
895 739 1110 792 timeret
1146 756 1157 788 :
1189 737 1255 790 de
1283 733 1435 801 cuius
1489 743 1669 787 autem
1713 729 1816 784 fde
1867 727 1956 796 qui
1985 723 2042 786 Λ
2066 723 2375 793 centuplum
2406 722 2561 792 (Cen.
2589 721 2761 792 xxvi).
2796 739 2813 771 ι
2846 719 2952 774 Sed
2975 733 3137 789 quam
3164 717 3369 770 felicius
3392 717 3648 778 seminat,

376 836 603 895 dubitat,
632 846 756 885 eum
789 829 974 898 procul
998 826 1159 880 dubio
1184 841 1290 878 non
1331 826 1592 885 honorat;
1641 833 1765 874 cum
1813 815 1953 871 scri-

375 934 522 996 ptum
572 922 692 976 sit:
739 940 754 972 t
798 918 1009 972 lionora
1062 916 1346 970 Dominum
1393 913 1458 968 dc
1515 923 1605 964 tua
1656 906 1955 963 substantia

378 1014 560 1084 (Prov.
617 1011 723 1083 ttt).
762 1029 780 1062 ι
811 1009 874 1062 Ει
923 1008 1058 1060 alias
1094 1006 1293 1060 dicitur
1326 1019 1339 1056 :
1389 1022 1406 1054 t
1446 1002 1549 1067 Qui
1595 998 1959 1054 calumniatur

375 1113 640 1174 egentem,
674 1100 963 1165 exprobrat
1013 1095 1205 1150 factori
1251 1091 1369 1162 ejus
1411 1111 1423 1143 :
1484 1091 1713 1144 honorat
1773 1095 1953 1138 autem

377 1210 499 1248 eunt
551 1191 642 1261 qui
696 1188 985 1241 miseretur
1032 1184 1254 1253 pauperi
1306 1181 1489 1251 (Pror.
1518 1180 1652 1245 xtv).
1694 1196 1712 1228 ι
1745 1176 1808 1228 Et
1855 1174 1957 1226 ite-

380 1300 498 1339 rom
537 1297 557 1339 :
591 1300 608 1332 ι
643 1280 843 1334 Facere
869 1273 1295 1332 misericordiam
1339 1281 1395 1326 et
1443 1270 1730 1337 judicium,
1786 1267 1959 1334 magis

377 1377 557 1446 placet
598 1371 707 1426 Deo
753 1383 911 1439 qnam
945 1366 1178 1419 victima:
1209 1361 1388 1430 (Prov.
1428 1360 1562 1428 xxt).
1599 1379 1617 1411 ι
1654 1358 1961 1424 Eleenmsy-

379 1445 566 1518 uarius
595 1460 738 1514 enim
762 1458 988 1527 quisque
1019 1451 1448 1508 tttisericordiam
1480 1448 1632 1507 facit,
1662 1448 1786 1501 dum
1821 1445 1959 1498 indi-

377 1551 631 1622 gentibus
685 1548 739 1600 in
778 1526 1099 1600 necessitate
1126 1540 1489 1609 compatitur;
1510 1536 1772 1605 judicium
1814 1526 1959 1593 vero.

377 1645 508 1697 dum
535 1641 618 1693 eis
655 1652 761 1693 non
783 1635 1020 1704 propria,
1059 1631 1154 1687 sed
1184 1646 1372 1685 eorum
1404 1630 1544 1684 bona
1577 1626 1819 1694 largitur.
1856 1623 1964 1677 Sed

376 1748 445 1788 ex
479 1732 564 1786 his
586 1731 711 1784 dum
741 1727 974 1781 alienam
1014 1725 1067 1778 in
1116 1722 1368 1792 prtescnti
1402 1727 1670 1774 sustentat
1703 1715 1956 1783 inopiam,

375 1831 617 1877 mternas
639 1818 853 1872 sibimet
882 1816 933 1868 in
967 1813 1148 1867 futuro
1175 1810 1394 1864 divitias
1425 1815 1596 1877 parat.
1631 1804 1783 1860 Unde
1824 1803 1959 1857 scri-

375 1923 532 1984 ptum
554 1919 637 1966 est
669 1927 682 1963 :
714 1926 731 1959 t
765 1907 866 1974 Qui
891 1903 1223 1974 datpauperi
1244 1899 1618 1968 nonindigebit
1645 1897 1766 1966 :qui
1786 1895 1966 1964 despi-

375 2005 456 2060 cit
478 2005 875 2073 deprecantem,
895 1995 1180 2050 sustinebit
1196 1992 1473 2061 penuriam
1497 1986 1679 2058 (Prov.
1699 2000 1910 2054 xxvttt).
1947 2003 1964 2034 ι

2060 815 2149 884 qui
2200 817 2326 867 dum
2379 814 2620 868 subsidia
2672 811 3041 881 indigentibus
3086 805 3499 868 subministrat‘,
3553 821 3652 875 pro

2063 918 2232 959 avena
2263 905 2527 967 triticum,
2560 917 2660 972 pro
2686 901 2886 972 pugillo
2909 902 3153 958 chorum,
3189 913 3284 967 pro
3309 911 3476 967 grano
3498 896 3655 950 metit

2061 1011 2312 1050 acervum
2341 1014 2352 1048 :
2388 994 2618 1048 terrenis
2654 997 2814 1063 plane
2844 993 3109 1052 cmlestia,
3157 990 3489 1046 transitoriis
3517 1003 3646 1044 mer-

2063 1096 2219 1140 catur
2241 1095 2465 1138 acterna.
2495 1083 2637 1137 Dicit
2665 1083 2949 1152 Scriptura
2977 1100 2990 1136 :
3020 1100 3038 1132 ι
3070 1081 3202 1147 Quis
3230 1089 3406 1149 potest
3431 1079 3612 1134 dicere
3637 1095 3652 1129 :

2063 1175 2320 1228 Nondum
2353 1183 2435 1228 est
2463 1189 2558 1228 cor
2581 1188 2782 1236 meum,
2813 1188 2980 1242 purus
3010 1187 3128 1226 smn
3155 1187 3184 1223 a
3218 1177 3441 1239 peccato
3469 1166 3656 1237 (Prov.

2064 1267 2189 1333 xx);
2226 1285 2243 1317 ι
2277 1265 2402 1334 quis
2430 1264 2578 1318 cnim
2617 1263 2939 1333 gloriabitur
2969 1272 3176 1316 castum
3209 1276 3270 1315 se
3299 1260 3503 1314 habere
3527 1258 3661 1314 cor?

2065 1353 2173 1409 Sed
2217 1354 2580 1422 clcentosynis
2618 1353 2847 1408 solerter
2891 1353 3104 1412 insiste.
3133 1361 3186 1406 et
3225 1351 3482 1404 mundum
3513 1360 3568 1404 te
3594 1365 3664 1404 ex

2066 1443 2248 1497 divina
2293 1445 2500 1512 pietate
2531 1443 2766 1495 conlide.
2823 1441 2977 1496 Unde
3008 1439 3297 1494 Salvator:
3344 1457 3360 1488 ι
3393 1437 3544 1504 Quod
3571 1452 3665 1492 su-

2067 1543 2268 1606 percst,
2318 1535 2518 1602 inquit,
2580 1536 2702 1586 date
2740 1532 3170 1601 cleemosynam,
3213 1539 3265 1584 et
3305 1543 3435 1584 ecce
3479 1529 3664 1582 omnia

2068 1627 2266 1679 munda
2310 1632 2440 1677 sunt
2484 1623 2641 1677 vobis
2696 1619 2850 1690 (Luc.
2909 1621 3010 1689 ιι).
3047 1638 3065 1670 ›
3111 1620 3266 1672 Sicut
3305 1618 3450 1672 enint
3501 1615 3666 1669 ardor

2070 1721 2270 1789 ignium
2301 1717 2504 1771 mctalli
2537 1718 2911 1786 cujuscunque
2963 1714 3290 1783 rubiginem,
3323 1713 3402 1766 sic
3431 1711 3665 1765 eleemo-

2070 1825 2201 1879 syna
2244 1808 2527 1862 consuevit
2558 1807 2753 1860 anima!
2788 1820 3023 1874 purgare
3061 1803 3392 1872 squalorem.
3429 1799 3580 1856 Unde
3612 1806 3669 1851 et

2071 1899 2152 1951 vir
2175 1899 2427 1966 sapiens:
2459 1915 2476 1946 ‹
2511 1895 2715 1966 Ignem,
2748 1895 2848 1956 ait,
2878 1894 3156 1947 ardentem
3181 1889 3478 1960 exstinguit
3501 1903 3667 1956 aqua,

2071 1996 2125 2041 et
2149 1986 2491 2055 eleemosyna
2513 1984 2719 2039 resistit
2739 1981 2977 2053 peccatis
2997 1980 3329 2050 (Eccleun);
3363 1998 3379 2030 ι
3411 1978 3502 2031 ubi
3528 1992 3670 2046 prm-

378 2068 767 2160 Deponitenim
783 2085 1086 2155 divesqnod
1115 2078 1713 2151 indigentibustribuit,
1739 2085 1794 2129 et
1818 2090 1960 2128 nunc
1996 2074 2036 2130 li
2068 2087 2150 2132 sto
2198 2077 2516 2145 sobjnngit:
2575 2095 2592 2126 ι
2628 2075 2694 2130 Et
2725 2076 2868 2129 Deus
2911 2080 3227 2142 prospector
3268 2080 3353 2126 est
3391 2071 3528 2140 ejus,
3573 2068 3671 2138 qui

380 2181 542 2251 quasi
573 2189 770 2231 mutua:
813 2175 972 2244 202
1000 2172 1241 2244 pecunia:
1269 2169 1570 2239 depositum
1596 2166 1787 2228 credit,
1833 2163 1974 2234 quod

383 2273 436 2327 in
463 2281 668 2325 a-terna
696 2268 804 2321 vita
832 2263 1202 2334 multiplicatis
1246 2261 1523 2314 fenoribus
1542 2258 1754 2326 recipit.
1789 2257 1853 2308 Et
1885 2253 1977 2321 qui

382 2373 531 2414 nunc
557 2356 615 2410 fit
643 2369 740 2426 per
771 2351 1198 2407 misericordiam
1238 2348 1495 2409 creditor,
1540 2347 1593 2398 in
1626 2343 1980 2397 retributione

382 2445 730 2518 postmodum
763 2442 891 2496 felix
924 2441 1026 2496 erit
1065 2448 1307 2494 exactor.
1355 2435 1510 2490 Unde
1554 2434 1814 2502 scriptum
1855 2442 1975 2486 est:

388 2561 408 2592 ι
433 2538 646 2606 Pauper
657 2545 708 2588 et
724 2535 958 2588 creditor
971 2533 1323 2586 obviaverunt
1341 2528 1466 2589 sibi,
1487 2526 1768 2590 utriusque
1788 2523 1979 2576 illumi-

383 2638 547 2682 nator
563 2634 646 2680 est
665 2624 923 2678 Dominus
958 2619 1140 2691 (Prov.
1168 2620 1339 2685 xxtx).
1373 2637 1390 2668 ι
1418 2617 1484 2670 Et
1505 2617 1569 2670 de
1587 2614 1810 2667 muliere
1835 2612 1979 2675 forti,

382 2731 658 2788 perquam
682 2713 766 2768 vel
788 2725 974 2766 sancta
993 2708 1310 2764 universalis
1326 2706 1588 2766 Ecclesia,
1612 2703 1697 2757 vel
1721 2718 1981 2769 unaque:-

386 2820 497 2874 que
516 2804 689 2859 ﬁdelis
700 2814 756 2858 et
769 2804 853 2872 pia
877 2801 1190 2869 intelligitur
1207 2797 1410 2859 anima,
1436 2795 1488 2849 in
1520 2792 1828 2848 Proverbiis
1852 2791 1985 2844 diri-

387 2904 482 2947 tur
511 2909 563 2945 ει
587 2891 800 2946 Manum
820 2906 970 2944 suam
999 2888 1212 2958 aperuit
1236 2886 1404 2954 inopi,
1427 2893 1480 2938 et
1509 2883 1716 2952 palmas
1741 2897 1865 2935 snas
1891 2895 1986 2933 ex-

383 2983 568 3036 tendit
619 2981 684 3035 ad
725 2994 1011 3051 pauperem
1045 2975 1228 3044 (Prov.
1269 2975 1452 3043 xxxt);
1487 2994 1504 3025 ι
1555 2973 1646 3026 ubi
1691 2988 1816 3025 mox
1862 2980 1987 3039 apte

391 3069 790 3139 subjungitur:
825 3087 843 3118 ι
882 3067 995 3120 Non
1031 3063 1242 3119 timebit
1272 3063 1454 3116 domui
1481 3076 1595 3115 sua:
1617 3076 1644 3113 a
1678 3059 1879 3126 frigore
1909 3059 1990 3112 ni-

385 3165 511 3228 vis;
541 3175 734 3216 omnes
757 3161 900 3214 enim
931 3156 1214 3212 domestici
1242 3156 1358 3220 ejns
1390 3153 1572 3207 chtiti
1601 3161 1722 3205 sunt
1755 3149 1985 3218 duplici-

383 3252 494 3307 bus
529 3249 746 3319 (Ibid).
777 3268 794 3299 ι
845 3247 1100 3316 Quisquis
1138 3245 1283 3299 enim
1331 3258 1473 3296 nunc
1517 3242 1857 3310 operimento
1892 3254 1990 3308 ge-

384 3340 563 3394 ntium
611 3336 896 3391 charilatis
944 3334 1218 3397 induitur,
1277 3341 1533 3400 tanquam
1589 3328 1792 3398 duplici
1838 3336 1988 3382 veste

383 3435 684 3483 contectus
716 3439 1052 3494 nequaquam
1081 3423 1275 3476 futura:
1317 3421 1457 3475 nivis
1489 3419 1691 3488 frigore
1719 3419 1987 3472 constrin-
2016 3401 2060 3461 C

382 3527 600 3587 κείω-ε
640 3524 696 3569 et
733 3530 892 3583 quem
939 3529 1081 3568 nunc
1123 3511 1412 3566 cltaritatis
1460 3510 1623 3563 ardor
1667 3507 1984 3572 inﬂammat,

381 3617 526 3660 tunc
558 3604 794 3674 peenalis
819 3603 1054 3673 algorctn
1081 3603 1220 3656 nivis
1250 3602 1481 3671 ignorat.
1511 3600 1584 3654 De
1607 3615 1711 3667 qua
1739 3596 1991 3651 videlicet

378 3696 517 3750 nive
553 3693 727 3747 futuri
760 3693 1028 3762 supplicii,
1067 3701 1122 3745 et
1151 3705 1245 3760 per
1274 3689 1333 3743 Β.
1365 3687 1466 3744 Job
1500 3687 1568 3743 de
1614 3685 1844 3757 reprobo
1872 3686 1990 3739 viro

377 3787 602 3842 dicitur
630 3802 643 3838 :
681 3802 699 3834 ι
732 3783 820 3838 Ad
840 3781 1060 3835 nimium
1093 3781 1325 3834 calorem
1353 3787 1590 3831 transeat
1620 3776 1688 3829 ab
1715 3774 1872 3842 aquis
1903 3772 1991 3826 ni-

375 3879 570 3935 vium,
615 3882 672 3929 et
716 3882 892 3941 usque
924 3871 991 3924 ad
1022 3868 1224 3924 inferos
1268 3875 1546 3937 peccatum
1591 3864 1756 3928 illius,
1803 3861 1995 3916 oblivi-

377 3977 585 4024 scatur
613 3962 734 4032 ejns
757 3962 1126 4016 misericordia
1150 3959 1294 4030 (Job.
1315 3956 1484 4026 xxiv).
1509 3975 1526 4009 ι
1551 3956 1774 4027 Dignum
1797 3953 1996 4023 quippe

373 4067 465 4113 est
496 4066 562 4111 ut
599 4054 701 4126 qui
749 4053 802 4106 in
856 4052 954 4106 hac
983 4050 1090 4105 vita
1122 4064 1220 4118 per
1249 4049 1500 4102 ardorem
1541 4045 1996 4114 concupiscentiae

377 4143 649 4203 carnalis
679 4143 904 4206 exarsit,
936 4157 965 4194 a
990 4139 1169 4195 calore
1194 4154 1326 4193 vero
1355 4138 1739 4193 misericordiae
1769 4137 1996 4206 frigidus

372 4249 430 4296 et
468 4237 825 4294 constrictus
867 4233 1168 4303 obtorpuit,
1216 4230 1324 4285 illic
1370 4231 1436 4285 ad
1477 4230 1712 4284 calorem
1765 4229 1997 4282 nimium

374 4336 652 4385 transeat
684 4325 754 4379 ab
783 4323 940 4394 aquis
969 4323 1206 4386 nivium;
1238 4329 1297 4375 ut
1338 4319 1478 4374 sicut
1518 4319 1608 4373 hic
1633 4315 1842 4372 duabus
1869 4316 2001 4370 deli-

374 4422 500 4494 quit
533 4417 802 4480 offensis,
833 4416 903 4468 ita
937 4414 1165 4484 geminis
1201 4413 1474 4468 crucietur
1506 4411 1557 4464 in
1589 4409 1833 4481 gebenna
1867 4424 2000 4478 sup-

375 4511 574 4582 plieiis
602 4527 620 4563 :
658 4516 720 4562 et
763 4505 870 4560 illic
904 4506 1019 4575 ejus
1053 4519 1209 4560 versa
1258 4504 1373 4557 vice
1407 4503 1786 4565 misericordia
1805 4501 2002 4557 oblivi-

373 4612 611 4664 scatur,
647 4597 746 4666 qui
777 4610 1114 4664 nequaquam
1142 4595 1230 4649 hic
1254 4593 1643 4648 misericordiae
1669 4608 1878 4647 memor
1902 4608 2001 4646 ex-

374 4694 448 4750 sti
483 4693 606 4747 isse
640 4687 1016 4744 convincitur.
1047 4686 1320 4740 Pracmitte
1347 4699 1476 4755 ergo
1502 4685 1618 4751 tibi,
1649 4684 1842 4749 frater,
1870 4699 2003 4753 epes

2078 2171 2263 2224 reddet
2290 2169 2546 2238 gratiam,
2573 2166 2823 2221 meminit
2849 2167 2901 2219 in
2934 2173 3234 2234 posterum,
3264 2161 3390 2216 etin
3423 2169 3672 2228 tempore

2078 2276 2238 2315 casus
2286 2260 2366 2314 sui
2400 2260 2638 2312 inveniet
2687 2257 3086 2311 ﬁrmamentum
3136 2253 3381 2325 (Ereto).
3412 2272 3430 2304 ι
3469 2251 3676 2304 Deinde

2080 2348 2334 2416 subjicit:
2371 2365 2387 2397 ι
2418 2346 2543 2409 Fili,
2587 2347 2988 2416 cleetttosynam
3032 2343 3286 2414 pauperis
3329 2357 3396 2395 ne
3436 2338 3672 2403 fraudes,

2080 2448 2133 2490 et
2159 2437 2344 2490 oculos
2377 2446 2497 2491 tuos
2529 2453 2595 2490 ne
2627 2445 2963 2490 transvenas
2990 2450 3020 2488 a
3056 2448 3290 2502 paupere
3317 2431 3480 2500 (Ibid.
3511 2431 3610 2498 tv).
3651 2450 3670 2480 ι

2083 2526 2149 2580 Et
2181 2541 2406 2580 rursus:
2443 2545 2459 2576 ι
2492 2527 2743 2580 Animam
2776 2527 3108 2579 esurientem
3137 2523 3298 2593 203
3329 2537 3394 2576 ne
3421 2523 3680 2590 despexe-

2085 2619 2180 2679 ris,
2213 2627 2268 2671 et
2301 2633 2407 2670 non
2451 2631 2741 2684 exasperes
2768 2631 3060 2686 pauperem
3108 2616 3161 2668 in
3203 2615 3382 2684 inopia
3414 2630 3533 2669 sua.
3573 2613 3681 2668 Cor

2085 2708 2259 2774 inopis
2299 2723 2367 2760 ne
2398 2707 2677 2770 aﬂlixcris,
2721 2718 2776 2761 et
2814 2723 2920 2761 non
2969 2707 3254 2774 pertraltas
3285 2707 3471 2760 datum
3512 2719 3686 2775 augm-

2085 2797 2269 2849 stianti
2303 2795 2513 2866 (Ibid)
2547 2814 2565 2846 ο
2595 2795 2660 2850 Et
2705 2796 2871 2850 multa
2904 2775 3026 2856 alia,
3056 2810 3177 2864 qua:
3207 2795 3290 2848 vir
3316 2793 3417 2848 iste
3452 2793 3683 2864 prophe-

2087 2890 2227 2943 ticus
2259 2890 2325 2942 de
2347 2890 2697 2958 praeroganda
2727 2890 3056 2960 pauperibus
3087 2890 3288 2959 pietate
3315 2891 3559 2945 contexit
3584 2905 3598 2942 :
3629 2897 3684 2944 et

2087 2978 2379 3047 Erangelio
2420 2980 2647 3032 necdum
2694 2978 3072 3038 illucescente.
3125 2988 3381 3047 tanquam
3427 2978 3687 3033 sacerdos

2091 3068 2144 3120 in
2177 3063 2418 3122 Ecclesia
2450 3068 2644 3136 prolixi
2676 3070 2950 3124 sermonis
2985 3070 3182 3124 seriem
3213 3069 3484 3138 protrahit
3513 3083 3530 3121 :
3563 3083 3687 3136 qum

2091 3173 2189 3210 nos
2219 3157 2308 3210 hic
2336 3159 2518 3211 omnia
2551 3158 2710 3212 simul
2738 3159 3118 3229 exaggeranda
3165 3173 3274 3214 non
3313 3156 3584 3223 ducimus,
3617 3172 3688 3211 ne

2092 3242 2372 3300 fastidium
2402 3243 2704 3315 legentibus
2728 3261 3068 3313 generentns.

2702 3332 2931 3388 CAPUT
2972 3333 3057 3387 ΙΙΙ.

2419 3421 2674 3486 Qtta'mtm
2711 3422 3036 3491 eleemosynn
3074 3425 3248 3492 major
3275 3425 3365 3478 sit.

2165 3506 2270 3562 Sed
2294 3522 2418 3562 cum
2443 3523 2538 3578 per
2568 3523 2759 3564 omnes
2787 3510 2926 3562 sacri
2955 3509 3156 3578 eloquii
3196 3512 3421 3580 paginas
3455 3514 3690 3568 eleemo—

2092 3613 2225 3670 syna
2255 3599 2602 3666 praedicetur,
2631 3607 2688 3652 et
2723 3597 3097 3654 misericordia
3140 3601 3355 3654 cmteris
3395 3602 3694 3656 virtutibus

2093 3692 2403 3755 antecellat,
2431 3706 2493 3744 ac
2519 3690 2756 3760 palmam
2789 3691 2932 3745 inter
2967 3705 3130 3760 opera
3158 3690 3374 3760 pietatis
3404 3691 3649 3748 obtineat
3675 3710 3692 3747 :

2098 3781 2190 3836 illa
2225 3790 2404 3836 tanten
2454 3779 2825 3834 misericordia
2859 3780 3246 3848 supereminet,
3281 3795 3401 3850 qua:
3429 3781 3497 3836 de
3533 3782 3694 3852 c0pia

2099 3889 2271 3942 nuper
2307 3872 2374 3926 ad
2419 3871 2658 3939 inopiam
2691 3870 2957 3925 devolutis
3003 3869 3263 3924 auxilium
3295 3872 3519 3939 prmbet.
3555 3870 3698 3925 Sunt

2098 3952 2334 4032 nainque
2374 3960 2641 4022 nonnulli,
2682 3974 2820 4029 quos
2856 3959 3186 4014 bonestioris
3215 3960 3433 4029 quidem
3474 3961 3696 4030 generis

2098 4054 2234 4108 ordo
2271 4053 2539 4114 nobilitat,
2566 4053 2660 4106 sed
2685 4051 2982 4120 indigentia
3009 4051 3084 4106 rei
3114 4049 3400 4107 familiaris
3422 4062 3695 4122 angustat.

2100 4143 2352 4213 Plerique
2372 4143 2538 4195 etiam
2563 4141 2832 4210 equestris
2855 4141 3120 4209 prosapia:
3143 4140 3315 4195 titulis
3335 4141 3697 4203 adornantnr,

2103 4235 2195 4288 sed
2219 4233 2533 4288 domestica:
2558 4232 2903 4286 necessitatis
2930 4232 3110 4301 inopia
3134 4232 3513 4300 deprimuntur
3537 4255 3546 4282 :
3583 4244 3706 4286 exta

2103 4337 2262 4397 gente
2301 4324 2518 4395 generis
2564 4323 2830 4394 dignitate
2871 4322 3272 4393 compelluntur
3316 4323 3698 4378 soectabiliutn

2105 4418 2370 4472 interesse
2396 4414 2703 4484 colloquiis,
2738 4429 3001 4468 consessu
3031 4413 3248 4482 quidem
3283 4412 3508 4483 pariles,
3542 4413 3703 4484 longe

2105 4506 2456 4562 facultatibus
2482 4504 2794 4572 inmquales.
2826 4503 2932 4558 Sed
2961 4503 3206 4559 liceteos
3227 4503 3542 4559 domestica:
3571 4519 3701 4573 pano

2106 4600 2337 4670 perlatis
2367 4596 2674 4653 sollicitudo
2701 4596 3016 4666 discruciet,
3051 4597 3214 4650 etiam
3252 4595 3296 4650 si
3345 4606 3570 4664 cogente
3602 4611 3700 4648 ne‘

2109 4690 2365 4744 cessitate
2411 4688 2477 4742 ad
2521 4695 2766 4741 extrema
2816 4684 3152 4755 perveniant,
3209 4684 3466 4738 alimenta
3516 4697 3704 4754 petere

377 4795 532 4848 tuas,
569 4779 736 4836 unde
763 4778 1110 4847 postmodum
1141 4777 1323 4839 vivas;
1352 4775 1664 4846 praecedant
1696 4785 1748 4831 te
1772 4775 2003 4830 faculta-
2029 4750 2082 4810 D
2111 4780 2486 4835 mendicantes
2531 4750 3068 4847 ignorant.-Eligunt
3109 4776 3254 4829 enim
3301 4777 3481 4846 potius
3516 4750 3700 4840 oneri,

377 4884 464 4930 tes
493 4884 638 4934 tum,
673 4883 821 4938 quas
841 4867 895 4920 in
919 4865 1007 4921 illa
1032 4881 1244 4937 semper
1265 4865 1673 4920 innnortalitatc
1699 4866 1996 4936 possideas.

374 4962 685 5020 Metuento
710 4956 856 5026 quod
879 4955 1141 5026 scriptum
1169 4964 1286 5010 est:
1317 4973 1334 5006 ι
1366 4956 1525 5010 Dives
1546 4971 1668 5010 cum
1693 4957 1998 5022 dormierit,

375 5056 523 5112 nihil
557 5062 775 5107 secum
809 5046 1048 5107 auferet;
1089 5046 1296 5116 aperiet
1348 5045 1534 5100 oculos
1572 5060 1723 5111 suos,
1770 5055 1826 5100 et
1865 5046 1999 5099 nilul

377 5146 685 5209 inveniet;
730 5138 1101 5208 appreltendet
1120 5153 1244 5193 eum
1272 5138 1426 5206 quasi
1448 5152 1588 5207 aqua
1612 5137 1816 5207 inopia,
1845 5146 2004 5191 nocte

381 5237 680 5308 opprimet
709 5243 842 5284 eum
871 5237 1161 5297 tempestas
1189 5225 1335 5298 (Job.
1359 5226 1554 5298 xxvn).
1585 5247 1603 5280 ι

453 5327 711 5385 Placeat
740 5332 874 5390 ergo
903 5318 998 5373 tibi
1023 5317 1331 5382 consilium,
1367 5317 1509 5388 quod
1540 5332 1638 5388 per
1663 5316 2004 5373 Salomonem

378 5420 597 5474 datur:
661 5430 685 5463 ι
731 5406 914 5472 Mitte,
954 5408 1152 5478 inquit,
1189 5422 1383 5476 panem
1428 5415 1578 5461 tuom
1624 5422 1790 5477 super
1827 5415 2004 5462 trans-

377 5519 585 5569 euntes
625 5513 845 5574 aquas,
882 5497 1006 5566 quia
1048 5505 1170 5567 post
1199 5495 1366 5551 multa
1395 5505 1636 5567 tempora
1676 5495 1908 5566 recipies
1950 5495 2010 5550 il-

379 5603 496 5659 lum
537 5619 552 5654 :
604 5597 681 5650 da
720 5603 833 5662 per
857 5597 909 5642 te
938 5596 1166 5658 septem,
1198 5601 1407 5641 necnon
1438 5594 1493 5640 et
1526 5595 1673 5649 octo,
1704 5585 1829 5655 quia
1858 5585 2010 5654 igno-

381 5709 477 5752 ras
507 5687 654 5762 quid
687 5677 835 5738 mali
871 5677 1105 5732 futurum
1133 5678 1203 5732 sit
1225 5692 1387 5748 super
1416 5687 1619 5732 terram
1647 5676 1848 5749 (Eccle.
1875 5676 2002 5747 ευ.»

377 5784 453 5844 Et
484 5784 710 5839 iterum
744 5792 756 5825 ;
804 5786 826 5821 ι
861 5767 1013 5825 Mane
1042 5768 1249 5824 semina
1292 5783 1473 5824 semen
1505 5777 1680 5835 tuum,
1709 5777 1764 5824 et
1788 5782 2011 5839 vespere

380 5891 456 5939 ne
505 5877 712 5933 cesset
755 5875 962 5919 manus
1009 5871 1098 5916 tua
1143 5860 1333 5932 (Ibid.)
1362 5881 1382 5915 ι
1423 5861 1642 5933 Legitur
1677 5862 1731 5917 in
1772 5861 2005 5918 Genesi;

387 5965 591 6034 ιροίει
622 5957 787 6020 sevit
822 5949 973 6006 Isaae
999 5949 1052 6006 in
1080 5949 1308 6013 Gerara,
1340 5960 1392 6007 et
1418 5952 1618 6006 invenit
1648 5953 1700 6008 in
1728 5952 1844 6012 inso
1868 5968 2009 6008 anno

2111 4885 2272 4940 quam
2303 4870 2514 4938 publice
2549 4869 2878 4930 mendicare,
2912 4867 3317 4922 confunduntur
3344 4868 3581 4938 agnosci,
3613 4883 3704 4922 ve-

2111 4970 2297 5015 rentur
2322 4960 2554 5028 inopiam
2575 4958 2822 5013 confiteri
2847 4974 2861 5010 :
2888 4967 2941 5011 et
2965 4973 3088 5012 cum
3113 4957 3202 5012 alii
3226 4974 3380 5012 suam
3407 4959 3704 5026 prmdicent

2112 5057 2430 5120 egestatem,
2467 5048 2576 5101 imo
2619 5061 3005 5116 nonnunquam
3055 5047 3272 5101 modum
3319 5050 3698 5117 exaggerando

2113 5141 2449 5210 paupertatis
2477 5139 2768 5201 excedant,
2792 5149 2850 5192 ut
2873 5139 3138 5193 uberioris
3159 5139 3352 5208 stipem
3371 5140 3698 5197 consolatio-

2111 5230 2200 5283 nis
2222 5229 2520 5298 accipiant;
2551 5227 2637 5282 isti
2653 5244 2763 5297 quo
2785 5228 3086 5298 potiuntur,
3102 5228 3428 5284 occultando
3447 5229 3703 5285 dissimu-

2111 5321 2245 5384 lant,
2274 5335 2346 5375 ne
2369 5322 2600 5389 turpiter
2627 5319 2893 5397 in_ocnlos
2928 5319 3210 5375 hominum
3237 5321 3459 5388 signum
3481 5321 3699 5391 aliquod

2111 5426 2223 5467 sua:
2250 5411 2586 5480 paupertatis
2615 5420 2884 5480 erumpat.

2184 5502 2388 5556 Horum
2446 5501 2611 5570 igitur
2666 5501 2960 5570 indigentia
3037 5501 3220 5570 potius
3269 5501 3410 5556 valet
3472 5501 3698 5573 intelligi

2113 5608 2274 5663 quam
2298 5591 2471 5646 videri
2499 5609 2512 5644 :
2539 5592 2712 5660 magis
2737 5593 3060 5660 quibusdam
3093 5593 3264 5661 signis
3289 5596 3698 5663 erumpentibus

2113 5683 2331 5753 conjici,
2363 5697 2526 5752 quam
2558 5682 2862 5737 manifestis
2893 5684 3065 5752 possit
3098 5684 3312 5738 indiciis
3342 5684 3696 5754 deprehendi.

2110 5775 2189 5829 De
2218 5774 2411 5844 quibus
2451 5774 2637 5841 utiqne
2680 5789 2784 5828 non
2833 5772 3138 5834 manifeste,
3180 5774 3274 5828 sed
3314 5775 3524 5828 occulte
3562 5790 3697 5843 pauo

2113 5867 2333 5936 peribus
2374 5875 2574 5935 quanta
2626 5865 2696 5919 sit
2743 5866 3029 5920 retributio
3099 5865 3368 5935 Propheta
3413 5867 3696 5936 designat,

2113 5973 2234 6012 cum
2275 5955 2392 6012 ait:
2452 5974 2471 6008 t
2505 5954 2730 6021 Beatus,
2766 5955 2858 6026 qui
2899 5953 3143 6025 intelligit
3176 5970 3338 6025 super
3371 5969 3598 6025 egenum
3641 5963 3699 6017 et

5137 13 5211 352 ἓ

4557 6361 5230 6584 Δ
