5392 6576
1913 505 2018 555 ilia

2357 502 2411 557 S.
2457 501 2657 557 PETRI
2695 498 2972 555 DAMIANI
3011 496 3162 554 OPP.
3204 493 3436 555 TOMUS
3472 487 3602 545 SEU
3644 484 3822 541 PARS
3860 486 3945 542 ιιι.
3971 495 4418 553 —0PUSCULA
4454 495 4680 552 VAmA.

5035 496 5135 552 9&6

1912 623 2198 676 pauperem
2231 607 2399 673 (Paul.
2430 612 2536 678 xc).
2569 632 2586 660 ›
2624 609 2797 677 Super
2827 625 3092 678 pauperes
3119 609 3311 676 quippe
3341 620 3473 672 pan-
3505 608 3549 665 Α
3579 606 3716 659 ciem
3749 616 3891 659 tuam
3929 607 3996 660 ab
4035 608 4144 661 ullo
4200 624 4433 678 paupere
4460 626 4471 659 :
4503 619 4574 661 rta
4609 623 4749 663 enim
4789 607 4875 660 fiet
4925 616 4982 659 ut
5041 625 5137 663 nec

1913 711 2073 750 nosos
2120 706 2174 750 et
2217 698 2508 767 bnlgiolos,
2560 713 2819 767 perasqne
2864 708 3155 765 gestantes,
3204 695 3473 751 intellectu

1913 800 2018 839 non
2052 786 2371 856 indigemus,
2410 802 2546 855 quos
2584 788 2766 856 utique
2804 787 3087 841 manifesta
3121 785 3323 838 visione
3351 799 3478 837 con-

1912 875 2170 942 spicimus
2198 890 2212 928 :
2246 891 2406 945 super
2436 879 2578 946 ipsos
2616 887 2795 932 autem
2829 893 3088 947 pauperes
3114 876 3369 929 debemus
3399 877 3480 928 in-

1913 965 2178 1019 trinsecus
2220 966 2537 1037 intelligere,
2568 984 2794 1036 quorum
2831 970 2883 1023 iu
2914 967 3195 1037 superficie
3224 981 3328 1019 non
3356 982 3477 1035 pos-

1911 1069 2098 1109 sumus
2125 1056 2395 1111 miseriam
2433 1060 2734 1127 pervidere.
2769 1078 2789 1110 ‹
2820 1060 3030 1123 Beatus,
3060 1058 3225 1121 enim,
3261 1059 3350 1126 qui
3392 1058 3480 1111 in-

1913 1141 2104 1211 telligit
2143 1159 2304 1212 super
2335 1160 2564 1215 egenum
2590 1158 2647 1202 et
2676 1163 2994 1218 pauperem;
3033 1167 3051 1199 ι
3081 1157 3135 1201 et
3164 1162 3332 1217 quare
3354 1147 3481 1200 bea-

1911 1232 2032 1284 tus?
2067 1251 2085 1281 ι
2116 1231 2174 1286 In
2202 1233 2312 1300 die,
2343 1235 2539 1303 inquit,
2588 1238 2726 1291 mala
2771 1236 3019 1290 liberabit
3061 1253 3182 1290 eum
3224 1238 3479 1291 Dominus

1910 1317 2121 1390 (Ibid.).
2153 1340 2172 1373 ι
2207 1321 2357 1377 Felix
2385 1325 2484 1377 ista
2514 1327 2819 1394 promissio,
2857 1335 2910 1378 ut
2942 1328 3281 1395 postmodum
3321 1327 3371 1379 in
3402 1327 3479 1379 di-

1911 1410 2032 1463 vino
2063 1411 2619 1485 liberetur'examine,
2646 1416 2734 1482 qui
2776 1430 2920 1468 nunc
2958 1416 3205 1468 subvenit
3236 1417 3478 1483 indigen-

1907 1495 2052 1549 tibus
2081 1498 2133 1550 in
2171 1514 2438 1563 maerore;
2485 1509 2608 1556 tunc
2637 1517 2664 1554 a
2707 1504 2926 1556 miseria
2957 1504 3280 1557 calamitatis
3315 1503 3478 1571 eripi-

1909 1594 2018 1648 tur,
2045 1588 2135 1654 qui
2171 1589 2331 1642 modo
2362 1590 2631 1643 miseriam
2665 1593 2994 1659 patientibus
3027 1593 3333 1644 miseretur.

1980 1672 2086 1728 Sed
2115 1676 2398 1731 audiamus
2427 1679 2601 1732 adhuc
2625 1680 2754 1747 quid
2784 1680 3065 1734 Psalmista
3097 1680 3435 1749 prosequitur
3462 1696 3474 1730 :

1916 1782 1932 1812 ι
1963 1764 2244 1829 Dominus,
2291 1767 2406 1831 ait,
2447 1778 2732 1823 conservet
2769 1784 2910 1833 eum,
2950 1780 3004 1823 et
3053 1771 3286 1822 viviticet
3332 1784 3474 1831 eum,

1911 1854 1966 1906 et
2011 1855 2226 1908 beatum
2275 1855 2439 1910 faciat
2484 1873 2638 1922 eum,
2687 1868 2742 1912 et
2786 1859 3038 1912 emundet
3084 1859 3136 1910 in
3183 1867 3320 1910 terra
3363 1859 3474 1910 ani.

3580 711 3607 747 a
3640 707 3690 749 te
3717 705 3992 749 avertatur
4034 696 4197 750 facies
4221 698 4428 751 Domini
4457 697 4607 767 (Tob.
4642 698 4734 765 tv).
4783 718 4799 748 ι
4840 696 4936 751 Ubi
4978 699 5140 750 etiam

3578 786 3918 839 discretionis
3943 788 4157 840 modum
4180 788 4348 855 ponit,
4376 796 4429 839 et
4452 787 4814 840 authenticam
4839 786 5021 854 procul
5045 787 5140 838 du-

3578 875 3666 929 bio
3716 874 3951 943 regulam
4006 876 4059 929 in
4123 875 4360 944 quahbet
4410 874 4762 941 possessiOnis
4802 883 4962 941 atque
5016 873 5140 927 sub-

3578 965 3787 1018 stantia:
3834 967 4136 1033 quantitate
4181 964 4433 1032 prmfigit;
4480 964 4758 1017 aitenim:
4817 981 4833 1011 ι
4866 962 5144 1027 Quomodo

3578 1055 3832 1121 potueris,
3866 1054 3939 1106 ita
3962 1062 4077 1106 esto
4102 1053 4437 1114 misericors;
4471 1052 4514 1104 si
4554 1051 4779 1103 multum
4814 1049 4905 1102 tibi
4957 1047 5136 1110 fuerit,

3577 1144 3911 1197 abundanter
3952 1144 4165 1204 tribue;
4198 1144 4239 1197 si
4269 1144 4546 1210 exiguum,
4580 1142 4743 1195 etiam
4781 1141 5030 1211 exiguum
5072 1139 5139 1191 li-

3576 1233 3765 1283 benter
3791 1231 4047 1299 impertiri
4082 1231 4234 1284 stude
4265 1230 4423 1299 (Ibid.
4457 1231 4495 1297 ).
4545 1249 4564 1280 ι

3647 1320 3755 1371 Cur
3782 1331 3960 1373 autent
4002 1320 4103 1373 hoc
4135 1320 4312 1373 facere
4340 1322 4551 1382 debeat,
4579 1320 4905 1389 aperit,cum
4928 1325 5143 1385 subjun-

3578 1411 3690 1479 git:
3720 1429 3736 1459 ι
3774 1410 4058 1462 Praemium
4093 1411 4236 1463 cnim
4262 1411 4458 1462 bonum
4493 1410 4584 1463 tibi
4621 1410 4946 1463 thesaurizas
4975 1409 5024 1460 in
5057 1409 5142 1462 die

3578 1500 3916 1552 necessitatis
3956 1516 3967 1549 :
3996 1499 4247 1566 quoniam
4276 1498 4610 1567 eleemosyua
4645 1498 4712 1550 ab
4743 1499 5140 1565 oniuipeccato,

3577 1598 3678 1642 eta
3706 1596 3877 1673 mqte
3926 1587 4138 1649 liberat,
4179 1595 4231 1640 et
4282 1602 4385 1640 non
4427 1588 4659 1654 patietur
4707 1588 4937 1639 animam
4977 1587 5054 1639 ire
5088 1587 5142 1639 in

3578 1680 3828 1732 tenebras
3858 1694 3870 1730 :
3904 1678 4096 1729 fiducia
4125 1693 4315 1747 magna
4346 1679 4449 1730 erit
4472 1692 4650 1731 coram
4667 1693 4871 1730 summo
4889 1676 5145 1731 Deoelee-

3580 1782 3821 1837 mosyna,
3850 1767 4096 1819 omnibus
4129 1765 4446 1820 facientibus
4489 1781 4607 1820 eam
4638 1765 4797 1835 (Ibid.
4826 1769 4864 1835 ).
4902 1785 4919 1815 ι

4176 1874 4402 1931 CAPUT
4450 1876 4537 1930 IV.

1912 1958 2056 1996 tuam
2083 1943 2224 2011 ejus,
2239 1953 2292 1997 et
2322 1958 2423 1997 non
2449 1946 2623 2006 tradat
2653 1960 2773 1999 eum
2806 1947 2856 1998 in
2883 1962 3071 1999 manus
3103 1946 3301 1998 inimici
3325 1946 3470 2014 ejus:
3508 1931 3552 1990 Β
3582 1967 3736 2033 Quod
3762 1968 3850 2037 qu,-
3886 1968 4039 2019 8mm

3014 1962 3071 1999 "5
3103 1946 3301 1998 Ῐ¹¹Ῐ¹¹¹ί⁰ί
3325 1946 3470 2014 ejus:
3508 1931 3552 1990 Β
3582 1967 3736 2033 Quod
3762 1968 3850 2037 qui
3886 1968 4260 2033 eleemosyuam
4292 1966 4369 2037 rei
4419 1967 4626 2034 eiecta,
4677 1966 4754 2019 rel
4805 1966 4993 2033 o/ftctu
5040 1980 5143 2020 non

1907 2033 2168 2088 Dominus
2202 2050 2355 2103 opem
2400 2034 2540 2089 ferat
2572 2036 2643 2089 illi
2671 2036 2880 2108 (Ibid).
2914 2056 2931 2088 ι
2967 2036 3010 2090 0
3046 2052 3203 2104 quam
3242 2037 3471 2104 gloriose

1908 2137 2196 2188 mercatur,
2217 2128 2306 2195 qui
2331 2143 2427 2195 pro
2453 2129 2844 2190 misericordia,
2867 2146 3024 2198 quam
3051 2129 3373 2198 pauperibus
3389 2145 3477 2182 ex-

1910 2216 2077 2280 hibet,
2098 2218 2261 2270 totius
2274 2218 2693 2273 Christianitatis
2706 2232 2818 2274 ora:
2831 2221 3006 2274 ionem
3031 2223 3340 2273 continuam
3358 2237 3474 2289 pro-

1908 2309 2177 2359 meretur!
2223 2307 2409 2361 Omnis
2441 2309 2581 2361 enim
2612 2311 2928 2363 universalis
2960 2311 3195 2362 Ecclesia
3230 2320 3339 2363 toto
3362 2323 3470 2361 ter—

1909 2412 2088 2449 --artnn
2116 2399 2245 2451 orbc
2266 2397 2481 2461 diffusa,
2510 2415 2604 2467 pro
2630 2399 2720 2453 illo
2739 2402 2900 2452 Demn
2926 2402 3165 2467 quotidie
3189 2401 3468 2467 supplicat,

1910 2487 2072 2558 204
2102 2504 2221 2556 quze
2253 2488 2494 2541 videlicet
2526 2490 2665 2543 hunc
2695 2490 2957 2558 psalmum
2983 2491 3293 2559 quotidiana
3329 2491 3469 2558 jugi-

1912 2589 1992 2631 ter
2023 2578 2303 2631 devotione
2354 2576 2677 2647 frequentat.
2742 2579 2892 2632 Adde
2939 2581 3079 2646 quod
3126 2581 3237 2632 hzec
3299 2580 3473 2633 oratio

1907 2680 2181 2735 nunquam
2215 2668 2266 2719 in
2300 2667 2495 2719 divina:
2534 2670 2830 2721 clementia:
2882 2669 3021 2721 valet
3058 2668 3281 2722 definire
3346 2684 3473 2722 con-

1902 2765 2184 2823 temptum,
2217 2773 2334 2825 qute
2367 2759 2609 2812 videlicet
2633 2775 2661 2810 a
2691 2758 2894 2826 Spiritu
2926 2769 3116 2812 Sancto
3163 2759 3299 2811 facta
3362 2770 3468 2821 est,

1900 2847 2105 2916 quiest
2153 2846 2261 2913 ipsa
2297 2847 2539 2899 remissio
2587 2858 2950 2915 peccatoruzn.
2995 2847 3110 2910 Quo
3145 2848 3286 2899 enim
3319 2856 3470 2913 pacto

1902 2934 2202 2984 orationem
2234 2947 2262 2984 a
2293 2935 2578 3001 semetipso
2632 2936 2981 3002 compositam
3024 2951 3126 2988 non
3186 2936 3472 2986 admittat?

1906 3021 2197 3088 Quomodo
2215 3025 2355 3091 quod
2380 3039 2538 3078 orare
2570 3025 2769 3086 docuit,
2805 3041 2915 3078 non
2952 3026 3237 3078 exaudiat?
3279 3026 3471 3079 Beatus

1899 3124 2128 3182 ergo,et
2154 3129 2276 3166 vere
2306 3115 2516 3173 beatus.
2550 3118 2635 3183 qui
2662 3117 2911 3184 intelligit
2959 3133 3120 3183 super
3160 3131 3389 3183 egenum
3420 3126 3474 3169 et

1901 3216 2213 3270 pauperem.
2254 3202 2404 3256 Unde
2429 3203 2654 3273 Moyses,
2686 3205 2793 3257 iiuo
2817 3204 3071 3257 Dominus
3099 3219 3191 3272 per
3211 3205 3469 3273 Moysan

1910 3310 1928 3339 ι
1973 3290 2028 3343 Si
2053 3304 2213 3354 unus,
2245 3292 2341 3351 ait,
2368 3294 2432 3345 de
2473 3293 2727 3345 fratribus
2761 3294 2885 3355 tuis,
2935 3294 3022 3361 qui
3060 3304 3300 3346 moratur
3334 3296 3469 3345 intra

1909 3387 2092 3446 portas
2120 3381 2352 3433 civitatis
2383 3386 2504 3441 tum,
2541 3382 2590 3433 in
2621 3393 2761 3434 terra
2814 3398 2972 3449 quam
3023 3384 3280 3435 Dominus
3333 3382 3472 3435 Deus

1904 3479 2029 3520 tuus
2055 3468 2275 3521 daturus
2311 3478 2394 3521 est
2421 3470 2535 3531 tibi,
2577 3471 2641 3521 ad
2683 3480 3046 3538 paupertatem
3092 3473 3320 3533 venerit,
3363 3487 3469 3523 non

1905 3558 2198 3612 obdurabis
2245 3575 2341 3613 cor
2390 3571 2559 3623 luunt,
2609 3577 2706 3615 nec
2760 3562 3047 3614 contrahes
3089 3577 3330 3624 manum,
3383 3562 3475 3615 sed

1906 3650 2117 3717 aperies
2144 3662 2263 3703 eam
2308 3652 2547 3718 pauperi,
2595 3660 2648 3703 et
2688 3652 2840 3705 dabis
2886 3662 3151 3714 inununn,
3199 3666 3305 3720 quo
3350 3667 3473 3704 eum

1907 3740 2152 3809 indigere
2201 3742 2537 3809 prospexeris
2569 3742 2745 3808 (Deut.
2781 3744 2886 3809 xv).
2929 3762 2940 3793 ι
2986 3744 3051 3796 Et
3078 3743 3202 3796 alibi
3239 3760 3250 3793 :
3291 3762 3307 3791 ι
3360 3741 3474 3796 Νοιι

1909 3829 2139 3881 deerunt
2169 3845 2430 3899 pauperes
2467 3833 2517 3883 in
2552 3840 2689 3885 terra
2733 3834 3078 3887 habitationis
3122 3844 3243 3896 tua},
3274 3835 3477 3887 idcirco

1906 3919 2161 3988 prmcipio
2198 3921 2314 3985 tibi,
2347 3930 2405 3973 ιιι
2441 3923 2654 3989 aperias
2691 3938 2917 3976 manum.
2932 3924 3081 3975 fratri
3111 3933 3201 3975 tuo
3225 3940 3393 3993 egeno
3424 3931 3478 3976 et

1916 4012 2157 4077 pauperi,
2193 4012 2282 4078 qui
2317 4022 2490 4065 locum
2525 4024 2769 4066 versatur
2792 4014 2843 4066 in
2871 4024 3010 4067 terra
3050 4014 3254 4082 (Ibid.).
3309 4034 3327 4065 ι
3362 4013 3478 4067 Scit

1909 4098 2056 4150 enim
2079 4099 2416 4166 omnipotens
2457 4101 2615 4164 Deus,
2647 4102 2898 4168 quoniam
2934 4105 3163 4155 humana
3215 4102 3478 4173 fragilitas

1911 4201 2012 4254 pro
2053 4188 2160 4241 sola
2210 4204 2306 4241 sua
2354 4189 2559 4256 justitia
2594 4206 2862 4258 nunquam
2892 4193 3174 4259 pervenire
3215 4194 3381 4260 possit
3408 4195 3475 4245 ad

1912 4279 2076 4329 vitam
2101 4317 2116 4341 ,
2149 4278 2239 4332 sed
2255 4280 2715 4350 semperindigere
2742 4283 3144 4334 misericordia:
3171 4292 3331 4349 atque
3360 4284 3479 4336 ideo

1910 4384 2009 4436 per
2030 4384 2215 4423 omnes
2241 4385 2514 4424 sacrarum
2551 4372 2770 4442 paginas
2800 4373 3198 4440 Scripturarum
3243 4373 3476 4426 eleemo-

1914 4473 2103 4527 synaut
2138 4458 2337 4522 laudat,
2372 4459 2790 4514 misericordiam
2823 4463 3095 4527 praedicat,
3121 4464 3327 4515 viscera
3367 4464 3479 4532 pie-

3822 2047 4057 2106 pra’siat,
4092 2037 4281 2087 (Icarus
4332 2034 4442 2087 Deo
4468 2053 4577 2088 esse
4620 2052 4720 2087 non
4753 2044 4932 2103 potest.

3644 2121 3930 2178 Enimvero
3954 2133 4008 2176 ut
4036 2122 4192 2189 hujus
4218 2124 4293 2176 rei
4321 2139 4584 2177 summam
4634 2125 4781 2178 brevi
4818 2123 5147 2193 complectar

3573 2214 3806 2281 eloquio,
3825 2228 4098 2280 nunquam
4118 2212 4224 2265 Deo
4248 2214 4444 2266 charos
4460 2213 4564 2267 erit
4583 2214 4673 2282 qui
4695 2213 4777 2266 vel
4802 2210 5046 2266 effectum
5062 2212 5143 2266 vel

3573 2302 3819 2356 affectum
3836 2303 4189 2371 eleemosynm
4214 2317 4317 2354 non
4335 2303 4613 2355 habuerit:
4635 2303 4840 2357 scilicet
4856 2311 4912 2355 ut
4925 2303 5013 2371 qui
5035 2317 5142 2355 non

3573 2391 3733 2445 habet
3758 2404 3889 2448 rem.
3923 2388 4082 2457 205
4124 2390 4319 2443 haheat
4341 2391 4666 2444 voluntatem
4695 2408 4707 2442 τ
4731 2401 4785 2444 et
4809 2391 4931 2443 dum
4956 2392 5140 2444 dome-

3573 2481 3723 2534 sticae
3747 2481 4014 2534 facultatis
4038 2479 4305 2533 afﬂuentia
4334 2497 4438 2533 non
4464 2482 4745 2546 exuberat,
4771 2481 5003 2534 liberalis
5030 2481 5145 2534 ani-

3573 2569 3678 2621 mis
3701 2569 3914 2619 divitias
3953 2582 4055 2619 non
4084 2569 4313 2620 amittat.
4339 2567 4470 2619 Nam
4498 2570 4588 2635 qui
4621 2584 4723 2622 non
4749 2569 4907 2622 habet
4928 2569 5103 2622 cibum
5124 2608 5141 2631 ,

3575 2658 3734 2711 habet
3757 2656 3978 2709 forsitan
3998 2657 4232 2709 tectum?
4260 2671 4362 2709 non
4387 2656 4864 2710 valetesurientem
4893 2656 5144 2709 alimento

3572 2747 3814 2807 reﬁcere,
3849 2746 3990 2799 valet
4014 2746 4200 2797 saltem
4230 2746 4605 2798 lassescentem
4638 2745 4911 2813 hospitalis
4950 2745 5143 2797 huma-

3572 2838 3760 2890 nitatis
3788 2835 3960 2889 ofﬁcio
3994 2851 4258 2888 recreare.
4297 2835 4598 2888 Memorans
4623 2851 4834 2904 semper
4864 2835 4990 2887 illud
5017 2848 5145 2900 apo-

3568 2928 3814 2981 stolicum
3847 2947 3858 2978 :
3905 2947 3920 2977 ι
3965 2927 4211 2980 Charitas
4240 2926 4592 2979 fraternitatis
4621 2934 4831 2979 maneat
4869 2925 4922 2978 in
4964 2925 5143 2987 vobis,

3571 3027 3626 3069 et
3665 3016 4078 3083 hospitalitatem
4106 3016 4268 3069 nolite
4292 3016 4533 3068 oblivisci
4559 3015 4746 3083 (lIebr.
4782 3016 4900 3081 xm)
4928 3031 4941 3079 ;
4987 3034 5006 3066 ι
5047 3029 5146 3083 per

3574 3109 3710 3161 hanc
3741 3109 3882 3160 enim
3916 3108 4231 3173 placuerunt
4255 3107 4472 3176 quidam
4499 3107 4704 3176 angelis
4742 3107 4970 3176 hospitio
5000 3119 5146 3160 rece-

3574 3201 3698 3267 ptis.
3733 3200 3978 3253 Nonnulli
4022 3216 4153 3253 sane
4196 3200 4321 3253 dum
4367 3201 4688 3270 pauperibus
4710 3199 5144 3267 Christijanuam

3527 3298 3544 3316 ‘
3579 3310 3699 3347 cum
3740 3293 4034 3346 visceribus
4063 3293 4319 3345 claudunt
4346 3333 4358 3355 ,
4397 3292 4605 3346 furandi
4636 3292 4837 3347 crimen
4864 3292 5147 3359 objiciunt.

3577 3395 3627 3435 et
3656 3385 3777 3435 dum
3811 3384 3889 3435 eis
3922 3382 4304 3450 hospitalitatis
4336 3383 4720 3435 humanitatem
4746 3398 4840 3450 per
4865 3382 5146 3436 avaritiam

3578 3475 3917 3536 subtralmnt,
3974 3474 4198 3541 cleptem
4243 3474 4526 3543 suspicari,
4573 3475 4945 3543 jacturamque
4987 3475 5148 3528 rebus

3579 3565 3885 3618 domesticis
3927 3578 3984 3617 se
4028 3562 4313 3616 formidare
4352 3565 4665 3633 contingunt
4709 3582 4721 3616 :
4755 3565 4911 3617 modo
4942 3564 5147 3617 scilicet

3576 3655 3790 3708 obesam
3820 3654 4030 3716 faciem,
4065 3653 4222 3705 modo
4238 3669 4331 3706 ora
4364 3654 4607 3707 rubentia
4634 3655 5026 3707 subsannantes
5052 3667 5147 3721 op-

3578 3754 3801 3812 ponunt,
3827 3754 3878 3797 ct
3907 3755 4082 3796 torosa
4108 3744 4348 3805 brachia,
4373 3742 4728 3812 robustosqne
4756 3742 4983 3796 lacertos
5007 3743 5152 3811 agri-

3578 3835 3801 3885 Cullnrtc
3828 3832 4149 3884 fossionibus
4174 3832 4392 3885 idoneos
4414 3832 4764 3885 criminantur
4795 3848 4807 3883 :
4842 3830 5026 3894 Deum,
5054 3831 5155 3900 qui

3580 3922 3775 3973 talibus
3812 3920 4155 3981 solatiantur,
4181 3918 4474 3983 offendere,
4511 3919 4599 3987 qui
4641 3918 4890 3971 nimirum
4929 3927 5154 3987 possent

3580 4020 3632 4062 et
3654 4010 3787 4062 alios
3812 4010 3890 4061 sui
3921 4008 4118 4061 laboris
4144 4008 4401 4061 exercitio
4429 4016 4752 4060 sustentare.
4786 4005 4988 4071 Quibus
5019 4021 5146 4074 pro-

3582 4099 3724 4152 fecto
3752 4100 3902 4152 valde
3931 4098 4322 4152 formidandum
4347 4107 4450 4161 est,
4490 4097 4629 4166 quod
4659 4099 4708 4151 in
4732 4096 5149 4151 Deuteronomio

3580 4206 3674 4259 per
3705 4191 3918 4257 Moysen
3946 4188 4240 4242 Israelitico
4266 4188 4460 4256 populo
4482 4189 4682 4240 dictum
4717 4198 4800 4241 est
4828 4205 4841 4241 :
4876 4206 4894 4238 ι
4925 4189 5149 4242 Ammo-

3581 4279 3719 4331 nites
3751 4287 3800 4327 et
3845 4276 4099 4328 Moabites
4125 4276 4286 4328 etiam
4317 4283 4434 4343 post
4459 4274 4718 4328 decimam
4749 4275 5146 4344 generationem

3582 4383 3685 4425 non
3716 4368 3993 4418 intrabunt
4015 4366 4065 4417 in
4087 4364 4378 4417 Ecclesiam
4404 4364 4609 4418 Domini
4642 4365 4690 4417 in
4721 4375 4999 4428 :eternum,
5022 4364 5147 4432 quia

3581 4458 3861 4512 noluerunt
3896 4456 4046 4509 vobis
4071 4470 4355 4509 occurrere
4379 4471 4499 4508 cum
4539 4470 4675 4522 pane
4713 4463 4768 4509 et
4793 4470 4928 4522 aqua
4959 4453 5012 4506 in
5039 4453 5148 4515 via,

1920 4546 2049 4598 tatis
2083 4546 2380 4600 exhibenda
2409 4548 3355 4616 pauperibusindesinenterinculcat
3384 4569 3395 4603 :
3422 4559 3479 4604 ut
3507 4586 3553 4642 ι)
3579 4548 3792 4618 quando
3820 4548 4017 4617 egressi
4041 4547 4172 4600 estis
4193 4545 4258 4598 de
4289 4545 4521 4615 Egypto
4544 4545 4720 4613 (Deut.
4749 4544 4925 4601 mn).
4962 4561 4978 4594 ι
5012 4542 5144 4596 Nam

1917 4634 2042 4686 dum
2073 4634 2228 4687 homo
2264 4634 2497 4690 hominis
2529 4637 2830 4699 miseretur,
2860 4637 2967 4689 suis
2997 4638 3157 4689 etiam
3189 4639 3398 4692 meritis
3444 4654 3475 4692 a

1914 4725 2028 4779 Deo
2061 4726 2479 4781 misericordiam
2521 4738 2882 4797 consequatur
2921 4747 2933 4781 :
2972 4737 3025 4782 et
3054 4728 3179 4782 dum
3210 4737 3480 4784 sustentat

1911 4817 2147 4885 propriae
2170 4825 2376 4871 natura:
2415 4827 2742 4883 consortem,
2776 4828 3167 4873 sustentantem
3194 4836 3251 4874 se
3278 4821 3479 4876 habere

1910 4916 2188 4961 mereatur
2214 4917 2485 4962 auctoretn
2520 4927 2531 4961 :
2570 4919 2622 4962 et
2654 4910 2793 4977 quod
2822 4910 3040 4964 exhibet
3071 4912 3340 4978 proximo,
3368 4912 3481 4980 ipse

1920 5011 2132 5064 quoque
2185 5008 2547 5065 consequatur
2571 5015 2598 5051 a
2634 5000 2783 5053 Deo:
2842 4999 2993 5052 Sicut
3042 5000 3183 5051 enim
3223 4998 3481 5053 Conditor

1918 5088 2194 5143 hominum
2226 5096 2277 5140 et
2304 5102 2492 5141 omnes
2512 5089 2709 5142 electos
2730 5090 2794 5142 ad
2824 5104 3047 5157 regnum
3071 5089 3137 5141 ab
3161 5090 3273 5156 ipsa
3300 5092 3478 5145 mundi

1918 5177 2322 5245 prmdestinavit
2348 5177 2572 5245 origine,
2622 5188 2671 5231 et
2705 5188 2879 5230 tamen
2917 5193 3010 5231 cos
3055 5193 3152 5245 pro
3183 5179 3348 5245 ipsius
3395 5194 3484 5233 ac-

1918 5264 2207 5331 quis‘tione
2237 5267 2380 5333 regni
2414 5266 2666 5333 pracepit
2693 5265 3095 5336 infatigaliiliter
3118 5268 3399 5327 desudare.
3427 5278 3486 5321 ut

1921 5352 2060 5419 quod
2088 5353 2254 5421 gratis
2289 5365 2317 5402 a
2352 5351 2606 5407 Creatore
2626 5354 2958 5417 conceditur,
2987 5355 3100 5408 suis
3139 5354 3302 5409 homo
3338 5355 3486 5407 labo-

1921 5440 2072 5491 ribus
2100 5452 2444 5509 asseqnatur;
2477 5442 2547 5493 ita
2569 5455 2785 5494 necesse
2813 5451 2913 5502 est,
2951 5452 3008 5494 ut
3031 5443 3120 5511 qui
3151 5458 3247 5510 per
3276 5442 3483 5495 miseri-

1925 5528 2160 5580 cordiam
2195 5546 2221 5582 a
2251 5530 2338 5598 pio
2370 5544 2553 5583 smnus
2582 5538 2800 5583 auctore
2834 5530 3096 5594 salvandi,
3133 5531 3230 5599 ipsi
3268 5546 3484 5600 quoque

1926 5632 2028 5685 pur
2060 5617 2408 5672 humanitatis
2430 5618 2756 5686 impendium
2789 5633 2894 5673 non
2924 5620 3252 5689 negligamus
3304 5619 3486 5673 fratri-

1927 5707 2026 5759 bus
2057 5706 2336 5773 impertiri.
2365 5706 2513 5762 Unde
2537 5707 2733 5762 Tobias
2752 5708 2817 5761 ad
2841 5707 3005 5761 filium
3037 5726 3050 5761 :
3081 5729 3098 5760 ι
3131 5710 3209 5763 Ex
3238 5710 3488 5764 substan-

1927 5800 2022 5861 tia,
2058 5798 2252 5868 inquit,
2271 5805 2358 5852 tua
2385 5796 2468 5854 fac
2487 5798 2903 5867 eleemosvnatn,
2926 5807 2982 5855 et
3000 5798 3105 5856 noli
3134 5809 3379 5860 avertere
3409 5798 3487 5855 fa-

3581 4640 3626 4692 si
3655 4647 3840 4707 gentes
3867 4638 3970 4691 illa:
3996 4637 4164 4706 legem
4197 4638 4379 4705 utique
4416 4652 4521 4690 non
4550 4636 4829 4696 habentes,
4862 4634 5057 4687 idcirco
5079 4635 5148 4687 ab

3582 4729 3818 4783 Ecclesia
3867 4729 3963 4783 Dei
4012 4728 4437 4781 irrevocabiliter
4483 4728 4858 4789 exclmlnntur,
4896 4725 5149 4792 quoniam

3584 4818 3822 4872 inimicis
3838 4819 3999 4870 etiam
4018 4818 4126 4870 suis
4143 4832 4235 4885 per
4254 4816 4604 4869 humanitatis
4619 4813 4844 4867 officium
4865 4828 5152 4867 occurrere

3586 4908 3968 4976 neglexerunt;
3994 4921 4152 4974 quam
4184 4905 4407 4959 terribili
4437 4904 4699 4958 sententia
4722 4901 4867 4968 digni
4899 4910 5021 4955 sunt
5055 4902 5148 4969 qui

3587 4997 3794 5049 viscera
3825 5010 3919 5048 sua
3957 4995 4024 5048 ab
4061 4994 4423 5064 indigentibus
4450 4993 4707 5063 proximis
4742 4988 5033 5043 claudunt?
5058 4991 5150 5057 qui

3587 5084 3906 5137 charitatem
3941 5083 4196 5135 fratribus
4238 5098 4342 5135 non
4395 5080 4741 5150 impendunt?
4788 5078 4848 5131 lli
4900 5078 5151 5130 nimirum

3587 5183 3714 5227 sunt
3740 5188 3803 5227 ex
3836 5172 4161 5227 sacrosancti
4185 5171 4526 5239 baptismatis
4552 5173 4694 5223 fonte
4718 5167 5005 5237 congeniti,
5030 5180 5153 5217 cum

3589 5267 3672 5320 his
3712 5282 3777 5321 ex
3825 5277 3980 5320 utero
4012 5265 4201 5317 matris
4237 5263 4492 5317 Ecclesia:
4520 5270 4643 5316 sunt
4682 5259 4881 5330 egressi
4909 5273 4923 5310 :
4952 5266 5004 5309 cl
5031 5271 5163 5311 cum

3589 5361 3784 5428 quibus
3807 5356 4068 5411 Dominiei
4093 5357 4338 5424 corporis
4359 5364 4413 5409 et
4442 5353 4715 5421 sanguinis
4735 5365 4913 5405 mensa
4939 5353 5134 5415 partiri

3588 5456 3738 5517 pant,
3775 5447 3859 5501 his
3900 5446 4098 5509 cibum,
4146 5446 4234 5514 qui
4274 5446 4326 5498 in
4380 5456 4652 5498 secessum
4696 5439 5020 5510 digerendus
5056 5450 5160 5505 est,

3593 5547 3810 5607 negant.

3668 5628 3733 5681 Et
3754 5641 3858 5696 qua
3885 5627 4210 5682 conscientia
4243 5641 4340 5680 nos
4370 5624 4436 5679 ab
4466 5625 4928 5693 eleernosynarum
4968 5638 5157 5691 eroga-

3595 5716 3738 5769 tione
3780 5723 4079 5783 torpemus,
4122 5716 4210 5783 qui
4255 5713 4501 5768 videlicet
4542 5712 4593 5765 in
4642 5709 5006 5765 ecclesiastica
5033 5727 5123 5779 pa.

3595 5802 3945 5872 quiescimus,
3985 5816 4108 5859 cum
4148 5810 4202 5859 ct
4242 5801 4415 5859 sancti
4479 5798 4729 5871 apostoli,
4763 5800 4861 5870 qui
4908 5799 5164 5854 adversus
