2696 3291
2067 2 2339 27 πέτει-’⁵
2356 0 2372 4 ν

1412 0 2263 126 Μ
1986 39 1990 44 -
2007 39 2024 43 -
2048 35 2078 46 '2
2109 0 2364 60 i:=“;’
2385 30 2389 31 ⁷

1963 56 1988 74 ἰῇ
2008 56 2295 81 ...ξεκνη-

1672 86 1684 89 ν»
1754 91 1809 94 ,γέ
1833 84 1873 95 ..⁷
1916 84 1985 94 ..⁷
1993 83 2130 102 διδ-ιδγ
2170 90 2174 91 ν

207 122 210 123 ⁷
935 117 954 119 θ’
991 118 994 119 ν
1058 118 1063 119 γ
1167 116 1216 119 ιν-
1276 114 1327 120 .-
1349 114 1393 120 Δ
1820 107 1827 109 Α
1871 104 1891 107 νν
1915 102 1931 106 -ο
2020 103 2038 110 δ
2057 101 2066 111 .-
2099 104 2104 106 -

197 318 248 347 ΞΠ

200 379 286 402 totum
305 372 434 402 mundqu
449 371 558 400 fuerant
570 371 642 398 velut
658 371 684 397 iu
704 370 772 397 bella
790 369 927 403 congressi
938 388 945 399 ,
962 368 988 397 in
1006 372 1026 397 Α

200 418 280 454 hujus
292 418 386 454 gratia
398 417 487 445 studio
499 415 766 450 leganturexstitissc
779 413 905 440 solliciti?
922 411 987 437 Nam

199 465 221 491 si
237 464 329 491 liceret
347 462 418 494 aliis,
431 462 468 489 illi
487 461 639 496 potuissem
653 468 705 487 non
722 458 944 485 incom’cnienter
956 456 989 482 ab

199 509 250 536 hac
260 507 438 535 sollicitudine
450 506 542 534 feriari
557 516 562 532 :
576 506 620 540 qui
635 504 763 531 nimirum
775 508 800 530 ct
814 503 846 529 ad
859 510 989 536 spargen-

199 554 263 581 dum
279 560 355 581 πονε
372 552 433 581 ﬁdei
453 559 543 578 semen
563 551 669 582 intenti,
686 555 713 576 et
736 550 762 576 in
786 554 840 575 tam
857 548 990 574 acerrimo

198 604 295 627 contra
315 599 406 627 mundi
423 598 562 632 perﬁdiam
585 597 743 623 laborabant
763 595 909 622 certamine
928 602 991 619 (οη-

199 645 299 672 stituti.
316 643 369 671 Sed
383 643 472 670 nullus
486 642 683 677 persecutionis
702 641 778 668 labor
794 641 826 667 ab
839 640 991 665 exhibenda

199 687 329 715 fratribus
343 687 510 714 lmmanitatc
526 694 697 721 compescere
708 706 714 717 ,
734 686 805 712 nulla
823 684 991 719 prredicatio-

199 734 242 761 nis
251 734 377 760 instantia
389 733 475 767 potuit
483 740 530 760 eos
540 733 574 759 ab
585 732 762 766 impendenda
773 731 935 764 pauperibus
945 730 991 754 'ni-

199 778 344 805 serieordia
358 778 494 805 cohibere.
511 777 586 804 Unde
603 777 701 804 Paulus
722 777 754 803 ad
774 776 903 802 Galatas:
920 785 927 798 ι
943 774 993 800 Pc-

199 828 269 856 tms,
288 824 384 858 inquit,
399 828 427 850 et
440 822 565 854 Jacobus,
583 827 609 849 et
624 823 751 853 Joannes,
769 822 814 855 qui
832 821 993 847 videbantur

197 870 330 897 columna:
353 877 424 902 esse,
446 870 555 896 dextras
576 869 709 896 dederunt
724 868 789 893 mibi
802 888 808 897 ,
822 872 849 892 et
862 865 992 891 Bamalue

198 913 338 941 societatis
348 933 355 945 ,
368 919 396 939 ut
411 921 458 940 nos
473 912 720 947 evangelizaremus
735 912 761 937 in
775 911 899 945 gentibus
917 919 921 935 :
942 909 991 944 ipsi

198 963 290 985 autem
306 958 332 985 in
344 958 560 989 circumcisione,
574 962 678 983 tantum
696 961 723 982 ut
734 963 844 989 operum
858 961 992 980 memores

197 1009 341 1030 essemus:
361 1002 431 1037 quod
456 1003 536 1029 etiam
560 1002 691 1029 sollicitus
713 1001 750 1028 tui
775 1001 826 1027 hoc
848 1000 933 1033 ipsum
955 998 993 1024 r..-

197 1055 260 1075 cere
278 1046 378 1082 (σαιαι.
390 1048 431 1083 ιι).
449 1057 458 1074 ι
478 1048 518 1076 Ad
535 1047 689 1075 Corinthios
704 1053 811 1081 quoque
824 1045 908 1072 dicit:
923 1054 931 1070 ε
949 1044 988 1071 De
1004 1041 1026 1070 Β

198 1093 321 1121 collectis
335 1098 435 1126 autem,
458 1101 518 1128 quae
540 1094 608 1120 [lunt
620 1093 647 1120 in
663 1097 773 1119 sanctos
785 1091 855 1118 sicut
867 1090 991 1117 ordinavi

197 1137 328 1166 Eeeleslis
342 1138 464 1170 Galatia,
473 1139 510 1165 ita
521 1142 548 1165 et
558 1145 607 1165 vos
619 1137 700 1164 facite
710 1144 758 1171 per
769 1144 848 1163 unam
861 1134 972 1162 Sabbati
983 1144 989 1161 :

198 1183 383 1218 unusquisque
394 1187 513 1210 vestrum
526 1183 596 1218 apud
611 1190 640 1210 se
651 1186 742 1217 p0nat,
759 1180 909 1208 recondens
920 1179 992 1214 quos

197 1228 221 1255 ei
233 1228 303 1255 bene
317 1228 457 1262 placuerit,
481 1236 542 1255 cum
564 1233 654 1255 autem
679 1235 799 1263 prxesens
815 1227 902 1260 fuero,
925 1234 993 1261 quos

198 1271 380 1305 probaveritis
396 1279 444 1307 per
457 1272 595 1307 epistolas.
606 1273 656 1299 bos
677 1274 781 1299 mittam
796 1271 916 1307 perferre
927 1279 990 1307 gra-

199 1317 264 1343 tiam
293 1317 372 1344 istam
399 1318 425 1344 in
437 1317 584 1345 Jerusalem
606 1317 632 1352 (Ι
657 1317 719 1344 Cor.
741 1317 808 1352 xvi).
828 1326 837 1343 )
853 1316 993 1350 Tantaque

198 1361 290 1389 fuerat
303 1369 366 1397 erga
391 1369 524 1397 pauperes
546 1363 573 1390 in
592 1363 721 1397 apostolis
742 1362 900 1393 liberalitas,
921 1367 951 1388 ut
966 1362 992 1389 iu

199 1412 295 1432 eorum
307 1406 420 1433 Actibus
430 1406 534 1442 legatur
549 1416 555 1434 :
571 1417 580 1432 ε
594 1407 644 1441 Qui
659 1407 818 1442 frangebant
830 1407 912 1442 206
921 1407 993 1434 circa

200 1450 294 1477 domos
303 1458 396 1485 panes,
409 1456 437 1478 et
446 1452 587 1479 sumebant
601 1453 690 1479 eibum
703 1460 763 1479 cum
775 1452 955 1479 exsultatione
967 1456 995 1479 et

199 1495 373 1530 simplicitate
383 1497 472 1524 cordis
485 1496 671 1524 eollaudantes
688 1497 831 1524 Dominum
847 1497 915 1531 (Act.
933 1497 991 1531 ιι).›

198 1539 278 1567 Circa
294 1539 398 1572 domos,
418 1541 515 1576 inquit,
529 1549 582 1569 non
597 1542 668 1569 intra
679 1542 791 1573 domos;
807 1549 922 1575 quorum
939 1541 993 1568 sei-

199 1583 263 1612 licet
277 1585 389 1619 vestigia
410 1593 462 1612 non
477 1591 642 1621 sequuntur,
662 1586 709 1621 qui
733 1586 858 1621 pransuri
873 1585 994 1620 pessulos

198 1637 231 1657 ac
253 1631 380 1666 repagula
407 1630 509 1659 foribus
527 1631 626 1659 clausis
642 1631 785 1665 objiciunt,
811 1637 903 1659 vectes
925 1631 995 1659 seris

199 1674 342 1703 innectunt
358 1685 365 1703 :
380 1676 473 1709 sicque
494 1684 523 1704 se
538 1682 631 1704 contra
647 1684 780 1711 pauperes
796 1681 923 1711 tanquam
944 1678 993 1704 ad-

199 1725 294 1747 versus
309 1719 487 1748 circumfusas
503 1720 620 1748 hostium
637 1721 709 1749 acies
726 1722 754 1748 in
774 1721 913 1749 obsidione
930 1729 996 1756 pra:-
1010 1713 1032 1743 (ἶ

199 1765 338 1792 muniunt.

512 1810 628 1838 CAPUT
648 1812 680 1839 V.

232 1853 312 1886 Quod
330 1859 466 1888 peremunt
483 1854 651 1889 eleemosynis
664 1854 780 1890 ﬁliorum
800 1863 840 1882 res
855 1860 957 1883 cruat.

231 1897 372 1926 Gerardus
396 1903 470 1926 certe
487 1899 520 1926 de
542 1899 685 1931 Farvaldo,
709 1907 742 1927 ex
763 1899 902 1927 Ravenmc
917 1900 994 1928 urbis

197 1943 366 1977 primoribus
389 1943 450 1976 fuit,
465 1951 545 1978 quem
559 1946 708 1979 grandaevae
728 1944 783 1979 jam
801 1950 829 1973 et
851 1946 994 1980 persenilis

197 1988 286 2016 tetatis
308 1988 374 2016 olim
389 1989 519 2023 puerulus
541 1990 595 2017 vidi
609 1998 616 2016 :
631 1989 665 2017 de
680 1998 734 2025 quo
748 1991 874 2018 nimirum
897 1991 992 2018 referri

197 2031 358 2067 frequenter
370 2033 458 2060 audivi
478 2042 485 2060 :
500 2034 563 2068 quia
577 2042 637 2061 cum
651 2035 794 2069 aliquando
809 2035 922 2070 populus
936 2037 994 2062 ino-

197 2078 237 2112 pia
259 2078 409 2110 laboraret,
426 2078 493 2106 adeo
506 2083 534 2106 ut
552 2080 698 2107 nonnullos
707 2080 788 2107 etiam
805 2081 892 2107 valida
907 2080 993 2108 fames

197 2123 396 2158 exstingueret,
411 2123 455 2150 ille
471 2131 532 2151 eum
544 2132 702 2152 suecessura
719 2126 768 2152 sibi
786 2130 912 2160 nepotum
924 2134 992 2161 quo-

197 2175 246 2202 que
259 2169 316 2200 iam
331 2169 439 2196 soboles
452 2177 504 2197 non
518 2170 623 2198 deesset
635 2191 642 2204 ,
661 2171 760 2198 accisis
777 2171 897 2207 frugibus
909 2173 991 2199 etiam

197 2214 295 2247 pranlia
321 2214 452 2241 nonnulla
474 2215 613 2247 distraxit,
628 2219 655 2242 et
670 2216 797 2243 alimenta
814 2224 875 2252 quae
894 2217 990 2252 potuit,

198 2258 381 2294 indigentibus
403 2260 525 2293 erogavit
544 2267 551 2286 :
568 2260 625 2295 ipse
638 2268 746 2295 quoque
760 2266 823 2289 tunc
838 2262 991 2296 patentibus

197 2303 300 2332 foribus
315 2312 465 2340 pauperum
478 2305 591 2333 vallatus
608 2306 715 2340 agmine
726 2307 894 2339 comedebat,
910 2308 991 2335 cibis-

196 2357 247 2384 q'te
257 2351 429 2385 consumptis
444 2350 532 2378 adhuc
542 2351 676 2384 esuriens,
694 2359 756 2388 cum
767 2351 808 2379 vel
821 2352 883 2384 sibi,
900 2352 940 2379 vel
955 2352 988 2379 il-

198 2395 229 2424 lis
241 2397 306 2430 quid
325 2396 438 2423 adderet
466 2404 519 2424 non
540 2397 662 2428 haberet.
684 2405 777 2425 eorum
802 2399 990 2432 compassione

197 2439 355 2477 lacrymans
379 2440 460 2468 ﬂebat
490 2449 497 2468 :
521 2443 598 2477 cujus
624 2443 757 2478 hodieque
782 2444 924 2478 progenies
946 2444 991 2471 di—

197 2485 268 2513 rdiis
284 2485 377 2518 ﬂoret,
402 2490 430 2513 et
451 2485 539 2521 plura,
557 2495 638 2522 quam
659 2488 730 2515 avita
744 2487 847 2516 fuerint
861 2489 991 2523 patrimo-

197 2529 250 2561 nia,
262 2530 399 2564 possidet.

230 2575 406 2603 Waldericus
419 2581 561 2612 praeterea.
575 2578 620 2613 qui
633 2578 696 2606 dum
710 2580 990 2609 adversushcreticos

197 2618 350 2652 dimicaret.
362 2621 475 2656 insignis
485 2622 597 2651 effectus
607 2629 649 2652 est
659 2629 773 2661 martyr,
789 2627 859 2654 sicut
869 2627 990 2655 Andreas

198 2666 360 2693 venerabilis
376 2665 528 2700 Spoletana:
546 2668 673 2698 Ecclesia:
694 2671 772 2698 nobis
784 2672 928 2707 cpiscopus
949 2680 992 2700 re-

198 2707 268 2741 tulit,
283 2709 350 2736 dum
369 2710 514 2744 aliquando
527 2712 636 2741 domum
650 2715 746 2743 matris
767 2716 904 2749 inviseret,
927 2725 994 2752 pau-

198 2752 334 2785 pereulum
352 2754 496 2787 quemdam
509 2762 565 2790 pra:
582 2756 685 2785 foribus
700 2759 809 2794 reperit,
824 2760 869 2795 qui
882 2768 910 2788 se
928 2769 992 2788 con-

198 2797 364 2830 querebatur
379 2798 524 2827 herbarqu
541 2801 698 2830 fasciculum
711 2804 862 2840 collegisse,
879 2807 925 2833 sed
937 2807 989 2838 sal,

199 2843 265 2870 unde
285 2844 460 2879 pulmentum
475 2845 540 2874 illud
555 2849 688 2881 condiret,
706 2851 740 2878 ab
753 2853 848 2879 eadem
866 2858 988 2881 matrona

199 2888 337 2923 percipere
358 2889 515 2918 nullatenus
530 2893 658 2927 potuisse.
678 2895 801 2930 Cumque
814 2897 857 2923 vir
878 2904 990 2926 sanctus

200 2937 348 2961 maternum
358 2934 500 2968 ingressus
510 2936 666 2971 hospitium,
679 2939 875 2974 aliquantulum
886 2942 950 2969 sa'is
963 2943 988 2970 in

200 2979 305 3024 rusculo
317 2980 481 3016 reperiSs'et,
494 2982 668 3012 vehementer
681 2985 776 3020 iratus,
793 2994 841 3015 vas
857 2995 918 3016 cum
932 2985 989 3016 sale

1007 2383 1032 2413 ι)

748 313 869 342 οιτυεο.
890 311 978 339 ΙΧ.-
994 311 1038 339 DE
1058 310 1297 339 ELEETthSYNA.

1782 304 1837 334 218

1042 367 1183 399 corripuit,
1199 371 1226 391 et
1243 373 1290 399 per
1302 367 1417 399 plateam
1429 363 1462 389 ad
1475 362 1569 389 matris
1590 360 1716 395 injuriam
1731 360 1832 394 sparsit

1041 412 1132 438 dicens
1150 420 1155 436 :
1173 411 1237 436 illud
1260 418 1312 436 non
1336 409 1434 436 debere
1455 407 1559 434 comedi
1592 413 1703 441 prorsus
1723 413 1737 431 a
1757 404 1839 431 Chri-

1041 459 1140 487 stiano,
1155 457 1224 491 quod
1240 465 1286 490 per
1299 456 1441 481 avaritiam
1458 459 1583 488 negatum
1598 459 1638 478 est
1653 451 1770 478 Christo.
1784 450 1838 478 Sed

1041 503 1119 537 paulo
1135 507 1193 536 post
1208 503 1277 528 diem
1297 509 1353 531 vas,
1369 500 1439 534 quod
1457 502 1613 532 reposuerat
1627 504 1754 527 vacuum,
1784 503 1838 522 non

1041 550 1099 575 sine
1115 554 1223 582 stupore
1236 547 1366 577 miraculi,
1384 546 1439 572 sale
1456 550 1591 579 repertum
1609 548 1650 570 est
1666 543 1783 577 plenum.

1078 594 1240 620 Maiufrcdns
1259 601 1365 627 quoque
1392 591 1523 621 marcbio,
1541 591 1585 623 qui
1603 590 1628 615 in
1645 589 1745 615 ultimis
1761 588 1840 623 Ligu-

1044 642 1089 668 ri;e
1104 641 1269 675 principatus
1283 645 1325 665 est
1344 639 1452 668 ﬁnibus,
1466 636 1666 663 ferventissimo
1678 642 1738 661 eum
1755 640 1841 660 uxore

1043 696 1089 714 sua
1116 688 1204 713 studio
1236 687 1261 712 in
1288 684 1486 711 sustentatione
1506 689 1653 717 pauperum
1672 680 1790 707 claruit:
1808 679 1843 705 de

1044 741 1096 766 quo
1113 732 1238 758 nimirum
1256 732 1264 763 (
1280 735 1309 755 ut
1322 735 1419 756 (uetera
1434 728 1549 756 taceam)
1565 727 1628 753 illud
1646 733 1729 752 unum
1741 723 1842 751 celebri

1044 776 1109 801 solet
1128 774 1247 800 redolere
1264 772 1394 798 memoria
1415 780 1420 796 :
1446 777 1572 804 quoniam
1588 771 1613 795 in
1627 769 1684 802 ipso
1699 774 1843 795 sacrosan-

1045 827 1095 848 ctae
1111 819 1328 846 Resurrcctionis
1350 818 1397 843 die
1420 812 1489 843 cum
1508 816 1603 842 domus
1628 814 1686 847 ejus
1705 813 1797 840 aulzeis
1811 820 1844 840 ac

1044 866 1172 894 bialbinis
1187 865 1327 891 ornatibus
1341 868 1468 896 tanquam
1479 861 1566 895 regale
1579 860 1708 893 palatium
1722 858 1844 893 resplen-

1046 913 1121 937 tleret
1135 931 1141 941 ,
1158 910 1257 943 copiosi
1274 912 1395 941 sumptus
1412 907 1550 932 allluerent
1562 925 1568 935 ,
1586 912 1702 938 eumque
1717 911 1768 929 non
1786 910 1844 929 mo-

1045 952 1104 982 dica
1119 955 1322 981 candidatorum
1348 953 1425 978 turba
1446 950 1584 977 clientium
1609 949 1787 982 constiparct,
1803 948 1845 974 in-

1046 1002 1113 1029 strui
1138 1000 1279 1035 inagnii‘icc
1301 998 1453 1025 convivium
1480 996 1555 1027 fecit,
1583 1000 1609 1021 et
1636 994 1769 1021 ordinatis
1795 1000 1846 1028 per

1040 1052 1136 1073 omnes
1157 1051 1267 1071 mensas
1281 1041 1407 1077 diligenti
1429 1048 1494 1068 cura
1518 1039 1696 1075 pauperibus,
1711 1038 1769 1073 ipse
1782 1044 1844 1064 cum

1042 1091 1101 1119 suis
1117 1090 1205 1118 servis
1224 1089 1331 1124 dapil'er
1345 1086 1512 1115 ministravit
1529 1095 1536 1112 :
1555 1085 1655 1120 quibus
1679 1083 1846 1111 suilieieuter

1043 1136 1170 1172 impletis,
1189 1136 1246 1170 ipse
1257 1142 1318 1162 cum
1330 1134 1388 1161 suis
1400 1132 1471 1168 quod
1486 1132 1576 1159 cibum
1591 1130 1728 1158 residuum
1745 1128 1844 1160 fuerat.

1042 1182 1119 1216 quasi
1132 1180 1254 1216 privatus
1267 1179 1391 1213 accepit:
1407 1183 1437 1205 ut
1454 1176 1596 1204 Paschalis
1617 1176 1662 1203 illa
1687 1174 1847 1202 solemnitas

1044 1227 1070 1254 in
1085 1224 1250 1260 pauperibus
1264 1224 1439 1255 enitesceret,
1468 1221 1695 1257 patremfamilias
1718 1227 1784 1247 vero
1798 1218 1846 1246 do-

1043 1278 1104 1297 mus
1126 1270 1230 1304 privata
1252 1267 1364 1296 refectio
1379 1270 1555 1294 sustentaret.
1575 1266 1612 1292 De
1628 1272 1682 1299 quo
1702 1264 1784 1291 etiam
1801 1263 1847 1290 vir

1043 1315 1104 1348 Dei,
1135 1314 1266 1342 Dominus
1294 1320 1370 1340 meus
1390 1311 1445 1340 Leo
1469 1310 1631 1339 venerabilis
1653 1315 1782 1341 eremita,
1799 1308 1846 1343 qui

1043 1368 1093 1395 per
1118 1360 1275 1387 continuum
1301 1359 1359 1393 jam
1388 1357 1445 1384 fere
1473 1355 1627 1383 viecnuium
1645 1355 1672 1381 in
1691 1354 1785 1381 cellula
1801 1361 1846 1380 re-

1044 1405 1136 1433 clusus
1157 1404 1270 1435 audivit,
1296 1404 1347 1430 hoe
1371 1402 1477 1437 insigne
1493 1400 1630 1436 perhibuit
1646 1408 1652 1426 :
1666 1407 1728 1434 quua
1743 1407 1803 1426 cum
1818 1399 1846 1425 in

1045 1450 1150 1485 pnefati
1167 1448 1336 1477 marchionis
1357 1447 1527 1481 eremo'ipse
1539 1445 1620 1480 207
1632 1453 1694 1472 eum
1710 1444 1847 1472 nonnullis

1045 1496 1174 1523 fratribus
1187 1494 1333 1524 habitaret,
1346 1493 1417 1520 hanc
1426 1491 1535 1519 sibimet
1552 1491 1638 1525 legem
1650 1497 1719 1517 uxor
1734 1488 1791 1523 ejus
1806 1489 1848 1515 in-

1046 1540 1162 1571 dixerat,
1180 1543 1209 1565 ut
1234 1538 1416 1573 quodcunque
1440 1535 1491 1562 sibi
1507 1535 1693 1562 necessarium
1719 1533 1847 1561 eremita-

1047 1593 1108 1612 rum
1133 1584 1244 1611 nuntius
1259 1587 1374 1618 peteret,
1392 1589 1448 1616 .psa
1471 1580 1595 1615 protinus
1606 1584 1685 1606 aucto
1697 1578 1790 1606 fenore
1800 1584 1847 1613 ge-

1046 1630 1163 1657 minaret
1181 1628 1328 1655 :vidclicet
1346 1634 1408 1654 eum
1432 1626 1483 1653 iste
1506 1625 1626 1659 quinque
1647 1623 1772 1651 fortassis
1789 1623 1847 1650 esi-

1045 1679 1123 1709 geret
1137 1674 1247 1705 solidos,
1272 1673 1317 1700 illa
1333 1673 1427 1699 decem
1448 1670 1565 1698 traderet
1584 1679 1589 1696 :
1605 1677 1666 1696 cum
1679 1669 1729 1696 iste
1741 1669 1844 1699 decem,

1048 1721 1093 1748 illa
1105 1720 1198 1755 viginti
1211 1719 1340 1746 continuo
1354 1721 1521 1745 numeraret.
1537 1716 1589 1743 Sed
1600 1716 1731 1750 quoniam
1744 1713 1846 1742 oblitus

1046 1773 1119 1799 sum,
1135 1765 1228 1792 dubito
1242 1769 1328 1796 certe,
1344 1771 1378 1790 an
1395 1764 1446 1790 hoe
1461 1762 1560 1797 ipsum,
1572 1766 1599 1788 et
1615 1761 1678 1788 alibi
1693 1760 1763 1788 forte
1776 1768 1845 1788 cun-

1046 1810 1213 1845 scripserim.
1230 1809 1425 1836 Verumtamen
1438 1808 1510 1842 quod
1523 1807 1710 1835 aedificationis
1722 1811 1775 1839 est,
1789 1813 1845 1833 me-

1045 1855 1098 1882 lius
1108 1860 1149 1882 est
1161 1854 1338 1881 relationibus
1352 1853 1456 1885 iterari,
1468 1860 1549 1887 quam
1564 1860 1612 1887 per
1625 1852 1760 1879 silentium
1775 1850 1845 1877 obli-

1045 1901 1125 1927 vione
1138 1900 1230 1927 deleri.
1248 1899 1315 1926 Cum
1326 1898 1426 1933 itaque
1449 1902 1504 1924 tam
1526 1900 1617 1932 largus
1638 1897 1671 1923 ad
1691 1896 1845 1932 erogandae

1045 1946 1230 1981 indigentibus
1245 1946 1330 1979 stipes
1342 1944 1490 1976 exstiterit,
1502 1951 1563 1970 eum
1578 1950 1636 1975 sex,
1654 1944 1711 1970 sive
1728 1947 1844 1976 septem,

1045 1993 1066 2020 si
1081 1992 1132 2019 rite
1145 1996 1234 2022 teneo,
1250 1999 1302 2017 non
1318 1990 1429 2017 minima
1443 1989 1607 2016 monasteria
1623 1988 1648 2015 in
1663 1988 1764 2023 proprii
1774 1987 1845 2021 juris

1044 2037 1215 2072 possessione
1229 2034 1390 2063 condiderit.
1407 2033 1515 2068 praediis
1536 2038 1563 2060 et
1590 2032 1760 2060 ornamentis
1782 2040 1844 2059 unt-

1044 2082 1123 2109 uitlea
1147 2080 1311 2108 liberalitate
1330 2079 1467 2111 ditaverit,
1483 2078 1602 2112 nunquid
1621 2083 1771 2112 propterea
1791 2077 1844 2105 sibi

1043 2127 1187 2163 progenies
1205 2133 1289 2160 egena
1311 2124 1484 2151 succeditur?
1506 2124 1595 2150 Absit.
1621 2124 1750 2150 Videmus
1769 2123 1842 2150 enim

1043 2177 1155 2206 nepotes
1176 2170 1234 2205 ejus
1254 2170 1384 2196 miranda:
1402 2169 1506 2195 scilicet
1524 2168 1620 2195 indolis
1641 2176 1738 2203 pueros
1757 2168 1844 2195 maxi-

1044 2223 1115 2243 mam
1143 2220 1248 2250 parlem
1275 2215 1358 2242 etiam
1385 2214 1461 2248 regni
1489 2213 1653 2248 Burguudite
1679 2213 1841 2248 possidere:

1042 2268 1157 2296 quorum
1181 2260 1291 2294 insuper
1318 2267 1397 2286 soror
1424 2259 1581 2293 imperatori
1606 2263 1699 2285 nostro
1723 2258 1844 2292 sponsali

1041 2306 1213 2341 cognoscitur
1225 2305 1286 2339 jure
1299 2305 1402 2331 dotata.
1418 2304 1473 2332 Cur
1489 2311 1555 2339 ergo
1569 2303 1696 2330 timemus
1712 2304 1766 2330 Deo
1781 2304 1844 2331 red-

1043 2353 1138 2380 hibere
1155 2352 1227 2387 quod
1242 2350 1376 2383 contulit,
1390 2351 1462 2386 quod
1475 2355 1501 2378 et
1517 2350 1544 2377 in
1557 2351 1610 2378 hac
1623 2351 1679 2378 vita
1694 2350 1783 2383 nobis,
1799 2350 1843 2378 vel

1044 2398 1144 2426 nostris
1158 2396 1311 2425 hatredibus
1324 2395 1488 2427 restituitur,
1501 2400 1528 2423 et
1539 2395 1566 2423 in
1577 2395 1622 2423 illa
1634 2395 1755 2423 caelestis
1766 2396 1842 2430 regni

1041 2442 1126 2478 gloria
1159 2442 1210 2469 sub
1241 2441 1335 2469 fenore
1358 2441 1544 2475 multiplicatae
1575 2439 1764 2468 retributionis
1794 2447 1843 2468 au-

1041 2492 1119 2523 getur
1128 2487 1140 2514 ἲ

1352 2532 1468 2561 CAPUT
1487 2531 1530 2560 Vl.

1043 2579 1125 2613 Quod
1134 2580 1260 2608 bonorum
1275 2580 1458 2642 temporalium
1473 2580 1605 2617 (ιπικεηιὶα
1625 2588 1659 2608 ιτ
1677 2579 1842 2615 elemosyna

1048 2635 1051 2640 .
1385 2623 1441 2642 ana
1456 2619 1497 2642 u‘r.

1385 2619 1497 2642 oriatu‘r.

1077 2668 1134 2696 Hoc
1148 2669 1231 2696 etiam
1244 2676 1323 2697 nosse
1339 2676 1428 2704 operae
1447 2670 1564 2704 pretium
1580 2670 1690 2705 deputo,
1708 2670 1779 2704 quod
1792 2670 1842 2697 Be-

1042 2715 1139 2742 rardus
1166 2715 1297 2747 mat-chio,
1325 2716 1369 2750 qui
1392 2716 1479 2743 homo
1501 2715 1646 2744 defunctus
1672 2720 1724 2748 est,
1742 2716 1841 2745 smoius

1043 2759 1197 2787 referebat:
1216 2761 1307 2788 aiebat
1319 2760 1403 2792 eiiim,
1427 2761 1489 2795 quia
1512 2762 1556 2788 vir
1574 2761 1683 2796 quidam
1701 2761 1726 2788 in
1742 2759 1841 2788 Tettio-

1043 2813 1107 2832 num
1129 2805 1238 2837 ﬁnibus,
1265 2806 1336 2833 unde
1363 2806 1485 2833 videlicet
1503 2807 1560 2841 ipse
1578 2814 1686 2842 quoque
1707 2805 1840 2833 oriundus

1043 2851 1202 2881 exstiterat,
1217 2852 1348 2885 optiuunu
1373 2852 1475 2887 proprii
1486 2852 1555 2887 juris
1575 2852 1705 2887 przcdiutn
1719 2852 1840 2879 diverso-

1043 2903 1158 2930 rumque
1181 2901 1360 2931 proventuum
1392 2897 1479 2932 copiis
1502 2898 1644 2925 all'luentcr
1671 2897 1838 2925 uberrimum

1043 2941 1215 2975 possidebat;
1233 2941 1352 2970 habebat
1369 2947 1461 2970 autem
1483 2943 1625 2970 duodecim
1645 2943 1715 2971 filios
1732 2952 1739 2970 :
1757 2946 1839 2978 coepit

1045 2986 1149 3015 interea
1171 2988 1300 3023 cogitare,
1328 2989 1393 3024 quid
1417 2993 1477 3025 post
1504 2990 1563 3025 ejus
1585 2990 1689 3018 obitum
1711 2989 1800 3024 fleret,
1814 2989 1836 3018 ί
