5392 6586
218 5964 223 6021 i

388 622 482 676 ιω
1382 606 1647 665 λοιδυεε.
1695 605 1759 661 x.
1791 633 1859 644 -
1887 603 1973 657 ni:
2010 598 2214 656 nouis
2254 596 2639 654 CANONICIS.

392 731 733 801 postmodum
783 727 983 799 pneliis
1027 723 1253 780 Carolus
1284 731 1559 791 superam
1581 759 1597 785 ,
1628 732 1859 786 eumque
1888 731 1976 785 po-
2006 720 2053 777 Α

391 831 591 877 struao
621 828 839 887 captum
866 817 1037 869 victor
1060 811 1314 867 obtinuit.
1352 808 1659 878 Aliquando
1688 822 1821 859 sane
1849 806 1975 857 dum

391 910 614 967 Carolus
645 911 786 963 idem
815 905 1049 967 excelsa,
1084 912 1145 957 ut
1178 902 1397 964 assolet,
1431 899 1825 953 inthrouizatus
1852 911 1979 948 arce

394 1001 773 1059 disemnberet,
812 1010 1074 1066 pauperes
1104 1007 1255 1055 vero,
1295 1006 1431 1059 quos
1470 988 1661 1047 alebat,
1703 986 1978 1039 solutenus

394 1088 700 1156 ignobiliter
731 1087 1056 1145 residerent,
1090 1097 1180 1136 rex
1211 1081 1301 1150 qui
1333 1089 1540 1134 remota
1570 1077 1752 1146 procul
1784 1078 1849 1129 ab
1879 1076 1979 1128 im-

391 1188 638 1247 peratore
668 1192 849 1231 mensa
882 1174 1209 1243 prandebat,
1244 1172 1370 1227 talia
1399 1186 1494 1239 per
1526 1170 1768 1223 mmliuni
1803 1167 1973 1235 l:-gata

390 1269 585 1321 .lirexit
613 1283 628 1321 :
663 1265 793 1317 Dum
821 1273 1022 1324 vester,
1050 1262 1243 1329 inquit,
1272 1258 1521 1314 Christus
1549 1273 1667 1310 sese
1698 1256 1978 1325 perhibent
2008 1264 2011 1267 '

296 1384 303 1391 -
388 1360 440 1412 in
475 1357 797 1426 pauperibus
831 1355 993 1423 recipi
1020 1394 1033 1411 ,
1066 1368 1170 1421 qua
1214 1351 1391 1405 fronte
1422 1347 1758 1417 persuadctis
1792 1356 1973 1401 nostra

385 1446 487 1500 sibi
520 1444 655 1498 colla
687 1442 925 1497 submitti
946 1481 959 1505 ,
1007 1455 1165 1509 quem
1212 1454 1307 1492 vos
1357 1438 1428 1491 ita
1474 1436 1749 1504 despicitis
1772 1475 1785 1497 ,
1818 1435 1976 1502 eique

384 1534 591 1589 nullam
614 1532 835 1587 honoris
867 1531 1223 1585 reverentiam
1254 1528 1561 1582 exhibetis?
1584 1528 1665 1579 Ad
1695 1525 1837 1593 quod
1876 1526 1975 1578 im-

382 1634 608 1692 perator
633 1623 795 1677 corde
841 1630 1195 1689 compunctus
1222 1620 1440 1675 erubuit
1469 1638 1481 1671 :
1516 1629 1571 1672 et
1602 1633 1667 1672 ex
1712 1632 1806 1670 ore
1846 1633 1976 1685 gen-

386 1716 497 1770 tilis
542 1713 773 1768 hominis
818 1711 1179 1777 evangelicam
1212 1710 1428 1778 prodire
1457 1707 1781 1763 sententiain
1813 1706 1977 1759 vehe-

385 1818 598 1859 menter
624 1802 853 1871 expavit.
887 1801 976 1854 Ait
1002 1802 1144 1854 enim
1196 1800 1454 1853 Dominus
1484 1814 1497 1851 :
1533 1817 1554 1849 ι
1586 1798 1737 1865 Quod
1772 1798 1861 1850 uni
1906 1813 1973 1850 ex

384 1894 627 1949 minimis
670 1893 805 1947 meis
842 1891 1076 1956 fecistis,
1114 1891 1244 1945 mihi
1275 1890 1483 1944 fecistis
1512 1890 1728 1960 (Matth.
1767 1890 1913 1955 xxv).
1948 1907 1967 1940 ι

382 1985 624 2039 laetatus
650 1998 778 2053 ergo
809 1998 901 2036 rex
941 1982 1065 2035 dum
1098 1997 1126 2035 a
1164 1981 1253 2034 tali
1304 1991 1585 2049 correptus
1609 2022 1625 2047 ,
1665 1989 1849 2049 utpote
1879 1980 1973 2048 qui

383 2072 614 2126 necdum
661 2071 781 2124 ﬁdei
816 2071 1117 2125 rudimenta
1148 2080 1485 2139 perceperat,
1530 2070 1643 2139 jam
1684 2070 1807 2123 ﬁdei
1856 2068 1973 2123 fru-
2008 2083 2049 2141 Β

381 2171 564 2223 etum,
603 2159 983 2213 misericordiae
1012 2160 1220 2214 scilicet
1252 2175 1415 2228 opera
1445 2160 1791 2229 pnedicabat.

446 2253 586 2307 Illud
620 2262 878 2321 pneterca
910 2267 1253 2321 smmnopere
1280 2253 1570 2307 uotamlum
1596 2262 1699 2315 est,
1730 2252 1854 2321 quia
1882 2267 1977 2321 pe-

384 2344 476 2398 des
511 2343 695 2396 lavare
726 2343 1049 2412 pauperibus
1089 2343 1504 2396 saluberrimum
1542 2353 1643 2397 est.
1680 2343 1826 2397 Unde
1873 2344 1974 2397 Do-

381 2436 560 2490 minus
587 2436 663 2489 ait
690 2435 969 2503 discipulis
1000 2451 1013 2487 :
1050 2452 1067 2485 ι
1100 2433 1153 2488 Si
1183 2451 1311 2504 ergo
1348 2435 1607 2488 Dominus
1635 2446 1688 2488 ct
1718 2436 1973 2503 magister

382 2535 561 2579 vester
606 2526 709 2577 lavi
755 2526 906 2578 vobis
950 2526 1147 2593 pedes,
1191 2536 1394 2592 quanto
1426 2528 1595 2594 magis
1628 2541 1722 2579 vos
1766 2526 1973 2578 debetis

380 2618 510 2671 alter
533 2617 763 2671 alterius
789 2617 969 2669 lavare
1001 2616 1201 2684 pedes?
1248 2636 1266 2667 ι
1297 2616 1475 2675 (Joan.
1510 2618 1647 2681 xm.)
1683 2616 1746 2668 lit
1783 2626 1839 2667 ut
1871 2616 1972 2670 hoc

380 2710 697 2763 mandatum
730 2708 950 2760 lirmiori
997 2706 1173 2761 adhuc
1210 2708 1529 2761 auctoritate
1570 2715 1850 2759 statueret.
1881 2720 1973 2758 eo-

379 2814 607 2866 rumque
645 2798 913 2853 mentibus
956 2799 1055 2850 hoc
1098 2799 1303 2849 arctius
1354 2796 1684 2856 inculcaret,
1726 2795 1968 2863 adjecit:

384 2906 400 2937 ι
432 2886 752 2956 Exemplum
782 2888 927 2939 enim
954 2887 1072 2939 dedi
1107 2887 1278 2949 vobis,
1310 2896 1367 2938 ut
1390 2886 1846 2953 (piemadmodum
1872 2900 1971 2953 ego

378 2974 511 3039 feci,
560 2977 641 3029 ita
687 2985 740 3029 et
780 2990 873 3028 vos
922 2976 1083 3043 210
1130 2975 1342 3029 faciatis
1382 2975 1593 3045 (Ibid).
1629 2995 1646 3025 ι
1686 2974 1817 3027 Nam
1847 2990 1968 3028 cum

374 3080 673 3133 pauperum
719 3065 882 3134 pedes
920 3065 969 3116 in
1017 3064 1131 3131 ejus
1161 3065 1250 3132 qui
1285 3066 1537 3133 praecepit
1573 3065 1858 3119 devotione
1891 3064 1967 3117 la-

374 3166 586 3221 vantur,
622 3156 855 3207 lavantis
884 3155 1123 3223 profecto
1159 3168 1215 3209 et
1245 3157 1423 3209 anima
1450 3156 1609 3210 simul
1638 3169 1687 3210 et
1716 3171 1913 3224 corpus
1938 3172 1969 3209 ιι

372 3246 611 3311 peccatis.
664 3244 917 3296 abluitur.
969 3244 1121 3299 Unde
1165 3253 1218 3299 et
1262 3244 1456 3299 l’etrus
1500 3246 1577 3299 ait
1622 3264 1633 3297 :
1672 3264 1688 3296 ι
1721 3246 1967 3309 llmniue,

371 3348 473 3385 non
506 3344 725 3388 tantum
768 3336 928 3403 pedes
966 3350 1112 3389 meos
1138 3375 1152 3399 ,
1206 3336 1298 3390 sed
1346 3345 1400 3390 et
1451 3351 1674 3401 manus,
1718 3346 1773 3390 et
1808 3346 1970 3405 caput

4263 1 4296 8 η.

2607 125 2624 132 -μ
2988 114 2995 119 β
3016 114 3021 117 ι
3046 128 3051 131 ι

2003 161 2016 164 -
2199 149 2278 174 --“““
2303 153 2326 174 ἰ..
2349 157 2428 172 ...ιι-
2452 146 2745 175 ιπτῌῂψ⁴⁴“”--
2774 146 2899 167 .51.»:-
3036 156 3049 157 ί
3110 150 3175 171 ήν’ν

1999 185 2064 200 --ςικ
2093 183 2169 204 ,κ’-’-
2234 188 2251 197 .ι
2320 188 2383 203 ιπηλιι
2468 186 2559 205 _;:—,"
2624 184 2661 197 κά
2732 184 2763 199 .1
2788 178 2899 185 Aﬁ-‘H
2932 176 2939 181 S
2976 176 2985 177 ί

212 213 218 220 .
269 219 272 224 ,
1887 209 1894 212 .
1995 207 2060 214 --.-.
2411 209 2414 212 .
2469 219 2474 222 _
2489 215 2508 224 _
2727 217 2740 224 ρ
2767 209 2772 212 ,
2940 212 2951 215 τ
3028 206 3039 207 γ
3064 204 3069 209 ι
3154 206 3161 207 κ
3192 204 3257 227 η
3338 218 3347 221 τ
3434 212 3439 213 γ
3686 208 3689 209 ν

211 229 214 232 ~
321 225 325 229 ’
1471 243 1552 246 ———
1567 241 1622 248 -ιι-
1653 239 1811 250 -ι-ι--ι-
1849 231 1926 252 ⁷-
2205 239 2266 252 -
2317 235 2446 254 ῃ
2475 225 2514 250 τ’.
2537 219 2712 254 duit“-
3336 222 3343 223 ,
3596 226 3607 229 ι
3674 222 3683 227 ι
3748 230 3751 231 7
3776 228 3779 229 ν
3920 224 3925 225 7
4118 226 4123 227 7

3127 255 3130 258 .
3372 256 3827 263 emmv-‘__n4._.__
3882 262 3897 265 τ
3920 262 3991 265 mw.
4024 260 4093 265 πί.-

3572 588 3685 646 923

2666 712 2896 769 CAPUT
2939 712 3071 769 Vill.

2610 825 2755 879 Laus
2794 826 3155 894 eleemosyme.

2153 937 2197 993 Ο
2230 937 2401 991 virtus
2432 951 2819 1005 e.eemos_vn:e,
2849 950 2968 1004 quae
3014 937 3158 988 velut
3202 933 3463 986 fluentum
3513 930 3681 987 fontis

2082 1029 2308 1097 irrigui,
2355 1037 2410 1081 et
2458 1038 2806 1096 peccatorum
2860 1025 3269 1095 inquinamenta
3319 1023 3589 1091 detergis,
3630 1030 3686 1076 et

2080 1122 2425 1173 :estuantium
2470 1119 2727 1171 vitiorum
2780 1117 3028 1170 flammas
3076 1113 3413 1183 exstinguis?
3462 1113 3507 1167 Ο
3552 1112 3683 1165 felix

2079 1210 2417 1279 cleemosyna
2445 1249 2459 1271 ,
2492 1224 2611 1275 qute
2640 1208 2704 1261 de
2746 1208 3008 1276 gehennre
3038 1203 3297 1258 barathro
3335 1202 3684 1257 tenebrarum

2080 1298 2216 1351 ﬁlios
2247 1299 2510 1357 cxtrahis,
2536 1308 2590 1350 et
2615 1313 2642 1349 a
2667 1298 2901 1364 loptatos
2928 1294 3029 1349 luci
3058 1303 3333 1363 perpetuae
3364 1293 3547 1360 regnis
3573 1306 3685 1346 coa-

2081 1388 2305 1441 lestibus
2332 1388 2661 1440 introducis!
2706 1386 2782 1439 Tu
2816 1388 2881 1439 de
2910 1386 3164 1439 manibus
3202 1398 3502 1453 pauperum
3530 1381 3683 1435 volas

2078 1477 2132 1530 in
2161 1478 2355 1531 caelum
2376 1518 2390 1541 ,
2431 1487 2485 1530 et
2517 1476 2623 1529 illic
2656 1477 2760 1530 tuis
2796 1475 3132 1529 amatoribus
3168 1490 3330 1543 paras
3361 1472 3680 1543 hOSpitinm.

2080 1569 2135 1623 Si
2169 1570 2350 1621 vinum
2395 1582 2487 1630 es,
2531 1584 2637 1621 non
2670 1567 2981 1629 coacescis;
3018 1566 3061 1620 si
3111 1566 3287 1634 panis,
3336 1579 3440 1618 non
3474 1562 3683 1618 emittis

2080 1675 2389 1721 mucorem;
2423 1660 2465 1711 si
2499 1673 2652 1720 caro,
2681 1656 2763 1710 vel
2798 1657 2982 1724 piscis,
3016 1672 3122 1709 non
3152 1655 3381 1709 verteris
3412 1654 3464 1707 in
3494 1663 3683 1722 putre-

2077 1748 2291 1811 dinem;
2332 1748 2375 1800 si
2410 1746 2578 1800 vestis
2624 1755 2909 1814 praeterea,
2961 1745 3167 1797 nullam
3209 1743 3487 1796 contrahis
3530 1751 3685 1793 vetu-

2078 1849 2275 1892 statem
2311 1856 2322 1889 :
2359 1853 2549 1891 recens
2572 1836 2772 1906 jugiter
2801 1836 3038 1889 servaris
3065 1844 3118 1888 et
3164 1848 3323 1896 nova,
3355 1841 3409 1887 et
3457 1846 3581 1885 mox
3624 1842 3682 1886 ιιι

2080 1938 2203 1980 tuus
2228 1926 2438 1979 oblator
2466 1926 2691 1989 obierit,
2732 1926 2798 1977 ad
2842 1941 2963 1978 eum
3017 1923 3159 1977 illico
3207 1921 3565 1991 multiplicata
3597 1937 3684 1975 re-

2079 2020 2328 2073 verteris.
2372 2018 2453 2072 Tu
2503 2018 2568 2071 de
2605 2017 2915 2085 jacentibus
2959 2018 3060 2072 sub
3088 2016 3380 2070 criminum
3428 2014 3684 2081 squalore

2078 2109 2432 2177 conspicuos;
2470 2118 2522 2161 tu
2556 2108 2622 2162 de
2655 2107 3059 2161 damnabilihus
3086 2116 3324 2170 sanctos,
3354 2113 3410 2157 tu
3443 2104 3577 2157 facis
3617 2103 3684 2156 de

2076 2201 2367 2270 gentilibus
2390 2201 2751 2255 Christianos.
2782 2199 2934 2266 Quod
2963 2200 3218 2252 nimirum
3239 2198 3521 2253 Cornelius
3552 2211 3681 2266 pro-

2075 2290 2187 2352 bat,
2218 2290 2372 2357 cujus
2402 2293 2761 2359 eleemosyiue
2792 2289 2859 2343 ad
2886 2289 3055 2343 divini
3100 2297 3425 2356 conspectus
3465 2286 3683 2341 culmen

2076 2383 2433 2436 ascenderant
2467 2383 2605 2452 (Act.
2640 2381 2717 2451 Χ).

2146 2496 2189 2548 Ο
2220 2497 2369 2547 dives
2400 2497 2742 2567 elcemosyna
2762 2537 2775 2556 ,
2808 2510 2928 2565 qua:
2957 2495 3063 2549 tuis
3092 2504 3431 2548 amatorinns
3469 2504 3683 2561 premes

2074 2588 2442 2641 hzrreditatem
2475 2587 2979 2640 immarcescibilem
3004 2627 3017 2649 ,
3049 2595 3097 2638 et
3134 2584 3375 2637 ctelestis
3410 2582 3574 2636 curia;
3603 2583 3684 2635 di-

2075 2679 2365 2747 gnitatem!
2405 2677 2448 2731 Ο
2480 2678 2725 2730 miranda
2760 2675 3147 2730 misericordiae
3172 2674 3368 2735 virtus,
3403 2688 3523 2741 quae
3554 2687 3683 2740 pec-

2074 2778 2318 2822 catorum
2347 2768 2587 2842 omnium
2620 2766 2924 2835 rubiginem
2959 2773 3184 2833 purgat,
3216 2764 3561 2817 frementium
3594 2762 3680 2816 vi-

2077 2860 2272 2913 tiorum
2312 2859 2660 2913 incitamenta
2693 2858 2986 2911 mortificat
3007 2898 3020 2920 ,
3046 2868 3095 2911 et
3126 2856 3413 2926 splendore
3442 2857 3682 2910 cmlestis

2073 2951 2260 3019 gratiae
2298 2951 2615 3003 tenebrosus
2659 2950 2937 3002 hominum
2988 2956 3199 3001 mentes
3246 2946 3512 3000 illustrat!
3556 2946 3682 3000 llaec

2075 3040 2241 3092 Deum
2291 3040 2421 3092 facit
2467 3039 2775 3092 hominibus
2821 3038 3165 3101 debitorem,
3211 3047 3273 3091 ut
3316 3052 3543 3105 regnum
3575 3036 3679 3090 sibi

2071 3129 2332 3183 cwlorum
2362 3146 2466 3183 non
2492 3129 2604 3196 jam
2634 3129 2789 3197 quasi
2817 3129 2960 3197 quod
2992 3128 3228 3182 alienum
3258 3138 3361 3192 est,
3386 3136 3633 3196 quxerant
3661 3144 3675 3180 :

2070 3222 2164 3275 sed
2197 3223 2278 3275 vel
2315 3222 2388 3273 uti
2421 3222 2563 3289 quod
2596 3222 2677 3275 sui
2712 3221 2849 3288 juris
2888 3232 2991 3278 est.
3021 3221 3283 3275 audacter
3320 3220 3593 3273 invadant.
3635 3220 3681 3275 Ο

2072 3310 2195 3366 felix
2230 3312 2624 3374 misericordia,
2656 3328 2775 3379 qu:e
2800 3312 2866 3364 de
2906 3311 3121 3364 miseria
3149 3310 3369 3379 quidem
3412 3308 3677 3370 nasceris,

370 3426 576 3497 (Im-(1.).
611 3447 632 3477 ι
671 3402 779 3481 Cm.
806 3427 983 3494 imque
1018 3426 1205 3479 pomis
1235 3442 1338 3478 non
1370 3427 1473 3479 alia
1503 3428 1748 3494 corpmis
1791 3402 1963 3481 mo'm-
1993 3423 2037 3485 ρ
2072 3406 2164 3457 sed
2208 3419 2387 3455 veram
2437 3405 2541 3456 tuis
2587 3403 2998 3457 exsecutoribus
3051 3403 3437 3457 beatitudinem
3487 3402 3675 3469 paris!

366 3516 457 3570 bra
500 3534 628 3573 eam
689 3518 911 3585 pedibus
959 3527 1152 3585 prietcr
1202 3532 1391 3570 manus
1442 3526 1496 3569 et
1544 3526 1704 3586 caput
1746 3517 1961 3581 obtulit,

364 3606 463 3660 nisi
504 3606 635 3674 quia
692 3621 788 3674 per
820 3606 963 3667 lucc,
1010 3622 1169 3673 opera
1220 3607 1464 3674 corporis
1511 3615 1566 3660 et
1608 3607 1963 3677 cogitationes

367 3698 558 3749 mentis
602 3696 920 3766 expressit?
964 3698 1135 3765 Caput
1183 3698 1326 3749 enim
1374 3712 1471 3765 pro
1518 3686 1728 3761 mente,
1771 3713 1964 3752 manus

367 3797 489 3839 vero
516 3800 619 3853 pro
656 3785 826 3838 toties
855 3785 1071 3851 ponitur
1098 3787 1343 3851 corporis
1370 3787 1605 3839 actione.

431 3872 601 3928 Porro
630 3874 962 3927 'Mainardus
993 3875 1317 3928 venerabilis
1350 3874 1524 3944 Sylva:
1562 3874 1817 3929 Candida:
1844 3876 1961 3943 epi—

365 3976 555 4032 seopus
583 3966 722 4018 mihi
761 3965 940 4017 retulit
984 3967 1109 4033 quia
1164 3964 1413 4018 Nicolaus
1445 3981 1605 4034 papa,
1631 3966 1732 4033 pia:
1762 3981 1964 4019 memo-

366 4050 471 4113 rize,
498 4053 592 4120 qui
626 4062 765 4105 ante
798 4052 1086 4106 triennium
1122 4069 1183 4107 ex
1227 4055 1326 4107 hac
1356 4055 1409 4107 iu
1443 4054 1669 4108 Domino
1714 4054 1833 4109 luce
1861 4056 1963 4108 mi-

365 4140 550 4206 gravit.
584 4156 873 4209 numquam
914 4143 965 4194 in
1000 4152 1109 4195 toto
1141 4158 1282 4195 anno
1322 4145 1771 4211 prmtermitlehat
1797 4146 1963 4210 diem,

364 4228 483 4292 quin
517 4231 690 4296 pedes
735 4228 1018 4283 duodecim
1069 4232 1395 4300 pauperibus
1438 4246 1653 4301 semper
1699 4234 1963 4287 ablueret.

365 4316 506 4381 Quod
558 4321 603 4374 si
658 4319 850 4374 facere
909 4336 1005 4389 per
1050 4332 1217 4374 totum
1262 4338 1366 4376 non
1423 4336 1735 4377 occurreret
1778 4324 1917 4377 diem
1948 4366 1961 4389 ,

364 4402 591 4460 lucidum
641 4409 874 4477 pietatis
916 4424 1051 4478 opus
1082 4411 1333 4479 explebat
1363 4413 1413 4465 in
1447 4422 1624 4467 nocte.
1674 4413 1779 4477 Sed
1825 4430 1962 4483 quo-

365 4491 501 4546 niam
530 4496 598 4549 de
632 4496 927 4565 privilegio
958 4496 1375 4563 misericordiae,
1406 4510 1459 4553 et
1497 4501 1963 4571 eleemosynarum

365 4582 622 4650 dignitate
653 4585 783 4652 plus
812 4584 944 4638 mihi
972 4586 1133 4638 datur
1156 4588 1339 4642 videre
1360 4605 1519 4657 quam
1543 4590 1739 4653 dicere,
1772 4591 1824 4644 in
1849 4591 1966 4660 ejus

364 4675 689 4737 praeconium
723 4674 860 4729 libet
886 4673 1121 4730 breviter
1150 4676 1477 4732 exclamare.

1988 4660 2043 4719 D

2073 3494 2150 3548 Tu
2185 3495 2506 3563 negotiatriv
2549 3496 2695 3548 (mini
2738 3510 3005 3565 mangone
3047 3494 3388 3563 prudentior,
3418 3508 3538 3561 qn-c
3570 3502 3679 3543 ter-

2075 3587 2219 3640 renis
2265 3588 2534 3641 nwrcibus
2582 3586 2827 3640 ewles'ia
2876 3600 3194 3653 compar-as.
3245 3594 3299 3637 et
3345 3582 3678 3637 transitur-iis

2072 3686 2274 3729 aeterna
2321 3691 2616 3744 peruuuas.
2654 3674 2859 3728 Felices
2908 3675 3163 3727 mnuliua:
3198 3685 3322 3736 tunc,
3374 3672 3425 3724 in
3476 3672 3676 3740 quibus

2074 3766 2233 3820 datur
2265 3767 2588 3833 hospitimn,
2626 3766 2922 3833 suscipitur
2960 3763 3358 3825 habitaridum,
3400 3764 3675 3830 pra-betur

2072 3856 2225 3925 panis
2247 3856 2491 3924 exiguus,
2521 3854 2780 3921 recipitur
2805 3868 3048 3922 regnum,
3079 3851 3375 3920 porrigitur
3399 3865 3675 3916 ltlllltllll.S,

2073 3957 2418 4013 comparatur
2446 3945 2567 3998 aula
2596 3949 2880 4000 caelorum.

2140 4055 2284 4109 Inter
2329 4064 2552 4109 eteleras
2607 4071 2735 4124 ergo
2784 4056 3054 4119 virtutes,
3105 4052 3430 4107 venerabilis
3482 4051 3674 4116 frater,

2069 4147 2267 4215 quibus
2297 4147 2602 4199 sanctitatis
2644 4156 2747 4198 ture
2793 4160 2896 4198 non
2942 4145 3269 4214 .unbiginms
3316 4142 3506 4197 florere
3546 4159 3679 4213 pru-

2071 4237 2329 4297 dentiam,
2365 4235 2507 4289 hanc
2532 4234 2842 4303 ενρςίμίίιυι·
2871 4234 3072 4303 arripe,
3105 4234 3154 4286 in
3190 4234 3447 4301 operibus
3480 4244 3529 4287 te
3559 4234 3675 4301 pie-

2069 4328 2195 4380 tatis
2226 4341 2440 4388 exerce,
2477 4327 2865 4381 misericordia:
2892 4342 3107 4394 semper
3132 4326 3432 4380 visceribus
3459 4324 3615 4379 afllue
3656 4342 3671 4376 :

2069 4427 2128 4470 ut
2158 4419 2246 4487 qui
2280 4432 2424 4471 iniuc
2450 4418 2649 4471 Christi
2692 4418 3020 4485 pauperibus
3050 4417 3361 4483 misereris,
3391 4432 3420 4469 ιι
3451 4416 3675 4471 Christo

2066 4508 2409 4574 pestiuoduiu
2446 4507 2872 4560 misericordiam
2898 4506 3275 4575 consequaris.

2398 4617 2481 4673 Sit
2522 4635 2707 4671 nomen
2747 4618 2959 4672 Domini
2998 4618 3345 4672 benedictum.

1344 4859 3665 4883 W

980 4946 1331 5068 mm
1415 5017 2053 5133 OPUSCUL

2064 5021 2265 5133 UM
2355 5017 3060 5131 DECIMUM.

892 5233 993 5294 DE
1034 5235 1274 5297 HORIS
1318 5234 1764 5299 CANONICIS.
1805 5239 1913 5298 AD
1958 5240 2030 5298 Τ.
2068 5283 2083 5297 .
2126 5283 2140 5297 .
2180 5276 2192 5289 ι
2245 5236 2498 5298 VIRUM
2543 5234 3114 5297 CLARISSIMUM.

370 5535 752 5611 Αισωιεκτυμ.
777 5531 1272 5611 -——t1auo.nicarum
1304 5534 1555 5611 horarum
1584 5533 1950 5611 originein,‘et
1975 5536 2228 5611 mysteria
2262 5534 2524 5611 declarat,
2558 5550 2854 5611 earumque
2885 5537 3149 5590 utilitates
3185 5544 3487 5611 enumerat.
3518 5536 3662 5604 Qua.

431 5616 645 5677 propter
694 5608 961 5677 hortatur
988 5604 1157 5655 virum
1196 5605 1479 5677 quemdam
1516 5605 1751 5677 nobilem
1774 5644 1787 5666 ,
1822 5604 1888 5657 ad
1917 5608 2250 5677 quemhunc
2291 5606 2525 5677 libellum
2579 5607 2772 5670 mittit,
2818 5616 2875 5659 ut
2920 5608 3215 5677 canonicas
3244 5606 3403 5658 horas
3439 5610 3659 5677 audire,

430 5674 540 5731 ἐιιιι⁷
563 5678 687 5747 ipse,
718 5674 980 5747 recitare
1015 5687 1127 5747 non
1148 5675 1401 5743 negligat,
1438 5675 1703 5743 nullisque
1735 5676 2182 5747 oectqiationibus
2224 5692 2253 5729 a
2298 5685 2404 5729 tam
2436 5676 2524 5745 pio
2564 5691 2729 5744 opere
2773 5678 2992 5732 avocari
3023 5692 3081 5731 se
3113 5676 3382 5747 patiatur;
3425 5675 3662 5732 ollieiuin

429 5740 634 5817 quoque
670 5746 731 5800 Β.
767 5740 1014 5811 Virginis
1046 5740 1579 5814 eidcm'm'agnopcre
1613 5740 1967 5799 commendat.

434 5897 627 5953 Domno
822 5891 950 5945 viro
971 5891 1267 5947 clarissimo
1318 5894 1533 5953 Ριιτιιιιε
1559 5907 1811 5968 peccator
1835 5912 1946 5953 mo-

380 5993 555 6049 nachus
582 5991 870 6050 orationes
906 5983 963 6038 in
989 5982 1222 6040 Christo.

2128 5898 2262 5951 Dant
2296 5906 2504 5963 tecum,
2540 5899 2912 5971 dilectissime.
2956 5901 3005 5953 in
3052 5900 3344 5970 episcopali
3385 5900 3659 5959 Ravennce

2068 5990 2266 6059 palatio
2302 5992 2635 6061 colloquens,
2682 5994 2937 6048 nonnulla
2989 5994 3079 6048 tibi
3131 5992 3343 6047 vivendi
3391 6006 3659 6064 praecepta

4764 6370 5196 6470 ,Δ

4568 6497 5196 6586 -
