5392 6578
1917 489 2027 545 123

2381 488 2439 544 S.
2465 487 2669 543 PETRI
2707 482 2990 541 DAMIANI
3029 484 3180 541 OPP.
3205 478 3440 538 TOMUS
3479 474 3612 532 SEU
3643 476 3821 531 PARS
3859 477 3943 530 Ill.
3977 507 4045 517 -
4076 478 4433 534 OPUSCULA
4480 481 4708 536 VARIA.

5066 487 5166 542 925

1920 614 2285 673 suggererem,
2311 611 2468 670 atque
2497 600 2565 655 ad
2593 598 2868 669 religionis
2898 598 3133 652 studium
3173 594 3490 665 quibusdam
3522 591 3568 649 Α
3600 589 3678 639 fra
3724 597 3827 651 snt,
3875 589 3956 641 vel
4009 594 4250 645 excedat.
4303 591 4617 646 Matutinnm
4668 595 4895 666 denique
4935 598 5170 667 quinque

1920 699 1977 746 te
2000 688 2476 744 exhortatiunculis
2501 703 2873 756 provocarem,
2908 688 3120 741 tandem
3149 687 3212 739 ad
3240 688 3339 739 hoc
3373 699 3489 751 pro-

1921 780 2084 834 cessit
2107 778 2300 839 oratio,
2326 785 2384 830 ut
2409 792 2707 832 assererem
2732 778 2987 831 canonica
3013 787 3213 844 septem
3241 775 3495 827 horarum

1925 869 2096 921 ollicia
2126 869 2192 920 ab
2218 868 2465 921 omnibus
2490 866 2823 921 Christianis
2853 866 3096 922 fidelibus
3124 864 3231 919 Deo
3261 863 3499 931 quotidie

1925 961 2077 1029 quasi
2123 961 2388 1028 quoddam
2432 961 2708 1015 servitutis
2752 975 2975 1030 pensum
3012 957 3208 1012 debere
3244 955 3497 1024 persolvi.

1926 1048 2031 1102 Sed
2065 1049 2204 1116 quod
2243 1057 2368 1102 tunc
2395 1049 2571 1118 lingua
2602 1050 2921 1104 decurrente
2954 1050 3217 1117 prolatum
3245 1055 3357 1108 est,
3388 1044 3502 1114 api-

1924 1137 2079 1190 cibus
2125 1139 2339 1192 tradere
2384 1142 2748 1194 necessarinm
2793 1140 2952 1203 duxi;
2990 1155 3057 1192 ne
3097 1138 3240 1206 quod
3279 1139 3345 1189 ad
3388 1151 3502 1189 mo-

1927 1237 2165 1281 mentum
2207 1228 2542 1298 simplicibus
2566 1230 2744 1284 verbis
2770 1229 3000 1292 audisti,
3036 1229 3244 1281 facilius
3266 1227 3498 1287 excidat,

1924 1315 2018 1368 sed
2067 1315 2362 1382 subjectum
2402 1319 2571 1372 oculis
2610 1332 2704 1386 per
2733 1317 2856 1386 styli
2907 1319 3174 1370 currentis
3218 1316 3498 1370 articulum

1926 1407 2197 1460 memoria:
2226 1408 2462 1461 tenacius
2495 1409 2832 1465 inhaerescat.

2440 1497 2666 1551 CAPUT
2716 1498 3003 1552 PRIllUM.

2413 1584 2751 1639 Peccalornm
2791 1589 3024 1654 e/feclns.

1995 1671 2211 1744 Septem
2238 1674 2391 1744 plane
2416 1685 2539 1731 sunt
2562 1677 2871 1744 principalia
2899 1679 3021 1729 vitia
3044 1676 3287 1746 (Consule
3310 1677 3501 1729 scholia

1925 1771 1993 1821 ad
2034 1769 2225 1823 calcem
2265 1770 2545 1838 opusculi),
2588 1786 2650 1822 ex
2685 1770 2877 1837 quibus
2903 1781 3107 1823 caeterm
3135 1772 3380 1821 vitiorum
3414 1784 3503 1836 pe-

1924 1869 2037 1911 stes
2064 1859 2344 1912 oriuntur:
2375 1874 2493 1926 qua:
2520 1860 2768 1911 nimirum
2803 1869 2925 1912 sunt
2952 1862 3223 1927 superbia,
3254 1861 3497 1922 avaritia,

3600 674 3842 730 laudibus
3880 688 4126 742 constat,
4154 690 4379 748 quatuor
4419 683 4663 737 videlicet
4703 688 4921 753 psalmis
4965 699 5018 742 ct
5064 707 5166 744 uno

3599 765 3829 818 cantico.
3896 767 3962 819 Et
4016 783 4253 837 congrue
4312 770 4435 822 dum
4498 772 4685 826 diurna
4747 775 4833 829 lux
4900 782 5166 848 erumpit,

3602 857 3710 910 Deo
3771 857 3929 926 213
3991 859 4175 913 laudes
4213 859 4508 925 offerimus,
4563 864 4687 930 quia
4729 865 4829 918 sub
4886 870 5167 923 exterioris

3602 945 3734 999 lucis
3773 949 3950 1012 specie
4001 948 4166 1001 solem
4205 950 4430 1017 justitia:
4498 949 4774 1006 Christum
4805 957 5004 1009 nostris
5033 958 5167 1010 dilu-

3601 1047 3902 1090 eescentem
3929 1039 4182 1093 cordibus
4223 1048 4621 1107 exspectamus,
4646 1050 4700 1095 et
4728 1053 4977 1113 tanquam
5009 1048 5169 1102 adve-

3601 1126 3767 1179 nienti
3817 1127 3927 1195 jam
3975 1143 4173 1195 sponso
4228 1138 4336 1183 tota
4401 1131 4638 1200 gaudens
4669 1142 4831 1202 atque
4877 1137 5168 1204 tripudians

3603 1216 3843 1268 occurrit
3873 1216 4135 1271 Ecclesia.
4179 1218 4268 1272 Sic
4297 1220 4532 1288 quinque
4564 1221 4826 1288 laudibus,
4872 1240 4934 1279 ac
4961 1226 5004 1280 si
5046 1228 5169 1280 toti-

3602 1306 3721 1358 dem
3765 1308 4000 1375 acceptis
4028 1307 4364 1376 lampadibus
4397 1313 4675 1376 adornata,
4706 1323 4759 1366 et
4802 1315 4943 1367 velut
4970 1316 5169 1369 ultimae

3599 1394 3708 1463 jam
3752 1398 4094 1452 cxcitationis
4140 1399 4377 1453 clamore
4412 1402 4463 1455 in
4504 1403 4682 1456 cordis
4712 1419 4841 1457 aure
4868 1415 5125 1476 concepto
5149 1425 5172 1462 ι

3604 1500 3728 1538 ecce
3764 1501 3991 1554 sponsus
4025 1488 4192 1549 venit,
4231 1494 4373 1543 exite
4409 1492 4620 1545 obviam
4654 1493 4726 1556 ei,
4780 1504 5170 1563 consequenter

3606 1578 3732 1631 illud
3775 1579 4142 1648 evangelicum
4185 1583 4523 1650 specietenus
4567 1584 4901 1651 impleatur:
4943 1604 4962 1636 ι
5018 1586 5169 1641 Tunc

3604 1679 3990 1731 surrexerunt,
4036 1670 4242 1738 inquit,
4272 1687 4457 1726 omnes
4486 1673 4720 1741 virgines
4745 1675 4844 1728 illae
4865 1716 4880 1740 ,
4913 1689 4965 1729 et
5008 1691 5168 1731 orna-

3606 1766 3796 1810 verunt
3817 1759 4087 1827 lampades
4116 1774 4240 1811 suas
4266 1760 4472 1829 (lbid.).
4513 1781 4531 1813 ι

3678 1849 3829 1913 Quod
3869 1860 4045 1901 autem
4072 1866 4122 1901 In
4152 1851 4307 1917 hujus
4332 1853 4608 1905 matutinae
4638 1853 4809 1907 lattdis
4845 1853 5019 1909 cilicio
5047 1870 5172 1909 can-

1924 1962 2064 2000 vana
2094 1948 2290 2015 gloria,
2317 1948 2390 2000 ira
2411 1988 2425 2010 ,
2453 1948 2647 2000 invidia
2669 1989 2683 2010 ,
2711 1948 2944 2008 luxuria,
2980 1950 3220 2000 tristitia.
3254 1949 3373 2001 llaec
3402 1950 3500 2001 ita-
3534 1943 3578 2002 Β
3609 1939 3769 1989 ιῖίῖηιη
3816 1940 4053 2005 (ιιιοιὶάίο

3043 1950 3220 2000 mnia,
3254 1949 3373 2001 “me
3402 1950 3500 2001 ειη-
3534 1943 3578 2002 Β
3609 1939 3769 1989 ticum
3816 1940 4053 2005 quotidie
4105 1941 4324 2007 psalmis
4356 1941 4679 2010 adjungitur,
4729 1946 5003 2013 utriusque
5028 1947 5172 2011 vita,

1926 2050 2063 2103 que,
2118 2036 2239 2103 quia
2274 2052 2433 2089 causa
2466 2045 2588 2087 sunt
2636 2037 2874 2089 omnium
2927 2046 2981 2088 et
3022 2038 3171 2103 origo
3215 2037 3496 2100 malorum,

1933 2125 2035 2179 sub
2062 2128 2244 2179 eodem
2279 2141 2502 2178 numero
2530 2141 2655 2178 suos
2683 2127 2881 2180 habere
2910 2139 3205 2181 noscuntur
3231 2128 3450 2180 effectus
3484 2145 3496 2178 :

1929 2231 2133 2284 septem
2165 2215 2406 2268 videlicet
2450 2215 2751 2268 criminalia
2792 2226 3031 2282 peccata,
3064 2217 3114 2269 id
3153 2227 3267 2278 est,
3296 2217 3501 2269 adulte-

1931 2306 2088 2368 rium,
2124 2305 2484 2362 homicidium.
2518 2304 2742 2368 furtum,
2780 2307 3095 2373 perjurium,
3127 2308 3316 2360 falsum
3350 2308 3504 2361 testi-

1927 2399 2187 2457 monium,
2225 2396 2485 2462 rapinam,
2515 2403 2569 2447 et
2602 2395 3009 2463 blasphemiam.
3043 2395 3098 2448 ln
3132 2397 3324 2463 quibus
3355 2398 3503 2449 vide-

1928 2484 2052 2538 licet
2083 2494 2190 2538 tam
2223 2494 2391 2547 certa,
2422 2495 2529 2538 tam
2559 2485 2838 2538 manifesta
2872 2501 3018 2539 mors
3044 2495 3126 2539 est
3166 2486 3505 2547 animorum;

1928 2581 1985 2624 nt
2012 2573 2253 2640 quisquis
2299 2572 2351 2624 in
2395 2573 2631 2640 quolibet
2667 2574 2856 2626 horum
2886 2574 3250 2642 deprehensus
3286 2576 3502 2637 obierit,

1928 2668 2158 2713 evadere
2191 2662 2548 2714 damnationis
2584 2673 2798 2714 (eterna:
2840 2666 3158 2715 sententiam
3207 2664 3507 2715 nullatenus

1932 2751 2118 2819 possit.
2163 2749 2369 2803 Rursus
2411 2759 2616 2818 septem
2658 2760 2781 2803 sunt
2819 2751 2984 2813 levia,
3018 2753 3344 2818 minimaque
3386 2764 3507 2818 pec-

1927 2849 2068 2900 cata,
2101 2840 2150 2891 in
2195 2841 2389 2906 quibus
2421 2854 2523 2891 non
2570 2854 2739 2891 sonnn
2788 2851 3065 2906 peccator,
3100 2841 3189 2892 sed
3236 2850 3289 2891 et
3328 2839 3508 2906 justus

1928 2929 2152 2996 quisque
2175 2929 2413 2998 quotidie
2441 2929 2655 2989 labitur,
2685 2930 2896 2982 etiamsi
2930 2930 2980 2981 in
3005 2930 3216 2981 excelso
3246 2928 3355 2996 jam
3386 2943 3506 2996 per-

1928 3016 2177 3070 fectionis
2213 3016 2445 3069 culmine
2477 3025 2620 3069 stare
2645 3016 2906 3069 videatur.
2934 3017 3061 3081 Qum
3089 3016 3326 3084 profecto
3358 3024 3502 3078 sunt,

1933 3109 2204 3176 cogititio,
2247 3109 2568 3177 ignorantia,
2601 3108 2953 3159 inconstartia
2975 3148 2989 3168 ,
3023 3108 3332 3170 necessitas,
3360 3108 3510 3159 iniir-

1934 3196 2111 3258 mitas,
2139 3196 2358 3259 oblivio,
2385 3197 2632 3264 obreptio
2659 3214 2669 3248 :
2704 3210 2798 3264 per
2823 3211 2939 3262 qua:
2970 3195 3213 3248 videlicet
3254 3196 3304 3248 in
3333 3195 3505 3262 quoti-

3606 2030 4032 2096 conteniplativre
4083 2032 4290 2084 scilicet
4333 2040 4384 2083 ct
4429 2034 4636 2094 activze,
4671 2034 4987 2103 mysterium
5015 2036 5173 2091 redo-

3604 2121 3716 2173 lere
3767 2121 3995 2171 videtur.
4040 2120 4358 2173 Psalterium
4403 2122 4594 2191 quippe
4673 2138 4768 2177 vas
4823 2124 5068 2178 videlicet
5121 2125 5174 2178 iu

3606 2211 3819 2262 modum
3848 2209 4000 2263 delun
4032 2210 4252 2271 factum,
4279 2225 4372 2277 per
4396 2211 4579 2264 decem
4602 2213 4793 2266 cordas
4820 2210 5024 2281 plectro
5055 2214 5176 2282 pul-

3606 2311 3757 2353 sante
3781 2302 4075 2366 crispatur;
4108 2301 4376 2352 canticum
4402 2315 4526 2353 vero
4547 2301 4660 2353 solo
4691 2301 4947 2354 duntaxat
4974 2317 5178 2369 organo

3607 2389 3756 2442 vocis
3783 2390 4124 2456 esprimitur.
4177 2388 4516 2457 Quapropter
4555 2388 4701 2451 illud,
4753 2389 4875 2456 quia
4932 2390 5177 2442 manibus

3606 2479 3831 2545 indiget,
3879 2478 4245 2544 operationem
4289 2492 4351 2530 ac
4405 2492 4501 2544 per
4556 2477 4656 2530 hoc
4686 2478 4912 2530 activam
4962 2479 5179 2532 denotat

3605 2567 3803 2627 vitam;
3842 2567 3982 2618 istud
4013 2581 4140 2618 vero
4172 2566 4294 2632 quia
4322 2565 4629 2631 adjubilum
4657 2568 4910 2634 pertinet,
4936 2579 5179 2621 contem-

3608 2655 3884 2723 plativam.
3944 2653 4009 2705 Et
4050 2654 4301 2719 quoniam
4328 2653 4766 2722 contemplationi
4800 2656 5093 2725 paulisper,
5125 2665 5178 2710 ct

3609 2745 3806 2811 ruptim
3852 2743 3936 2794 vix
3968 2744 4030 2794 ad
4059 2753 4386 2794 momentum
4426 2744 4670 2796 insistere
4701 2758 5006 2811 possumus,
5031 2743 5143 2812 jnO'i
5167 2771 5179 2786 ι

3610 2841 3690 2884 ter
3716 2841 3895 2884 autem
3928 2834 3976 2885 in
4017 2834 4203 2884 activm
4232 2834 4661 2886 conversationis
4704 2835 5177 2890 adtninistratione

3606 2920 4054 2986 versamur;jure
4079 2922 4321 2988 pluribus
4350 2922 4588 2990 psalmis,
4625 2939 4787 2975 unum
4814 2927 5178 2980 tantummodo

3607 3011 3876 3062 canticum
3920 3011 4329 3077 interponimus.
4393 3011 4544 3064 Sicut
4592 3013 4733 3064 enim
4778 3028 4806 3064 a
4859 3014 4959 3081 pia:
4989 3029 5179 3082 opera-

3608 3100 3770 3152 tionis
3799 3101 4054 3152 exercitio
4078 3102 4142 3153 ad
4184 3101 4654 3169 contemplationis
4685 3102 4893 3155 culmen
4934 3104 5180 3156 ascendi-

3608 3206 3747 3251 mus,
3799 3199 3871 3253 et,
3928 3200 4049 3258 post
4101 3191 4482 3257 speculationis
4544 3192 4745 3244 intimae
4799 3193 5177 3246 brevissimum

1932 3286 2090 3338 diana
2122 3301 2335 3354 semper
2355 3285 2764 3339 conversatione
2790 3284 3170 3352 delinquimus,
3202 3294 3358 3351 atque
3390 3283 3508 3335 ideo
3536 3281 3578 3339 C
3613 3289 3889 3348 punctum,
3923 3296 4041 3333 mox
4075 3283 4139 3333 ad
4171 3282 4409 3348 ejusdem
4457 3283 4644 3335 activa:
4670 3283 4792 3335 vita:
4820 3284 5179 3337 ministerium

1932 3384 2122 3427 contra
2150 3374 2354 3441 peccati
2388 3374 2608 3425 vulnera
2636 3373 2958 3440 quotidiana:
2991 3372 3285 3424 curationis
3324 3387 3509 3423 neces—

1931 3462 2076 3520 sario
2105 3461 2355 3515 remediis
2385 3463 2701 3531 indigemus.
2739 3461 2887 3514 l'nde
2916 3462 3172 3527 scriptum
3202 3469 3283 3512 est
3311 3475 3324 3511 :
3362 3478 3378 3508 ι
3414 3460 3513 3512 Se-

1934 3554 2138 3622 ptiesin
2164 3554 2249 3607 die
2274 3551 3328 3621 caditjustus,etresm-git(Prov.xxrv).
3361 3573 3377 3604 ι
3407 3553 3506 3619 Qui

1937 3644 2191 3695 nimirum
2223 3653 2274 3695 ct
2305 3644 2500 3712 septies
2531 3645 2749 3705 cadere,
2780 3653 2831 3695 et
2861 3654 3036 3696 tamen
3067 3643 3243 3710 justus
3272 3657 3390 3696 esse
3417 3643 3512 3694 de-

1934 3733 2190 3786 scribitur
2219 3751 2231 3786 :
2265 3735 2389 3802 quia
2420 3733 2594 3801 justus
2631 3749 2752 3787 esse.
2790 3735 2951 3789 etiam
2982 3734 3254 3803 peccando
3277 3750 3386 3787 non
3414 3734 3506 3786 de-

1935 3821 2094 3884 sinit,
2147 3823 2271 3876 dum
2325 3839 2428 3876 non
2478 3839 2540 3876 ex
2590 3823 2886 3891 proposito,
2927 3824 3019 3876 sed
3051 3838 3119 3875 ex
3166 3823 3512 3875 humanitatis

1936 3910 2227 3979 fragilitate
2261 3911 2541 3980 delinquit.

2008 4000 2234 4070 Propter
2273 4002 2385 4055 hmc
2428 4002 2589 4069 igitur
2614 4010 2817 4069 septem
2870 4000 3028 4062 levia,
3072 4014 3343 4070 parvaque
3387 4014 3510 4070 pec-

1936 4099 2085 4151 cata,
2114 4106 2230 4158 qua:
2269 4105 2366 4159 pro
2406 4090 2706 4159 fragilitatis
2737 4092 2980 4143 humanae
3009 4091 3282 4143 debilitate
3321 4105 3511 4144 cavere

1916 4195 2040 4233 ‘non
2083 4196 2385 4248 possumus,
2415 4181 2517 4234 hoc
2556 4195 2621 4234 ex
2666 4181 2973 4249 magisterio
3013 4179 3246 4249 Spiritus
3274 4182 3444 4233 sancti
3481 4197 3510 4233 a

1936 4271 2037 4337 piis
2068 4271 2318 4324 Ecclesia:
2344 4271 2654 4324 doctoribus
2694 4272 2998 4324 institutum
3036 4281 3140 4335 est,
3174 4282 3229 4324 ut
3264 4283 3385 4325 vota
3416 4288 3511 4325 no-

1939 4367 2052 4409 stra
2087 4357 2195 4411 Deo
2234 4373 2327 4425 per
2354 4372 2785 4427 unumquemque
2824 4360 2963 4412 diem
3010 4360 3208 4427 septies
3247 4359 3517 4428 persolva-

1937 4464 2078 4501 mus.
2103 4447 2225 4502 Haec
2248 4465 2375 4502 sane
2399 4459 2603 4517 septem
2632 4451 3014 4503 canonicarum
3039 4451 3292 4504 horarum
3319 4450 3509 4512 olIicia,

1938 4539 2089 4606 quasi
2124 4546 2324 4606 septem
2355 4538 2733 4606 baptismatum
2768 4539 2997 4605 lavacra,
3022 4540 3071 4592 in
3104 4548 3300 4593 sancta:
3327 4539 3511 4594 Eccle-

3612 3373 3975 3435 declinamus;
4034 3372 4285 3424 nimirum
4320 3380 4378 3424 ιιι
4402 3371 4782 3439 contemplatio
4825 3382 5006 3425 nostra
5034 3382 5088 3426 et
5114 3372 5182 3426 ab

3612 3465 3786 3517 activa
3816 3465 3923 3516 vita
3965 3464 4211 3531 incipiat,
4233 3472 4285 3514 et
4315 3465 4364 3515 in
4389 3465 4573 3517 eadem
4597 3461 4901 3517 necessario
4925 3464 5182 3517 termine-

3615 3563 3732 3615 tur;
3769 3555 3847 3605 sic
3874 3553 4094 3619 psalmis
4119 3552 4386 3606 canticum
4415 3567 4511 3605 nec
4540 3552 4919 3621 prtepouimus,
4945 3567 5043 3607 nec
5066 3568 5185 3606 om-

3611 3641 3737 3694 nino
3769 3643 4147 3709 supponimus;
4174 3642 4265 3694 sed
4293 3640 4617 3695 altrinsecus
4641 3642 4829 3709 positis
4849 3641 4948 3694 hoc
4972 3657 5187 3711 semper

3610 3730 3956 3796 penultimum
3990 3731 4333 3782 collocamus.
4868 3780 4883 3789 ,

3682 3816 3850 3869 Porro
3905 3827 4083 3870 autem
4117 3818 4240 3886 quia
4291 3833 4389 3886 per
4444 3827 4674 3887 quatuor
4725 3820 4886 3873 totius
4938 3820 5189 3874 videlicet

3615 3907 3740 3959 anni
3779 3916 4038 3974 tempora,
4075 3922 4272 3973 corpus
4301 3920 4539 3960 nostrum
4568 3924 4629 3961 ex
4663 3921 4892 3976 quatuor
4916 3910 5187 3963 nihilomi-

3611 4011 3712 4047 nus
3760 3997 4117 4064 compositum
4160 3996 4472 4059 clementis,
4516 3998 4744 4050 actionis
4776 3999 5033 4051 exercizio
5064 3999 5186 4051 fati-

3612 4102 3817 4155 gamus,
3857 4088 4058 4139 idcirco
4095 4097 4325 4154 quatuor
4362 4089 4597 4155 psalmos
4630 4090 4680 4142 in
4706 4089 4862 4157 hujus
4888 4092 5183 4143 matutina-

3614 4176 3677 4228 lis
3705 4175 3860 4229 oflicii
3891 4177 4253 4229 celebratione
4287 4178 4641 4230 conc-inimus.
4673 4178 4805 4242 Quia
4830 4194 4954 4232 vero
4985 4180 5036 4231 in
5065 4195 5189 4248 spe-

3615 4263 3900 4316 culationis
3944 4280 4169 4318 excessu
4202 4281 4364 4318 unum
4405 4267 4760 4330 solummodo,
4810 4268 4946 4335 quod
4997 4270 5182 4337 procul

3615 4353 3778 4408 dubio
3834 4357 3973 4412 Deus
4004 4366 4103 4419 est,
4139 4358 4450 4423 quaerimus,
4505 4373 4668 4410 lllltllll
4724 4373 4870 4425 :cque
4915 4362 5181 4412 canticum

3616 4459 3717 4497 non
3753 4446 4021 4499 immerito
4042 4448 4409 4500 decantamus.
4436 4448 4585 4513 Quod
4627 4459 4806 4502 autem
4834 4460 4881 4500 ct
4910 4448 5184 4504 Zachariae

3558 4555 3574 4611 ξ
3615 4541 3884 4593 canticum
3917 4540 3967 4592 in
3997 4540 4099 4593 fine
4120 4541 4338 4609 synaxis
4365 4541 4630 4608 adjicitur,
4655 4551 4704 4595 et
4730 4543 4852 4611 quia
4881 4542 5183 4608 desinente,

1937 4628 2030 4681 sine
2058 4638 2181 4681 sunt
2224 4631 2429 4698 gremio
2464 4631 2751 4684 constituta
2786 4648 2798 4682 :
2845 4639 2904 4684 ut
2932 4643 3131 4701 septem
3157 4631 3506 4686 offensionum
3542 4610 3587 4665 ί)
3615 4643 3667 4683 et
3721 4632 4032 4684 imminente
4075 4631 4185 4699 jam
4240 4631 4388 4686 Novo
4428 4610 4770 4686 Testamento
4800 4633 4994 4685 factum
5022 4633 5186 4687 fuisse

1940 4716 2208 4780 maculas,
2239 4733 2372 4786 quas
2406 4732 2472 4770 cx
2502 4719 2808 4785 quotiiiana
2852 4720 2970 4775 vita:
3018 4721 3175 4786 hujus
3222 4735 3509 4775 conversa-

1938 4806 2084 4858 tione
2111 4806 2501 4868 contrahimus,
2532 4807 2773 4869 totidem,
2808 4818 2861 4859 ιιι
2909 4811 2976 4861 ita
3018 4809 3226 4878 loquar,
3255 4812 3512 4866 orationis

1937 4895 2263 4963 quotidiana:
2292 4894 2504 4948 fluentis
2529 4898 2744 4965 expiare
2769 4912 3049 4959 curemus;
3090 4911 3353 4968 quatenus
3379 4903 3511 4955 assi-

1938 4983 2101 5036 duum
2131 4983 2493 5051 corruptibilis
2518 4985 2635 5038 vita-
2668 4986 2940 5053 pulverem
2973 4987 3353 5042 satisfactionis
3380 5005 3509 5043 aura

1939 5074 2200 5137 decutiat,
2242 5084 2298 5127 et
2341 5076 2626 5132 mundanae
2654 5077 3076 5131 conversationis
3117 5077 3284 5132 lutum
3326 5096 3510 5149 supcr-

1942 5160 2074 5216 fusa:
2102 5163 2362 5216 orationis
2390 5165 2638 5230 frequens
2667 5163 2803 5216 unda
2837 5166 3096 5235 detergat.

2555 5252 2779 5308 CAPUT
2825 5255 2886 5310 ll.

2013 5342 2169 5397 liora!
2196 5352 2395 5407 autem,
2420 5358 2450 5396 e
2480 5345 2672 5413 quibus
2701 5346 2990 5415 loquimur,
3021 5357 3143 5401 sunt
3173 5348 3253 5402 hze
3291 5368 3302 5402 :
3340 5351 3513 5404 Matu-

1943 5438 2071 5491 tinaa
2111 5439 2390 5502 videlicet,
2427 5437 2665 5500 Laudes,
2709 5454 2825 5507 qua:
2871 5441 3009 5494 inter
3045 5442 3332 5497 diluculum
3380 5445 3513 5497 inci-

1943 5530 2151 5598 piendae
2198 5540 2321 5584 sunt
2362 5540 2416 5585 et
2457 5546 2703 5585 auroram
2740 5549 2753 5585 :
2795 5532 2984 5586 deinde
3008 5575 3021 5597 ,
3060 5533 3236 5587 Prima
3264 5576 3278 5599 ,
3310 5535 3513 5598 Tertia,

1945 5621 2129 5685 Sexta,
2171 5621 2344 5682 Nona,
2396 5620 2684 5692 Vesperum
2737 5632 2790 5677 et
2836 5624 3270 5693 Completorium.
3321 5627 3517 5681 Dicen-

1946 5713 2069 5767 dum
2107 5722 2188 5766 est
2235 5723 2412 5766 autem
2460 5724 2586 5784 quot
2635 5716 2864 5784 psalmos
2910 5717 3322 5788 uniuscujusque
3368 5721 3516 5773 bone

1947 5801 2170 5857 cilicium
2205 5813 2409 5870 teneat,
2449 5814 2500 5860 et
2545 5822 2640 5862 cur
2682 5808 2992 5879 praescripto
3033 5824 3251 5866 numero
3293 5826 3394 5866 non
3438 5811 3515 5863 iu-

3616 4722 3979 4790 cognoscitur,
4032 4722 4146 4790 ipso
4194 4722 4353 4774 etiam
4397 4723 4539 4791 quod
4575 4724 4770 4776 dicitur
4801 4734 5039 4792 tempore
5072 4739 5187 4792 my-

3618 4814 3754 4866 stice
3788 4822 4033 4875 testatur,
4091 4821 4146 4865 et
4190 4822 4400 4866 noctem
4458 4815 4797 4881 prmccssisse
4826 4814 5075 4866 vitiorum
5136 4821 5187 4867 et

3618 4901 3778 4962 diem,
3844 4901 3983 4954 sicut
4013 4901 4296 4970 Apostolus
4318 4901 4563 4968 perhibet
4595 4901 4767 4969 (Rom.
4820 4904 4962 4965 xuii,
4994 4918 5187 4971 appm-

3620 4990 3885 5058 pinquare
3936 4990 4218 5041 virtutum.
4257 4989 4323 5042 Et
4368 4990 4482 5043 haec
4540 4991 4752 5057 quidem
4795 4990 4859 5044 de
4913 4990 5189 5044 matutinis

3621 5078 3864 5133 laudibus
3895 5080 4330 5149 compendiosius
4361 5080 4635 5147 pra-libata
4664 5079 4941 5134 sulliciant.

4230 5170 4455 5225 CAPUT
4495 5170 4576 5224 Ill.

3826 5258 3933 5313 Cur
3965 5261 4016 5312 in
4046 5260 4215 5329 prima
4238 5261 4366 5313 liora
4398 5262 4640 5313 recitetnr
4665 5261 4967 5330 symbolum.

3688 5348 3881 5403 Prinne
3919 5360 4096 5404 autem
4132 5352 4295 5414 inme,
4328 5351 4518 5413 tertiae,
4543 5361 4706 5406 sextae
4735 5362 4788 5406 et
4822 5368 4971 5405 nomn
5020 5356 5184 5407 ternis

3621 5456 3769 5509 a~que
3815 5441 4039 5510 psalmis
4077 5442 4423 5494 continentur
4471 5439 4665 5504 oﬂicia,
4710 5444 4801 5495 sed
4853 5457 4879 5494 a
4915 5444 5185 5497 modernis

3622 5535 3806 5603 prima:
3863 5534 4009 5586 hora:
4050 5543 4408 5600 congruenter
4460 5531 4720 5586 catholica
4771 5532 4899 5585 lides
4947 5533 5182 5594 additur,

3622 5639 3778 5691 quam
3801 5623 4127 5676 Athanasius
4154 5622 4421 5686 videlicet,
4454 5623 4847 5676 Alexandrinus
4879 5623 5179 5692 episcopus,

3623 5714 3801 5768 divino
3840 5723 4160 5783 suggerente
4204 5714 4427 5780 Spiritu,
4480 5713 4843 5767 sincerissime
4903 5714 5184 5767 tradidisse

3626 5807 3986 5878 cognoscitur.
4015 5806 4148 5860 Nam
4198 5807 4320 5877 quia
4371 5806 4499 5861 fides
4544 5803 4947 5859 fundamentum
4996 5813 5101 5870 est,
5132 5821 5190 5881 ei

4792 6458 4817 6462 ἢ
5092 6326 5324 6476 -J
