5392 6588
3154 106 3167 109 _
3242 96 3305 111 νιν
3394 100 3407 105 ,

2778 132 2797 141 -ν
2846 130 2975 147 ,ην-ν-
3018 134 3043 145 ε.
3098 124 3145 139 4--
3186 134 3193 137 .
3282 130 3291 135 η
3530 146 3535 147 7

2802 146 2947 161 .,.,,...,
2982 148 3041 157 ..κ
3088 146 3147 157 η...
3174 146 3225 159 μ,
3398 148 3425 149 η
3668 162 3681 163 7

2654 172 2715 177 ν-ῌι
2770 170 2959 187 Hi”!
2988 170 3003 187 τ
3034 168 3063 171 “‘—‘
3090 168 3125 175 in
3238 164 3275 185 'A'
3304 164 3313 165 ὲ

3250 226 3253 227 ν
3344 202 3349 207 “
3410 212 3489 233 ,νέης
3574 220 3595 223 -κ
3622 212 3649 213 νί
3738 212 3747 215 '

442 603 545 658 229

443 716 598 785 Quod
632 713 677 769 si
706 723 901 781 expers
938 721 1000 764 es
1043 704 1351 764 omnimodo
1400 706 1722 770 litterarum,
1751 708 1864 760 sola
1896 720 2019 758 ora-
2052 711 2096 764 Λ

444 811 593 864 tione
632 803 911 860 Dominica
967 800 1171 871 poteris
1228 798 1452 855 imolere
1505 798 1646 865 quod
1684 806 1859 864 optas.
1895 794 2020 849 limo

444 900 628 967 itaque
655 893 975 949 Christiana:
1001 889 1275 944 servitutis
1297 887 1490 951 ottiria,
1524 886 1891 947 dilectissime,
1911 902 2016 940 non

443 985 781 1055 obsequium,
828 980 921 1035 sed
947 978 1186 1032 debitum
1218 976 1441 1044 deputa;
1501 984 1555 1029 ct
1608 991 1712 1027 non
1755 975 2017 1027 voluntati

442 1077 539 1132 sed
562 1070 867 1128 necessitati
906 1082 1125 1138 prorsus
1169 1066 1421 1121 ascribe:
1452 1073 1510 1118 ut
1560 1065 1698 1119 sicut
1757 1064 2019 1118 Christia-

442 1181 572 1220 num
612 1172 665 1219 te
703 1161 960 1233 profiteri,
991 1160 1201 1228 signum
1245 1157 1454 1211 tibimet
1482 1156 1659 1211 crucis
1691 1157 2013 1226 imprimere.

439 1268 641 1309 nomen
670 1249 878 1306 Domini
906 1248 1071 1317 218
1096 1247 1336 1315 quotidie
1363 1261 1469 1299 non
1499 1246 1701 1300 desinis
1726 1246 2011 1309 invocare;

440 1344 517 1399 ita
546 1352 601 1399 et
624 1343 733 1396 inec
758 1338 1047 1408 aliquando
1073 1336 1233 1391 nullis
1256 1336 1602 1392 occasionum
1641 1335 1889 1390 obicibus
1915 1351 2014 1389 au-

441 1434 575 1488 deas
611 1428 887 1501 pra-terire

1025 1516 1254 1573 CAPUT
1284 1515 1417 1571 Vill.

435 1610 519 1665 De
546 1610 654 1665 viro
680 1607 906 1680 quoan
935 1605 1020 1662 oio
1083 1607 1550 1728 etd‘mnonicarum
1603 1604 1855 1657 horarum
1901 1610 2014 1656 stu-

1190 1690 1300 1728 osa.

1190 1690 1300 1729 οεο.

509 1787 581 1843 Ut
609 1794 788 1842 autem
824 1783 1121 1841 salutiferis
1168 1781 1634 1837 exhortationibus
1677 1778 1887 1834 facilius
1918 1794 2009 1834 ac-

422 1878 705 1949 quiescas,
730 1876 871 1945 qttod
902 1876 953 1929 in
986 1874 1102 1943 ipso
1130 1888 1301 1941 nuper
1328 1873 1395 1925 ad
1426 1886 1521 1925 vos
1543 1870 1737 1924 itinere
1758 1869 2013 1938 gradiens

428 1967 616 2027 didici,
643 1965 876 2020 breviter
901 1962 1197 2033 explicabo.
1215 1962 1269 2015 ln
1298 1960 1527 2024 Fanensi
1566 1975 1799 2029 namque
1825 1959 2013 2013 subur-

1471 594 1712 650 OPUSC.
1756 594 1824 647 Σ.
1866 623 1929 633 --
1969 592 2057 647 ῐὶΕ
2095 588 2300 646 ιιοῐιζδ
2334 588 2717 646 CANOXlClS.
3597 593 3705 649 9.30

2723 702 2951 758 CAPUT
3004 703 3093 758 IX.

2476 792 2745 846 Orationis
2797 795 3073 861 eﬂ‘icncilas
3126 806 3342 864 quanta.

2189 880 2310 935 Alio
2338 896 2553 951 quoque
2585 890 2826 952 tempore
2860 883 3023 947 idem,
3054 884 3121 938 de
3157 900 3265 954 quo
3296 884 3588 955 loquimur,
3620 891 3703 944 vir

2120 973 2185 1024 ad
2216 974 2529 1040 przedictum
2565 974 2952 1027 monasterium
3004 984 3269 1029 nocturno
3315 976 3529 1031 silentio
3574 995 3702 1048 pro-

2116 1065 2357 1139 perabat,
2382 1063 2449 1116 ad
2473 1063 2645 1116 rivum
2667 1072 2847 1117 autem
2879 1063 3045 1133 219
3067 1064 3160 1132 qui
3198 1064 3538 1122 interﬂuebat
3572 1084 3702 1139 per-

2119 1154 2339 1207 veniens
2367 1153 2474 1222 (cui
2519 1152 2727 1206 scilicet
2771 1152 2971 1221 Argilla
3023 1153 3344 1208 vocabulum
3394 1156 3519 1222 est),
3570 1158 3700 1227 quia

2117 1243 2274 1310 aquis
2306 1252 2432 1296 tunc
2475 1242 2913 1297 excrescentibns
2954 1243 3310 1306 intumuerat,
3345 1246 3703 1304 transvadare

2116 1346 2221 1384 non
2256 1332 2429 1401 potuit
2472 1349 2484 1384 :
2518 1331 2608 1400 qui
2640 1348 2698 1386 se
2730 1332 2979 1401 protinus
3007 1333 3059 1385 in
3109 1334 3406 1389 orationem
3453 1335 3620 1400 dedit,
3643 1344 3703 1393 et

2114 1437 2219 1492 qua
2248 1422 2534 1491 completa,
2559 1423 2695 1477 mira
2725 1437 2831 1485 res,
2865 1422 2917 1475 in
2945 1422 3193 1477 ulteriori
3222 1425 3335 1493 ripa
3363 1439 3423 1480 se
3454 1434 3703 1494 transpo-

2113 1513 2278 1567 situm
2328 1512 2548 1581 reperit.
2596 1511 2720 1567 Haec
2768 1522 2985 1577 autem,
3014 1513 3096 1568 vir
3132 1516 3576 1584 prudentissime,
3612 1518 3699 1573 id-

2112 1603 2259 1657 circo
2291 1603 2385 1656 tibi
2412 1601 2688 1656 referenda
2714 1617 2810 1671 per
2835 1603 3079 1657 ordinem
3108 1603 3460 1670 duximus,ut
3496 1618 3699 1676 quanta

2112 1709 2273 1761 super
2299 1708 2391 1748 eos
2419 1708 2546 1748 cura
2577 1693 2918 1762 omnipotens
2944 1695 3081 1748 Deus
3111 1694 3373 1765 invigilet,
3406 1700 3496 1767 qui
3527 1698 3700 1752 eccle-

2112 1785 2350 1839 siasticis
2377 1793 2671 1839 occurrunt
2700 1794 3014 1840 reverenter
3040 1785 3253 1849 ofﬁciis,
3288 1787 3492 1858 liquido
3539 1807 3695 1844 mon-

2111 1882 2427 1927 straremus.
2452 1874 2658 1929 Pudeat
2682 1889 2812 1943 ergo
2849 1874 3187 1942 prudentiam
3223 1886 3371 1932 tuam
3402 1882 3697 1935 canonicas

2112 1963 2274 2015 horas
2304 1962 2632 2030 negligenter
2650 1963 2922 2028 omittere,
2949 1979 3084 2032 quas
3115 1973 3170 2020 et
3201 1978 3442 2022 sanctam
3471 1972 3693 2025 rustici-

427 2057 554 2120 bio,
583 2056 737 2109 tertio
776 2052 1023 2107 videlicet
1056 2066 1088 2105 a
1129 2051 1396 2105 mmnibus
1443 2050 1637 2120 lapide,
1671 2050 1754 2103 vir
1788 2050 2004 2117 quidam
2037 2039 2081 2098 Β
2112 2060 2272 2106 tatem
2302 2053 2455 2107 audis
2482 2067 2605 2107 cum
2654 2061 2797 2106 tanta
2844 2053 3012 2123 gloria
3043 2054 3321 2110 celebrare
3353 2076 3365 2110 :
3406 2059 3513 2113 imo
3543 2060 3697 2128 cujus

426 2146 663 2209 habitat,
688 2153 743 2199 et
776 2143 967 2199 ordine
1002 2140 1163 2196 simul
1188 2149 1243 2194 et
1278 2140 1536 2195 facultate
1566 2139 1851 2194 mediocris
1879 2156 1891 2189 :
1915 2139 2005 2206 qui

425 2237 687 2292 nimirum
715 2251 840 2289 casu
874 2234 985 2289 illic
1032 2248 1119 2288 me
1157 2233 1347 2288 adesse
1394 2245 1746 2301 cognoscens,
1776 2230 2007 2285 festinus

418 2328 680 2391 accessit,
706 2335 764 2383 et
789 2326 933 2381 inter
957 2334 1153 2381 cetera
1183 2323 1447 2379 castitatis
1473 2335 1685 2392 quoque
1713 2336 1825 2375 sua:
1846 2336 2004 2375 mun-

420 2418 638 2483 ditiam,
660 2430 820 2484 quam
839 2429 961 2469 cum
989 2426 1155 2467 uxore
1173 2411 1424 2467 servabat
1438 2410 1699 2465 secretius
1727 2408 2000 2464 indicavit.

419 2506 719 2561 Monachus
739 2505 882 2560 enim
915 2502 1133 2572 quidam
1167 2500 1283 2569 ejus
1305 2502 1494 2571 utique
1522 2510 1750 2570 patruus
1777 2515 2000 2554 uxorem

416 2596 570 2651 illius
616 2594 834 2649 sibimet
882 2592 1151 2662 perhibuit
1203 2590 1492 2659 aliquando
1544 2589 1855 2658 pertinere,
1909 2587 2000 2656 qui

418 2695 608 2740 tamen
633 2698 742 2754 pra:
764 2682 1106 2752 simplicitate
1135 2682 1323 2746 nimia,
1354 2680 1644 2735 nonnullos
1688 2678 1857 2733 ctiam
1906 2692 2003 2731 ex-

417 2786 663 2839 traneos,
717 2774 1048 2843 propinquos
1098 2780 1456 2828 consueverat
1508 2772 1795 2842 appellare.
1846 2770 2000 2825 Tunc

415 2865 510 2921 ille
560 2865 784 2919 verbum
828 2862 930 2918 hoc
967 2862 1121 2916 laetus
1150 2862 1397 2931 arripuit,
1429 2873 1484 2915 et
1513 2860 1838 2923 deliberans,
1869 2858 1944 2912 ait
1982 2877 1994 2910 :

414 2955 613 3011 Melius
635 2966 718 3010 est
743 2955 974 3022 denique
991 2961 1152 3007 certa:
1173 2953 1441 3007 castitatis
1469 2952 1645 3006 nitore
1672 2950 1994 3015 clarescere,

412 3061 581 3116 quam
608 3044 708 3099 sub
734 3044 925 3098 incerti
964 3060 1178 3115 semper
1207 3047 1443 3097 incestus
1489 3041 1777 3096 formidine
1820 3039 1995 3109 palpi-

413 3146 556 3190 tare.
606 3133 703 3189 Hic
729 3137 911 3202 itaque
939 3134 1230 3189 canonicas
1272 3132 1455 3194 horas,
1507 3140 1562 3185 et
1603 3130 1993 3193 ecclesiastica,

410 3247 539 3285 cum
572 3238 751 3298 potest
777 3242 879 3281 non
930 3227 1088 3281 facile
1142 3225 1345 3280 omittit
1403 3222 1575 3277 ofﬁcia
1641 3241 1654 3275 :
1715 3221 1995 3275 consuevit

405 3319 580 3371 etiam
604 3331 700 3384 per
719 3330 980 3369 annorum
1004 3313 1117 3382 jam
1140 3313 1293 3381 plura
1321 3313 1590 3367 curricula
1620 3312 1687 3365 ad
1721 3319 1993 3363 monaste-

2106 2139 2332 2208 spiritus
2360 2139 2413 2193 in
2442 2154 2628 2195 amore
2657 2139 2750 2194 Dei
2782 2141 2943 2209 paulo
2970 2141 3266 2197 ferventius
3294 2144 3694 2210 iuardescit,ad

2108 2230 2209 2284 hoc
2238 2230 2399 2284 etiam
2439 2230 2773 2294 extenditur,
2804 2239 2861 2283 ut
2891 2232 3055 2287 horas
3080 2232 3253 2289 beata:
3280 2234 3372 2289 Dei
3401 2234 3695 2293 Genitricis

2105 2320 2291 2373 audire
2319 2321 2560 2388 quotidie
2603 2335 2708 2374 non
2755 2330 3029 2390 gravetur.
3078 2322 3143 2376 Et
3204 2326 3326 2392 quia
3376 2341 3435 2381 se
3478 2329 3695 2383 Occasio

2103 2410 2357 2477 praebuit,
2387 2410 2514 2478 quid
2542 2411 2804 2465 etiame:
2836 2412 2937 2465 hac
2964 2410 3204 2467 fraterna
3248 2415 3510 2471 relatione
3554 2418 3696 2472 didi-

2102 2498 2290 2558 cerim.
2344 2500 2473 2553 mihi
2537 2500 2755 2569 quidem
2803 2516 2910 2554 non
2961 2502 3173 2572 pigrum
3230 2512 3315 2557 est
3356 2507 3614 2573 scribere,
3644 2507 3691 2561 si

2104 2587 2262 2643 modo
2293 2598 2343 2643 te
2374 2603 2480 2643 non
2518 2589 2698 2659 pigeat
2721 2590 2931 2644 audire.

2727 2678 2956 2735 CAPUT
2992 2680 3058 2735 Χ.

2316 2768 2583 2822 Horarum
2621 2768 2685 2822 Β.
2728 2768 2957 2838 Virginis
2987 2772 3211 2840 eﬁicacia
3246 2784 3464 2843 quanta.

2171 2858 2414 2914 Clericus
2439 2860 2584 2914 enim
2614 2859 2832 2928 quidam
2879 2862 3068 2915 multis
3097 2872 3215 2917 erat
3246 2867 3481 2932 peccatis
3508 2866 3685 2922 obno-

2098 2948 2237 3009 xius,
2272 2957 2327 3002 et
2350 2949 2618 3017 prtecipue
2644 2948 2881 3002 carnalis
2909 2949 3176 3005 illecebrae
3213 2952 3473 3008 fetoribus
3504 2955 3684 3025 inqui-

2097 3043 2415 3108 natus:qui
2464 3042 2680 3095 tandem
2735 3041 2992 3112 languore
3039 3054 3353 3114 correptus,
3399 3056 3562 3116 atque
3614 3047 3683 3103 ad

2096 3142 2337 3183 extrema
2391 3131 2742 3199 perveniens,
2798 3131 3129 3185 tremefactis
3172 3134 3469 3188 visceribus
3518 3150 3685 3202 expa-

2098 3233 2343 3283 vescere,
2377 3229 2431 3273 et
2476 3230 2769 3275 accusante
2818 3220 3173 3286 conscientia,
3227 3224 3466 3277 divinum
3519 3226 3685 3293 cmpit

2090 3306 2353 3375 judicium
2388 3308 2699 3363 medullitus
2726 3309 3017 3364 formidare
3045 3328 3059 3363 :
3092 3327 3322 3382 cumque
3356 3327 3503 3382 spem
3536 3315 3586 3367 in
3624 3330 3684 3369 se

406 3408 551 3461 riunt
676 3402 981 3458 Paterniani
1003 3372 1145 3471 quod
1178 3416 1343 3471 prope
1365 3416 1547 3454 muros
1573 3398 1814 3465 ejusdem
1841 3400 1993 3453 urbis
2019 3372 2063 3432 C
2098 3397 2295 3450 nullius
2318 3397 2445 3452 boui
2477 3400 2662 3467 operis
2693 3400 2980 3464 inveniret,
3015 3409 3185 3455 totum
3228 3372 3285 3456 se
3314 3372 3563 3471 protinus
3613 3406 3681 3459 ad

404 3498 648 3567 positum
704 3503 805 3556 est,
855 3493 1137 3561 prtecipuis
1183 3492 1564 3546 festivitatibus
1591 3498 1995 3560 properare,et

405 3597 709 3642 nocturnas
740 3584 846 3638 illic
876 3583 1063 3637 audire
1104 3583 1330 3652 vigilias.
1389 3582 1541 3648 Quod
1585 3582 1837 3634 nimirum
1882 3588 1990 3632 tam

402 3683 727 3731 constanter
742 3673 865 3742 agit,
884 3680 941 3724 ut
966 3685 1065 3725 nec
1091 3670 1391 3739 pluviarum
1426 3670 1707 3723 inundatio
1730 3677 1990 3721 ventuosa

403 3775 776 3830 compescere,
808 3774 907 3813 nec
931 3759 1177 3813 hiemalis
1205 3759 1376 3828 possit
1402 3758 1664 3827 asperitas
1696 3766 1985 3810 retentare.

407 3853 565 3923 Smpe
592 3860 772 3906 autem
808 3850 1028 3919 maligni
1064 3851 1285 3918 spiritus
1314 3864 1438 3904 eum
1474 3850 1525 3902 in
1550 3849 1666 3917 ipso
1693 3848 1907 3913 itinere,
1930 3857 1991 3900 ut

405 3953 695 4004 terreatur,
722 3941 1034 4001 inclamant,
1050 3948 1104 3993 et
1128 3941 1411 4008 strepitum
1440 3940 1657 4008 quidem
1686 3940 1815 3992 dirm
1842 3938 1990 3993 vocis

405 4035 680 4096 emittunt,
698 4032 791 4086 sed
813 4029 1099 4098 cujuslibet
1119 4044 1393 4099 corporete
1418 4028 1603 4084 forma;
1624 4030 1861 4100 speciem
1880 4044 1987 4084 non

402 4122 712 4177 ostendunt.

470 4212 612 4265 Ante
636 4223 837 4263 annum
863 4217 1044 4263 autem
1073 4217 1231 4263 nocte
1252 4208 1487 4279 quadam
1518 4211 1644 4263 dum
1676 4209 1744 4265 ad
1782 4210 1984 4279 pracdi-

403 4312 547 4358 ctum
578 4301 970 4355 monasterium
1000 4308 1336 4370 properaret,
1379 4315 1507 4356 ecce
1557 4300 1665 4370 lupi
1729 4300 1887 4355 simul
1932 4312 1990 4356 et

405 4405 601 4453 canes,
656 4388 1054 4458 furentiumque
1111 4389 1423 4443 animalium
1467 4389 1680 4444 diversa
1731 4398 1983 4459 portenta

403 4479 542 4535 facto
572 4479 790 4549 agmine
835 4480 1247 4533 insurrexerunt
1302 4480 1355 4534 in
1407 4494 1571 4545 eum,
1608 4489 1664 4534 et
1717 4480 1985 4535 ululantes

402 4573 664 4642 undique,
687 4578 740 4623 et
766 4568 1099 4623 oblatrantes
1137 4568 1342 4623 rabidis
1387 4584 1509 4623 eum
1570 4570 1809 4639 aggressi
1856 4579 1984 4622 sunt

403 4661 676 4715 tnorsibus
704 4666 1015 4717 attrectare.
1054 4657 1125 4710 At
1154 4658 1241 4712 ille
1270 4658 1357 4711 vix
1409 4658 1621 4712 tandem
1676 4672 1742 4710 ex
1790 4671 1979 4710 eorum

401 4751 654 4805 dentibus
718 4748 879 4815 pallio
942 4747 1101 4800 simul
1165 4756 1221 4801 et
1277 4747 1419 4815 pileo
1481 4749 1714 4802 nudatus
1780 4749 1975 4802 evasit.

403 4822 638 4896 Necdum
695 4849 871 4892 autem
918 4838 985 4892 ad
1031 4837 1240 4907 vigilias
1270 4839 1422 4906 signa
1453 4847 1775 4900 sonuerant;
1823 4854 1979 4892 cum-

402 4948 503 5001 que
559 4933 919 5001 perveniens,
974 4929 1187 4984 clausas
1233 4929 1410 4983 adhuc
1464 4928 1607 4983 fores
1660 4930 1975 4983 monasterii

401 5024 708 5091 reperissct,
737 5032 863 5073 ante
893 5020 1146 5074 litneu‘se
1171 5020 1418 5091 protinus
1446 5020 1499 5073 in
1548 5020 1797 5074 oratione
1846 5036 1975 5089 pm-

400 5112 606 5164 stmvit.
635 5110 847 5165 Diutius
896 5121 1073 5165 autem
1130 5112 1376 5166 oratione
1421 5122 1715 5181 protracta,
1760 5114 1974 5169 tandem

400 5204 652 5270 Surrexit,
688 5201 908 5271 etquod
938 5202 1197 5256 amiserat
1225 5203 1446 5271 pallium
1490 5204 1651 5257 simul
1692 5213 1747 5257 et
1777 5202 1973 5272 pileum

396 5301 540 5356 juxta
572 5307 632 5345 se
654 5290 845 5358 jacere
867 5289 1164 5357 projectum
1191 5292 1543 5346 vehementer
1570 5294 1804 5360 expavit.
1822 5292 1973 5358 Quod

399 5382 649 5435 nimirum
684 5391 865 5433 utrum
908 5395 1002 5447 per
1052 5380 1270 5451 angelos
1323 5379 1523 5435 factum
1579 5383 1677 5446 sit;
1735 5398 1804 5436 an
1859 5383 1974 5453 ipse

400 5478 647 5522 cruentus
670 5468 853 5536 praedo
875 5468 1138 5533 diabolus,
1154 5470 1293 5538 quod
1311 5469 1631 5534 abstulerat,
1649 5472 1975 5527 reddidisset

399 5556 610 5624 in.itus,
638 5559 879 5613 dubitari
909 5568 1103 5627 potest.
1134 5560 1203 5613 At
1232 5576 1337 5615 non
1367 5561 1600 5617 absurde
1622 5564 1968 5628 crediderim,

397 5658 452 5697 ut
480 5649 589 5715 ipse
609 5647 887 5716 malignus
918 5648 1107 5712 hostis,
1136 5651 1280 5719 quod
1319 5651 1638 5718 abstulerat,
1661 5655 1970 5723 compulsus

394 5735 458 5784 sit
501 5736 812 5799 restituere,
859 5743 1019 5805 atque
1059 5739 1124 5790 ad
1170 5737 1503 5794 confusionis
1553 5750 1608 5794 et
1664 5742 1971 5812 ignominia:

395 5835 495 5875 siue
522 5825 819 5890 cumulum,
851 5824 901 5879 ei
947 5840 1105 5894 quem
1155 5828 1389 5898 lteserat,
1427 5843 1648 5888 coaetus
1694 5834 1763 5887 sit
1812 5834 1970 5887 mini-

395 5920 493 5963 ιιι-δι
502 5928 579 5967 rc.

2094 3488 2471 3554 postulandum
2525 3490 2586 3543 Β.
2647 3490 2830 3545 Maria:
2887 3506 3101 3562 semper
3148 3494 3373 3563 virginis
3419 3497 3682 3552 auxilium

2094 3574 2343 3642 contulit,
2368 3587 2423 3632 et
2460 3579 2559 3633 sub
2584 3580 2703 3647 ejus
2730 3580 3088 3647 patrocinium
3143 3583 3447 3652 importuna
3501 3588 3685 3641 cordis

2092 3668 2366 3722 anxietate
2394 3668 2655 3737 confugit,
2684 3670 2989 3737 hujusmodi
3024 3672 3137 3727 fere
3162 3675 3345 3730 verbis
3373 3675 3629 3732 insistens
3662 3694 3677 3730 :

2092 3759 2207 3813 Non
2264 3760 2475 3830 ignoro,
2509 3762 2704 3828 inquit,
2732 3776 2766 3813 ο
2797 3763 2952 3815 beata
2986 3764 3170 3831 regina
3208 3766 3391 3819 mundi
3418 3765 3434 3821 ι
3465 3769 3591 3836 quia
3626 3777 3681 3824 te

2091 3849 2144 3902 in
2179 3848 2364 3902 multis
2406 3848 2629 3913 offendi,
2674 3860 2731 3902 et
2778 3850 3063 3911 castitatis,
3120 3860 3282 3919 atque
3330 3854 3680 3924 virginitatis,

2090 3940 2243 4009 cujus
2275 3952 2328 3994 tu
2372 3948 2548 3993 mater
2574 3954 2653 4002 es,
2679 3953 2780 4009 ego
2814 3940 2869 3993 in
2916 3957 3036 3995 meo
3063 3957 3289 4011 corpore
3339 3945 3680 4015 signaculum

2089 4029 2321 4094 violavi;
2350 4029 2647 4083 innumeris
2673 4032 2838 4084 etiam
2864 4041 3207 4100 peccatorum
3238 4035 3491 4090 sordibus
3528 4038 3682 4089 invo-

2088 4118 2233 4173 lutus
2258 4134 2398 4183 sum,
2424 4134 2523 4173 nec
2551 4119 2745 4187 dignus
2773 4120 3039 4183 invenior,
3075 4129 3125 4175 te
3176 4123 3342 4177 totius
3402 4125 3679 4180 munditia:

2088 4208 2387 4278 principem
2418 4208 2637 4276 pollutis
2666 4208 2823 4262 labiis
2847 4209 3098 4264 invocare
3142 4228 3154 4263 :
3206 4223 3607 4279 verumtamen,
3645 4230 3681 4269 ο

2080 4298 2247 4366 janua
2295 4296 2438 4361 εαξη,
2500 4295 2735 4351 fenestra
2786 4298 3043 4366 paradisi,
3080 4314 3206 4352 vera
3262 4299 3431 4355 Mater
3480 4301 3575 4357 Dei
3622 4313 3681 4357 et

2086 4388 2344 4450 hominis,
2388 4398 2440 4441 tu
2474 4388 2604 4441 mihi
2634 4388 2791 4442 testis
2813 4402 2887 4448 es,
2920 4389 3046 4457 quia
3087 4390 3296 4459 septies
3338 4391 3391 4444 in
3428 4392 3514 4445 die
3554 4391 3671 4445 lau~

2084 4481 2206 4532 dem
2245 4480 2354 4532 dixi
2396 4478 2526 4544 tibi,
2554 4488 2607 4533 et
2638 4478 2885 4549 quamvis
2935 4488 3219 4549 peccator,
3246 4484 3492 4549 quamvis
3525 4483 3672 4536 indi-

2084 4583 2241 4637 gnus,
2276 4567 2530 4621 omnibus
2561 4576 2740 4622 tamen
2783 4569 3061 4623 canonicis
3120 4570 3269 4623 boris
3333 4581 3436 4625 ture
3495 4571 3673 4628 laudis

2084 4660 2401 4728 obsequium
2426 4674 2531 4713 non
2558 4658 2828 4713 fraudavi.

2156 4747 2401 4816 Cumque
2453 4748 2760 4814 hujusmodi
2811 4749 2977 4803 verba
3032 4750 3263 4804 clericus
3323 4750 3668 4819 protulisset,

2083 4837 2246 4906 220
2278 4838 2620 4890 decumbenti
2650 4840 2992 4905 postmodum
3019 4839 3259 4907 piissima
3292 4839 3383 4892 Dei
3423 4839 3670 4894 Genitrix

2082 4930 2275 4986 astitit.
2303 4938 2355 4981 et
2385 4929 2580 4983 blande
2612 4930 2912 4990 consolata,
2938 4942 3159 4998 peccata
3191 4931 3409 4985 sibinzet
3448 4930 3669 4985 dimissa

2081 5038 2147 5077 ex
2179 5022 2429 5092 largitate
2483 5021 2680 5075 divinae
2737 5021 3127 5075 misericordia:
3177 5020 3465 5074 nuntiavit.
3516 5022 3670 5087 Quod

2082 5121 2262 5165 tamen
2292 5127 2389 5164 nos
2418 5110 2734 5180 trepidando
2770 5109 3119 5178 proferimus,
3145 5112 3269 5178 quia
3307 5119 3486 5168 utrum
3511 5110 3670 5177 juxza

2080 5202 2355 5256 relationis
2407 5201 2566 5254 fidem
2622 5216 2750 5254 vere
2797 5200 3116 5268 contigerit,
3166 5201 3498 5269 ignoramus.
3550 5198 3667 5257 Hoc

2079 5305 2259 5349 tamen
2292 5293 2480 5362 procul
2524 5292 2688 5347 dubio
2719 5293 2988 5355 novimus,
3036 5293 3161 5360 quia
3210 5292 3455 5361 quisquis
3483 5293 3669 5361 quoti-

2076 5387 2234 5439 diana
2281 5383 2552 5454 praedictis
2612 5384 2763 5436 horis
2816 5381 2989 5436 oﬂicia
3042 5382 3093 5434 in
3123 5380 3238 5448 ejus
3278 5381 3526 5434 laudibus
3561 5380 3669 5435 fre-

2074 5484 2340 5545 quentare
2387 5467 2678 5539 studuerit,
2706 5475 3027 5543 adjutricem
3058 5474 3294 5536 sibimet,
3329 5488 3393 5527 ac
3420 5473 3666 5542 patroci-

2076 5576 2323 5619 naturam
2374 5566 2540 5633 ipsius
2581 5566 2787 5620 .ludicis
2829 5580 3061 5619 manem
3102 5566 3155 5619 in
3195 5565 3284 5619 die
3323 5564 3667 5618 necessitatis

2075 5657 2328 5724 acquirit.
2356 5654 2508 5710 lianc
2530 5658 2695 5726 igltur
2718 5656 2906 5709 rudem
2938 5655 3381 5723 scriptinnculam
3412 5663 3467 5707 et
3496 5654 3667 5708 incul-

2077 5758 2209 5809 tam,
2244 5745 2615 5807 dilectissime,
2640 5745 2835 5813 stt-pius
2862 5745 3111 5799 iterando
3151 5759 3429 5814 percurre,
3462 5752 3518 5798 et
3556 5758 3663 5797 non

2072 5835 2324 5903 qualiter,
2352 5835 2444 5888 sed
2465 5835 2593 5903 quid
2618 5834 2851 5896 dicatur,
2879 5832 3098 5886 attende
3131 5848 3145 5884 :
3186 5832 3313 5894 imo,
3346 5840 3405 5884 ut
3456 5831 3529 5884 ita
3581 5831 3663 5883 lo-

2075 5936 2354 5993 quar,non
2376 5924 2666 5978 verborum
2697 5921 2902 5986 culmo,
2938 5920 3024 5975 vel
3070 5919 3236 5985 foliis,
3281 5923 3375 5974 sed
3430 5919 3661 5974 medulla
