5392 6578
1919 475 2020 531 ιω

1924 589 2103 655 potius
2124 575 2489 644 intelligentia:
2516 573 2803 625 delectare.
2857 568 3175 618 Prtedtetam
3233 561 3487 611 borarum
3521 553 3568 618 Α
3595 561 3819 601 auorum
3867 549 4298 626 doctrinatquod
4355 560 4531 598 virum
4585 541 4946 599 doctissimum
4995 547 5155 597 etiam

3062 653 3088 655 η
3173 651 3183 655 -
3299 647 3311 655 .
3601 619 3764 655 Ι-ιιριρ
3814 629 3915 655 nnn
3975 624 4170 655 nntmtt
4221 628 4645 655 nnmmmnnmrp
4685 612 4982 655 nnnrlelml-
5025 610 5155 655 Pnln

1924 647 2280 731 obedientiam
2311 662 2633 732 Deojugiter
2658 657 2876 719 exhibe,
2909 657 2958 709 in
2998 651 3215 721 reliquis
3242 647 3404 702 etiam
3440 656 3492 698 te

1926 770 2126 817 sancta:
2185 750 2607 809 conversationis
2670 747 2865 800 studiis
2923 742 3207 811 vigilanter
3265 751 3491 800 exerce;

1925 857 2188 919 quatenus
2214 844 2257 896 si
2283 822 2424 894 nunc
2454 838 2553 893 sub
2580 838 2684 892 leni
2710 836 2838 904 jugo
2866 832 2982 901 ejus
3027 841 3278 896 tanquam
3309 839 3497 919 servus

1926 915 2188 991 cervicem
2222 929 2399 985 cordis
2437 925 2729 988 attriveris,
2770 923 2912 977 inter
2972 920 3105 973 ﬁlios
3158 915 3494 985 postmodum

1927 1020 2257 1082 hereditatis
2296 1033 2543 1089 superna:
2575 1013 2866 1070 funiculum
2890 1025 3009 1066 cum
3036 1007 3200 1078 gloria
3229 1004 3494 1060 sortiaris.

2563 1213 2871 1270 SCHOLIA.

1999 1328 2204 1399 Septem
2232 1328 2384 1396 plane
2408 1336 2525 1380 sunt
2538 1324 2851 1399 principalia
2880 1323 3002 1375 eitia
3022 1361 3039 1387 ,
3069 1336 3133 1399 ea}
3182 1320 3366 1397 quibus
3396 1332 3494 1399 ete-

1929 1391 2078 1452 terae'
2105 1391 2361 1467 vitiorum,
2396 1391 2560 1467 pestes
2613 1396 2854 1467 oriuntur
2873 1432 2900 1467 ,_
2919 1407 3035 1467 qua;
3079 1391 3321 1467 nimirum
3353 1395 3492 1467 sunt,

1926 1457 2438 1534 superbiaigvaritia
2457 1504 2469 1523 ,
2493 1480 2626 1534 ean:
2656 1462 2823 1529 gloria
2843 1501 2857 1523 ,
2884 1457 2984 1521 ira,
3019 1458 3229 1534 invidie,
3256 1457 3491 1534 luxuria,

1928 1525 2160 1588 tristitia.
2192 1532 2304 1585 Non
2335 1542 2417 1585 est
2444 1525 2749 1584 mirandum
2778 1539 3020 1582 sanctum
3051 1525 3376 1580 cardinalem
3416 1526 3496 1576 in-

1932 1615 2014 1655 ter
2047 1604 2170 1655 vitia
2201 1601 2470 1668 capitalia,
2497 1601 2674 1670 gulam
2720 1614 2825 1653 non
2857 1598 3206 1658 recensuisse,
3232 1610 3392 1664 quam
3428 1608 3493 1646 ex

2379 464 2438 520 S.
2472 461 2667 518 PETRI
2706 452 2983 513 DAMIANI
3018 448 3167 506 OPP.
3211 441 3446 501 TOMUS
3485 437 3616 493 SEU
3658 433 3831 489 PARS
3870 433 4434 503 ιιιη-ορῐλεευω
4472 431 4700 486 VARIA.

5053 429 5155 485 232

3600 619 3765 671 latete
3813 629 3915 666 non
3975 610 4192 682 potuitf
4221 628 4645 668 commemorare
4685 612 4982 682 oportebat.
5023 610 5158 682 Puto

3600 697 3779 739 tamen
3805 685 3941 751 gula:
3976 700 4079 735 nou
4111 680 4437 744 memﬂjsse,
4478 682 4728 751 quoniam
4770 681 4990 734 inferius
5020 680 5159 751 inter

3601 755 3732 808 levia
3770 749 4010 819 peccata,
4044 753 4094 804 in
4141 768 4258 818 qua:
4280 752 4441 803 etiam
4468 750 4670 817 justum
4695 765 4959 817 quemque
4985 749 5160 814 quoti-

3600 825 3685 878 die
3716 822 3816 874 labi
3850 821 3944 885 ait,
3968 829 4250 875 enumerat
4271 821 4645 875 necessitatem
4676 828 4730 873 et
4755 819 5115 873 inﬁrmitatem
5143 835 5155 869 :

3601 891 3699 946 sub
3731 890 3924 959 quibus
3953 889 4151 957 gulam,
4182 906 4301 956 qua:
4334 905 4400 943 ex
4424 904 4623 958 genere
4642 904 4758 959 _suo
4786 903 4889 941 non
4917 895 5000 941 est
5038 900 5157 953 pec-

3600 957 3777 1015 catum
3807 959 4053 1020 mortale,
4086 959 4346 1012 contineri
4378 957 4607 1011 constat.
4640 957 4791 1010 Patet
4822 970 4949 1009 vero
4974 969 5160 1008 omnes

3600 1031 3807 1089 modos,
3835 1028 4030 1096 quibus
4080 1028 4130 1080 in
4178 1028 4298 1097 gula
4345 1027 4723 1097 delinquimus,
4754 1030 4839 1079 ει·
4873 1023 5160 1097 fragilitate

3596 1099 3751 1156 oriri.
3781 1091 3904 1149 duin
3936 1091 4204 1163 praetextu
4225 1091 4565 1150 necessitatis
4606 1096 4849 1160 voluptas
4893 1091 5047 1163 nobis
5072 1091 5158 1163 in-

3596 1169 3849 1228 sidiatur;
3873 1158 4101 1218 nt'aiunt
4121 1164 4356 1218 Joannes
4371 1165 4699 1227 Climacbus,
4720 1158 4882 1218 Gr’ad.
4900 1160 4963 1215 14
4986 1171 5040 1214 et
5062 1158 5159 1223 l5;

3596 1235 3833 1289 Joannes
3860 1233 4148 1287 Cassianus
4174 1234 4263 1286 lib.
4300 1250 4352 1287 ιι
4381 1249 4500 1302 cap.
4532 1235 4562 1287 7
4615 1234 4690 1287 De
4734 1233 4923 1302 spiritu
4974 1230 5164 1302 gastri-

3600 1306 3817 1373 margize
3840 1345 3854 1365 ,
3887 1304 3975 1373 qui
4024 1304 4145 1356 huic
4187 1300 4468 1357 sententia}
4507 1313 4702 1357 nostrae
4731 1301 4906 1354 favere
4933 1300 5162 1373 videtur,

3599 1367 3828 1430 dmn'ait
3856 1391 3867 1422 :
3905 1367 3922 1420 ἒ
3957 1372 4242 1425 lntirmitas
4267 1374 4447 1425 carnis
4468 1374 4532 1425 ad
4557 1373 4839 1440 puritatem
4867 1367 5044 1421 cordis
5060 1380 5161 1418 non

3599 1441 3782 1502 officit,
3810 1442 3852 1493 si
3886 1440 3998 1492 haec.
4030 1442 4423 1501 tantummodo,
4456 1439 4574 1508 quae
4618 1439 4900 1507 fragilitas,
4923 1449 5030 1492 non
5052 1446 5167 1502 qua

3601 1511 3844 1578 voluptas
3871 1510 4058 1577 exigit,
4087 1521 4431 1577 usurpentur.
4469 1529 4487 1560 ι

3885 1597 3966 1652 Sit
4025 1614 4210 1650 nomen
4277 1598 4484 1651 Domini
4550 1597 4888 1652 benedictum.

1930 1795 5126 1822 W

2403 1951 2753 2026 πίητε
2836 1962 3681 2080 OPUSCULUM
3770 1968 4615 2081 UNDECIMUM

2114 2209 2346 2272 LIBER
2387 2206 2520 2280 QUI
2565 2205 3102 2276 APPELLATUR,
3145 2199 3520 2263 DOMINUS
3567 2200 3993 2264 VOBISCUM.
4046 2204 4152 2262 AD
4197 2203 4524 2263 LEONEM
4568 2202 5014 2264 IIREMITAM.

1935 2524 2332 2581 Attoniti-2mm.
2367 2551 2433 2559 —
2456 2520 2689 2574 Leonem
2720 2521 2869 2571 mine
2905 2515 3211 2569 sanctitatis
3237 2513 3516 2566 eremitam
3542 2527 3702 2581 super
3725 2513 3955 2580 quadam
3987 2513 4467 2583 dubitationeqnid
4498 2516 4834 2571 sentiendum
4863 2520 4954 2583 sit,
4984 2534 5180 2576 censu-

2009 2596 2103 2657 lit;
2136 2610 2201 2645 an
2232 2592 2455 2651 scilicet,
2482 2601 2538 2639 ut
2563 2588 2833 2639 nonnullis
2853 2585 3158 2657 videbatur,
3182 2601 3302 2636 cum
3337 2584 3458 2649 quis
3504 2583 3555 2634 in
3584 2583 3714 2657 cella
3766 2584 3912 2632 solus
3942 2582 4175 2634 oﬂieium
4207 2584 4481 2657 recitaret,
4518 2585 4636 2637 illas
4660 2582 4971 2657 particulas,
5001 2589 5181 2644 Domi-

2011 2652 2108 2715 nus
2131 2662 2411 2719 vobiscum,
2439 2669 2494 2712 et
2518 2657 2652 2708 Jube
2677 2697 2690 2716 ,
2727 2660 2944 2726 domne.
2978 2655 3299 2726 benedicere.
3328 2662 3579 2726 tauquam
3608 2652 3765 2703 IIIIiIIS
3797 2665 4171 2726 person;e_non
4201 2655 4613 2726 convenientes,
4641 2652 4890 2708 emittere
4920 2657 5176 2726 deberet;

2009 2732 2123 2800 ipse
2152 2739 2338 2783 contra
2370 2728 2658 2800 sentirese
2700 2726 2772 2777 ait
2801 2724 2980 2776 mtdtis
3011 2722 3327 2780 rationibus,
3360 2720 3425 2772 ad
3468 2718 3584 2786 ejus
3618 2731 3795 2774 tamen
3827 2721 4148 2773 sententiam
4179 2720 4437 2789 confugit.
4471 2724 4550 2775 Au
4580 2735 4878 2777 extremum
4912 2727 4965 2780 in
4993 2718 5180 2783 solita;

2010 2794 2151 2855 diuis
2182 2800 2364 2851 laudes
2389 2794 2700 2849 elI'unditur.

2008 2975 2212 3029 Domno
2242 2972 2406 3026 Lsoat
2462 2984 2643 3023 amore
2696 2982 2939 3035 superna:
2979 2965 3243 3018 libertatis
3273 2962 3498 3025 incluso,
3532 2964 3577 3023 Β
3608 2976 3848 3030 peccare,
3871 2973 4122 3033 tanquam
4148 2967 4236 3036 qui
4259 2984 4481 3037 pensum
4501 2970 4666 3024 divini
4694 2972 5178 3039 servitiiminuaat,

1936 3067 2154 3122 Perses
2202 3070 2457 3131 peccator
2489 3059 2780 3111 monachus
2805 3055 3063 3124 quidquid
3098 3070 3308 3116 servus,
3336 3063 3390 3105 et
3447 3051 3505 3102 li-

1936 3154 2062 3208 lius.

2010 3244 2125 3298 Non
2157 3243 2365 3311 ignorat
2395 3237 2701 3291 sanctitatis
2724 3246 2911 3288 vestrae
2945 3233 3248 3301 prudentia.
3271 3230 3507 3284 dilectis-

1936 3336 2075 3389 sime
2104 3334 2279 3389 Pater.
2309 3328 2432 3398 quia
2476 3340 2525 3380 te
2564 3343 2664 3379 non
2714 3327 3141 3393 qualemcunque
3169 3325 3504 3390 complicem,

1934 3424 2024 3477 vel
2054 3422 2318 3480 amicum;
2352 3420 2446 3471 sed
2496 3427 2546 3469 te
2584 3429 2812 3484 patrem,
2841 3426 2892 3467 te
2914 3416 3213 3475 doctorem,
3248 3427 3297 3466 te
3343 3412 3510 3479 Inagi-

1940 3522 2138 3573 strum,
2170 3518 2225 3562 et
2251 3508 2526 3561 dominmn
2556 3507 2783 3557 electum
2822 3503 2950 3556 tnihi
2996 3518 3105 3571 pra:
3133 3504 3341 3556 cunctis
3375 3517 3511 3570 pene

1940 3599 2258 3655 mortalibus
2303 3596 2502 3657 habeo;
2537 3608 2725 3661 meque
2783 3602 2883 3643 tua:
2927 3591 3186 3643 orationis
3230 3591 3505 3650 instantia,

1943 3692 2084 3759 apud
2107 3691 2314 3742 divinas
2329 3702 2488 3741 aures
2513 3685 2897 3738 misericordia:
2926 3683 3097 3736 locum
3123 3684 3364 3736 invenire
3383 3697 3511 3736 con—

1941 3779 2068 3832 Ildo.
2098 3779 2162 3832 Et
2187 3777 2313 3845 quid
2356 3775 2585 3843 amplius
2622 3773 2832 3826 dicam?
2858 3773 3296 3840 Quandoquidem
3334 3786 3509 3823 meum

1946 3877 2000 3923 te
2044 3866 2289 3934 angelum
2325 3878 2445 3916 esse
2488 3862 2765 3924 constitui,
2797 3870 2852 3913 ut
2884 3862 2936 3914 iu
2966 3860 3139 3914 dubiis
3167 3861 3324 3912 rebus
3345 3859 3513 3927 quod-

1944 3970 2162 4023 cunque
2198 3952 2463 4006 haesitanti
2511 3967 2574 4003 ac
2621 3951 2915 4003 sciscitanti
2961 3950 3089 4001 mihi
3127 3950 3408 4001 consilium
3445 3963 3512 4001 ex

1946 4055 2039 4099 tuo
2063 4059 2158 4098 ore
2204 4042 2538 4111 procederet,
2584 4040 2656 4092 ita
2706 4040 2949 4106 protinus
2985 4038 3349 4090 indubitanter
3377 4036 3510 4089 acci—

1946 4149 2129 4206 perem
2160 4149 2223 4186 ac
2256 4132 2301 4185 si
2340 4146 2438 4183 vox
2473 4129 2599 4182 tnihi
2637 4129 2872 4182 cmlestis
2914 4128 3115 4181 oraculi
3144 4127 3404 4194 angelitus
3427 4126 3506 4177 in-

1947 4230 2202 4275 tonaret:
2244 4228 2404 4284 atque
2455 4217 2573 4278 ideo
2607 4218 2649 4268 si
2686 4216 2900 4284 quando
2942 4216 3268 4281 scrupulosm
3294 4213 3509 4279 cujusli-

1948 4312 2040 4365 bet
2075 4310 2146 4363 rei
2174 4309 2300 4361 u.ihi
2331 4307 2570 4375 subrepit
2597 4306 2882 4367 articulus,
2907 4315 3194 4372 antequam
3225 4315 3274 4358 te
3301 4302 3514 4357 consul-

1951 4411 2105 4453 turus
2127 4399 2400 4457 acccalam,
2429 4397 2530 4450 hoc
2585 4396 2724 4463 apud
2775 4411 2858 4448 me
2888 4397 3120 4449 divinam
3153 4394 3381 4462 imploro
3408 4393 3514 4446 cle-

1951 4489 2233 4549 mentiam;
2254 4494 2310 4539 ut
2334 4496 2383 4539 te
2406 4485 2555 4552 quasi
2582 4499 2690 4538 sua:
2705 4484 2988 4538 voluntatis
3010 4499 3268 4553 organum
3292 4484 3512 4545 faciens,

1952 4588 2043 4633 tuo
2077 4576 2204 4629 mihi
2254 4588 2348 4628 ore
2395 4574 2666 4641 praecipiat
2703 4574 2831 4642 quid
2875 4590 2960 4628 tne
2996 4573 3173 4627 facere
3202 4574 3253 4626 in
3307 4571 3515 4638 objecta

1949 4666 2297 4734 ambiguitate
2316 4664 2570 4717 decernat
2592 4680 2604 4715 :
2638 4674 2862 4731 quamet
2885 4681 3026 4719 nunc
3049 4680 3261 4733 quoque
3289 4679 3516 4719 censue-

1951 4756 2191 4810 tudinem
2223 4763 2433 4817 tenens,
2474 4754 2576 4806 hoc
2598 4769 2627 4806 a
2661 4762 2711 4807 te
2741 4755 3010 4807 docendus
3056 4756 3285 4823 inquiro,
3323 4757 3462 4822 quod
3488 4770 3517 4807 a

1952 4844 2138 4900 multis
2162 4858 2300 4910 saepe
2325 4844 2476 4911 quasi
2505 4857 2861 4912 responsurus
2887 4844 3277 4911 inquirentibus
3311 4845 3517 4909 exigor.

1952 4934 2202 4990 Nonnulli
2233 4936 2376 4987 enim
2413 4934 2609 4987 fratres
2635 4935 2925 4988 eremitica:
2951 4945 3245 4989 sectatores
3272 4937 3392 4988 vita-
3416 4935 3523 4988 fre-

1952 5034 2184 5095 quenter
2219 5024 2567 5091 interrogant,
2598 5040 2717 5078 cum
2750 5026 3050 5095 singulares
3072 5028 3123 5078 in
3152 5027 3350 5080 cellulis
3372 5042 3523 5081 com-

1956 5123 2259 5177 morantur,
2309 5125 2486 5167 utrum
2537 5114 2638 5167 illis
2671 5115 2828 5169 liceat
2871 5118 3068 5181 dicere,
3112 5118 3361 5172 Dominus
3390 5119 3527 5172 vobi-

1953 5219 2135 5266 scum,-
2171 5203 2328 5265 Jube,
2370 5205 2574 5267 domne,
2614 5203 2904 5258 benedicere
2926 5222 2945 5259 .'
2976 5217 3135 5274 atque
3172 5208 3291 5275 ipsi,
3318 5218 3373 5259 ut
3400 5219 3527 5261 sunt

1959 5296 2080 5357 soli,
2122 5295 2274 5364 juxta
2318 5310 2520 5348 morem
2573 5296 2997 5350 ecclesiasticum
3050 5299 3264 5351 sibimet
3299 5299 3530 5352 debeant

1962 5388 2307 5454 respondere.
2340 5385 2569 5450 Quidam
2607 5387 2748 5439 enim
2775 5387 2914 5440 inter
2935 5402 2992 5441 se
3022 5389 3171 5456 quasi
3204 5389 3530 5443 ratiocinan-

1963 5485 2067 5536 tes,
2093 5476 2278 5526 dicunt
2313 5489 2328 5526 :
2361 5475 2735 5543 Nunquidnam
2791 5492 2821 5529 a
2867 5478 3147 5544 lapidibus,
3188 5490 3280 5532 aut
3338 5479 3533 5533 tabulis

1963 5564 2165 5618 cellula:
2198 5563 2424 5631 petenda
2473 5573 2554 5616 est
2606 5564 2941 5618 benedictio?
2968 5576 3059 5618 aut
3106 5567 3207 5621 illis
3247 5568 3530 5622 dicendum

1966 5665 2068 5714 est,
2099 5663 2155 5703 ut
2186 5652 2441 5705 Dominus
2469 5652 2538 5705 sit
2568 5668 2686 5706 cum
2722 5654 2835 5707 eis?
2861 5653 3087 5720 Quidam
3117 5666 3314 5722 autem,
3352 5658 3395 5711 si
3427 5673 3533 5725 quo

1968 5744 2126 5797 modo
2155 5743 2532 5798 ecclesiastica:
2561 5744 2860 5801 traditionis
2883 5747 3126 5802 ordinem
3163 5748 3434 5816 deserant,
3472 5765 3531 5804 sc

3608 3055 4016 3121 pertimescunt.
4053 3056 4202 3109 Unde
4224 3060 4395 3122 nobis,
4431 3061 4554 3112 dmn
4586 3062 4780 3115 solutio
4817 3066 5091 3130 quatritur,
5117 3067 5181 3120 ad

3609 3145 4106 3210 percunctationem
4142 3147 4318 3213 potius
4346 3161 4494 3200 meus
4522 3163 4674 3215 aeque
4719 3152 4896 3203 nescia
4927 3165 5183 3218 provoca-

3609 3241 3712 3283 tur.
3764 3233 3857 3285 llis
3906 3234 4087 3302 itaque
4130 3239 4485 3303 qumstiouum
4536 3239 4760 3294 vallatus
4807 3243 5088 3309 angustiis,
5118 3246 5182 3297 ad

3610 3323 3858 3390 angelum
3894 3340 4068 3376 meum
4096 3324 4249 3392 juxta
4293 3329 4731 3381 consuetudinem
4763 3330 4943 3391 redeo.
4980 3332 5045 3384 ad
5068 3330 5186 3385 fon-

3613 3420 3717 3461 tem
3743 3427 3847 3462 non
3881 3411 4138 3464 Tulliana:
4166 3414 4507 3482 eloquentiae,
4541 3417 4632 3469 sed
4673 3416 4865 3472 divina:
4895 3419 5073 3486 potius
5093 3434 5184 3474 sa-

3612 3502 3824 3570 pientia:
3853 3503 3978 3555 trito
4001 3504 4130 3555 caJle
4160 3521 4397 3557 t'Ccttrt‘O.

4123 3611 4347 3665 CAPUT
4391 3613 4652 3667 PRIMUM

3617 3698 3767 3761 Quod
3798 3711 3981 3752 sancta
4006 3702 4333 3837 simplicitas],
4362 3706 4541 3756 mundi
4563 3704 4884 3774 philosophia
4906 3707 5029 3774 jure
5047 3726 5185 3777 pra:-

4329 3783 4488 3824 ertur.

4329 3783 4401 3823 ert
4410 3791 4488 3824 ur.

3686 3861 3959 3910 Platonem
3981 3858 4197 3911 latentis
4216 3871 4418 3912 natoue
4431 3871 4637 3915 secreta
4660 3864 4944 3918 rimantem
4971 3879 5187 3934 respuo,

3616 3946 3952 4013 planetarum
3998 3948 4212 4000 circulis
4258 3959 4449 4013 metas,
4506 3960 4882 4020 astrorumque
4926 3957 5191 4012 meatibus

3615 4034 3851 4087 calculos
3882 4035 4181 4104 atligentem
4218 4052 4232 4089 :
4271 4049 4464 4091 cuncta
4513 4041 4674 4093 etiam
4729 4043 4981 4109 sphmrici
5042 4045 5192 4100 orbis

3617 4123 3832 4177 climata
3879 4127 4029 4179 radio
4068 4128 4488 4195 distinguentem
4521 4127 4876 4198 Pythagoram
4907 4134 5185 4201 parvipen-

3618 4215 3686 4267 do
3716 4232 3728 4266 :
3757 4214 4139 4269 Nichomacum
4171 4232 4384 4284 quoque
4418 4219 4604 4271 tritum
4634 4219 5068 4285 ephemeridibus
5110 4223 5191 4276 di-

3542 4293 3586 4353 C
3620 4306 3758 4373 gitos
3814 4307 4003 4360 abdico
4044 4307 4367 4361 :Euclidem
4418 4308 4683 4376 perplexis
4732 4311 5187 4379 geometricalium

3620 4396 3907 4468 ﬁgurarum
3960 4399 4149 4451 studiis
4202 4402 4476 4451 incurvum
4511 4415 4662 4465 :cqtte
4691 4400 4937 4453 declino:
4969 4412 5191 4455 cunctos

3620 4504 3747 4543 sane
3796 4491 4041 4541 rhetores
4095 4505 4216 4542 cum
4271 4491 4384 4543 suis
4435 4490 4754 4560 syllogismis
4795 4500 4849 4544 et
4887 4493 5191 4561 sophisticis

3620 4580 4054 4634 cavillationibus
4114 4581 4360 4649 indignos
4434 4583 4531 4634 hac
4590 4582 4885 4648 quaestione
4937 4583 5188 4636 decerno.

3620 4667 3877 4720 Tremant
3908 4668 4140 4736 gyinnici
4176 4685 4328 4721 suam
4356 4668 4558 4736 jugiter
4578 4684 4762 4721 amore
4790 4670 5064 4736 sapientia:
5094 4687 5194 4722 nu-

3621 4757 3843 4810 ditatem
3881 4775 3891 4809 :
3926 4767 4170 4825 quaerant
4202 4758 4538 4826 peripatetici
4580 4757 4836 4811 latentem
4882 4758 4933 4809 in
4973 4757 5196 4825 profun-

3621 4847 3688 4901 do
3721 4859 3878 4916 puteo
3908 4850 4207 4901 veritatem.
4250 4847 4360 4917 Ego
4402 4863 4664 4902 summam
4692 4864 4721 4901 a
4764 4856 4814 4901 te
4844 4862 5025 4915 qua-ro
5054 4849 5192 4901 veri-

3623 4947 3810 5000 tatem,
3864 4937 4011 4990 illam
4046 4937 4310 5001 \idelicet,
4340 4952 4459 5004 quae
4505 4936 4569 4990 de
4608 4946 4749 4990 terra
4778 4946 4894 4988 orta
4929 4945 5028 5000 est,
5084 4951 5189 4989 non

3620 5026 3728 5095 jam
3760 5027 3810 5078 in
3850 5036 4009 5092 puteo
4043 5027 4354 5095 ignobiliter
4376 5026 4692 5088 latitantem,
4724 5027 4815 5079 sed
4845 5025 4988 5078 omni
5015 5025 5191 5078 mani-

3625 5118 3873 5172 festatum
3923 5120 4139 5180 mundo,
4183 5127 4434 5185 perpetua
4478 5118 4531 5171 in
4585 5118 4732 5171 caelis
4784 5116 5060 5182 majestate
5109 5131 5192 5168 rc-

3627 5217 3903 5276 gnantem.
3949 5207 4085 5271 Quid
4128 5207 4270 5259 enim
4313 5209 4699 5261 insanientium
4739 5218 5011 5276 poetarum
5043 5207 5193 5259 {abu-

3625 5295 3737 5349 losa
3769 5296 4119 5350 commenta?
4144 5295 4282 5361 Quid
4333 5297 4462 5350 mibi
4514 5298 4831 5350 tumentium
4871 5296 5194 5363 tragicorum

3629 5389 3948 5441 cothurnata
3980 5387 4333 5441 discrimina?
4364 5387 4580 5439 Desinat
4591 5386 4704 5453 jam
4733 5388 5057 5441 comicorum
5084 5395 5194 5438 tur-

3631 5480 3698 5532 ba
3734 5493 3932 5531 venena
3960 5478 4242 5531 libidinum
4288 5477 4676 5544 crepitantibus
4725 5477 4909 5530 buccis
4939 5475 5154 5528 eminere
5177 5512 5196 5527 .

3635 5577 3812 5620 cesset
3842 5567 4199 5636 Satyricorum
4232 5565 4423 5635 vulgus
4451 5581 4576 5619 suos
4597 5564 4811 5619 clarnos
4831 5564 5081 5632 captorize.
5107 5563 5201 5615 dc-

3645 5656 3923 5710 tractionis
3954 5656 4153 5708 amaris
4180 5655 4404 5721 dapibus
4443 5667 4707 5709 onerare:
4741 5669 4844 5705 non
4900 5650 5029 5705 mibi
5074 5647 5200 5701 Tul-

3641 5747 3764 5799 liaui
3802 5754 4043 5800 oratores
4094 5751 4342 5799 accurata
4388 5743 4574 5813 lepida:
4599 5741 4916 5798 urbanitatis
4944 5740 5202 5797 trutineut
