5392 6432
419 384 524 443 353
1097 364 1337 424 orusc.
1371 365 1461 420 χι.
1492 392 1562 406 -
1596 359 1795 417 mean
1835 362 1952 429 eux
1993 356 2273 417 murrea
2318 358 2621 416 eomes
2661 356 3025 415 vomscun.
3294 334 3301 347 "
3601 356 3707 409 est

418 495 586 552 verba
621 510 633 545 :
668 502 773 543 non
806 481 1209 541 Demosthenici
1264 482 1507 534 rhetores
1554 478 1715 547 223
1749 476 2003 544 captiosae
2034 484 2083 539 Α
2111 490 2191 537 ce,
2228 476 2426 546 inquit,
2454 490 2552 545 ego
2581 475 2860 528 vobiscum
2890 488 3009 525 sum
3052 468 3267 540 (ﬂuit/1.
3298 468 3514 537 xxvut).
3550 486 3568 520 ι
3604 469 3707 534 Qui

417 583 656 645 suadela:
702 585 1020 648 argumenta
1059 581 1276 627 versuta
1310 579 1639 637 componant
1676 586 1687 621 τ
1721 570 1913 619 cedant
1950 567 2005 619 in

418 693 551 737 suas
582 674 829 731 tenebras
859 683 1049 725 omnes
1077 676 1304 720 terrente
1349 660 1629 729 sapientia:
1673 658 1891 712 faecibus
1915 659 2007 712 de-

421 769 577 827 libuti
614 785 626 819 :
660 767 733 820 nil
778 763 906 817 mihi
936 758 1221 815 conferant
1251 756 1547 823 sulphureo
1576 752 1887 821 caliginosa:
1913 754 2009 806 do-

418 862 614 919 ctrina:
642 858 927 928 splendore
957 851 1164 907 caecati.
1190 848 1387 904 Christi
1428 862 1515 901 me
1563 846 1883 915 simplicitas
1914 846 2009 901 do-

418 962 568 1017 ceat,
608 967 736 1007 vera
789 946 1118 1017 sapientium
1153 941 1431 1017 rusticitas
1467 937 1839 1007 ambiguitatis
1874 952 2006 992 mea:

418 1016 695 1098 vinculum
718 1016 912 1094 solvat.
944 1054 962 1087 ‹
990 1034 1147 1101 Quia,
1181 1052 1197 1084 ι
1232 1016 1573 1099 enim,juxla
1614 1028 1768 1082 Pauli
1791 1042 2005 1091 vocem,

424 1153 449 1186 ο
471 1150 578 1189 non
594 1130 845 1202 cognovit
868 1126 1100 1181 mundus
1124 1137 1216 1193 per
1238 1121 1565 1191 sapientiam
1594 1118 1783 1183 Deum,
1803 1118 2008 1188 placuit

322 1260 331 1273 ι
417 1225 535 1279 Deo
566 1236 661 1293 per
683 1217 966 1272 stultitiam
1020 1212 1422 1284 przedieationis
1448 1210 1627 1265 salvos
1661 1208 1842 1263 facere
1886 1224 2007 1263 cre-

416 1315 613 1369 dentes
645 1310 695 1380 (I
721 1308 937 1378 C0f.~l).
976 1325 995 1358 ι

493 1404 699 1458 Littera
726 1400 909 1471 igitur,
942 1412 1063 1467 qua:
1089 1394 1311 1461 occidit,
1341 1394 1599 1448 abscedat
1624 1409 1639 1457 ;
1680 1392 1900 1461 spiritus
1926 1391 2007 1444 vi—

416 1492 674 1547 vilicator
733 1486 1064 1555 assistat(ll
1106 1484 1229 1539 Cor.
1289 1486 1395 1552 tu).
1438 1504 1455 1535 ‹
1521 1482 1810 1539 Prudentia
1860 1481 2005 1535 enim

420 1585 624 1647 carnis,
660 1601 679 1633 ι
712 1590 771 1635 ut
802 1580 944 1634 idem
976 1577 1107 1632 dicit
1144 1574 1450 1645 Apostolus,
1485 1592 1502 1623 ι
1540 1572 1689 1626 mors
1720 1581 1801 1625 est
1828 1569 2002 1640 (Rom.

416 1676 540 1743 vui)
564 1690 577 1739 ;
605 1694 622 1725 ι
645 1672 929 1742 prudentia
944 1676 1123 1723 autem
1141 1667 1381 1736 spiritus,
1406 1665 1513 1718 vita
1526 1673 1699 1733 etpax
1720 1664 2003 1732 :quoniam

414 1766 706 1840 prudentia
738 1762 919 1817 carnis
944 1760 1163 1815 inimica
1194 1757 1402 1813 estDeo
1434 1775 1448 1821 ;
1474 1757 1577 1826 legi
1608 1756 1750 1810 enim
1781 1756 1872 1808 Dei
1899 1768 2005 1807 non

2115 568 2370 622 nimirum
2418 566 2761 619 salutationis
2792 578 2973 617 sermo
3026 579 3130 615 non
3170 562 3431 614 tnodcrno
3459 562 3713 615 humanae

2115 658 2517 712 adinventionis
2550 656 2777 710 arbitrio
2817 655 3147 710 constitutus
3180 674 3190 705 :
3228 653 3321 707 sed
3371 667 3434 706 ex
3489 653 3710 721 antiqua

2115 750 2259 802 sacri
2289 748 2486 817 eloquii
2517 748 2842 801 auctoritate
2882 745 3140 815 probatur
3172 752 3498 812 assumptus.
3534 740 3635 795 Ubi
3667 741 3712 793 si

2114 839 2405 909 diligenter
2435 840 2750 906 inquiritur,
2784 839 2979 906 smpius
3008 837 3381 903 singulariter,
3411 845 3467 890 et
3523 833 3711 905 plura-

2116 928 2243 983 liter
2272 929 2551 997 appositns
2580 928 2873 982 invenitur.
2920 926 3299 997 Singularitcr,
3330 925 3471 981 sicut
3495 926 3559 978 ad
3591 924 3716 978 bea-

2115 1032 2226 1075 tam
2254 1022 2346 1075 Dei
2378 1021 2711 1075 Gcnitriccm
2768 1020 2992 1090 angelus
3024 1022 3100 1072 ait
3134 1040 3145 1073 :
3188 1039 3204 1069 ι
3238 1020 3373 1083 Ave,
3405 1019 3578 1088 gratia
3610 1018 3718 1088 ple-

2114 1130 2204 1175 na,
2239 1114 2502 1167 Dominus
2528 1112 2875 1183 tecum(Luc.
2908 1112 2969 1183 ι).
3015 1132 3031 1163 ι
3066 1114 3145 1166 Ad
3168 1113 3476 1170 Gedeonem
3501 1126 3718 1181 quoque

2113 1203 2468 1257 nihilominus
2505 1204 2727 1273 angelus
2757 1204 2869 1259 ait:
2906 1222 2923 1253 ‹
2961 1202 3219 1257 Dominus
3247 1212 3443 1265 tecum,
3474 1202 3715 1255 virorum

2114 1294 2413 1348 fortissime
2446 1293 2678 1361 (.lnditlt.
2713 1293 2807 1362 vt).
2838 1299 2873 1345 ἰ
2914 1293 3206 1347 Pluraliter
3236 1303 3440 1357 autem,
3475 1301 3537 1346 ut
3560 1294 3614 1347 iu
3649 1291 3717 1345 li~

2111 1386 2215 1440 bro
2266 1384 2436 1445 Ruth,
2495 1383 2636 1437 Booz
2696 1384 2984 1438 salutando
3037 1384 3371 1437 messoribus
3418 1384 3530 1436 suis
3596 1382 3713 1436 ait:

2118 1493 2139 1524 ι
2181 1476 2441 1528 Dominus
2477 1474 2755 1528 vobiscum
2804 1474 2987 1546 (Rulli.
3041 1475 3122 1543 ll),
3170 1492 3187 1524 ι
3221 1482 3275 1528 et
3311 1473 3452 1527 sicut
3483 1474 3536 1526 in
3576 1471 3716 1525 libro

2114 1565 2592 1635 Paralipomenon,
2625 1566 2889 1635 propheta
2920 1580 2947 1617 a
2974 1564 3083 1618 Deo
3112 1565 3601 1619 missusiuvcnitur
3632 1579 3717 1617 sa-

2115 1660 2319 1715 lutasse
2354 1662 2459 1713 Asa
2500 1674 2681 1728 regem
2714 1656 2847 1711 Juda
2882 1672 3003 1709 eum
3039 1656 3279 1709 exercitu
3323 1670 3420 1709 suo
3452 1654 3714 1709 victorem

2119 1753 2187 1805 de
2210 1751 2394 1821 przclio
2426 1758 2809 1812 revertentem,
2839 1747 3035 1815 quibus
3059 1746 3132 1799 ait
3166 1764 3177 1799 :
3210 1764 3226 1795 ‹
3250 1746 3509 1800 Dominus
3537 1744 3718 1800 vobis-

416 1830 728 1924 subjicitttr,
761 1867 859 1907 nec
898 1853 1039 1906 enim
1071 1859 1268 1920 potest.
1305 1848 1362 1902 Si
1404 1864 1533 1917 ergo
1556 1846 1741 1902 carnis
1769 1846 2001 1914 pruden-
2030 1830 2085 1890 Β
2115 1860 2263 1908 cum,
2292 1844 2416 1914 quia
2450 1843 2627 1901 fuistis
2658 1856 2780 1896 cum
2809 1839 3037 1893 Domino
3068 1838 3150 1905 (Il
3182 1836 3369 1890 Pural.
3401 1837 3515 1906 XV).
3557 1856 3575 1890 ι

415 1949 497 2001 tia
523 1946 710 2015 nequit
736 1943 835 2013 legi
869 1941 960 1996 Dei
993 1940 1131 1995 colla
1185 1939 1525 2002 submittere,
1546 1953 1656 2007 quo
1700 1945 1860 2007 pacto
1888 1936 2002 1989 suf-

413 2039 540 2095 fusa
569 2036 753 2092 oculos
792 2034 939 2088 fumo
969 2031 1235 2102 superbia:
1270 2030 1440 2100 legem
1490 2030 1581 2083 Dei
1632 2028 1885 2097 praevalet
1914 2042 2006 2096 pe-

415 2128 802 2194 netrare?Age
843 2127 1022 2196 igitur,
1075 2132 1251 2192 pater,
1311 2122 1508 2175 nodum
1559 2120 1689 2176 mihi
1720 2118 2007 2188 proposita:

414 2221 737 2294 quaestionis
765 2218 915 2273 ocius
940 2216 1089 2270 solve
1116 2232 1127 2267 :
1150 2228 1251 2268 nec
1269 2209 1828 2283 patiarishumilitatis
1850 2209 2007 2263 Chri-

415 2316 489 2370 sti
516 2312 835 2382 discipulum
892 2306 1241 2378 grandiloqua
1295 2304 1617 2357 tumentium
1663 2300 2007 2369 philosopho-

415 2421 542 2462 rum
572 2402 850 2476 gymnasia
900 2400 1149 2454 circuire.
1210 2396 1366 2451 Dicat
1416 2394 1546 2448 mihi
1579 2392 1800 2461 angelus
1831 2406 2004 2456 meus,

417 2497 565 2568 quod
593 2492 898 2563 imperitum
924 2488 1328 2543 dialecticorum
1354 2484 1545 2553 vulgus
1573 2484 1784 2552 ignorat
1815 2499 1825 2534 :
1862 2482 2007 2534 dicat

417 2588 637 2659 sapiens
672 2582 961 2654 imperitia,
1004 2580 1145 2649 quod
1178 2577 1342 2633 stulta
1367 2574 1628 2643 sapientia
1672 2588 1778 2625 non
1814 2587 2009 2642 appre-

415 2677 629 2734 hendit.
670 2672 794 2727 Haec
830 2671 1013 2741 igitur,
1044 2684 1165 2738 quae
1208 2666 1481 2736 proposita
1511 2672 1655 2724 sunt,
1694 2671 1849 2731 pater
1879 2664 2006 2715 cha-

416 2768 654 2830 rissime,
707 2765 1001 2836 prudenter
1044 2761 1304 2823 edissere,
1350 2767 1407 2811 ut
1460 2765 1743 2827 postquam
1775 2755 1841 2808 ad
1872 2755 2008 2808 divi-

417 2875 545 2915 nam
572 2863 888 2927 perventum
927 2860 1011 2907 est
1044 2851 1385 2920 sapientiam,
1417 2846 1545 2902 nulli
1577 2845 1801 2899 ulterius
1831 2845 1883 2899 in
1923 2844 2007 2900 his

416 2952 775 3021 quaestionem
802 2944 1052 3015 expediat
1074 2944 1354 2997 ventilare.

1057 3031 1283 3089 CAPUT
1324 3032 1384 3086 ll.

600 3136 776 3201 Quare
814 3132 1024 3195 dicitur,
1052 3127 1206 3191 June,
1242 3126 1449 3190 Dousa,
1481 3138 1826 3178 nessmcsns.

490 3230 599 3285 Sed
624 3228 784 3297 hujus
811 3222 1127 3295 quaestionis
1158 3220 1357 3273 nodum
1383 3216 1830 3285 qualitercuuque
1863 3228 1890 3265 a
1919 3228 2006 3267 me

416 3322 571 3390 prius
602 3318 734 3374 solvi
758 3317 988 3371 fortasse
1010 3312 1307 3383 praecipies,
1326 3318 1381 3364 et
1406 3308 1482 3362 sic
1510 3307 1851 3375 postmodum
1884 3320 2007 3373 pro-

416 3411 523 3481 prii
551 3407 859 3464 intcllectus
896 3401 1221 3460 sententiam
1262 3412 1477 3471 promes
1506 3416 1518 3451 :
1553 3396 2005 3451 scholasticorum

415 3501 631 3558 scilicet
668 3512 819 3552 more
878 3496 1181 3557 doctorum,
1237 3491 1330 3559 qui
1379 3488 1731 3544 sciscitantur
1761 3504 1788 3539 a
1823 3486 2005 3556 pueris

415 3608 484 3650 ex
514 3604 837 3664 quacunque
881 3585 1139 3659 propositi
1192 3584 1447 3638 thematis
1487 3579 1819 3643 dillicultate,
1876 3577 2003 3647 quid

415 3686 687 3747 sentiant;
720 3690 778 3735 ut
807 3677 1097 3733 docilitatis
1129 3673 1359 3728 indolem
1381 3686 1448 3726 ex
1490 3686 1678 3725 eorum
1710 3670 1861 3738 prius
1883 3683 2007 3738 pro-

414 3775 622 3831 latione
650 3768 1077 3841 deprehendant.
1111 3765 1224 3834 Ego
1276 3764 1457 3832 itaque
1490 3770 1542 3815 te
1562 3761 1785 3830 jubente
1822 3756 2007 3813 moror

413 3866 725 3935 exprimere
778 3874 941 3929 super
984 3859 1085 3912 hac
1129 3855 1424 3915 dubietate,
1459 3852 1601 3921 quod
1632 3851 1827 3914 sentio,
1857 3850 2006 3903 salva

413 3958 629 4014 scilicet
679 3954 818 4009 ﬁde:
853 3960 913 4007 ut
942 3950 1028 4005 vel
1075 3951 1255 4018 inepte
1312 3946 1518 4015 prolata
1567 3943 1864 4012 corrigere,
1921 3941 2008 3997 vel

413 4051 669 4122 gnaviter
705 4045 971 4109 absoluta,
1022 4052 1113 4097 tua
1161 4040 1362 4095 debeas
1398 4035 1722 4090 auctoritate
1752 4033 2003 4104 probare.

413 4141 522 4198 Sed
554 4155 667 4196 non
715 4140 783 4193 ab
811 4151 869 4193 re
916 4135 1148 4198 videtur,
1178 4132 1224 4188 si
1250 4146 1359 4200 quo
1402 4129 1579 4185 studio
1607 4128 1723 4182 haec
1752 4124 2008 4180 Ecclesiis

410 4234 466 4291 in
495 4230 951 4291 consuetudinem
980 4226 1248 4290 venerint,
1277 4223 1454 4294 primo
1488 4222 1728 4275 nitamur
1755 4217 2007 4272 ostende-

411 4342 471 4383 re
500 4344 514 4382 :
554 4324 755 4381 deinde
780 4320 907 4391 quid
927 4318 1114 4385 nobis,
1134 4331 1297 4387 super
1322 4315 1406 4370 his
1422 4329 1541 4383 qua:
1567 4309 1841 4383 proposita
1858 4316 2005 4373 sunt,

410 4420 687 4480 videatur,
722 4422 881 4485 prout
911 4426 1158 4482 superna:
1185 4409 1377 4480 gratia:
1408 4404 1642 4461 facultas
1674 4404 1879 4465 tulerit,
1911 4416 2008 4455 ex-

410 4511 627 4581 pedire.
658 4507 922 4562 Lectnrus
954 4516 1189 4573 namque
1228 4514 1435 4570 magna:
1467 4495 1791 4552 humilitatis
1831 4492 2007 4556 gratia

411 4620 520 4660 non
551 4619 582 4658 a
608 4600 915 4663 sacerdote,
947 4598 1040 4653 sed
1068 4597 1136 4650 ab
1164 4608 1251 4657 eo,
1278 4591 1363 4647 cui
1386 4588 1647 4646 sacerdos
1665 4586 1914 4655 jusserit,
1945 4598 2006 4639 se

412 4693 654 4765 postulat
680 4689 951 4753 benedici,
982 4687 1168 4742 dicens
1196 4702 1209 4737 :
1248 4682 1403 4746 Iube,
1432 4680 1653 4743 Domne,
1682 4676 2001 4731 benedicere.

412 4786 691 4843 Sacerdos
736 4791 937 4847 autem,
966 4788 1022 4834 ut
1059 4786 1220 4834 tantze
1248 4774 1539 4831 humilitati
1572 4773 1746 4826 vicem
1792 4769 2002 4832 reddat,

411 4894 518 4939 non
550 4874 804 4944 subjecto
828 4873 1080 4942 cuiquam
1106 4865 1456 4925 benedicendi
1481 4862 1694 4933 delegat
1730 4858 1961 4915 oﬂlcium
1980 4901 1996 4925 ,

412 4989 516 5029 non
549 4986 654 5043 per
674 4966 1027 5033 semetipsum
1068 4959 1497 5017 benedictionem
1522 4954 1653 5009 dare
1696 4951 1997 5023 prresumit,

411 5064 505 5119 sed
542 5040 752 5135 potius,
776 5066 835 5110 nt
871 5069 897 5108 a
934 5056 1062 5117 Deo,
1115 5051 1205 5120 qui
1234 5058 1317 5105 est
1345 5061 1507 5117 super
1533 5044 1736 5108 omnia,
1786 5040 2006 5096 benedi-

412 5158 519 5214 ctio
542 5159 901 5225 prmrogetur,
928 5146 1188 5215 exposcit.

1045 5232 1270 5291 CAPUT
1307 5231 1390 5287 Ill.

682 5330 832 5386 Unde
858 5339 1030 5383 ortum
1064 5328 1150 5391 sit,
1184 5326 1423 5378 Domsus
1458 5333 1735 5375 vostscua.

505 5432 541 5486 ‘d
560 5436 752 5484 autem
799 5419 943 5490 quod
971 5419 1187 5480 dicitur,
1218 5416 1472 5469 Dominus
1510 5412 1791 5473 vobiscum,
1821 5422 2001 5462 sacer-

415 5524 557 5579 dotis
588 5514 771 5575 estad
804 5511 1055 5583 populum
1088 5508 1336 5565 salutatio
1365 5521 1379 5559 :
1405 5514 1527 5561 orat
1559 5504 1702 5558 enim
1738 5509 1793 5553 ut
1815 5498 2001 5552 Domi-

417 5632 514 5674 nus
567 5614 643 5670 sit
687 5622 815 5665 cum
886 5602 1166 5665 eis;sicut
1208 5601 1461 5670 dignatur
1512 5594 1674 5667 22a,
1703 5594 1880 5647 dicere
1907 5605 2005 5659 per

417 5706 747 5777 prophetam
779 5714 791 5750 :
831 5713 848 5746 ι
886 5690 1202 5751 lnhabitabo
1230 5691 1283 5743 in
1311 5689 1424 5757 illis
1447 5686 1632 5757 (Leuit.
1666 5685 1834 5751 xxvi).
1880 5700 1899 5733 ι
1939 5680 2005 5735 Et

420 5772 675 5854 Salvator
707 5785 991 5855 discipulis
1011 5783 1143 5846 suis,
1180 5781 1495 5849 cunctisque
1524 5775 1769 5833 ﬁdelibus
1798 5793 1809 5827 :
1850 5792 1867 5825 ε
1901 5772 2001 5827 Ec-

829 5878 1101 5939 Ps'ntos.
1145 5876 1391 5940 CXLV.

2036 3177 2083 3239 C

2038 4544 2087 4606 D

2193 1933 2437 1987 Ecclesia
2498 1946 2627 2001 ergo
2669 1929 2877 1985 salubri
2908 1927 3233 1982 salutatione
3287 1925 3586 1981 sacerdotis
3623 1940 3719 1982 ac-

2118 2037 2304 2097 cepta,
2332 2036 2387 2079 ct
2411 2025 2526 2095 ipsa
2560 2021 2911 2077 resalutando
2941 2030 3081 2084 orat,
3108 2028 3162 2074 et
3192 2021 3397 2072 orando
3421 2018 3715 2072 resalutat:

2115 2122 2402 2193 postulans
2442 2130 2497 2174 ut
2530 2121 2671 2175 sicut
2709 2119 2797 2173 ille
2828 2119 3115 2173 hominum
3143 2132 3262 2171 esse
3304 2131 3423 2170 cum
3456 2116 3536 2169 eis
3562 2123 3719 2183 opta-

2117 2214 2218 2275 vit,
2249 2212 2322 2265 ita
2351 2221 2550 2265 etcum
2580 2224 2646 2264 co
2675 2224 2794 2263 esse
2813 2208 3067 2277 dignetur
3116 2206 3337 2259 dicens:
3370 2202 3437 2257 Et
3464 2221 3582 2258 cum
3612 2204 3719 2271 spi-

2118 2305 2227 2355 ritu
2257 2313 2381 2369 tuo,
2424 2302 2475 2354 id
2530 2309 2634 2365 est,
2701 2315 2821 2353 cum
2884 2299 3067 2351 anima
3125 2308 3212 2351 tua
3259 2298 3331 2351 sit
3375 2296 3721 2366 omnipotens

2119 2393 2286 2455 Deus,
2316 2401 2373 2445 ut
2404 2406 2526 2445 eum
2560 2392 2722 2460 digne
2770 2404 2869 2458 pro
2902 2396 3087 2441 nostra
3129 2386 3302 2440 salute
3323 2386 3497 2455 possit
3535 2400 3718 2441 orare.

2116 2482 2187 2537 Et
2216 2481 2511 2536 notandum
2553 2478 2695 2549 quod
2741 2494 2847 2532 non
2882 2478 3033 2542 dicit,
3065 2486 3243 2531 tecum
3278 2492 3292 2541 ;
3324 2478 3437 2539 sed,
3462 2491 3581 2528 cum
3612 2476 3723 2545 spi-

2116 2574 2222 2625 ritu
2256 2583 2344 2624 (tto
2376 2580 2470 2624 :ttt
2504 2578 2699 2632 tolum,
2729 2569 2872 2639 quod
2906 2569 2959 2621 in
2993 2566 3381 2622 ecclesiasticis
3409 2565 3599 2622 oiiiciis
3628 2582 3726 2637 ge-

2114 2666 2277 2729 ritur,
2332 2662 2685 2734 spiritualiter
2734 2661 2850 2715 ﬁeri
2878 2661 3266 2731 perpendatur.
3319 2659 3386 2712 Et
3415 2658 3551 2712 bene
3597 2673 3719 2712 cum

2117 2757 2310 2827 Spiritu
2361 2756 2601 2810 hominis
2652 2770 2772 2809 esse
2817 2754 2963 2811 Deus
3010 2761 3252 2822 optatur,
3284 2752 3411 2820 quia
3444 2751 3498 2805 in
3534 2759 3717 2805 mente

2115 2857 2170 2901 et
2201 2848 2415 2916 spiritu,
2473 2848 2539 2901 ad
2573 2846 2865 2917 imaginem
2904 2854 2957 2900 et
2988 2843 3400 2898 similitudinem
3431 2842 3522 2896 Dei
3552 2843 3718 2898 homo

2116 2938 2400 2991 rationalis
2430 2946 2515 2991 est
2561 2937 2838 3001 conditus,
2867 2945 3033 3004 atque
3066 2935 3140 2988 ibi
3197 2933 3391 2988 divinae
3420 2934 3612 3001 gratias
3664 2942 3721 2989 et

2113 3026 2531 3081 illuminationis
2562 3034 2645 3079 est
2670 3040 2866 3095 capax.

2193 3119 2301 3174 Sed
2327 3126 2380 3173 et
2412 3118 2500 3173 illa
2529 3119 2784 3172 salutatio
2819 3117 3147 3187 episcopalis
3198 3118 3263 3171 ad
3294 3118 3573 3188 populum,
3608 3134 3719 3191 qua

2118 3212 2319 3266 dicitur
2354 3226 2367 3264 :
2394 3208 2516 3263 Pax
2546 3210 2835 3274 vobiscum,
2868 3210 3005 3272 sive,
3046 3226 3153 3277 pax
3182 3210 3343 3274 vobis,
3379 3225 3485 3265 non
3512 3226 3581 3266 ex
3610 3213 3718 3268 hu-

2118 3306 2265 3359 maui
2300 3319 2493 3359 sensus
2524 3303 2706 3357 studio
2740 3302 2959 3370 prodiit,
2996 3302 3089 3356 sed
3120 3303 3183 3356 de
3207 3317 3377 3356 sacrae
3419 3301 3720 3372 Scriptum

2115 3396 2370 3452 similiter
2387 3395 2716 3449 auctoritate
2744 3392 3019 3463 proﬂuxit.
3054 3392 3190 3447 Nam
3242 3406 3296 3448 et
3322 3396 3376 3449 in
3402 3395 3584 3451 Veteri
3610 3396 3721 3453 Te-

2115 3496 2390 3552 stamento
2420 3486 2624 3541 dixisse
2677 3484 2884 3539 Danieli
2936 3484 3159 3552 angelus
3190 3484 3466 3540 invenitur
3498 3504 3512 3539 :
3547 3506 3564 3540 ι
3596 3487 3718 3545 Noli

2114 3581 2332 3645 timere,
2365 3580 2451 3633 vir
2506 3580 2922 3641 desideriorum,
2965 3594 3073 3648 pax
3140 3580 3253 3643 tibi,
3306 3579 3632 3647 confortare,
3663 3592 3719 3640 et

2115 3684 2236 3729 eSto
2266 3674 2522 3728 robustus
2549 3672 2712 3741 (Dan.
2737 3672 2823 3742 x);
2856 3692 2873 3724 ι
2902 3682 2957 3727 et
2982 3674 3035 3726 in
3064 3671 3217 3728 Novo
3242 3688 3380 3742 pene
3394 3690 3610 3746 semper
3633 3676 3714 3733 ita

2114 3767 2382 3823 Dominus
2423 3766 2694 3820 salutasse
2751 3764 3049 3835 discipulos
3090 3765 3326 3837 legitur:
3362 3786 3381 3818 ι
3412 3766 3523 3822 Pax
3558 3770 3717 3827 vobis
3786 3768 3789 3769 ⁷

2116 3858 2270 3929 (Luc.
2305 3874 2465 3923 χχιιι,
2491 3856 2652 3913 Jonn.
2686 3858 2801 3927 xx).
2834 3875 2851 3908 ι
2882 3858 3090 3924 Quibus
3136 3859 3396 3913 nimirum
3432 3861 3715 3931 discipulis

2114 3950 2363 4003 eamdem
2386 3948 2729 4003 salutationis
2750 3948 2980 4003 formant
3023 3950 3443 4011 commendavit,
3481 3951 3712 4008 dicens:

2121 4058 2139 4089 ι
2173 4039 2230 4092 ln
2257 4053 2640 4107 quamcunque
2661 4038 2880 4091 domum
2915 4038 3251 4092 intraveritis
3269 4078 3283 4102 ,
3308 4038 3542 4095 salutate
3564 4054 3710 4108 eam,

2115 4131 2358 4185 dicentes
2391 4145 2405 4183 :
2432 4130 2539 4184 Pax
2575 4130 2703 4185 huic
2730 4129 2911 4184 domui
2943 4129 3162 4200 (Matth:
3197 4132 3273 4199 χ).
3313 4149 3330 4183 ι
3359 4130 3553 4187 Merito
3579 4147 3712 4205 ergo

2116 4222 2488 4291 apostolorum
2536 4237 2903 4288 successores,
2961 4223 3015 4277 id
3054 4231 3138 4277 cst
3170 4221 3537 4277 Ecclesiarum
3572 4238 3713 4293 pra:-

2114 4314 2281 4380 sules,
2342 4315 2500 4382 liuius
2564 4314 2740 4369 forma
2796 4314 3139 4369 salutationis
3189 4322 3444 4380 utuntur;
3491 4315 3711 4371 domum

2115 4410 2327 4466 scilicet
2357 4409 2450 4464 Dei
2482 4408 2798 4472 salutantes,
2828 4407 2917 4464 ubi
2968 4422 3159 4463 omnes
3188 4415 3402 4476 oportet
3429 4421 3550 4463 esse
3570 4406 3713 4464 ﬁlios

2115 4503 2291 4574 pacis,
2325 4511 2383 4555 ut
2429 4502 2686 4557 salutatio
2718 4502 2866 4572 pacis
2913 4515 3074 4569 super
3124 4514 3220 4554 eos
3254 4500 3629 4569 requiescens,
3656 4509 3712 4557 et

2114 4592 2479 4648 salutantibus
2507 4600 2563 4645 et
2589 4591 2841 4645 salutatis
2867 4592 3039 4659 possit
3068 4604 3188 4644 esse
3209 4587 3506 4642 fructuosa.

2731 4683 2956 4739 CAPUT
2992 4682 3077 4736 IV.

2116 4781 2268 4849 Quod
2296 4782 2427 4835 sicut
2453 4781 2557 4833 alia
2590 4794 2742 4833 sacra
2773 4776 3049 4849 Scriptura
3080 4791 3184 4827 non
3207 4774 3443 4841 subjacet
3488 4774 3714 4829 mutabi-

2455 4850 2615 4915 litati,
2644 4852 2716 4901 ita
2745 4858 2792 4900 et
2824 4846 3061 4900 Doutxus
3088 4860 3368 4899 vomscuu.

2181 4946 2299 5002 Jam
2330 4946 2495 5015 igitur
2516 4960 2579 4998 ex
2616 4944 2683 4997 iis
2712 4957 2832 5012 qua)
2857 4941 3140 5009 prremissa
3170 4930 3319 5005 sunt,
3368 4946 3540 5007 patet,
3579 4940 3706 5009 quia

2112 5038 2251 5092 sicut
2278 5035 2595 5105 prophetica
2643 5032 2936 5101 scriptura,
2972 5030 3415 5100 psalmorumque
3460 5030 3706 5084 modula-

2114 5131 2207 5195 tio,
2242 5128 2323 5183 vel
2353 5128 2515 5181 etiam
2540 5123 2851 5193 evangelica
2884 5122 3058 5193 gratia
3089 5121 3349 5175 divinitus
3373 5120 3435 5173 ad
3460 5130 3705 5176 nostram

2112 5221 2360 5276 notitiam
2395 5218 2593 5287 prodiit
2620 5233 2639 5281 ;
2671 5218 2750 5272 sic
2780 5218 2947 5269 etiam
3000 5215 3053 5269 id
3085 5216 3228 5283 quod
3257 5214 3483 5276 dicitur,
3514 5213 3705 5288 Domi-

2114 5332 2211 5369 nus
2261 5313 2545 5377 vobiscum,
2576 5326 2680 5366 non
2712 5326 2779 5365 ex
2828 5309 3050 5364 humani
3090 5322 3283 5363 sensus
3319 5306 3566 5369 arbitrio,
3608 5308 3704 5361 sed

2113 5424 2143 5462 a
2170 5407 2382 5462 Veteris
2406 5404 2651 5473 Novique
2689 5401 3022 5456 Testamenti
3048 5401 3371 5455 auctoritate
3396 5400 3701 5456 descendit.

2113 5501 2266 5555 Sicut
2296 5514 2423 5569 ergo
2462 5497 2765 5552 divinarum
2814 5494 3221 5563 Scripturarum
3279 5492 3590 5547 auctoritati
3627 5490 3704 5545 nil

2109 5609 2207 5663 pro
2253 5604 2434 5645 rerum
2459 5588 2726 5641 varietate
2781 5584 3143 5651 subtrahitur,
3178 5584 3252 5639 nil
3308 5591 3563 5654 augetur;
3608 5584 3704 5637 sed

2111 5681 2271 5753 225
2289 5682 2470 5751 potius
2496 5680 2549 5733 in
2569 5679 2653 5733 his
2675 5676 3043 5733 ecclesiastica
3057 5675 3393 5730 consuetudo
3411 5680 3660 5729 servatur
3684 5689 3698 5726 :

2112 5777 2184 5830 ita
2202 5772 2457 5839 nimirum
2475 5779 2528 5828 et
2550 5771 2667 5826 haec
2685 5766 3042 5824 sacerdotalis
3066 5767 3324 5823 salutatio
3359 5776 3700 5833 nequaquam

3225 5860 3264 5920 8

4720 6182 5170 6332 Α
