5392 6568
236 0 4550 241 ‘————-————-————-

1922 506 2026 563 255

2377 503 2438 561 S.
2475 499 2676 559 PETRI
2713 497 2992 556 DAMIANI
3029 494 3180 553 OPP.
3220 491 3456 551 TOMUS
3495 492 3627 550 SEU
3666 493 3845 550 PARS
3881 494 3967 550 ill.
3998 525 4064 535 —
4101 492 4464 551 OPUSCULA
4502 489 4714 547 VARlA

5072 491 5175 549 236

1925 633 2105 674 rerum
2138 615 2356 672 casibus
2380 623 2462 670 est
2483 613 2734 676 obnoxia,
2763 621 2823 666 ut
2847 610 3006 664 modo
3052 605 3306 678 proferri,
3335 604 3495 659 modo
3523 611 3576 668 Α
3601 615 3735 660 utet
3765 605 3863 675 ipsi
3889 607 3939 659 in
3968 606 4120 660 nobis
4143 620 4304 657 unum
4333 603 4458 665 sint,
4487 613 4545 657 ut
4570 601 4797 657 mundus
4820 605 5026 669 credat,
5050 605 5172 674 quia

1926 707 2115 762 debeat
2165 705 2380 760 silentio
2418 703 2717 773 prazteriri;
2768 700 2860 755 sed
2897 701 3060 754 etiam
3111 698 3154 752 si
3189 697 3370 767 plures
3410 697 3503 750 de-

1926 799 2055 859 sint.
2081 790 2335 850 illicitum’
2378 800 2464 848 est
2508 805 2568 848 ut
2608 791 2982 848 ecclesiastica
3024 789 3248 846 traditio
3282 805 3501 859 permu-

1926 895 2036 942 tetu
2045 903 2089 942 ι’.

2729 973 2872 1029 TV.

2729 974 2771 1029 Τ
2810 974 2872 1029 ν.

1930 1069 2084 1137 Quod
2113 1076 2294 1124 sancta
2325 974 2770 1122 EcclesifAetPtiita
2793 1065 3081 1137 ἱηηπιιιιιὶι,
3112 1073 3160 1118 et
3189 1071 3299 1118 tota
3328 1064 3501 1119 videa-

2317 1210 2325 1214 ’
2500 1148 2586 1189 tur
2611 1140 2665 1190 in
2696 1136 2932 1205 singulis.

2001 1254 2241 1310 Ecclesia
2270 1253 2532 1322 siquidem
2561 1250 2757 1305 Christi
2794 1257 2941 1302 tanta
2961 1248 3242 1303 charitatis
3270 1246 3497 1299 invicem

1927 1346 2070 1402 inter
2098 1361 2156 1401 se
2181 1359 2436 1413 compage
2457 1341 2823 1405 connectitur;
2854 1351 2912 1392 ut
2933 1350 2988 1393 et
3014 1340 3066 1393 in
3099 1339 3341 1408 pluribus
3368 1353 3493 1400 una,

1927 1447 1983 1491 et
2032 1437 2086 1491 in
2134 1434 2356 1503 singulis
2410 1434 2482 1485 sit
2528 1447 2624 1500 per
2654 1430 2966 1499 mysterium
3006 1438 3143 1492 tota;
3200 1428 3333 1481 adeo
3362 1436 3418 1478 ut
3446 1444 3500 1486 et

1927 1526 2102 1580 omnis
2133 1521 2446 1577 universalis
2476 1520 2712 1575 Ecclesia
2740 1534 2846 1573 non
2871 1518 3138 1572 immerito
3168 1533 3268 1569 una
3296 1512 3496 1570 Christi

1925 1615 2277 1685 perhibeatur
2307 1609 2653 1680 singulariter
2682 1623 2902 1677 spcusa,
2935 1615 2990 1660 et
3017 1621 3352 1675 unaquaeque
3382 1606 3498 1658 ani-

1925 1723 2012 1761 ma
2036 1720 2131 1775 per
2158 1703 2476 1758 sacramenti
2537 1700 2847 1770 mysterium
2901 1698 3056 1766 plena
3099 1711 3219 1751 esse
3246 1698 3498 1751 credatur

1925 1795 2181 1850 Ecclesia.
2210 1793 2341 1847 Nam
2371 1805 2424 1846 et
2447 1791 2774 1859 propheticis
2802 1788 2950 1842 Isaac
2972 1788 3192 1840 naribus
3221 1796 3328 1841 tota
3361 1800 3494 1854 pne-

1925 1900 2049 1942 sens
2096 1883 2372 1938 redolebat
2422 1880 2680 1943 Ecclesia,
2719 1894 2839 1932 cum
2887 1892 3050 1945 super
3099 1877 3257 1930 unius
3289 1877 3379 1929 lilii
3413 1878 3497 1930 sui

3608 709 3662 752 tu
3693 713 3777 752 me
3809 699 4001 754 misisti
4025 716 4038 751 :
4062 707 4116 751 et
4160 710 4260 766 ego
4302 696 4602 750 claritatem
4641 711 4800 765 quam
4829 695 5022 751 dedisti
5048 695 5175 751 mihi

3606 789 3723 843 dedi
3753 789 3852 850 eis,
3907 797 3966 842 ut
4000 789 4110 842 sint
4141 802 4326 849 unum,
4375 786 4513 839 sicut
4556 795 4611 840 et
4661 800 4758 840 nos
4792 800 4954 839 unum
4996 800 5177 840 sumus

3605 878 3785 947 (Joan.
3822 880 3975 945 xm).
4004 899 4020 930 ι

3675 969 3730 1022 Si
3762 985 3890 1038 ergo
3921 971 4198 1024 credentes
4242 968 4293 1023 in
4337 967 4610 1025 Christum
4659 981 4822 1020 unum
4867 973 5010 1029 sunt,
5059 965 5175 1020 ubi-

3602 1075 3815 1127 cunque
3840 1060 4084 1112 videatur
4107 1075 4222 1114 esse
4254 1075 4348 1129 per
4375 1058 4706 1129 corporalem
4738 1057 4970 1126 speciem
5014 1073 5174 1112 mem-

3603 1131 3782 1209 brum,
3832 1148 3901 1199 ibi
3948 1149 4108 1200 etiam
4155 1164 4250 1217 per
4293 1148 4612 1203 sacramenti
4659 1148 4972 1216 mysterium
5006 1154 5172 1201 totum

3604 1247 3687 1290 est
3721 1252 3929 1305 corpus.
3950 1237 4015 1290 Et
4045 1238 4304 1308 quidquid
4332 1247 4413 1292 est
4440 1238 4578 1306 quod
4606 1245 4874 1305 competat
4903 1236 5015 1298 toti,
5041 1252 5172 1305 quo-

3604 1329 3891 1380 dammodo
3940 1344 4234 1397 congruere
4275 1330 4482 1382 videtur
4521 1328 4681 1383 etiam
4712 1327 4846 1396 parti
4878 1342 4890 1379 :
4918 1335 5176 1396 quatenus

3607 1430 3661 1472 et
3694 1420 3834 1487 quod
3872 1429 4169 1474 conventus
4212 1421 4462 1473 Ecclesitr
4492 1420 4845 1473 communiter
4874 1427 5046 1482 sonat,
5072 1432 5174 1471 non

3603 1509 3893 1563 absurdum
3933 1511 4023 1574 sit,
4073 1509 4116 1562 si
4164 1525 4298 1562 unus
4345 1510 4504 1562 homo
4553 1507 4894 1578 singulariter
4921 1508 5177 1560 dicat:et

3604 1603 3746 1668 quod
3804 1600 3870 1652 ab
3913 1615 4021 1654 uno
4056 1610 4197 1653 recte
4250 1600 4608 1667 depromitur,
4656 1614 4683 1650 a
4732 1597 4972 1667 plurihus
5015 1598 5174 1651 etiam

3605 1690 4147 1758 irreprehensibilitcr
4193 1689 4512 1756 proferatur.
4565 1688 4698 1741 Hinc
4744 1689 4991 1741 estenim
5037 1685 5174 1754 quod

3607 1780 3659 1830 in
3693 1790 3956 1833 conventu
3998 1780 4174 1844 γυςίιὶ,
4211 1793 4354 1831 recte
4394 1793 4580 1831 onmcs
4625 1778 4887 1830 dicimus:
4919 1776 5170 1839 «Inclina,

3612 1872 3855 1933 Domine,
3896 1888 4076 1923 aurem
4111 1883 4275 1933 luam,
4309 1879 4362 1922 et
4393 1870 4582 1922 exaudi
4617 1884 4698 1921 me
4730 1868 5016 1937 :quoniam
5050 1881 5173 1936 cge-

1926 1989 2151 2045 persona
2182 1973 2392 2027 dicebat
2426 1988 2437 2020 :
2479 1988 2495 2019 ε
2521 1968 2656 2023 Ecce
2705 1967 2841 2022 odor
2876 1965 2965 2019 lilii
3015 1967 3139 2029 mei,
3195 1966 3329 2020 sicut
3363 1967 3494 2021 odor
3526 1951 3572 2009 Β
3604 1982 3704 2017 nus
3762 1975 3814 2017 et
3867 1981 4066 2032 pauper
4126 1981 4240 2016 sum
4290 1980 4418 2031 ego;
4458 1963 4663 2017 custodi
4713 1964 4940 2014 animum
4982 1977 5172 2026 meum,

1931 2066 2046 2135 agri
2087 2063 2230 2132 pleni
2275 2059 2426 2131 (Gen.
2472 2059 2731 2127 xxxvii)»
2791 2057 2857 2110 Et
2885 2057 3121 2110 debitrix
3156 2055 3242 2110 illa
3277 2057 3491 2121 mulier,

1930 2168 2048 2224 quae
2084 2168 2148 2207 ex
2178 2158 2446 2221 praecepto
2494 2149 2654 2202 Elisei
2704 2161 2894 2214 parum
2963 2145 3064 2199 olei
3112 2145 3269 2213 quasi
3315 2159 3495 2198 semen

1928 2243 2140 2312 sparsit,
2187 2250 2240 2293 et
2290 2242 2480 2293 uberes
2532 2252 2650 2290 mox
2690 2235 2870 2304 fruges
2905 2235 3090 2288 eodem
3136 2250 3233 2302 per
3278 2236 3495 2287 Vascula

1929 2333 2258 2388 redundante
2325 2328 2643 2399 permessuit
2699 2325 2804 2394 (IV
2865 2324 2990 2396 Reg.
3047 2325 3143 2394 tv),
3203 2324 3493 2379 Ecclesium

1927 2424 2111 2493 utique
2148 2420 2413 2490 figuravit.

1999 2515 2152 2582 Quod
2197 2513 2242 2568 si
2273 2527 2368 2582 per
2404 2525 2569 2565 sacra:
2620 2507 2915 2578 Scriptum
2957 2518 3174 2574 campos
3216 2504 3498 2575 diligenter

1930 2603 2238 2673 inquiritur,
2263 2601 2421 2655 unius
2450 2598 2572 2662 viri,
2597 2598 2679 2652 vel
2709 2596 2949 2651 mulieris
2970 2610 3196 2665 persona
3226 2596 3498 2665 designari

1930 2696 2226 2751 Ecclesiam
2262 2692 2505 2748 crebrius
2534 2690 2822 2744 invenitur.
2850 2687 3002 2741 Licet
3030 2687 3173 2749 enim
3215 2685 3500 2754 multiplex

1927 2787 2173 2840 videatur
2201 2782 2462 2845 Ecclesia,
2493 2790 2711 2850 propter
2738 2777 3178 2832 numerositatem
3225 2776 3494 2846 gentium:

1928 2892 2033 2930 una
2065 2885 2265 2937 tamen,
2295 2881 2350 2926 et
2372 2870 2597 2940 simplex
2621 2875 2721 2931 est,
2752 2867 2910 2921 unius
2934 2867 3078 2932 ﬁdei,
3107 2877 3161 2920 et
3184 2866 3378 2920 divinze
3410 2880 3496 2919 re-

1926 2964 2290 3037 generationis
2328 2960 2693 3016 confmderata
2749 2957 3028 3027 mysterio.
3078 2956 3145 3011 Et
3186 2970 3496 3026 quanquam

1928 3064 2133 3126 septem
2175 3052 2426 3108 mulieres
2460 3049 2766 3117 acceperint
2790 3048 2967 3100 virum
3014 3062 3203 3110 unum,
3229 3047 3382 3115 virgo
3412 3054 3497 3098 ta-

1929 3157 2051 3198 men
2075 3151 2130 3196 et
2171 3155 2275 3195 una
2310 3138 2514 3194 ctelesti
2543 3136 2614 3190 illi
2648 3137 2761 3190 viro
2790 3136 2987 3190 dicitur
3016 3135 3337 3205 desponsata
3360 3134 3495 3206 (ha.

1927 3233 2026 3305 iv).
2056 3233 2134 3286 De
2157 3246 2264 3301 qua
2293 3229 2545 3283 nimirum
2566 3225 2854 3296 Apostolus
2887 3242 2900 3277 :
2938 3244 2955 3276 ι
2978 3225 3265 3294 Despondi,
3299 3226 3493 3293 inquit,

1928 3338 2024 3378 vos
2075 3322 2167 3376 uni
2227 3321 2342 3374 viro
2392 3316 2652 3388 virginem
2706 3322 2913 3370 castam
2969 3314 3225 3370 exhibere
3278 3310 3570 3370 CbristoC

2124 3450 2137 3465 .
2167 3427 2265 3465 XI).
2306 3427 2323 3459 ι

2124 3450 2137 3465 ο
2251 3449 2265 3462 .
2306 3427 2323 3459 ι

1927 3413 1979 3486 (1
1999 3409 2369 3567 E3:rhi:l)ergo
2416 3496 2703 3552 manifeste
2745 3492 3030 3564 colligitur,
3075 3494 3216 3549 sicut
3247 3493 3498 3562 superius

1929 3594 2131 3651 dictum
2157 3600 2259 3658 est,
2289 3589 2415 3658 quia
2452 3602 2573 3642 cum
2617 3587 2670 3641 in
2716 3600 2820 3639 una
2847 3584 3081 3639 hominis
3108 3599 3339 3654 persona
3384 3593 3493 3638 tota

1928 3687 2236 3756 designetur
2262 3679 2521 3743 Ecclesia,
2564 3687 2620 3732 et
2661 3678 2773 3747 ipsa
2825 3685 3221 3745 consequenter
3258 3675 3495 3730 Ecclesia

1930 3792 2040 3832 una
2066 3776 2276 3830 dicatur
2300 3774 2475 3842 virgo,
2496 3777 2682 3825 sancta
2722 3767 2961 3822 Ecclesia
2984 3776 3039 3821 et
3065 3767 3119 3821 in
3146 3767 3397 3821 omnibus
3422 3765 3496 3820 sit

1930 3883 2061 3933 una,
2093 3875 2148 3921 et
2191 3865 2244 3919 in
2273 3861 2498 3934 singulis
2542 3869 2650 3915 tota
2683 3860 2979 3915 :nimirum
3028 3858 3082 3913 in
3113 3858 3356 3929 pluribus
3400 3872 3496 3927 per

1931 3958 2057 4014 ﬁdei
2088 3956 2343 4011 unitatem
2369 3951 2616 4021 simplex,
2644 3959 2698 4005 et
2741 3950 2796 4004 in
2832 3948 3064 4021 singulis
3089 3963 3185 4020 per
3214 3949 3494 4004 charitatis

1932 4047 2214 4119 glutinum,
2245 4044 2559 4110 diversaque
2587 4041 2728 4096 dona
2756 4039 3145 4095 charismatum
3178 4039 3486 4109 multiplex'

1930 4143 2058 4213 quia
2081 4140 2224 4196 enim
2250 4152 2318 4195 ex
2340 4152 2448 4193 uno
2470 4150 2674 4191 omnes.

2522 4223 2745 4280 CAPUT
2807 4224 2893 4279 Vl.

2172 4318 2308 4375 Item
2329 4318 2392 4372 de
2420 4318 2617 4371 unitate
2645 4316 2949 4370 universalis
2973 4313 3242 4369 Ecclesite.

2002 4409 2200 4466 Sancta
2262 4422 2490 4476 namque
2546 4405 2809 4472 Ecclesia,
2847 4404 2970 4460 licet
3019 4420 3372 4475 personarum
3421 4417 3495 4462 snt

1928 4500 2322 4572 multiplicitate
2371 4499 2603 4562 diversa,
2653 4496 2707 4551 in
2760 4511 2924 4550 unum
2971 4504 3147 4550 tamen
3197 4505 3279 4550 est
3319 4498 3489 4552 sancti

1931 4591 2166 4660 Spiritus
2191 4590 2310 4660 igne
2331 4587 2562 4642 conﬂata
2587 4601 2603 4640 :
2632 4595 2794 4655 atque
2823 4587 2944 4640 ideo
2977 4586 3141 4639 etiam
3181 4588 3223 4640 si
3250 4603 3344 4656 per
3370 4603 3492 4642 cor-

1929 4650 2167 4750 poralem
2211 4650 2378 4733 situm
2436 4676 2678 4747 partibus
2706 4650 2971 4730 uideatur
3021 4676 3207 4740 dividi,
3250 4650 3489 4733 'unitatis
3519 4650 3567 4709 D

1931 4781 2109 4824 tamen
2154 4768 2354 4823 intimae
2392 4775 2785 4822 sacramentum
2815 4766 3122 4823 nullatenus
3149 4783 3179 4821 a
3213 4784 3307 4822 sua
3341 4770 3486 4823 valet

1931 4861 2238 4929 integritate
2268 4859 2555 4928 corrumpi.
2588 4875 2606 4908 ι
2627 4857 2876 4913 Charitas
2901 4858 3045 4910 enim
3070 4856 3163 4912 Dei
3187 4857 3377 4913 diﬂ‘osa
3408 4869 3492 4914 est

1932 4953 1986 5006 in
2011 4951 2262 5006 cordibus
2289 4949 2487 5005 nostris
2514 4963 2611 5017 per
2634 4947 2891 5016 Spiritum
2921 4956 3188 5012 sanctum,
3216 4951 3304 5018 qui
3334 4951 3489 5006 datus

1931 5051 2014 5096 est
2061 5039 2215 5094 nobis
2241 5037 2412 5110 (Rom.
2460 5040 2577 5106 ν).›
2631 5038 2732 5093 Iste
2786 5038 2965 5106 itaque
2993 5037 3251 5108 Spiritus,
3275 5042 3365 5108 qui
3408 5052 3489 5096 est

1931 5130 2118 5199 procul
2145 5129 2305 5182 dubio
2331 5137 2384 5181 et
2408 5143 2564 5193 unus,
2598 5136 2653 5181 et
2700 5126 3007 5196 multiplex;
3039 5142 3180 5183 unus
3212 5129 3265 5182 in
3301 5129 3488 5197 majes-

1935 5221 2063 5275 tatis
2089 5219 2344 5284 essentia,
2394 5217 2669 5287 multiplex
2716 5233 2812 5288 per
2863 5219 3073 5274 diversa
3100 5220 3488 5275 charismatum

1933 5316 2091 5377 dona,
2134 5313 2227 5367 dat
2259 5309 2510 5365 Ecclesiae
2554 5319 2773 5375 sanciat,
2817 5326 2978 5381 quam
3029 5311 3219 5381 replet,
3265 5320 3322 5365 ut
3356 5314 3488 5367 etin

1931 5404 2279 5461 universitate
2325 5403 2395 5456 sit
2433 5416 2560 5466 una,
2589 5409 2645 5456 et
2680 5402 2733 5454 in
2761 5404 2872 5457 suis
2898 5403 3141 5473 partibus
3170 5413 3304 5459 tota.
3337 5403 3490 5471 Quod

1932 5494 2186 5550 nimirum
2214 5492 2497 5546 individua:
2541 5492 2762 5547 unitatis
2800 5508 3056 5549 arcanum
3097 5496 3309 5551 Veritas
3346 5511 3493 5551 com-

1937 5581 2246 5646 mendabat,
2259 5596 2378 5636 cum
2394 5580 2539 5636 Patri
2566 5582 2631 5636 de
2655 5582 2767 5636 suis
2791 5582 3066 5653 discipulis
3084 5585 3246 5656 223
3259 5585 3488 5641 diceret:

1944 5690 1962 5723 ι
1997 5670 2134 5734 Non,
2160 5670 2351 5739 inquit,
2380 5684 2478 5739 pro
2524 5669 2609 5725 his
2637 5686 2766 5743 rogo
2807 5680 3035 5739 tantum,
3062 5676 3153 5729 sed
3184 5685 3239 5729 et
3268 5691 3365 5745 pro
3391 5676 3490 5742 eis,

1941 5763 2031 5831 qui
2058 5760 2310 5815 credituri
2357 5768 2480 5814 sunt
2507 5760 2560 5814 in
2603 5777 2687 5817 me
2728 5778 2825 5834 per
2863 5763 3083 5819 verbum
3133 5766 3390 5836 ipsorum,
3434 5778 3492 5823 ut

1941 5866 2127 5908 omnes
2148 5866 2310 5906 unum
2333 5852 2460 5920 sint,
2488 5853 2626 5908 sicut
2651 5865 2703 5908 tu
2726 5854 2885 5910 Pater
2913 5857 2964 5910 in
2989 5873 3095 5923 me,
3123 5867 3174 5912 et
3203 5873 3304 5929 ego
3332 5860 3384 5913 in
3417 5870 3484 5924 te,

3607 2058 3859 2123 quoniam
3886 2067 4098 2108 sanctus
4120 2074 4235 2108 sum
4264 2056 4430 2123 (ΜΛ.
4454 2059 4670 2122 LXXXV).
4700 2075 4715 2105 ›
4745 2056 4800 2107 E;
4837 2054 5174 2123 singulariter

3608 2148 3906 2205 constituti.
3944 2164 4046 2200 non
4095 2149 4387 2211 ineongrm’:
4436 2149 4781 2198 decantanms
4815 2162 4826 2197 :
4858 2167 4873 2194 ι
4903 2145 5175 2198 Exsultale

3606 2238 3712 2289 lico
3744 2240 3968 2306 adjutori
3992 2249 4194 2297 nostro,
4218 2239 4436 2302 jnhilat<~
4458 2240 4527 2290 De
4552 2237 4738 2288 ilacoh
4764 2236 4931 2300 (Paul.
4956 2235 5169 2302 nul.»

3608 2326 3713 2378 Nec
3739 2328 3833 2379 abs
3860 2343 3914 2379 re
3944 2340 4043 2388 est,
4096 2328 4234 2394 quod
4293 2327 4441 2378 multi
4495 2326 4647 2377 simul
4678 2327 4937 2380 dicimus:
4971 2344 4988 2376 (
5010 2324 5176 2377 Bene-

3604 2418 3777 2468 tlll‘ﬂlll
3821 2417 4102 2470 Dominmn
4135 2418 4186 2469 in
4218 2417 4357 2468 omni
4386 2427 4643 2485 tempore,
4684 2431 4890 2482 semper
4921 2414 5033 2466 laus
5062 2413 5176 2480 ejus

3606 2508 3655 2558 in
3690 2524 3782 2559 ore
3813 2522 3930 2560 meo
3955 2504 4125 2574 (Psul.
4158 2506 4405 2573 xxxnt).i
4439 2506 4503 2558 Et
4531 2506 4625 2558 soli
4657 2521 4796 2572 smpe
4824 2504 5011 2572 plurali
5042 2517 5191 2572 voce,

3605 2598 3925 2664 proferimus
3957 2613 3969 2649 :
4004 2598 4336 2666 Magni/irate
4373 2598 4650 2651 Dominum
4688 2615 4905 2663 mecum,
4954 2609 5001 2651 et
5033 2598 5177 2650 exal-

3604 2698 3770 2741 temus
3799 2707 3981 2742 nomen
4023 2692 4133 2757 ejus
4165 2692 4380 2743 invicem
4405 2711 4420 2745 :
4444 2702 4494 2742 ct
4531 2690 4695 2743 multa
4741 2691 4789 2744 id
4827 2706 5011 2759 genus.
5041 2689 5174 2754 Quia

3605 2779 3856 2832 nimirum
3894 2795 4068 2848 neque
4111 2781 4194 2833 hic
4240 2780 4531 2848 pluralibus
4560 2782 4737 2834 Verbis
4763 2781 4917 2833 unius
4941 2796 5177 2850 persona

3603 2868 3837 2924 solitudo
3864 2871 4206 2938 przejudicat:
4237 2886 4406 2939 neque
4438 2871 4545 2925 illic
4575 2870 4854 2925 multitudo
4884 2870 5115 2924 fidelium
5143 2885 5175 2924 a

3601 2960 3973 3028 singularitate
4021 2960 4291 3017 discordat
4334 2980 4346 3014 :
4387 2963 4511 3031 quia
4564 2978 4656 3030 per
4704 2962 4954 3016 virtutem
5005 2961 5174 3015 sancti

3604 3049 3860 3119 Spiritus,
3911 3052 4002 3120 qui
4042 3063 4095 3105 et
4143 3052 4367 3120 singulis
4420 3053 4573 3112 inest,
4605 3067 4658 3106 et
4695 3066 4880 3106 omnes
4909 3050 5095 3120 replet,
5122 3059 5178 3105 et

3603 3140 3690 3193 hic
3717 3140 3945 3197 solitudo
3968 3141 4213 3211 pluralis,
4263 3150 4317 3195 et
4372 3141 4482 3195 illic
4537 3141 4820 3196 multitudo
4863 3140 5176 3212 intelligitur

3601 3230 3904 3301 singularis.

4201 3317 4427 3374 CAPUT
4465 3318 4573 3373 νη.

3607 3409 3758 3474 Quod
3789 3409 3832 3462 si
3879 3409 4114 3463 DOIINUS
4144 3424 4397 3464 VOBISCUI
4434 3426 4527 3477 pro
4571 3410 4933 3477 singularitate
4961 3427 5061 3465 non
5092 3411 5172 3464 di-

3788 3480 3945 3542 citur,
3976 3480 4141 3531 multa
4163 3479 4271 3532 alia
4300 3495 4504 3533 necesse
4529 3491 4606 3533 est
4631 3479 4977 3534 dimittantur.

3668 3588 3784 3643 Jam
3832 3603 3959 3644 vero
4007 3588 4077 3642 illi
4110 3591 4201 3659 qui
4231 3590 4436 3655 dicunt,
4486 3591 4725 3659 nunquid
4776 3590 5039 3661 lapidibus
5080 3603 5175 3647 aut

3601 3679 3797 3734 tabulis
3816 3679 3963 3735 cellze
3987 3683 4217 3748 petenda
4246 3690 4332 3735 est
4363 3681 4702 3736 benedictio?
4732 3692 4826 3736 aut
4848 3682 4950 3736 illis
4989 3684 5172 3738 dicen-

3597 3766 3723 3822 dum
3746 3778 3850 3834 est,
3876 3779 3934 3822 ut
3955 3769 4215 3824 Dominus
4237 3770 4311 3824 sit
4329 3785 4450 3825 cum
4474 3770 4588 3825 eis?
4617 3770 4995 3842 Respondcant
5036 3773 5169 3828 mihi

3597 3871 3653 3914 et
3699 3861 3899 3925 dicant,
3935 3876 4033 3915 cur
4082 3861 4383 3931 singulares
4431 3863 4483 3916 in
4529 3864 4732 3918 eisdem
4779 3863 4980 3919 cellulis
5009 3866 5165 3935 positi

3595 3950 3780 4004 dicunt
3808 3965 3821 4002 :
3855 3969 3873 4001 ι
3896 3949 4103 4013 Venite.
4130 3950 4462 4005 exsultemus
4484 3952 4745 4007 Domino?
4763 3971 4781 4004 ι
4807 3950 4975 4019 (Psat.
5000 3958 5166 4026 χειν.)

3599 4038 3770 4093 Dicite
3799 4040 3951 4102 mihi,
3997 4039 4218 4101 fratres.
4271 4040 4454 4104 dicite,
4486 4056 4684 4109 quaeso,
4739 4057 4870 4112 pace
4896 4054 5069 4098 vestra
5092 4044 5168 4099 lo-

3596 4145 3754 4200 quar,
3802 4146 3923 4185 cum
3971 4131 4066 4185 soli
4115 4133 4267 4195 estis,
4317 4146 4452 4202 quos
4496 4133 4892 4189 exhortamini?
4920 4151 5052 4206 quos
5097 4139 5165 4193 ad

3595 4222 3789 4277 divina:
3840 4223 4013 4278 laudis
4048 4224 4305 4279 excubias
4336 4225 4619 4279 invitatis?
4647 4241 4768 4281 cum
4815 4227 4988 4283 dicitis
5018 4246 5030 4280 :
5064 4227 5165 4283 Ve-

3594 4315 3720 4379 nite,
3747 4313 4060 4368 exsultemus
4085 4314 4337 4380 Domino;
4363 4315 4447 4371 vel
4476 4316 4601 4371 illud
4626 4334 4638 4370 :
4662 4316 4845 4387 Regem
4877 4329 5161 4389 martyrum

3594 4404 3870 4460 Dominum
3895 4410 4057 4462 venite
4079 4409 4395 4464 adoremus?
4417 4411 4788 4467 lnvitatorium
4813 4428 5039 4482 namque
5060 4414 5160 4469 hoc

3593 4495 3811 4561 dicitur,
3842 4506 3898 4553 et
3935 4498 4005 4553 ob
4047 4498 4099 4552 id
4131 4500 4314 4569 procul
4344 4501 4528 4567 dubio,
4555 4502 4678 4572 quia
4705 4517 4801 4572 per
4831 4503 4929 4559 hoc
4959 4504 5022 4558 ad
5067 4504 5158 4560 Dei

3592 4587 3775 4642 laudes
3817 4589 4051 4643 ﬁdelium
4099 4590 4324 4660 populus
4373 4593 4651 4647 invitatur.
4692 4594 4748 4648 Si
4801 4604 4976 4648 autem
5006 4609 5101 4649 vos
5127 4612 5157 4648 a

3594 4680 3739 4734 nullo
3770 4688 3897 4736 tunc
3943 4695 4166 4750 prorsus
4195 4683 4475 4748 audimini,
4501 4698 4636 4752 quos
4679 4685 4747 4737 ad
4788 4684 5156 4739 exsultantium

3595 4770 3822 4825 Domino
3859 4772 4244 4826 exhortatoriis
4281 4773 4502 4829 vocibus
4531 4775 4813 4829 excitatis?

3664 4861 3839 4931 Agite,
3863 4861 4105 4930 inquam,
4133 4862 4350 4927 fratres,
4392 4864 4555 4919 dicite
4585 4865 4762 4919 adhuc
4790 4864 4954 4931 mihi,
4978 4865 5021 4919 si
5052 4881 5156 4921 non

3593 4951 3661 5004 ad
3690 4960 4084 5007 sacramentum
4110 4954 4376 5022 respicitis
4399 4954 4776 5011 ecclesiasticae
4803 4956 5041 5020 unitatis,
5065 4961 5159 5015 sed

3562 5038 3661 5100 ,ad
3703 5057 3987 5096 numerum
4034 5044 4213 5112 potius
4261 5045 4561 5113 pmsentiaa
4610 5047 4933 5117 corporalis‘,o
4967 5050 5160 5118 quibus

3592 5134 3773 5189 dicitis
3800 5150 3814 5187 :
3841 5134 4008 5190 Nocte
4035 5149 4301 5207 surgentes
4329 5140 4596 5210 vigilemus
4629 5143 4843 5196 omnes?
4883 5142 5084 5210 Quibus
5105 5154 5162 5199 et

3592 5226 3761 5281 illud:
3786 5226 3979 5284 Somno
4005 5229 4206 5299 refectis
4237 5232 4763 5303 artubus,sttrgantus
4789 5250 4962 5289 omnes
4983 5236 5159 5290 ocius!

3597 5317 3708 5372 Cur
3734 5329 3882 5374 certe
3926 5334 4031 5374 non
4076 5337 4266 5376 omnes
4293 5323 4541 5394 hymnos,
4569 5336 4756 5378 omnes
4784 5324 5012 5394 denique
5035 5340 5158 5380 ora-

3598 5408 3792 5474 tiones,
3820 5425 3940 5479 quae
3969 5411 4222 5466 nimirum
4253 5428 4281 5464 a
4310 5413 4618 5470 doctoribus
4645 5413 4836 5485 plurali
4871 5427 4996 5471 sunt
5021 5418 5159 5488 stylo

3596 5500 3928 5570 compositae,
3957 5501 4037 5555 vel
4067 5502 4279 5557 silentio
4300 5514 4685 5573 praetereuntes
4707 5507 4974 5574 emittitis,
4996 5509 5156 5582 231

3596 5590 3682 5643 vel
3710 5592 3775 5644 ad
3809 5592 4131 5662 singularem
4162 5594 4423 5651 violenter
4451 5613 4730 5653 numerum
4756 5587 5052 5656 revocatis?

3670 5679 3788 5735 Jam
3815 5697 3943 5737 vero
3971 5699 4090 5741 cum
4123 5685 4189 5737 ad
4219 5686 4473 5742 lectiones
4496 5689 4707 5754 venitis,
4732 5690 4856 5761 quia
4893 5691 5040 5745 nefas
5063 5693 5164 5746 du-

3598 5772 3742 5838 citis,
3785 5772 3948 5829 nullis
3991 5775 4327 5832 adstantibus
4360 5778 4786 5834 benedictionem
4837 5793 5041 5848 petere,
5080 5781 5161 5836 vel

3598 5863 3750 5927 dare,
3782 5877 3879 5918 cur
3906 5863 4125 5920 Patrum
4167 5865 4433 5932 homilias,
4482 5877 4535 5924 et
4578 5868 5012 5924 conciouatoruut
5042 5885 5160 5925 scr-
