5392 6576
2744 124 2751 125 7
2945 115 2968 124 Α.
3021 109 3082 120 ε’
3157 105 3184 116 ⁸
3223 97 3234 102 -
3303 103 3314 106 -

2036 172 2041 173 ,
2106 170 2109 171 ν
2320 146 2549 179 ς-εετὶτῖ.
2711 141 2960 180 τέγεϊ-ενγι-
2977 151 3216 182 ———--:_-._'
3277 165 3292 172 ..
3575 157 3586 160 -

1976 202 1987 203 κ
2056 180 2263 211 μνη-Ξει-
2309 199 2340 204 ~-
2551 191 2616 198 ---·-
2691 183 2892 206 '_:‘."“"‘
2943 179 2960 188 ’“
2993 177 3038 186 ”
3079 193 3082 198 -

2264 206 2279 211 ’
2390 210 2427 221 ⁴’
2452 232 2473 241 ι
2528 214 2533 215 ⁷
2569 203 2604 210 ’-
2894 232 2945 239 κν
3030 224 3089 237 ην
3295 211 3442 243 .971,"—
3497 225 3500 228 ~
3565 213 3572 216 '
3649 211 3704 238 ἶ.
3745 235 3754 238 .

333 629 426 686 εἴη
1074 635 1315 694 OPUSC.
1359 637 1446 694 XI.
1489 671 1559 680 —
1597 638 1797 694 LIIiEli
1837 637 1950 704 QL.’
1988 636 2262 694 DICITUR
2304 637 2609 695 DOMINUS
2652 635 3017 694 VOIlISCUM.
3501 633 3607 686 238

333 761 509 802 mones
557 747 737 818 legitis
766 762 781 803 :
818 750 1012 820 quibus
1058 752 1312 806 nimirum
1364 763 1594 824 cogente
1660 753 1911 808 lectionis
1941 760 1988 817 Α
2018 751 2276 806 Ecclesiae
2300 753 2865 821 unitatcmApostolus
2893 749 3179 805 manifeste
3198 749 3457 808 declarat.
3484 764 3610 804 cum

335 838 503 902 modo,
535 838 792 908 populum
821 841 1018 910 alloqui
1047 843 1328 907 videmini,
1359 853 1412 899 et
1441 843 1585 898 velut
1616 845 1681 899 ad
1713 859 1906 899 secun-

335 929 447 984 dam
492 945 805 999 personam,
853 932 1060 986 scilicet
1118 933 1467 998 auditorum,
1517 936 1696 990 omnia
1746 935 1909 990 verba

332 1031 507 1075 vestra
529 1023 794 1094 dirigitis;
826 1033 989 1093 atque
1011 1035 1070 1078 ut
1098 1026 1212 1095 ipsa
1245 1028 1588 1083 bomiliarum
1622 1030 1783 1084 verba
1818 1045 1912 1098 po-

332 1127 539 1178 namus,
591 1115 804 1184 quibus,
837 1127 1040 1183 quaso,
1068 1115 1251 1171 dicitis
1277 1135 1289 1171 ε
1318 1118 1530 1185 Audite,
1565 1119 1756 1187 fratres
1787 1122 1914 1173 cha-

329 1209 544 1272 rissimi,
575 1217 628 1262 et
665 1216 881 1272 cmtera,
908 1225 1028 1278 quae
1069 1220 1396 1282 sequuntur,
1423 1228 1544 1266 cum
1591 1213 1664 1267 ibi
1713 1212 1913 1269 fratres

326 1301 458 1354 nulli
486 1301 613 1354 sint.
640 1299 769 1367 Quae
806 1301 1058 1356 videlicet
1085 1303 1130 1357 si
1159 1303 1323 1358 vultis
1353 1305 1419 1357 ad
1464 1313 1697 1358 vestram
1729 1303 1912 1374 singu-

323 1389 596 1445 laritatem
672 1391 812 1462 stylo
875 1391 1210 1447 reclamante
1276 1394 1546 1448 violenter
1614 1393 1910 1459 inﬂectere,

323 1481 450 1549 quia
478 1479 532 1534 id
570 1495 790 1549 prorsus
819 1481 1152 1552 impossibile
1172 1493 1275 1548 est,
1314 1485 1398 1539 his
1429 1485 1648 1540 omissis
1691 1499 1913 1539 necesse

314 1571 430 1642 jam
457 1573 611 1628 vobis
639 1576 742 1628 erit
767 1589 901 1628 nova
933 1574 1159 1631 dictare.
1184 1577 1293 1632 Cur
1322 1579 1484 1634 etiam
1532 1595 1657 1633 cum
1691 1579 1756 1632 ad
1791 1594 1914 1632 ora-

322 1667 502 1720 tiones
522 1676 840 1735 perventutu
866 1667 1050 1732 fuerit,
1079 1668 1296 1723 dicitis:
1322 1667 1581 1733 Oremus;
1610 1685 1730 1722 cum
1756 1682 1913 1722 nemo

321 1756 434 1809 illic
467 1757 555 1820 sit,
589 1757 678 1826 qui
710 1771 868 1812 orare
897 1758 1174 1813 vobiscum
1211 1760 1442 1814 debeat?
1474 1776 1632 1830 quem
1670 1761 1735 1813 ad
1766 1775 1913 1814 com—

320 1846 638 1901 munionem
690 1848 954 1918 orationis
1013 1850 1280 1914 invitatis,
1341 1851 1432 1919 qui
1482 1851 1686 1904 nullum
1722 1852 1914 1905 adesse

319 1938 676 2007 conspicitis?
701 1937 813 1994 Cur
839 1939 1005 1994 etiam
1044 1940 1097 1994 in
1136 1940 1328 2010 expleti
1361 1939 1517 1995 ollicii
1568 1940 1809 1994 clausula
1846 1955 1915 1994 ex.

320 2044 480 2084 more
503 2029 830 2100 sultjuugitis
850 2047 863 2082 :
883 2028 1262 2086 Beuedicamus
1279 2031 1535 2097 Domino;
1567 2048 1688 2086 cum
1718 2040 1914 2101 praesto

325 2119 507 2174 nullus
542 2120 781 2187 assistat,
830 2125 921 2191 qui
959 2123 1236 2176 vobiscum
1280 2123 1562 2176 Dominum
1599 2123 1917 2177 bcncdicat?
1951 2115 1990 2172 Il

394 2207 525 2262 Haec
550 2208 714 2278 igitur
739 2218 792 2264 et
827 2210 933 2263 alia
959 2210 1126 2264 multa
1171 2226 1292 2281 qum
1334 2212 1550 2280 longum
1580 2222 1661 2266 est
1689 2229 1915 2269 cnumc-

325 2313 476 2363 rare,
518 2300 855 2369 perpendite,
907 2308 963 2353 et
1007 2300 1393 2355 ecclesiasticae
1425 2303 1730 2355 traditionis
1763 2318 1918 2372 regu-

320 2395 424 2447 lam
456 2393 572 2448 sive
608 2392 726 2456 soli,
761 2393 876 2446 sive
917 2408 1040 2447 cum
1075 2393 1319 2461 pluribus
1359 2394 1704 2450 uniformiter
1731 2395 1918 2449 obser-

318 2494 465 2538 vate.
501 2481 556 2537 Si
597 2484 742 2537 cnim
773 2483 1022 2538 doctores
1053 2483 1308 2538 Ecclesia:
1340 2486 1392 2539 id
1436 2486 1694 2554 expedire
1728 2487 1916 2540 decer-

323 2584 542 2639 nercnt,
607 2574 657 2627 in
721 2575 1112 2629 ecclesiasticis
1172 2574 1362 2630 ofﬁciis
1429 2576 1594 2630 alium
1665 2577 1912 2646 singulis,

319 2663 488 2717 alium
571 2663 754 2718 multis
835 2664 1080 2718 ordinem
1140 2666 1522 2731 tradidissent;
1601 2667 1694 2721 sed
1749 2683 1912 2721 mmm

317 2755 569 2809 contenti
642 2765 849 2810 remota
916 2755 1232 2810 diversitate
1287 2771 1662 2826 componere,
1748 2774 1912 2812 unum

316 2859 413 2899 nos
443 2847 748 2899 docuerunt
779 2844 1023 2898 ordinem
1072 2845 1367 2900 iuviolabili
1398 2860 1614 2916 semper
1654 2847 1916 2901 observa-

315 2939 464 2993 tione
522 2947 726 2992 tenere.
766 2937 1126 2992 Providcruut
1172 2939 1340 3003 enim,
1391 2938 1517 3008 quia
1565 2938 1828 3008 quidquid
1861 2941 1914 2993 in

314 3029 520 3084 divinis
559 3028 836 3098 obsequiis
863 3042 893 3081 a
919 3027 1158 3097 quolibet
1190 3027 1447 3084 Ecclesiae
1491 3030 1734 3084 membro
1764 3045 1917 3085 reve-

312 3129 507 3174 renter
532 3118 780 3184 otlertur,
818 3120 872 3173 id
900 3120 1064 3174 etiam
1114 3119 1218 3174 [ide
1263 3130 1317 3176 et
1372 3121 1661 3177 devotione
1691 3132 1916 3178 cuncto-

313 3230 433 3268 rum
469 3213 857 3270 universaliter
884 3215 1228 3271 exhibeatur.
1265 3214 1416 3272 Unus
1445 3226 1529 3272 est
1562 3217 1707 3273 enim
1726 3219 1916 3275 Eccle-

309 3306 403 3361 εἰει*
436 3307 708 3376 Spiritus,
736 3321 845 3376 quo
873 3305 1184 3360 viviticatur
1226 3323 1396 3362 unum
1446 3324 1666 3378 corpus,
1706 3310 1853 3380 quod
1883 3326 1915 3365 a

309 3395 538 3451 Christo
573 3395 829 3451 videlicet
870 3410 969 3452 suo
1007 3397 1186 3466 capite
1223 3409 1608 3468 praeservatur.
1641 3398 1777 3454 Tota
1817 3400 1916 3472 igi-

2017 841 2147 895 dicit
2183 860 2194 895 :
2233 861 2250 892 t
2274 841 2451 896 Unum
2479 857 2700 910 corpus,
2752 857 2888 894 unus
2931 841 3107 908 panis,
3142 838 3296 894 multi
3342 854 3529 893 sumus
3557 835 3612 903 (I

2016 931 2136 985 Cor.
2170 933 2244 1002 χ).
2271 953 2288 984 ι
2321 931 2491 986 Tanta
2514 942 2598 986 est
2620 933 2762 986 enim
2797 931 3050 986 Ecclesiae
3081 933 3260 985 unitas
3291 931 3342 984 in
3370 930 3612 997 Christo,

2017 1032 2076 1076 ut
2108 1039 2245 1077 unus
2274 1023 2474 1093 ubique
2505 1025 2557 1077 in
2602 1034 2714 1079 toto
2746 1025 2879 1079 orbe
2907 1035 3174 1078 terrarum
3206 1025 3277 1079 sit
3300 1025 3456 1095 panis
3487 1039 3614 1078 cor-

2016 1113 2165 1182 poris
2194 1113 2418 1177 Christi,
2453 1122 2507 1168 et
2533 1129 2671 1168 unus
2699 1113 2840 1168 calix
2871 1114 3152 1181 sanguinis
3182 1113 3320 1179 ejus.
3344 1113 3618 1181 Quoniam

2016 1204 2156 1258 sicut
2187 1204 2443 1258 divinitas
2482 1204 2634 1259 Verbi
2679 1205 2769 1258 Dei
2807 1221 2911 1258 uua
2948 1214 3055 1268 est,
3079 1221 3199 1274 qua:
3228 1215 3396 1260 totum
3428 1205 3619 1274 implet

2019 1296 2319 1349 mundum:
2348 1295 2420 1349 ita
2476 1295 2602 1350 licet
2648 1296 2830 1349 multis
2881 1296 3040 1360 locis,
3094 1297 3390 1367 nuntiisque
3422 1297 3617 1351 diebus

2017 1384 2148 1439 illud
2200 1401 2396 1456 corpus
2452 1395 2836 1453 consecretur;
2880 1401 2984 1440 nou
3036 1396 3164 1442 sunt
3213 1396 3396 1441 tamen
3448 1387 3621 1442 multa

2017 1492 2268 1546 corpora,
2295 1477 2388 1531 sed
2417 1493 2581 1531 unum
2607 1493 2806 1548 corpus
2821 1477 3045 1532 Christi.
3073 1477 3136 1532 Et
3163 1479 3306 1533 sicut
3347 1477 3437 1534 ille
3463 1478 3621 1548 panis

2017 1578 2073 1621 et
2100 1569 2322 1637 sanguis
2365 1567 2418 1622 in
2465 1583 2665 1637 corpus
2707 1568 2907 1623 Christi
2940 1568 3212 1624 veraciter
3239 1568 3617 1624 transierunt:

2020 1661 2089 1713 ita
2124 1676 2336 1726 omnes,
2384 1661 2475 1730 qui
2527 1661 2657 1715 illud
2700 1661 2752 1713 in
2795 1661 3042 1716 Ecclesia
3083 1662 3243 1732 digne
3285 1661 3619 1732 percipiunt,

2019 1768 2183 1805 unutn
2228 1754 2431 1821 absque
2467 1752 2633 1806 dubio
2663 1751 2866 1807 Christi
2916 1767 3114 1822 corpus
3147 1755 3281 1807 tiunt
3309 1794 3322 1818 ,
3372 1753 3491 1823 ipso
3542 1764 3622 1808 te-

2019 1850 2219 1904 stante,
2251 1856 2371 1895 cum
2417 1841 2528 1894 ait:
2564 1840 2707 1908 tQui
2753 1843 3046 1896 manducat
3077 1857 3299 1896 carnem
3329 1857 3530 1907 meam,
3561 1849 3619 1896 et.

2020 1933 2158 1988 bibit
2185 1933 2506 2005 sanguinem
2553 1948 2754 1999 meum,
2803 1934 2855 1987 iu
2885 1949 2972 1989 me
3006 1942 3214 1999 manet,
3245 1943 3300 1990 et
3338 1949 3439 2005 ego
3466 1935 3519 1989 in
3551 1947 3618 1990 eo

2020 2025 2204 2091 (Joun.
2237 2026 2332 2094 Vl).
2351 2045 2368 2076 ι

2095 2117 2149 2170 Si
2183 2133 2314 2187 ergo
2342 2132 2534 2170 omnes
2573 2133 2737 2170 unum
2767 2116 2966 2170 Christi
3002 2132 3198 2187 corpus
3227 2133 3441 2196 sumus,
3472 2126 3528 2172 et
3558 2116 3622 2172 li-

2022 2220 2108 2264 cet
2145 2225 2238 2278 pcr
2269 2209 2608 2278 corporalem
2639 2210 2874 2278 spei-ient
2909 2210 3190 2263 videamur
3225 2209 3469 2280 abjungi,
3507 2210 3622 2279 spi-

2023 2305 2127 2357 ritu
2158 2315 2332 2358 tamen
2369 2305 2436 2358 ab
2464 2304 2694 2358 invicem
2743 2305 2983 2372 separari
3032 2319 3136 2358 non
3175 2320 3484 2373 possumus,
3528 2303 3624 2372 qui

2021 2396 2074 2448 in
2101 2412 2165 2449 eo
2191 2411 2504 2461 manemus;
2537 2397 2664 2463 quid
2695 2406 2909 2459 noceat,
2935 2410 3035 2464 ego
3067 2411 3171 2448 non
3197 2396 3376 2463 video,
3408 2397 3449 2449 si
3475 2409 3625 2448 coma

2023 2501 2238 2537 munem
2270 2485 2522 2539 Ecclesiae
2547 2485 2994 2560 consuetudinem
3023 2485 3291 2554 ctsinguli
3320 2497 3625 2552 teneanius,

2021 2582 2110 2648 qui
2140 2597 2240 2649 per
2267 2581 2490 2633 unitatis
2523 2579 2815 2634 individua:
2843 2589 3256 2632 sacramentum
3293 2580 3361 2633 ab
3393 2597 3452 2632 ra
3487 2597 3628 2634 nuu-

2021 2686 2182 2739 quam
2238 2671 2578 2724 recessimus.
2634 2670 2768 2722 Cum
2825 2669 2969 2723 enim
3008 2669 3317 2723 communia
3368 2669 3628 2725 Ecclesia:

2023 2762 2191 2814 verba
2222 2761 2367 2814 solus
2395 2759 2633 2830 profero,
2667 2775 2789 2812 cum
2837 2775 2901 2814 ea
2934 2775 3020 2814 me
3070 2774 3188 2813 esse
3220 2775 3408 2823 unum,
3436 2776 3499 2815 ac
3531 2776 3627 2830 per

2022 2853 2369 2922 pra-sentiam
2416 2852 2640 2921 spiritus
2675 2853 2727 2904 in
2759 2866 2823 2906 ea
2857 2865 2942 2903 tne
2974 2852 3238 2905 veraciter
3281 2867 3504 2907 manere
3534 2854 3631 2908 de-

2025 2953 2273 2999 monstro
2300 2961 2313 2996 :
2339 2952 2393 2997 et
2423 2943 2465 2997 si
2525 2943 2640 3013 ejus
2689 2959 2809 2997 sum
2860 2943 3130 2997 veraciter
3161 2945 3490 3010 membrum,
3519 2960 3630 3000 nou

2023 3034 2475 3090 inconvenienter
2499 3034 2772 3104 adimplco
2799 3049 2933 3089 meae
2967 3034 3343 3089 universitatis
3365 3034 3628 3092 ollicium.

2637 3145 2864 3202 CAPUT
2903 3144 2995 3199 IX.

2024 3236 2178 3303 Quod
2205 3237 2432 3309 oﬁicium
2455 3237 2979 3319 membricuiuslibet
3009 3237 3267 3306 speciale,
3299 3239 3394 3293 toti
3421 3237 3630 3309 corpori

2628 3318 2692 3361 8η
2721 3323 3014 3360 commune.

2096 3400 2269 3456 Porro
2294 3403 2349 3456 in
2382 3402 2884 3469 bumanocorpore
2935 3399 3080 3454 aliud
3125 3400 3292 3462 oculi.
3342 3401 3488 3456 aliud
3529 3400 3634 3457 lin-

311 3496 397 3542 tur
429 3489 686 3542 Ecclesia
730 3487 1068 3542 diversorum
1122 3487 1343 3556 quidem
1389 3486 1606 3542 constat
1660 3504 1922 3560 compage
1949 3475 1994 3538 Ο
2028 3509 2156 3567 gua,
2183 3492 2330 3548 aliud
2360 3493 2544 3563 pedes,
2597 3491 2745 3544 aliud
2793 3506 2990 3545 manus
3043 3491 3248 3545 habent
3302 3492 3632 3550 naturaliter

310 3581 724 3643 membrorum,
777 3579 870 3633 sed
919 3593 1085 3632 unum
1135 3587 1219 3632 est
1266 3578 1453 3649 procul
1500 3579 1667 3634 dubio
1697 3594 1920 3649 corpus,

308 3671 472 3726 unitts
498 3671 635 3725 ﬁdei
668 3669 939 3724 soliditate
965 3668 1276 3736 fundatum,
1307 3685 1415 3723 una
1441 3669 1764 3724 viviﬁcantis
1796 3669 1919 3739 Spi-

308 3765 450 3820 ritus
506 3767 717 3820 virtute
773 3763 1073 3834 perfusum.
1128 3761 1285 3818 Unde
1337 3772 1393 3818 et
1444 3762 1740 3833 Apostolus
1794 3762 1918 3816 ait:

311 3876 328 3908 t
363 3858 554 3914 Unum
603 3872 825 3928 corpus,
858 3872 997 3911 unus
1045 3856 1289 3926 spiritus,
1321 3856 1463 3911 sicut
1485 3857 1663 3910 vocati
1696 3857 1830 3911 estis
1868 3857 1922 3912 in

306 3964 412 4003 una
449 3965 556 4020 spe
585 3947 888 4003 vocationis
917 3929 1108 4002 vestrze
1131 3944 1348 4018 (Ephes.
1376 3947 1508 4017 IV).)
1537 3947 1767 4017 Dignum
1791 3961 1922 4019 ergo

304 4055 388 4098 est
415 4053 477 4098 ut
504 4041 786 4114 quidquid
813 4040 868 4094 in
889 4039 1060 4094 sacris
1093 4036 1282 4094 olliciis
1305 4054 1334 4091 a
1361 4038 1774 4108 quibuscunque
1796 4040 1925 4093 lide-

305 4135 447 4191 libus
499 4134 921 4208 particulariter
965 4133 1164 4205 agitur,
1215 4133 1315 4188 hoc
1365 4132 1484 4202 ipsa
1531 4133 1777 4188 Ecclesia
1828 4149 1926 4204 per

304 4231 583 4285 unitatem
649 4227 797 4294 lidei,
851 4237 908 4282 et
956 4227 1244 4282 charitatis
1296 4240 1539 4282 amorem
1591 4227 1924 4282 unanimiter

306 4335 471 4390 agere
496 4321 786 4376 videatur.

924 4387 1154 4446 CAPUT
1197 4388 1331 4445 VIII.

309 4483 466 4550 Quod
495 4481 843 4552 sacriﬁcium
894 4483 1037 4552 quod
1081 4481 1338 4552 altaribus
1365 4481 1759 4552 superponitur,
1791 4499 1823 4536 a
1849 4481 1925 4537 ci-

638 4551 720 4608 ris
741 4551 975 4607 simulet
1007 4551 1313 4607 mulieribus
1337 4551 1612 4623 offeratur.

373 4668 521 4724 Hinc
553 4675 654 4724 est
682 4665 853 4728 enim,
904 4666 1044 4734 quod
1080 4665 1132 4730 in
1169 4665 1283 4736 ipsa
1319 4664 1688 4720 celebratione
1731 4664 1929 4721 missa-

307 4779 426 4819 rum
481 4762 577 4820 cui
638 4756 1188 4824 diciturzMemento,
1228 4757 1468 4824 Domine,
1503 4757 1823 4828 famulorum
1848 4758 1931 4829 fa—

2024 3585 2329 3656 proprium.
2361 3583 2469 3638 Sed
2515 3597 2692 3652 neque
2720 3596 2915 3634 manus
2940 3580 3069 3635 solae
3111 3581 3333 3636 sibimet
3374 3589 3628 3653 tangunt,

2027 3690 2128 3729 nec
2157 3676 2258 3729 sibi
2295 3673 2463 3742 pedes
2492 3673 2774 3736 incedunt,
2804 3681 2894 3724 aut
2923 3670 3105 3742 lingua
3161 3671 3422 3741 loquitur,
3451 3672 3538 3728 vel
3561 3673 3635 3729 si-

2027 3767 2196 3823 bimet
2221 3765 2362 3819 oculi
2387 3762 2826 3833 contemplantur
2849 3781 2861 3814 :
2887 3764 2982 3817 sed
3005 3763 3269 3833 quidquid
3298 3774 3478 3834 potest
3505 3782 3638 3823 una-

2029 3873 2258 3932 quaeque
2290 3872 2414 3927 pars
2445 3855 2694 3925 corporis
2722 3852 3031 3924 specialiter
3059 3869 3247 3925 agere,
3299 3855 3403 3911 hoc
3441 3858 3640 3925 proba-

2033 3964 2122 4007 tur
2144 3950 2398 4004 omuibus
2432 3948 2484 4000 in
2534 3961 2823 4002 commune
2853 3944 3124 4000 conferre.
3154 3945 3222 3999 Et
3247 3945 3391 4016 quod
3423 3947 3638 4002 unicui-

2030 4059 2134 4113 quc
2158 4041 2406 4096 membro
2448 4041 2704 4112 singulari
2754 4039 2876 4108 jure
2926 4052 3134 4094 natura:
3161 4041 3502 4109 conceditur,
3532 4043 3641 4100 boc

2030 4133 2100 4186 ab
2126 4133 2242 4200 ipso
2271 4145 2501 4200 corpore
2519 4131 2683 4200 (quod
2710 4141 2794 4185 est
2822 4139 2992 4184 totum
3017 4128 3154 4199 ejus)
3183 4129 3302 4185 ﬁeri
3321 4130 3635 4202 iudicatur:

2029 4230 2090 4274 ut
2119 4235 2224 4275 non
2254 4221 2548 4290 incongrue
2592 4230 2646 4273 et
2679 4236 2802 4291 pars
2836 4221 3022 4287 totius,
3051 4229 3102 4276 et
3133 4229 3306 4276 totum
3351 4237 3463 4278 suae
3494 4227 3642 4296 parti

2029 4313 2288 4373 exhibere
2315 4312 2530 4368 dicatur
2554 4310 2810 4368 ollicium.
2839 4312 2975 4368 Hinc
3007 4322 3092 4369 est
3115 4316 3265 4388 etum
3290 4324 3349 4370 ut
3369 4325 3424 4372 et
3453 4317 3640 4390 lingua

2031 4402 2186 4459 Pauli
2229 4405 2500 4460 veraciter
2533 4403 2677 4459 dicat
2703 4423 2715 4457 :
2749 4425 2766 4456 ι
2794 4404 3009 4460 Laboro
3036 4406 3088 4460 in
3113 4405 3410 4479 Evangelto
3433 4409 3641 4467 Christi

2032 4512 2205 4567 usque
2234 4497 2301 4552 ad
2329 4496 2541 4552 vincula
2577 4495 2662 4568 (Il
2691 4496 2827 4552 Tim.
2867 4498 2964 4569 ll);
2997 4518 3015 4551 ι
3045 4514 3170 4553 cum
3195 4498 3379 4572 lingua
3420 4501 3540 4570 ejus
3570 4502 3638 4559 li-

2032 4600 2154 4664 gata
2181 4605 2288 4646 non
2327 4590 2418 4646 sit.
2447 4589 2584 4645 Nam
2638 4600 2697 4644 ut
2737 4591 2845 4647 illic
2895 4592 3184 4663 sequitur:
3227 4593 3508 4650 «Verbum
3536 4596 3637 4654 Dei

2033 4698 2139 4738 non
2165 4691 2250 4738 est
2272 4683 2549 4755 alligatum
2587 4681 2832 4753 (Ibid);
2885 4683 2953 4738 Et
2981 4683 3177 4740 Petrus
3223 4685 3291 4740 ad
3325 4687 3637 4757 sepulcrum

2039 4771 2242 4830 Christi
2275 4790 2397 4828 cum
2427 4771 2635 4828 Joanne
2657 4775 2988 4840 cucurrerit,
3032 4791 3158 4830 cum
3191 4776 3290 4832 soli
3320 4779 3484 4850 pedes
3514 4795 3639 4835 cur-

305 4856 703 4926 malarumque
732 4862 976 4914 ιαανωη,
1004 4850 1163 4921 Paulo
1204 4861 1326 4921 Ροδι
1355 4850 1604 4906 subdiu"
1628 4869 1640 4904 ε
1667 4849 1775 4904 Pro
1819 4852 1936 4922 σαί·
1965 4836 2015 4896 D
2041 4865 2193 4918 rendi
2221 4865 2452 4920 subeant
2479 4865 2838 4920 ministerium
2867 4836 3052 4933 (Joan.
3087 4869 3201 4940 xx).
3228 4868 3293 4923 Et
3321 4836 3642 4941 ‘Stephanus

308 4948 397 5004 bus
421 4950 523 5003 tibi
550 4945 868 5019 oﬁ'erimus,
892 4943 973 4997 vel
1003 4944 1093 5013 qui
1122 4943 1216 4996 tibi
1242 4944 1466 5013 o/ferunl
1491 4944 1588 4998 hoc
1613 4944 1934 5013 sacriﬁcium

309 5040 508 5098 laudis.
547 5040 610 5095 In
642 5037 858 5107 quibus
889 5035 1071 5090 verbis
1095 5043 1347 5105 patenter
1374 5036 1703 5101 ostenditur,
1732 5037 1875 5105 quod
1903 5051 1934 5091 a

309 5133 526 5190 cunctis
556 5127 854 5190 ﬁdelibus,
891 5141 996 5180 non
1027 5127 1200 5182 solum
1230 5127 1383 5192 viris,
1416 5128 1508 5182 sed
1540 5136 1594 5183 et
1617 5128 1936 5186 mulieribus

310 5227 656 5282 sacriﬁcium
693 5219 836 5277 illud
864 5218 1039 5275 laudis
1067 5219 1308 5286 oll‘ertur,
1342 5221 1469 5277 licet
1499 5222 1567 5277 ab
1593 5238 1703 5279 uno
1725 5223 1927 5295 specia-

313 5315 433 5375 liter
465 5313 671 5374 oﬂ'erri
705 5311 999 5367 sacerdote
1040 5311 1474 5382 videatur;quia
1515 5313 1659 5383 quod
1707 5312 1798 5368 ille
1826 5312 1937 5369 Deo

313 5407 600 5466 oﬂ‘erendo
659 5400 926 5458 manibus
965 5409 1182 5466 tractat,
1230 5401 1335 5458 hoc
1380 5403 1669 5460 multitudo
1700 5405 1936 5460 ﬁdelium

319 5503 522 5560 intenta
577 5493 868 5555 mentium
914 5493 1197 5550 devotione
1251 5497 1612 5552 commendat.
1645 5496 1798 5566 Quod
1833 5497 1941 5556 illic

319 5617 533 5672 quoque
586 5593 946 5655 declaratur,
1003 5591 1093 5645 ubi
1142 5589 1574 5663 diciturzzﬁs
1601 5591 1751 5649 Hanc
1783 5595 1944 5665 igitur

322 5696 643 5752 oblationem
699 5681 979 5740 servitutis
1025 5691 1240 5748 nostrae,
1269 5684 1360 5740 sed
1403 5694 1450 5738 ct
1496 5695 1696 5738 cuncta:
1724 5685 1943 5754 familia:

325 5801 444 5854 tute,
473 5791 841 5859 quasumus,
888 5775 1132 5842 Domine,
1175 5787 1230 5830 ut
1259 5775 1498 5845 placatus
1537 5779 1784 5848 accipias.
1815 5779 1945 5846 Qui-

327 5885 421 5942 bus
451 5881 668 5945 verbis,
721 5874 860 5928 luce
906 5869 1108 5925 clarius
1151 5881 1380 5936 constat,
1434 5872 1559 5944 quia
1591 5873 1944 5941 sacrificium,

329 5980 466 6049 quod
496 5993 526 6031 a
555 5968 876 6030 sacerdote
929 5961 1105 6018 sacris
1152 5964 1417 6021 altaribus
1467 5968 1873 6039 superponitur,
1915 5983 1946 6022 a

334 6084 520 6130 cuncta
551 6067 654 6128 Dei
684 6055 912 6122 familia
938 6056 1261 6129 generaliter
1282 6057 1560 6117 oderatur.
1591 6059 1742 6118 Hauc
1769 6074 1947 6119 autem

2039 4954 2238 5008 viderit
2297 4954 2469 5009 caelos
2521 4963 2765 5024 apertos,
2821 4972 2941 5010 cum
2994 4958 3190 5013 Videre
3241 4960 3524 5030 proprium
3569 4964 3644 5018 sit

2039 5047 2320 5102 oculorum
2351 5046 2492 5120 (Act.
2519 5052 2641 5114 vn).
2671 5048 2737 5103 Et
2767 5049 2913 5105 Isaac
2946 5050 3113 5105 lilium
3141 5065 3300 5105 suum
3317 5049 3490 5108 Jacob
3517 5055 3638 5125 pal-

2039 5142 2219 5209 pantlo
2243 5141 2503 5212 tetigerit,
2527 5156 2650 5196 cum
2680 5142 2932 5214 tangendi
2973 5143 3052 5197 vel
3102 5143 3357 5214 palpandi
3401 5145 3638 5205 facultas

2042 5232 2292 5286 manibus
2322 5233 2392 5287 sit
2421 5232 2733 5303 specialiter
2761 5235 3023 5289 attributa
3070 5233 3227 5305 (Gen.
3253 5236 3451 5308 xxvu).
3482 5237 3643 5307 Quod

2041 5336 2171 5391 ergo
2197 5323 2500 5378 membrum
2522 5324 2802 5394 quodlibet
2823 5339 2982 5397 agere
3005 5327 3271 5394 cernitur,
3298 5329 3404 5385 hoc
3424 5330 3494 5385 ab
3522 5330 3645 5401 ipso

2044 5427 2275 5483 corpore
2302 5413 2418 5470 ﬁeri
2452 5415 3007 5486 irreprehensibiliter
3031 5418 3351 5488 perhibetur
3379 5437 3395 5476 ;
3423 5429 3480 5477 et
3512 5435 3546 5477 e
3566 5421 3645 5478 di-

2046 5521 2204 5562 verso
2229 5509 2374 5578 quod
2398 5523 2595 5579 corpus
2625 5507 2780 5575 facit,
2827 5509 3116 5568 multitudo
3160 5512 3398 5583 partium
3445 5528 3644 5586 coope-

2047 5599 2220 5655 rando
2239 5601 2528 5656 consentit.

2582 5691 2750 5764 περ
2777 5691 3007 5750 CAPUT
3039 5692 3106 5748 x.

2124 5782 2278 5849 Quod
2315 5783 2580 5856 sacerdos,
2605 5801 2727 5848 pars
2759 5784 3094 5839 ecclesiastici
3123 5787 3383 5856 corporis,
3412 5787 3575 5844 totius

2323 5855 2574 5910 Ecclesia:
2594 5856 2955 5910 convenienter
2982 5856 3150 5910 utitur
3168 5855 3355 5912 verbis.

2125 5968 2266 6038 Quid
2312 5983 2444 6042 ergo
2487 5969 2686 6026 mirum
2732 5971 2778 6027 si
2828 5972 3082 6027 sacerdos
3107 5972 3358 6042 quilibet,
3401 5973 3493 6044 qui
3524 5973 3646 6032 sine

1986 6097 2003 6114 .
2057 6063 2221 6120 dubio
2260 6063 2612 6122 ecclesiastici
2657 6065 2901 6128 corporis
2938 6081 3068 6125 pars
3104 6075 3223 6134 est,
3272 6066 3447 6124 vicem
3502 6067 3650 6126 salu-

4787 6353 5216 6460 ,Α

4673 6487 5216 6576 -
