5392 6574
1961 533 2067 590 239

2417 523 2473 580 S.
2510 520 2714 580 PETRI
2750 517 3027 576 DAMIANI
3061 517 3210 573 OPP.
3254 510 3487 571 TOMUS
3528 509 3658 568 SEU
3698 508 3876 566 PARS
3914 506 3998 563 111.
4027 504 4470 563 —OPUSCULA
4515 501 4742 558 VARIA.

5085 491 5186 553 240

1964 644 2129 700 tantis
2168 655 2229 694 ac
2248 635 2588 693 resalutantis
2629 632 2878 688 Ecclesia:
2900 629 3043 683 solus
3064 627 3294 697 expleat,
3319 624 3519 677 dicens:
3553 630 3601 687 Α
3629 636 3733 675 non
3757 620 4046 689 ambigitur
4060 617 4364 669 communia
4393 614 4555 668 totius
4578 610 4830 665 Ecclesia:
4853 620 5185 700 sacramenta

1966 741 2219 794 Dominus
2265 734 2568 796 vobiscum;
2634 731 2963 797 suhindcque
3022 725 3348 794 respondens
3395 741 3405 774 :
3458 720 3523 773 Et

1965 847 2083 882 cum
2109 827 2292 895 spiritu
2317 836 2402 877 tuo
2428 838 2444 874 :
2476 835 2795 890 rursumque
2821 819 3241 873 benedictionem
3272 814 3415 867 solus
3436 828 3526 878 pec

1967 928 2047 973 tat
2093 927 2148 972 et
2196 916 2411 977 reddat;
2449 929 2569 968 cum
2622 927 2715 980 per
2745 909 2965 962 unitatis
2997 908 3194 960 intima:
3222 917 3528 957 sacramen-

1967 1019 2081 1063 tum
2108 1017 2218 1062 tota
2243 1005 2550 1075 spiritaliter
2568 1001 2910 1061 sitEcclcsia,
2939 998 3022 1050 ubi
3051 995 3287 1062 ejusdem
3317 992 3436 1047 ﬁdei
3469 1008 3528 1045 ac

1966 1101 2219 1154 fraterna)
2250 1097 2542 1150 devotionis
2570 1093 2726 1146 fuerit
2754 1108 2856 1144 una
2882 1102 3125 1158 persona.
3145 1086 3243 1141 Ubi
3276 1086 3526 1137 nimirum

1968 1192 2146 1244 unitas
2188 1188 2330 1251 lidci,
2364 1202 2460 1240 nec
2501 1187 2553 1237 in
2595 1199 2700 1237 uno
2729 1182 3067 1236 solitudinem
3104 1179 3311 1246 recipit,
3350 1191 3443 1229 nec
3476 1176 3526 1228 in

1966 1280 2212 1349 pluribus
2234 1278 2516 1329 scissuram
2548 1271 2868 1325 diversitatis
2912 1266 3167 1321 admittit.
3222 1267 3373 1318 Enim
3401 1279 3529 1317 vero

1971 1369 2096 1438 quid
2119 1365 2448 1436 praajudicat,
2466 1364 2509 1416 si
2530 1378 2591 1414 ex
2628 1376 2729 1413 uno
2755 1375 2847 1412 ore
2887 1373 3073 1411 vocum
3103 1356 3382 1409 diversitas
3406 1369 3530 1438 pro-

1971 1432 2136 1511 deat;
2154 1432 2288 1513 quas
2333 1453 2387 1496 et
2423 1443 2468 1495 si
2498 1455 2590 1507 per
2611 1439 2789 1507 plures
2821 1438 3020 1502 lingua,
3055 1450 3158 1487 una
3193 1445 3367 1485 tamen
3401 1432 3531 1485 ﬁdes

1971 1536 2236 1589 alternat?
2251 1534 2380 1587 Tota
2396 1545 2622 1599 namque
2639 1529 2872 1583 Ecclesia
2891 1528 3050 1596 (sicut
3070 1526 3180 1593 jam
3205 1526 3403 1577 dictum
3426 1524 3530 1590 est)

1969 1640 2134 1679 unum
2163 1623 2344 1692 procul
2374 1623 2534 1676 dubio
2548 1636 2738 1690 corpus
2765 1628 2868 1673 est.
2895 1617 3050 1681 Nam,
3086 1626 3222 1669 teste
3243 1613 3527 1684 Apostolo:

1976 1733 1995 1765 ι
2031 1715 2180 1769 Sicut
2213 1715 2357 1768 enim
2403 1728 2597 1780 corpus
2649 1726 2812 1764 unum
2858 1717 2960 1772 est,
3002 1717 3055 1762 et
3099 1707 3337 1761 membra
3375 1705 3534 1758 habet

1968 1805 2162 1870 multa,
2208 1804 2386 1859 omnia
2448 1812 2626 1855 autem
2675 1800 2914 1852 membra
2975 1797 3216 1865 corporis
3258 1811 3379 1849 cum
3427 1794 3534 1846 sint

1972 1895 2159 1957 multa,
2202 1908 2367 1946 unum
2418 1901 2592 1944 tamen
2631 1904 2825 1957 corpus
2857 1895 2982 1941 sunt
3029 1900 3043 1937 :
3090 1888 3161 1937 ita
3182 1895 3234 1936 et
3261 1883 3527 1937 Christus.

3633 711 3927 777 suscipere,
3959 724 4055 762 cur
4084 708 4431 775 prohibeatur
4451 703 4753 757 communia
4782 699 5027 754 Ecclesiae
5048 698 5188 751 solus

3633 802 3793 854 verba
3839 801 4099 869 proferre,
4153 815 4273 852 cum
4313 797 4561 850 videlicet
4615 795 4781 847 multo
4818 791 5036 860 majoris
5082 806 5188 844 ιιιο⁴

3634 895 3795 948 menti
3828 895 3935 948 sint
3961 894 4309 947 Sacramenta
4341 906 4500 960 quam
4529 886 4726 942 verba?

4226 999 4451 1054 CAPUT
4514 998 4600 1052 ΧΙ.

3676 1096 3826 1160 Quod
3870 1094 4089 1165 populus
4120 1093 4285 1147 Israel
4331 1094 4397 1144 ad
4452 1089 4817 1143 ostendendam
4868 1087 5161 1142 societatem

3984 1166 4168 1216 altaris
4192 1175 4489 1216 exstruere
4512 1166 4818 1229 congeriem.

3706 1255 3855 1321 Quod
3885 1255 3926 1307 si
3955 1254 4073 1322 quis
4121 1252 4293 1305 adhuc
4325 1253 4407 1306 his
4440 1251 4601 1305 etiam
4644 1250 4842 1302 nostris
4880 1246 5195 1317 disputatio-

3634 1345 3790 1397 nibus
3816 1343 4169 1397 calumniator
4193 1341 4479 1404 exstiterit,
4507 1340 4730 1394 dicens:
4757 1338 4949 1407 Utique
4977 1354 5082 1392 non
5109 1337 5195 1389 dc-

3634 1435 3760 1488 berc
3801 1449 3828 1486 a
3873 1434 4098 1502 singulis
4154 1433 4421 1500 usurpari,
4470 1448 4587 1501 quce
4638 1430 4903 1485 communi
4959 1428 5192 1483 ﬁdelium

3635 1535 3759 1581 sunt
3799 1526 4042 1577 instituta
4075 1534 4359 1587 conventu,
4402 1531 4457 1576 ut
4511 1538 4614 1575 non
4648 1533 4753 1574 tam
4792 1521 4987 1581 verbis,
5035 1534 5192 1589 quam

3638 1616 3933 1670 titionibus
3956 1617 4281 1683 acquiescat,
4312 1614 4614 1683 exemplum
4641 1613 4829 1666 dantus
4854 1612 4993 1681 quod
5020 1626 5085 1665 ex
5111 1625 5195 1665 sa-

3637 1708 3715 1761 cri
3778 1707 3977 1775 cIOquii
4051 1708 4372 1760 auctoritate
4428 1706 4731 1760 didicimus.
4801 1704 4993 1758 Notum
5045 1719 5195 1758 nam.

3636 1813 3739 1867 que
3799 1808 3918 1861 est,
3974 1799 4113 1852 sicut
4168 1797 4327 1851 Josue
4383 1798 4518 1850 libro
4565 1806 4834 1861 testante,
4900 1804 5191 1850 narratur:

3638 1891 3776 1957 quod
3803 1891 3893 1942 ﬁlii
3927 1890 4138 1953 Ruben,
4166 1901 4219 1943 et
4255 1891 4389 1950 Gad,
4419 1899 4472 1942 et
4510 1890 4730 1942 dimidia
4765 1890 4932 1944 tribus
4956 1887 5197 1942 Manasse

1972 1983 2183 2038 Etenim
2210 1984 2260 2036 in
2293 1996 2396 2034 uno
2420 1980 2607 2048 spiritu
2649 1994 2836 2032 omnes
2859 1992 2954 2031 nos
2980 1990 3142 2029 unum
3175 1990 3371 2042 corpus
3404 1975 3533 2041 bap-
3561 1990 3608 2049 Β
3640 1981 3931 2034 redeuntes
3960 1996 3986 2031 a
4013 1981 4136 2033 ﬁliis
4182 1980 4341 2032 lsracl
4373 1982 4436 2032 de
4460 1979 4592 2042 Silo,
4621 1988 4679 2031 ut
4707 1980 4967 2032 intrarent
4998 1976 5199 2032 Galaad

1974 2072 2125 2126 tizati
2171 2086 2356 2124 sumus
2395 2069 2445 2138 (Ι
2484 2068 2603 2122 Cor.
2646 2070 2781 2134 xu);
2823 2086 2840 2118 ι
2875 2076 2926 2120 et
2962 2066 3123 2119 alibi:
3169 2083 3186 2114 ι
3226 2066 3355 2118 Cum
3417 2080 3537 2117 cor-

1975 2176 2126 2232 pore,
2154 2160 2345 2228 inquit,
2377 2174 2492 2222 suo,
2522 2157 2661 2227 quod
2692 2166 2773 2209 est
2801 2155 3035 2209 Ecclesia
3065 2153 3284 2218 (Coloss.
3310 2154 3374 2223 I).
3408 2171 3424 2203 ι

2049 2250 2104 2303 Si
2134 2266 2261 2318 ergo
2302 2257 2406 2301 tota
2439 2247 2672 2300 Ecclesia
2705 2261 2866 2298 unum
2899 2245 3096 2298 Christi
3127 2260 3322 2311 corpus
3353 2251 3456 2307 est,
3486 2251 3540 2296 et

1976 2356 2075 2397 nos
2107 2338 2353 2393 Ecclesia:
2377 2336 2615 2390 membra
2643 2351 2858 2397 sumus;
2893 2336 3019 2402 quid
3047 2335 3200 2387 obest
3227 2336 3270 2387 si
3301 2336 3540 2402 corporis

1976 2430 2171 2493 nostri,
2216 2429 2267 2482 id
2311 2438 2413 2492 est,
2457 2426 2708 2481 Ecclesia:
2755 2425 2950 2495 singuli
2994 2426 3193 2494 quique
3223 2428 3396 2479 verbis
3424 2432 3540 2478 ota-

1976 2536 2120 2585 mur,
2147 2520 2380 2590 quicum
2416 2532 2475 2571 ea
2508 2532 2671 2570 unum
2696 2517 2961 2569 veraciter
2999 2516 3220 2569 sumus?
3250 2515 3449 2583 Nempe
3493 2517 3536 2570 si

1977 2609 2131 2663 multi
2175 2623 2336 2661 unum
2384 2621 2566 2661 sumus
2602 2606 2654 2658 in
2683 2604 2922 2668 Christo,
2969 2612 3136 2657 totum
3159 2614 3401 2657 nostrum
3426 2605 3538 2658 sin-

1981 2699 2087 2769 guli
2121 2697 2478 2766 possidemus,
2502 2697 2552 2748 in
2587 2696 2701 2764 ipso
2733 2712 2747 2746 :
2786 2704 2943 2763 atque
2993 2692 3133 2759 ideo,
3185 2694 3307 2746 licet
3350 2696 3539 2747 remoti

1967 2790 2162 2861 (procul
2194 2790 2260 2843 ab
2291 2788 2523 2842 Ecclesia
2548 2786 2826 2839 videamur
2855 2798 2953 2854 per
2974 2784 3315 2838 solitudinem
3345 2798 3534 2852 corpo-

1978 2895 2123 2945 rum,
2157 2882 2210 2934 in
2237 2895 2299 2935 ea
2332 2889 2506 2933 tamen
2550 2876 2950 2947 praesentissimi
2999 2889 3211 2944 semper
3239 2874 3542 2927 assistimus

1978 2985 2079 3042 per
2100 2970 2321 3025 unitatis
2368 2967 2669 3023 inviolabile
2696 2974 3110 3021 sacramentum.
3143 2965 3337 3032 Sicque
3378 2964 3456 3026 ﬁt,
3486 2972 3545 3018 ut

1982 3061 2124 3131 quod
2165 3070 2246 3114 est
2286 3059 2542 3123 omnium,
2597 3057 2667 3112 sit
2711 3056 2872 3108 etiam
2917 3054 3284 3124 singulorum:
3318 3063 3372 3108 et
3401 3054 3542 3122 quod

1983 3154 2302 3225 quibusdam
2334 3162 2416 3208 est
2443 3150 2786 3219 singulariter
2813 3148 3063 3217 speciale.
3110 3148 3358 3201 omnibus
3407 3162 3541 3215 quo-

1985 3263 2091 3319 que
2128 3247 2197 3302 sit
2226 3247 2278 3301 in
2311 3245 2433 3300 ﬁdei
2479 3253 2533 3299 et
2562 3246 2840 3299 charitatis
2875 3244 3177 3312 integritate
3227 3258 3540 3306 commune;

3640 2078 3837 2123 terram
3872 2069 4227 2137 possessionis
4275 2084 4404 2131 sum,
4455 2067 4854 2121 .ediﬁcavcrunt
4883 2066 5049 2119 altare
5081 2065 5199 2119 inﬁ-

3638 2160 3762 2211 nita:
3792 2160 4172 2227 magnitudinis
4201 2160 4251 2210 in
4273 2169 4411 2210 terra
4437 2158 4692 2210 Chanaan
4731 2176 4741 2210 :
4777 2170 5003 2225 eumque
5030 2156 5200 2211 iratus

3638 2250 3877 2318 graviter
3905 2248 4129 2316 populus
4159 2245 4320 2301 lsracl
4367 2247 4626 2300 adversus
4663 2262 4754 2300 eos
4779 2262 4926 2299 arma
4962 2250 5200 2314 corripe—

3642 2348 3742 2399 ret,
3775 2340 4110 2406 interrogati,
4143 2354 4236 2392 cur
4266 2338 4433 2391 altare
4461 2349 4772 2392 construere
4810 2346 5005 2404 praeter
5033 2335 5204 2389 altare

3642 2428 3851 2480 Domini
3877 2436 4076 2481 temere
4108 2427 4612 2495 prmsumpsissent?
4640 2426 5065 2494 Responderunt,
5096 2439 5201 2479 non

3642 2518 3740 2571 hoc
3764 2518 4217 2585 praevaricationis
4260 2533 4441 2581 causa,
4481 2518 4573 2571 sed
4601 2532 4696 2585 pro
4719 2516 4884 2570 futuri
4913 2516 5205 2570 testimonii

3640 2605 3832 2661 fecisse
3862 2608 4089 2660 cautela.
4130 2626 4147 2657 ‹
4179 2606 4253 2660 Ne
4280 2608 4515 2675 quando,
4549 2607 4812 2675 inquiunt,
4845 2607 5085 2662 dicerent
5108 2607 5204 2661 ﬁlii

3641 2699 3807 2752 vestri
3855 2698 3976 2752 ﬁliis
4026 2700 4262 2752 nostris:
4292 2699 4431 2764 Quid
4471 2699 4643 2761 vobis,
4668 2710 4722 2752 et
4753 2699 4978 2752 Domino
4997 2699 5105 2753 Deo
5132 2699 5208 2752 ls-

3644 2791 3795 2843 rael?
3832 2790 4142 2842 'l‘erminum
4170 2791 4349 2857 posuit
4389 2790 4645 2844 Dominus
4690 2791 4830 2844 inter
4872 2804 4969 2844 nos
5029 2798 5084 2844 et
5116 2805 5210 2845 vos

3641 2879 3924 2933 Jordanem
3950 2878 4188 2943 ﬂuvium,
4213 2889 4267 2934 et
4298 2880 4500 2934 idcirco
4536 2890 4744 2948 partem
4772 2895 4876 2934 non
4908 2880 5115 2934 habetis
5158 2883 5212 2935 in

3643 2968 3870 3022 Domino
3899 2987 3911 3021 :
3941 2979 3995 3022 et
4020 2984 4114 3038 per
4144 2971 4281 3023 hanc
4312 2972 4651 3025 occasionem
4682 2980 4924 3025 avertent
4963 2972 5058 3025 ﬁlii
5122 2986 5213 3027 ve-

3642 3060 3741 3112 stri
3766 3059 3903 3114 ﬁlios
3927 3071 4140 3115 nostros
4165 3077 4193 3114 a
4226 3062 4415 3115 timore
4444 3062 4652 3116 Domini
4679 3062 4811 3132 (Jos.
4836 3064 4989 3132 nn).
5023 3082 5040 3115 ι

3715 3149 3825 3203 Cur
3877 3160 4054 3203 autem
4099 3152 4336 3204 historiae
4371 3151 4528 3220 hujus
4559 3151 4839 3206 articulum
4876 3153 4941 3206 ad
4978 3153 5210 3208 medium

3646 3239 4045 3305 deduxerimus,
4099 3243 4142 3295 si
4194 3244 4279 3297 cui
4318 3242 4549 3298 fortasse
4585 3259 4689 3298 non
4738 3253 4935 3313 pateat,
4978 3245 5214 3300 breviter

1988 3348 2051 3392 ut
2079 3346 2133 3392 et
2168 3336 2391 3407 pepulus
2430 3344 2572 3389 recte
2590 3334 2824 3389 clamet:
2864 3353 2881 3383 ι
2922 3333 3172 3387 Miserere
3213 3335 3340 3397 mei,
3382 3333 3540 3395 Deus,
3572 3327 3617 3390 C
3649 3333 3939 3400 aperimus.
3996 3333 4216 3387 Poterat
4269 3348 4461 3404 nempe
4507 3336 4861 3403 quorumdam
4899 3335 5216 3405 simplicitas

1986 3426 2247 3481 miserere
2297 3425 2401 3479 mei
2442 3423 2608 3494 (Paul.
2643 3423 2770 3492 LVI).
2801 3441 2819 3473 ι
2857 3423 2923 3474 Et
2957 3440 2968 3474 ;
3007 3440 3023 3471 ι
3062 3421 3201 3474 Deus
3242 3424 3293 3474 in
3340 3420 3546 3487 adjuto-

1986 3519 2125 3573 rium
2143 3532 2316 3572 meum
2345 3517 2579 3581 intende,
2597 3516 2834 3581 Domine,
2862 3516 2926 3569 ad
2952 3515 3307 3585 adjuvandum
3333 3529 3417 3567 me
3442 3512 3549 3567 fes-

1991 3610 2106 3662 tina
2139 3606 2308 3678 (Psal.
2343 3607 2513 3677 uix).
2553 3624 2569 3656 ι
2603 3607 2775 3675 Atque
2804 3620 2939 3658 unus
2981 3604 3281 3672 homojure
3305 3618 3545 3672 pronun-

1988 3703 2134 3756 tiet:
2173 3720 2190 3751 ι
2229 3701 2367 3755 Deus
2411 3701 2727 3753 misereatur
2769 3699 2936 3753 nostri
2965 3740 2978 3763 ,
3026 3708 3080 3753 et
3120 3699 3402 3752 henedicat
3451 3713 3549 3753 nos

1994 3787 2166 3861 (Psal.
2197 3791 2360 3860 vat).
2402 3808 2420 3841 ι
2455 3789 2623 3855 Quam
2664 3788 2910 3842 videlicet
2962 3788 3195 3841 ﬁdelium
3226 3788 3424 3842 Christi
3453 3802 3549 3842 ne-

1997 3880 2400 3943 cessitudinem,
2429 3888 2482 3933 et
2510 3879 2933 3933 communionem
2966 3880 3136 3933 sancti
3166 3880 3355 3934 Patres
3381 3878 3549 3934 nostri

1989 3976 2154 4023 tanta:
2192 3967 2521 4020 certitudinis
2559 3981 2677 4020 esse
2714 3967 2907 4021 debere
2949 3967 3273 4032 decrevere,
3306 3978 3364 4020 ut
3412 3968 3550 4022 hanc

1996 4057 2237 4130 symbolo
2263 4056 2536 4110 catholicae
2569 4056 2916 4125 professionis
2958 4067 3305 4127 apponerent,
3350 4065 3404 4112 et
3443 4057 3549 4113 fre-

1996 4148 2356 4217 quentandam
2395 4147 2550 4200 nobis
2588 4147 2729 4200 inter
2758 4148 2868 4216 ipsa
2897 4146 3215 4202 Christianae
3246 4149 3368 4203 ﬁdei
3401 4150 3550 4204 rudi-

1997 4248 2180 4293 menta
2222 4238 2558 4292 mandarent.
2592 4237 2724 4292 Nam
2752 4256 2874 4293 mox
2913 4251 2969 4293 ut
3002 4240 3226 4294 dicimus
3262 4257 3275 4293 :
3311 4239 3476 4295 Credo
3497 4241 3553 4294 in

1996 4328 2248 4398 Spiritum
2278 4339 2531 4392 sanctum,
2559 4340 2790 4382 sanctam
2830 4330 3149 4395 Ecclesiam;
3183 4331 3429 4399 protinus
3459 4331 3555 4386 ad-

2000 4421 2179 4474 dimus
2209 4436 2221 4471 :
2252 4416 2559 4472 Sanctorum
2597 4421 3043 4484 communionem;
3076 4428 3135 4473 ut
3169 4420 3257 4473 ubi
3300 4420 3406 4474 Deo
3433 4421 3554 4475 ﬁdei

1996 4517 2194 4563 nostra:
2235 4508 2602 4560 testimonium
2648 4508 2956 4561 reddimus:
2989 4508 3058 4561 ibi
3098 4509 3262 4562 etiam
3305 4524 3551 4563 commu-

2000 4602 2211 4655 nionem
2235 4599 2504 4664 Ecclesiae,
2535 4614 2651 4670 qum
2673 4615 2791 4653 cum
2815 4615 2879 4653 eo
2905 4615 3068 4654 unum
3094 4609 3194 4665 est,
3222 4616 3554 4671 consequen-

3650 3421 3878 3476 fratrum
3908 3424 4121 3487 tentari,
4149 3433 4208 3478 ut
4233 3425 4628 3493 quodammodo
4657 3435 4964 3496 segregatos
4990 3442 5050 3481 se
5076 3443 5106 3481 a
5133 3443 5217 3483 so-

3650 3513 3845 3566 cietate
3897 3513 4132 3567 ﬁdelium
4180 3516 4459 3578 ducerent,
4517 3517 4560 3570 si
4618 3517 4667 3569 in
4718 3518 5004 3571 solitudine
5030 3519 5213 3587 positi,

3650 3603 3812 3658 etiam
3864 3605 4168 3658 communia
4215 3605 4467 3660 Ecclesia:
4498 3606 4655 3659 verba
4684 3608 4995 3675 depromere
5022 3609 5076 3662 in
5104 3610 5217 3664 suis

3651 3693 3985 3749 orationibus
4014 3710 4116 3749 non
4154 3697 4431 3751 auderent.
4483 3695 4715 3750 Utuntur
4736 3698 4897 3768 igitur
4918 3688 5218 3754 Communi-

3651 3782 3754 3838 bus
3780 3785 3957 3837 verbis
4004 3784 4258 3839 Ecclesiae
4278 3826 4293 3850 ,
4334 3796 4391 3840 ut
4419 3786 4469 3839 in
4499 3786 4862 3842 ecclesiastica
4890 3803 4947 3842 se
4974 3804 5219 3843 commu-

3654 3874 3816 3929 nione
3860 3876 4084 3930 doceant
4132 3890 4470 3945 permanere,
4497 3886 4658 3945 atque
4700 3879 4812 3947 ipsa
4842 3879 4998 3932 verba
5036 3880 5161 3932 anii
5186 3895 5219 3935 ο

3651 3967 3992 4021 satisfaciant
4043 3966 4343 4032 ﬂuctuanti,
4389 3983 4508 4038 quae
4551 3971 4907 4023 testimonium
4938 3971 5221 4039 perhibent

3653 4058 3953 4126 praesentia
3983 4057 4218 4111 ﬁdelium
4246 4057 4529 4126 spirituali.
4556 4057 4723 4112 Porro
4753 4067 4928 4113 autem
4950 4060 5020 4112 illi
5044 4061 5217 4116 altare

3653 4146 4078 4210 mdiﬁcaverunt,
4119 4162 4225 4201 non
4256 4148 4323 4201 ad
4347 4164 4499 4202 usum
4538 4149 4870 4213 libaminum,
4919 4150 5009 4204 sed
5043 4151 5106 4203 ad
5144 4154 5221 4205 vi-

3655 4239 3818 4292 cariae
3856 4251 3977 4291 cum
4029 4237 4318 4293 Israelitica
4360 4238 4512 4307 plebe
4539 4241 4812 4296 societatis
4841 4242 5113 4306 indicium,
5144 4244 5221 4296 si-

3653 4339 3744 4387 cut
3797 4342 3850 4386 et
3906 4333 4004 4402 ipsi
4052 4333 4202 4400 quasi
4239 4332 4351 4400 jam
4388 4347 4453 4388 ex
4479 4348 4705 4402 persona
4734 4333 4958 4388 ﬁliorum
4997 4350 5218 4390 suorum

3655 4421 3841 4474 dicunt
3873 4438 3886 4473 :
3916 4440 3932 4472 ι
3962 4421 4101 4475 Ecce
4126 4420 4294 4476 altare
4322 4422 4564 4487 Domini,
4590 4424 4731 4491 quod
4770 4421 5006 4477 fecerunt
5036 4433 5230 4492 patres

3660 4513 3852 4577 nostri,
3886 4514 4067 4567 nonin
4096 4514 4430 4579 holocausta,
4472 4530 4643 4584 neque
4670 4515 4720 4568 in
4745 4514 5090 4579 sacriﬁcium,
5132 4520 5229 4571 sed

3657 4602 3712 4657 in
3755 4604 4116 4657 testimonium
4170 4613 4409 4658 nostrum
4457 4621 4519 4660 ac
4559 4615 4796 4660 vestrum
4841 4605 5047 4674 (Ibid.).
5083 4627 5099 4656 ›
5150 4608 5226 4661 ιιι.

1997 4701 2080 4747 ter
2109 4692 2465 4745 adstruamus.
2502 4690 2819 4746 Sanctorum
2850 4691 3112 4760 siquidem
3143 4691 3256 4746 hare
3295 4703 3378 4747 est
3409 4695 3461 4748 in
3495 4693 3557 4747 ﬁ-
3587 4679 3634 4737 υ
3663 4693 3915 4747 nimirum
3944 4693 3995 4746 id
4026 4691 4268 4749 fecerunt
4294 4696 4359 4747 ad
4406 4695 4763 4750 testimonium
4803 4695 5101 4750 lsraelitica:
5135 4711 5163 4751 s
5185 4722 5228 4751 :-

1997 4781 2085 4836 dei
2119 4781 2322 4835 unitate
2349 4782 2675 4847 communio,
2703 4792 2761 4834 ut
2786 4781 2839 4834 in
2861 4796 3023 4834 unum
3051 4783 3221 4836 Deum
3243 4782 3552 4850 credentes,

1999 4886 2109 4926 uno
2134 4872 2454 4941 baptismate
2485 4873 2590 4926 sint
2620 4872 2811 4936 renati,
2844 4887 2950 4925 uno
2978 4883 3166 4928 sancto
3197 4874 3402 4943 Spiritu
3432 4889 3558 4929 con-

2000 4962 2219 5026 firmati,
2257 4964 2324 5016 ad
2361 4978 2516 5017 unam
2547 4964 2705 5017 vitam
2736 4972 2994 5017 aternam
3043 4965 3151 5019 sint
3195 4978 3290 5034 per
3325 4966 3556 5037 gratiam

2002 5053 2305 5122 adoptionis
2325 5054 2531 5109 adsciti.

2073 5141 2226 5197 Sicut
2254 5153 2425 5198 autem
2462 5146 2638 5211 homo,
2670 5146 2854 5202 ϐιωςο
2876 5147 3088 5218 eloquio
3122 5147 3319 5203 dicitur
3366 5148 3561 5202 Micro-

2003 5250 2228 5301 cosmus,
2258 5236 2359 5289 hoc
2380 5244 2482 5301 est,
2512 5236 2686 5291 minor
2715 5239 2964 5303 mundus,
2985 5240 3237 5308 quoniam
3260 5254 3355 5308 per
3387 5247 3586 5293 mate-'

2002 5325 2190 5380 rialem
2243 5327 2528 5380 essentiam
2571 5329 2767 5382 eisdem
2806 5338 3033 5398 quatuor
3073 5330 3352 5385 elementis
3397 5332 3559 5384 homo

2007 5425 2238 5479 constat,
2258 5416 2448 5484 quibus
2463 5425 2516 5469 et
2543 5418 2859 5472 universalis
2885 5420 2971 5473 hic
2997 5420 3263 5484 mundus;
3297 5422 3367 5474 ita
3393 5421 3560 5474 etiam

2011 5507 2375 5574 unusquisque
2418 5508 2648 5562 ﬁdelium
2681 5510 2830 5577 quasi
2859 5510 3097 5577 quazdam
3131 5512 3302 5565 minor
3345 5512 3560 5566 videtur

2009 5610 2129 5649 esse
2151 5594 2409 5661 Ecclesia,
2432 5598 2552 5650 dum
2574 5598 2733 5668 230
2754 5602 2903 5653 salvo
2932 5600 3148 5654 unitatis
3180 5616 3386 5655 arcanae
3417 5616 3563 5672 mys-

2010 5685 2167 5747 terio,
2193 5686 2351 5739 etiam
2392 5696 2579 5741 cuncta
2615 5689 2994 5758 redemptionis
3018 5691 3263 5745 humana:
3302 5707 3436 5745 unus
3468 5692 3564 5746 ho-

2011 5793 2098 5831 mo
2127 5779 2348 5847 suscipit
2380 5790 2734 5847 sacramenta,
2766 5798 2883 5852 quae
2924 5784 3024 5853 ipsi
3063 5785 3349 5840 universali
3380 5786 3563 5841 Eccle~

2017 5867 2107 5921 Sizt:
2159 5879 2282 5923 sunt
2331 5869 2583 5927 divinitus
2635 5874 2908 5928 attributa.
2954 5875 3008 5929 Si
3054 5889 3181 5947 ergo
3228 5893 3362 5931 unus
3401 5878 3561 5931 homo

3662 4786 3894 4849 cietatis,
3941 4799 4039 4838 nos
4087 4784 4187 4838 ista
4236 4785 4464 4839 dicimus
4505 4785 4574 4839 ob
4603 4785 4810 4856 signum
4847 4787 5231 4842 eeclesiasticm

3662 4877 3928 4931 veraciter
3979 4875 4218 4930 unitatis.
4265 4874 4342 4929 Illi
4381 4889 4448 4931 ne
4483 4876 4883 4944 despicerentur
4908 4891 4939 4930 a
4965 4876 5231 4931 fratribus

3664 4967 3774 5019 suis
3799 4981 3814 5029 ;
3861 4978 3959 5019 nos
3984 4980 4049 5018 ne
4081 4965 4487 5018 remordeamur
4518 4980 4548 5018 a
4571 4964 4984 5035 cogitationibus
5004 4968 5225 5021 nostris.

3664 5055 3740 5110 llli
3771 5056 3966 5110 terreni
3994 5055 4181 5108 altaris
4202 5063 4518 5110 exstruxere
4539 5055 4963 5119 similitudinem;
4991 5070 5087 5109 nos
5114 5060 5220 5125 ενι·

3662 5148 3834 5202 ritalis
3890 5147 4187 5201 concordiae
4231 5146 4562 5200 ostendimus
4590 5145 4889 5200 veritatem.
4916 5145 4988 5200 Illi
5040 5147 5103 5199 ad
5138 5161 5208 5201 os

3666 5236 3985 5291 tendendum
4026 5237 4106 5292 sui
4147 5237 4361 5306 generis
4392 5238 4785 5300 testimonium;
4812 5251 4905 5290 nos
4936 5237 4999 5290 ad
5036 5246 5226 5292 tenen~

3666 5327 3789 5382 dum
3822 5342 3969 5381 novae
4000 5327 4420 5397 regenerationis
4450 5335 4504 5381 et
4556 5325 4808 5381 fraternae
4832 5329 5224 5383 communionis

3666 5420 3974 5477 inviolabile
3996 5429 4412 5475 sacramentum.

4157 5536 4312 5607 εει
4364 5536 4588 5592 CAPUT
4628 5536 4735 5593 xu.

3670 5625 3774 5681 Cur
3821 5627 4056 5697 bigamus
4111 5643 4141 5679 a
4194 5627 4480 5680 sacerdotio
4519 5627 4726 5681 omnino
4774 5626 5053 5697 repellitur,
5105 5642 5222 5679 cum

3737 5701 3791 5750 in
3842 5695 4239 5764 fornicationem
4288 5699 4462 5765 lapsus
4509 5713 4642 5765 sirpe
4692 5698 4745 5749 in
4790 5695 5036 5750 Ordinem
5090 5711 5223 5748 revo-

3738 5777 3904 5821 cetur.

3738 5878 3988 5944 Quaedam
4025 5892 4254 5947 namque
4282 5871 4432 5933 ‘ﬁunt
4479 5879 4531 5934 in
4570 5875 4830 5941 Ecclesia,
4874 5891 4995 5945 qum
5038 5891 5217 5948 super-
