5392 6434
360 437 451 493 QII

1031 426 1272 487 OPUSC.
1314 429 1721 488 XI.-—-LIBER
1760 427 1878 501 QUI
1916 428 2197 489 DICI'I‘UR
2236 429 2542 488 DOMINUS
2582 429 2949 489 VOBISCUM.

3520 428 3632 485 9η

363 550 459 604 Ilua
489 548 708 619 quidem
752 546 1002 601 videntur
1043 552 1308 615 quantum
1342 546 1408 599 ad
1440 546 1688 599 humanae
1714 541 1940 597 rationis
1969 548 2017 605 Α
2048 544 2214 614 rigat;
2244 544 2501 600 Dominus
2525 555 2724 613 tecum,
2744 560 2965 601 necesse
2987 554 3069 600 est
3089 542 3441 615 singulariter
3462 543 3632 598 dicat.

366 641 651 711 ingenium,
702 640 884 693 divina
908 643 1089 690 autem
1127 644 1271 701 sunt,
1310 635 1355 689 si
1388 633 1454 692 ad
1494 634 1709 688 virtutis
1737 633 1939 687 intimis

367 730 617 801 respicias
655 735 1078 801 sacramentum.
1114 723 1246 791 Quis
1275 725 1422 780 enim
1452 740 1555 779 non
1601 724 1828 777 miretur
1849 736 1940 776 ca-

369 821 567 876 nonicis
653 815 1055 888 promulgatum
1122 828 1241 869 esse
1305 814 1607 877 sententiis,
1668 813 1941 883 bigamum

369 909 670 980 quempiam
715 905 1022 959 nullatenus
1046 918 1203 973 posse
1226 904 1293 957 ad
1334 903 1695 958 sacerdotium
1729 916 1944 971 promo-

369 1004 509 1067 veri;
539 1002 591 1054 in
629 998 1043 1054 fornicationem
1090 1010 1219 1051 vero
1262 994 1469 1064 lapsum
1505 996 1667 1049 etiam
1694 993 1945 1047 sacerdo-

370 1101 492 1155 tem,
530 1098 749 1159 peracta
789 1088 1129 1158 paenitentia,
1186 1087 1252 1141 ad
1290 1086 1504 1157 pristini
1533 1085 1675 1153 juris
1710 1082 1944 1139 ofﬁcium

367 1182 646 1239 revocari?
686 1181 759 1235 De
802 1180 1160 1235 fornicatione
1211 1179 1477 1248 siquidem
1533 1177 1819 1231 manifesta
1863 1184 1948 1231 est

368 1271 661 1341 apostolica
713 1270 976 1323 sententia
1007 1309 1020 1330 ,
1065 1284 1171 1338 qua
1224 1268 1420 1322 dicitur
1466 1285 1479 1319 :
1529 1284 1547 1318 ι
1578 1266 1714 1333 Quia
1772 1278 1947 1333 neque

364 1362 651 1425 fornicari,
704 1372 879 1431 neque
930 1360 1088 1417 idolis
1140 1361 1467 1425 servientes,
1523 1373 1697 1429 neque
1717 1355 1950 1411 adulteri

366 1472 592 1530 regnum
622 1456 715 1511 Dei
747 1456 1099 1526 possidebunt
1125 1453 1176 1524 (1
1205 1451 1331 1507 Cor.
1355 1453 1453 1521 Vt).
1490 1472 1509 1505 ι
1538 1454 1612 1507 De
1635 1452 1719 1506 his
1746 1458 1946 1516 autem,

366 1551 459 1621 qui
484 1549 750 1604 secundas
774 1546 1102 1604 contrahunt
1126 1546 1364 1614 nuptias,
1391 1546 1462 1598 ita
1488 1544 1769 1613 sequitur:
1801 1561 1818 1593 ι
1842 1540 1951 1594 Μιιο

362 1641 490 1706 Iier,
521 1640 716 1711 inquit,
745 1640 957 1710 alligata
987 1648 1071 1693 est
1094 1638 1197 1708 legi
1222 1647 1426 1708 quanto
1450 1646 1693 1707 tempore
1728 1636 1811 1690 vir
1831 1633 1951 1704 ejus

361 1733 521 1796 vivit,
550 1731 692 1801 quod
746 1732 791 1786 si
840 1730 1122 1785 dormierit
1176 1730 1261 1783 vir
1299 1727 1436 1797 ejus,
1468 1726 1699 1782 liberata
1726 1734 1827 1789 est,
1860 1724 1951 1780 cui

360 1822 481 1877 vult
510 1823 699 1888 nubat,
742 1830 947 1876 tantum
996 1821 1049 1874 in
1090 1818 1317 1876 Domino
1345 1818 1394 1887 (I
1428 1817 1551 1872 Cor.
1594 1816 1716 1885 vn).
1760 1836 1777 1868 ι
1821 1815 1953 1881 Qui-

2044 634 2195 701 Quod
2227 635 2415 704 utique
2454 646 2717 704 quantum
2748 652 2778 690 a
2806 636 2989 706 regula
3040 635 3440 690 Ecclesiastica:
3476 634 3636 689 insti-

2048 730 2269 784 tutionis
2295 729 2608 794 abhorreat,
2646 730 2739 799 qui
2773 730 2937 785 limen
2980 730 3107 784 terit
3142 729 3419 789 Ecclesiae,
3454 726 3637 781 nullus

2047 820 2280 889 ignorat.
2312 820 2533 875 Certum
2563 829 2649 875 est
2685 822 2827 875 enim
2876 821 3019 891 quod
3068 834 3243 888 neque
3287 817 3639 872 beatissimus

2048 909 2354 979 apostolicae
2384 909 2529 964 sedis
2566 910 2813 975 antistes,
2848 925 2971 965 cum
3016 909 3267 964 videlicet
3304 909 3642 977 obsequente

2046 997 2301 1051 ministro
2334 998 2543 1067 privata
2596 998 2708 1052 Deo
2738 998 2921 1052 reddit
2948 998 3230 1067 obsequia,
3276 1010 3451 1065 neque
3482 996 3640 1064 quis-

2048 1102 2210 1157 quam
2244 1089 2469 1143 omnino
2498 1088 2837 1158 pontilicum,
2874 1088 2959 1143 vel
3005 1088 3399 1143 catholicorum
3442 1087 3641 1142 ali-luis

2048 1178 2391 1233 sacerdotum
2415 1178 2500 1233 his
2520 1180 2700 1234 verbis
2729 1180 2794 1233 ad
2819 1179 3047 1234 alterum
3070 1180 3421 1250 singulariter
3447 1179 3636 1231 utitur.

2034 1318 2037 1321 .
2122 1266 2179 1322 Si
2204 1282 2334 1323 vero
2357 1268 2755 1324 venerabilium
2785 1271 3128 1325 sacerdotum
3165 1270 3499 1325 consuetudo
3521 1268 3643 1322 latt-

2050 1357 2236 1425 datur,
2266 1370 2324 1414 ut
2351 1360 2499 1416 solus
2535 1360 2633 1416 soli
2664 1368 2812 1417 recte
2856 1360 3024 1428 dicat,
3058 1360 3311 1415 Dominus
3341 1361 3600 1414 vobiscum
3624 1372 3645 1411 :

2051 1457 2108 1502 et
2135 1462 2312 1517 neque
2340 1448 2410 1503 sit
2428 1450 2715 1514 absonum,
2744 1465 2919 1519 neque
2948 1452 3013 1503 ab
3047 1450 3403 1505 ecclesiastici
3436 1449 3646 1503 ordinis

2053 1554 2281 1595 censura
2329 1548 2632 1607 semotum;
2687 1540 2815 1610 quid
2858 1540 3050 1606 oflicit,
3100 1543 3145 1596 si
3195 1549 3249 1595 et
3297 1540 3648 1610 singulariter

2054 1631 2175 1700 quis
2217 1631 2425 1700 positus
2457 1631 2508 1686 id
2546 1632 2721 1701 ipsum
2757 1633 2922 1696 dicat,
2955 1640 3080 1686 dum
3105 1641 3366 1701 quantum
3406 1632 3472 1685 ad
3502 1630 3648 1684 litte-

2053 1736 2145 1777 ras
2183 1722 2324 1777 sicut
2363 1724 2455 1777 uni
2486 1724 2709 1780 minime
2752 1727 3020 1794 congruit,
3070 1727 3141 1779 ita
3184 1740 3285 1780 nec
3328 1726 3472 1779 inter
3511 1725 3647 1779 duos

2054 1812 2279 1881 pluralis
2308 1813 2396 1867 ille
2427 1829 2606 1870 sermo
2634 1817 2911 1885 procedit?
2937 1816 3069 1871 Cum
3113 1832 3242 1885 ergo
3270 1815 3642 1871 ecclesiastica

364 1916 468 1972 bus
535 1914 787 1967 nimirum
851 1911 1133 1979 utriusque
1174 1910 1457 1965 sententiae
1520 1908 1701 1963 verbis
1762 1913 1951 1974 aperte
1981 1895 2027 1955 Β
2056 1906 2393 1959 consuetudo
2429 1914 2590 1960 tanta:
2618 1907 2958 1961 auctoritatis
2989 1902 3650 1972 sit,utsibiomnisartifi-

365 2011 727 2065 monstratur,
784 2001 907 2070 quia
959 2008 1014 2054 et
1064 1999 1263 2069 bigatui
1310 1998 1501 2053 divinae
1550 1995 1683 2067 legis
1711 1993 1948 2065 regulam

366 2112 479 2150 non
519 2093 817 2155 offendunt,
842 2100 895 2145 ct
924 2089 1281 2144 fornicatores
1310 2104 1340 2141 a
1368 2102 1534 2157 regno
1575 2084 1670 2140 Dei
1712 2099 1810 2153 pro
1845 2096 1955 2139 suae

366 2184 556 2239 carnis
630 2179 1042 2250 intemperantia
1123 2176 1503 2232 damnabiliter
1589 2173 1956 2245 praecidunt“

367 2270 559 2342 (Hebr.
589 2285 673 2333 tx;
703 2268 891 2337 Epltes.
925 2267 999 2335 v).

437 2360 584 2427 Quid
611 2368 695 2414 est
730 2373 882 2427 ergo,
908 2356 1050 2426 quod
1077 2355 1155 2421 hi,
1196 2356 1287 2425 qui
1319 2370 1426 2409 non
1465 2362 1716 2423 peccant,
1766 2354 1832 2409 de
1858 2368 1955 2423 spe

365 2450 661 2506 sacerdotii
710 2448 947 2502 funditus
991 2455 1253 2501 corruunt
1286 2463 1299 2499 :
1334 2454 1390 2499 et
1430 2444 1525 2509 illi,
1558 2459 1695 2513 quos
1727 2458 1758 2497 a
1782 2458 1951 2513 regno

369 2540 469 2596 Dei
508 2548 689 2595 reatus
726 2537 988 2601 eliminat,
1035 2534 1387 2591 ecclesiastici
1436 2533 1637 2603 gradus
1677 2531 1954 2598 fiduciam,

366 2634 413 2687 si
467 2633 632 2701 digne
684 2630 1055 2701 ptenitueriut,
1114 2643 1223 2683 non
1269 2626 1569 2681 amittunt?
1610 2624 1723 2679 Nisi
1750 2625 1879 2694 quia
1903 2625 1956 2679 in

366 2722 453 2777 bis
504 2722 598 2790 qui
643 2720 891 2776 secundis
942 2719 1143 2789 nuptiis
1170 2717 1513 2786 copulantur,
1569 2731 1675 2771 non
1727 2725 1836 2770 tam
1888 2714 1957 2770 ad

363 2821 678 2881 peccatum,
707 2826 867 2879 quam
910 2810 975 2863 ad
1020 2808 1273 2863 Ecclesiae
1315 2806 1605 2877 respicitur
1646 2820 1959 2859 sacrameno

365 2913 508 2959 tum.
542 2903 694 2959 Sicut
733 2903 876 2956 enim
918 2901 1190 2965 Christus,
1239 2900 1328 2969 qui
1364 2909 1448 2955 est
1481 2896 1721 2969 pontifex
1747 2896 1957 2953 futuro.

364 3010 489 3050 rum
549 2994 837 3057 bonorum,
888 3001 941 3049 et
986 3008 1147 3048 verus
1205 2990 1462 3047 sacerdos
1509 2991 1664 3060 juxta
1714 2991 1958 3045 ordinem

363 3085 793 3152 Melchisedech,
838 3087 928 3156 qui
972 3085 1223 3141 videlicet
1267 3084 1463 3139 obtulit
1501 3080 1698 3152 agnum
1756 3081 1961 3152 proprii

365 3179 623 3248 corporis
655 3177 707 3230 in
754 3193 846 3230 ara
891 3177 1066 3231 crucis
1098 3176 1208 3231 Deo
1247 3175 1395 3231 Patri
1423 3190 1523 3246 pro
1545 3173 1717 3228 salute
1747 3174 1955 3238 mundi,

2062 1996 2224 2051 ciosa:
2253 1996 2577 2067 eloquentiae
2622 1998 2857 2053 facultas
2901 2000 3180 2053 humiliter
3214 2000 3391 2064 cedat,
3425 2012 3525 2052 nec
3570 1996 3651 2051 illi

2062 2104 2390 2159 tnagnOpere
2426 2092 2691 2145 habeatur
2726 2094 3012 2146 verborum
3045 2108 3197 2157 cura,
3229 2093 3322 2146 sed
3366 2108 3647 2155 sensuum,

2059 2180 2105 2233 si
2136 2180 2278 2234 inter
2310 2181 2441 2235 duos
2472 2182 2561 2234 illa
2599 2184 3020 2251 grammaticalis
3058 2184 3239 2254 regula
3266 2184 3387 2252 jure
3418 2184 3651 2252 despici-

2060 2278 2168 2333 tur,
2195 2271 2550 2338 cousequitur
2578 2272 2744 2326 etiam
2777 2283 2833 2325 ut
2864 2275 2929 2327 ab
2962 2290 3067 2327 uno
3099 2274 3652 2343 irrepreliensibiliter

2058 2371 2459 2418 contemnatur.
2496 2365 2646 2419 Sicut
2685 2365 2849 2432 igitur
2887 2364 3269 2418 ecclesiastica:
3309 2367 3654 2421 auctoritatis

2062 2462 2166 2516 est,
2200 2463 2260 2505 ut
2286 2453 2428 2506 inter
2454 2454 2591 2507 duos
2625 2464 2770 2507 recte
2797 2454 3028 2517 dicatur,
3059 2454 3315 2507 Dominus
3347 2457 3610 2510 vobiscum
3631 2470 3653 2509 :

2060 2544 2140 2598 sic
2175 2544 2349 2597 eidem
2380 2546 2689 2599 auctoritati
2737 2560 2841 2599 non
2888 2556 2971 2600 est
3000 2546 3350 2612 contrarium,
3385 2548 3429 2603 si
3460 2550 3527 2604 ab
3564 2564 3652 2613 eo,

2060 2634 2151 2705 qui
2182 2635 2329 2689 solus
2352 2645 2455 2699 est,
2488 2650 2641 2705 teque
2671 2636 2884 2690 dicatur
2918 2638 3113 2706 ipsum.

2136 2724 2374 2794 Denique
2396 2740 2449 2780 et
2480 2726 2546 2780 de
2574 2728 2923 2795 responsione
2947 2726 3083 2794 ejus,
3115 2744 3235 2799 qua:
3263 2739 3343 2784 est
3374 2732 3647 2797 videlicet,

2062 2814 2130 2871 Et
2156 2834 2273 2871 cum
2304 2820 2489 2885 spiritu
2532 2828 2663 2881 tuo;
2694 2834 2790 2871 nec
2839 2834 2943 2874 non
2990 2828 3041 2873 et
3072 2821 3138 2874 dc
3168 2820 3387 2876 lectoris
3426 2823 3653 2877 benedi-

2060 2908 2241 2962 ctione
2276 2908 2623 2978 singulariter
2668 2910 2917 2976 petenda,
2959 2918 3123 2978 atque
3167 2910 3460 2976 reddenda,
3504 2913 3651 2968 idem

2060 3007 2145 3053 est
2197 2999 2548 3053 nihilominus
2586 3001 2944 3054 sentiendum.
3002 3000 3117 3056 Non
3167 3005 3309 3056 cnitn
3362 3005 3449 3057 hic
3494 3004 3656 3073 digne

2063 3105 2319 3143 numerus
2353 3105 2739 3158 personarum;
2792 3092 2884 3145 sed
2920 3091 3302 3149 ecclesiasticae
3323 3096 3500 3164 potius
3534 3097 3655 3151 ιιιιίο

2066 3181 2193 3234 tatis
2224 3181 2524 3234 attenditur
2554 3190 2954 3257 sacramentum
2984 3201 2995 3234 :
3033 3183 3120 3237 ubi
3147 3183 3353 3238 scilicet
3400 3200 3501 3239 nec
3531 3186 3655 3240 uni-

361 3272 447 3325 vir
466 3247 569 3325 est
594 3270 753 3323 unius
799 3282 1029 3338 sponsae,
1092 3268 1255 3322 totius
1304 3266 1513 3322 scilicet
1538 3275 1739 3320 sanctae
1768 3264 1958 3320 Eccle~
1986 3247 2031 3309 (ἶ
2066 3280 2161 3325 tas.
2184 3272 2424 3325 excludit
2455 3256 2877 3337 multitudinem,
2908 3289 3007 3327 nec
3032 3275 3319 3331 multitudo
3343 3278 3505 3331 violat
3533 3279 3655 3333 uni-

364 3359 487 3425 size,
523 3374 655 3430 qua:
676 3358 863 3427 procul
894 3358 1054 3412 dubio
1096 3359 1247 3427 virgo
1296 3366 1398 3423 est,
1434 3357 1559 3427 quia
1590 3357 1710 3412 tidei
1744 3357 1963 3427 integri-

366 3460 540 3507 tatem
598 3449 985 3506 inviolabititer
1038 3456 1251 3514 servat;
1309 3449 1382 3503 ita
1430 3448 1658 3518 quilibet
1704 3448 1962 3504 sacerdos

360 3542 533 3596 unius
588 3541 778 3593 uxoris
834 3541 917 3594 vir
960 3555 1080 3594 esse
1116 3538 1455 3608 praecipitur,
1496 3547 1555 3592 ut
1582 3537 1725 3592 illius
1766 3537 1965 3593 summi

355 3633 548 3703 sponsi
584 3631 847 3701 prmierre
877 3632 1163 3701 imaginem
1193 3630 1459 3685 videatur.

428 3720 490 3776 In
520 3722 765 3791 bigatuis
790 3722 970 3792 itaque
996 3736 1102 3777 non
1133 3736 1381 3777 mensura
1417 3722 1645 3793 peccati,
1674 3720 1770 3776 sed
1793 3720 1965 3775 forma

354 3814 547 3885 potius
583 3814 884 3883 inquiritur
925 3814 1275 3879 sacramenti,
1300 3826 1463 3883 atque
1483 3814 1540 3867 in
1564 3828 1751 3867 eorum
1780 3828 1968 3883 repro-

353 3907 616 3973 batione,
651 3921 762 3961 non
794 3914 975 3961 reatus
1003 3904 1308 3971 ulciscitur,
1332 3905 1425 3961 sed
1447 3907 1672 3975 mystica
1719 3904 1833 3958 veri
1884 3918 1968 3958 sa-

354 3998 601 4054 cerdotii
657 3995 841 4067 regula
881 3995 1213 4062 custoditur;
1251 3996 1487 4065 alioquin
1528 3995 1797 4065 quomodo
1825 3994 1970 4049 inter

355 4090 608 4145 crimina
645 4104 759 4144 non
798 4098 1055 4155 meretur,
1106 4089 1251 4159 quod
1282 4088 1508 4144 licenter
1530 4088 1648 4143 ﬁeri
1674 4086 1970 4156 apostolica

357 4180 624 4237 doctrina
678 4178 1054 4251 permittitur?
1100 4178 1208 4233 Sed
1253 4187 1308 4235 et
1354 4180 1498 4233 sacri
1560 4193 1816 4240 canones,
1879 4190 1972 4233 eos

350 4273 447 4342 qui
481 4271 780 4327 secundas
824 4271 1040 4341 nuptias
1086 4270 1413 4339 improbant,
1470 4271 1609 4323 intra
1642 4268 1973 4323 Novatiano-

351 4377 480 4419 rum
532 4361 813 4419 haeresim
842 4369 1053 4417 notant.
1107 4360 1178 4417 Ut
1216 4360 1567 4416 ostendamus
1596 4374 1726 4431 ergo
1756 4375 1854 4417 nos
1885 4374 1973 4415 cc-

351 4452 716 4509 clesiasticm
752 4466 964 4522 semper
993 4451 1216 4506 unitatis
1241 4460 1425 4507 tenere
1455 4452 1795 4521 mysterium,
1838 4450 1973 4505 irre-

348 4544 825 4617 prehensibiliter
868 4544 1091 4612 utimur,
1140 4552 1195 4599 et
1243 4545 1421 4601 sinon
1474 4544 1609 4600 adeo
1657 4542 1968 4600 necessaria

348 4639 685 4709 prolatione
737 4635 1044 4691 verborum.

978 4747 1206 4805 CAPUT
1238 4746 1374 4804 XIII.

351 4843 513 4909 Quod
535 4859 590 4899 ss
627 4843 889 4898 DOIIIIUB
912 4853 1171 4911 vostscmt
1197 4841 1333 4894 inter
1357 4840 1490 4895 duos
1519 4848 1654 4897 recte
1681 4839 1969 4911 profertur,

811 4927 844 4964 α
863 4910 974 4965 solo
999 4912 1156 4965 etiam
1164 4911 1289 4980 jure
1313 4911 1541 4965 dicatur.

416 5008 547 5062 ιω
637 5017 790 5060 sane
842 5009 897 5058 et
955 5003 1058 5058 hoc
1125 5018 1155 5058 a
1220 5001 1498 5075 fratribus!
1558 5002 1694 5058 meis
1755 5008 1972 5057 servata

350 5098 635 5155 cbaritate
715 5093 980 5163 perquiro
1020 5111 1034 5149 :
1076 5094 1121 5149 si
1173 5094 1282 5148 duo
1342 5093 1503 5149 simul
1560 5094 1671 5150 sint
1730 5092 1970 5159 fratres,

352 5200 543 5245 utrum
649 5185 812 5240 alter
882 5182 1038 5238 alteri
1111 5183 1337 5241 licenter
1404 5186 1549 5240 dicat
1623 5200 1639 5237 ε
1715 5184 1971 5238 Dominus

353 5282 631 5338 uobiscum
662 5280 695 5333 1
779 5272 915 5329 Nam
996 5275 1203 5333 scilicet
1280 5278 1410 5348 quid
1490 5286 1598 5342 est,
1678 5281 1823 5347 quod
1908 5277 1978 5331 ad

352 5391 519 5430 uuam
566 5380 891 5445 personam
946 5367 1228 5438 pluraliter
1289 5370 1547 5441 loquitur,
1596 5379 1651 5425 et
1711 5370 1982 5441 postposi-

353 5476 404 5522 ta
431 5464 605 5539 232
631 5472 887 5520 censura
911 5458 1244 5517 Iitteratoriae
1265 5461 1578 5532 disciplinae,
1606 5464 1975 5518 ecclesiastica

355 5556 715 5617 consuetudo
755 5550 1015 5606 tenetur?
1049 5552 1318 5618 Quantum
1347 5555 1489 5608 enim
1519 5555 1585 5608 ad
1611 5553 1860 5622 loquendi
1890 5569 1979 5607 ar-

353 5659 486 5719 tem,
523 5662 722 5707 tecum
772 5640 985 5713 patius,
1011 5658 1172 5711 quam
1220 5646 1499 5710 vobiscum,
1534 5646 1599 5699 ad
1648 5647 1973 5717 sittgttlut‘ettt

356 5743 602 5799 directus
632 5744 958 5809 personam
1004 5746 1181 5788 sermo
1209 5734 1478 5791 decurrct.
1512 5740 1665 5804 Quod
1694 5740 1736 5792 si
1774 5755 1875 5794 non
1910 5740 1975 5792 li-

356 5843 466 5910 est,
490 5844 558 5899 ιιι
586 5839 669 5900 ιιι
705 5836 895 5893 unam
921 5838 1211 5899 personam
1248 5828 1472 5889 verbum
1502 5830 1709 5903 plurale
1749 5834 1869 5904 quis
1897 5834 1979 5889 di-

1992 4594 2049 4655 D

2067 3368 2234 3415 tatem
2264 3379 2275 3413 :
2314 3361 2438 3429 quia
2467 3370 2521 3415 et
2559 3377 2727 3414 unum
2749 3378 2948 3431 corpus
2973 3379 3069 3431 per
3100 3365 3265 3419 multa
3297 3369 3541 3421 membra
3572 3367 3657 3421 di-

2064 3452 2288 3517 viditur,
2321 3462 2375 3506 et
2402 3468 2468 3506 ex
2500 3452 2729 3505 diversis
2762 3454 3021 3507 membris
3051 3471 3214 3509 unum
3244 3472 3440 3527 corpus
3476 3460 3658 3527 imple-

2065 3553 2173 3597 tur.
2216 3542 2327 3599 Nec
2373 3544 2424 3596 in
2454 3545 2662 3597 unitate
2691 3545 2937 3611 corporis
2968 3547 3339 3602 membrorum
3369 3550 3657 3606 multitudo

2065 3634 2432 3697 confunditur,
2448 3651 2546 3690 nec
2572 3636 2625 3689 in
2642 3632 3333 3707 pluralitatcmembrorum
3350 3640 3509 3696 unius
3537 3656 3659 3696 cor-

2066 3729 2215 3799 poris
2248 3728 2530 3797 integritas
2560 3732 2811 3789 violatur.

2659 3822 2885 3881 CAPUT
2923 3823 3063 3881 XIV.

2072 3906 2228 3973 Quod
2266 3909 2491 3979 populus
2547 3911 2716 3967 Israel
2752 3913 3117 3969 ecclesiasticae
3164 3918 3299 3971 inter
3342 3933 3396 3971 se
3442 3918 3659 3973 unitatis

2639 3984 2872 4054 regulam
2911 3988 3094 4041 tenuit.

2142 4092 2209 4148 Et
2256 4094 2386 4165 quid
2436 4097 2631 4151 mirum
2659 4138 2673 4163 ,
2724 4098 2770 4154 si
2816 4099 2881 4153 de
2918 4108 3109 4154 sancta
3150 4100 3391 4156 Ecclesia
3440 4102 3663 4169 dicitur,

2073 4186 2213 4253 quod
2259 4194 2313 4239 et
2362 4186 2641 4255 multiplex
2692 4189 2745 4243 in
2787 4191 3015 4258 unitate,
3062 4202 3113 4247 et
3154 4209 3260 4249 una
3305 4196 3557 4249 credatur
3607 4197 3663 4250 iu

2074 4273 2446 4341 multitudine;
2484 4292 2610 4333 cum
2636 4287 2692 4333 et
2719 4279 2808 4334 ille
2839 4280 3078 4337 carnalis
3107 4282 3292 4349 Israel,
3324 4286 3451 4353 quia
3478 4284 3665 4339 socius

2074 4372 2194 4417 erat
2232 4378 2450 4434 genere,
2475 4366 2587 4436 jam
2635 4377 2762 4423 tunc
2800 4368 2961 4437 hujus
2990 4371 3213 4425 unitatis
3243 4372 3491 4427 videatur
3523 4374 3669 4428 inter

2075 4467 2134 4507 se
2158 4454 2399 4525 regulam
2431 4457 2707 4512 tenuisse?
2737 4458 2871 4515 Nam
2900 4468 2955 4515 et
2986 4462 3097 4532 regi
3125 4462 3291 4517 Edoni
3326 4465 3547 4519 nuntios
3577 4466 3665 4521 di-

2076 4544 2223 4615 rigit,
2253 4546 2345 4616 qui
2374 4546 2596 4602 dicant:
2635 4568 2653 4600 ε
2684 4548 2809 4604 Hazc
2856 4552 3074 4606 mandat
3118 4551 3285 4607 frater
3332 4564 3454 4608 tuus
3500 4554 3669 4609 Israel

2077 4634 2270 4705 (Num.
2318 4636 2433 4705 xx).
2470 4657 2489 4688 ι
2526 4637 2595 4692 Et
2633 4637 2760 4694 alibi
2799 4655 2924 4695 cum
2968 4640 3309 4697 Chananmus
3354 4659 3445 4697 rex
3492 4645 3668 4699 Aratli

2077 4739 2347 4801 pugnaret
2369 4730 2629 4787 adversus
2656 4731 2841 4797 Israel,
2868 4742 3030 4802 atque
3054 4734 3263 4789 sublata
3294 4750 3362 4789 ex
3390 4750 3453 4789 eo
3481 4736 3668 4804 prteda

2076 4822 2253 4876 victor
2297 4821 2581 4886 existeret,
2625 4830 2855 4877 testante
2895 4822 3197 4893 Scriptura,
3244 4823 3409 4879 Israel
3448 4833 3577 4880 voto
3608 4840 3670 4882 se

2080 4911 2311 4967 Domino
2339 4911 2611 4982 obligans,
2638 4914 2749 4967 ait:
2788 4932 2806 4964 ε
2837 4914 2895 4968 Si
2925 4915 3233 4982 tradideris,
3268 4916 3465 4986 inquit,
3499 4933 3669 4987 pOpu-

2080 5003 2189 5059 lum
2246 5004 2406 5060 istum
2467 5004 2520 5058 in
2578 5020 2795 5059 manum
2845 5021 3043 5073 meam,
3096 5007 3286 5064 delebo
3334 5011 3497 5066 urbes
3551 5012 3669 5081 ejus

2082 5096 2292 5167 (lbid.).
2326 5116 2343 5148 ι
2394 5097 2547 5164 Quod
2587 5099 2841 5152 nimirum
2886 5110 2941 5153 et
2975 5101 3026 5153 iu
3071 5099 3209 5157 libro
3253 5100 3459 5173 Regum
3490 5105 3667 5158 mani-

2082 5188 2218 5245 feste
2250 5189 2583 5255 declaratur,
2614 5206 2736 5245 cum
2762 5192 2829 5245 ab
2865 5190 3161 5248 Israelitico
3185 5194 3384 5264 popqu
3412 5195 3479 5249 ad
3521 5195 3669 5251 viros

2080 5280 2238 5347 Iuda,
2272 5282 2531 5337 redeunte
2563 5282 2729 5336 David
2760 5284 2810 5335 in
2843 5298 3089 5353 regnum,
3120 5285 3319 5339 dicitur
3346 5305 3356 5339 :
3394 5304 3411 5336 ι
3445 5286 3668 5353 Decem,

2081 5372 2276 5441 inquit,
2318 5371 2563 5441 partibus
2592 5371 2765 5441 major
2796 5388 2896 5440 ego
2928 5388 3049 5427 sum
3074 5374 3234 5444 233
3265 5376 3407 5444 apud
3440 5376 3666 5445 Regem,

2083 5473 2138 5517 et
2164 5465 2557 5533 primogenitus
2588 5479 2688 5535 ego
2724 5480 2865 5529 sum,
2911 5464 3192 5535 magisque
3224 5466 3289 5519 ad
3322 5482 3406 5519 me
3438 5467 3673 5535 pertinet

2090 5555 2276 5620 David,
2323 5571 2485 5625 quam
2529 5555 2595 5609 ad
2631 5564 2714 5621 te;
2756 5571 2853 5610 cur
2899 5554 3031 5609 mihi
3078 5554 3251 5610 fecisti
3289 5556 3565 5626 injuriam,
3617 5566 3673 5611 et

2086 5663 2190 5701 non
2227 5648 2356 5701 mihi
2411 5648 2717 5701 nuntiatum
2754 5656 2836 5701 est
2867 5646 3058 5717 priori,
3105 5657 3164 5702 ut
3205 5646 3519 5702 reducerem
3565 5647 3674 5703 Ile-

2085 5753 2203 5806 gem
2236 5737 2489 5791 meum?»
2527 5736 2611 5807 (ll
2646 5735 2777 5807 Reg.
2816 5738 2953 5807 xu.)

2158 5831 2218 5888 Si
2252 5845 2381 5903 ergo
2409 5828 2640 5903 populus
2676 5828 2799 5903 ille,
2828 5844 2929 5905 pro
2967 5844 3033 5890 eo
3068 5830 3213 5903 quod
3248 5843 3319 5891 es
3354 5844 3463 5890 una
3498 5828 3673 5904 stirpe

4674 6186 5208 6414 4
