5392 6568
1983 523 2088 577 24⁸5

1983 636 2239 704 originem
2271 632 2517 689 duceret,
2552 624 2632 677 vel
2671 624 2739 675 ob
2774 619 2825 673 id
2856 617 3061 687 potius,
3091 612 3216 681 quia
3247 607 3404 660 unius
3439 603 3527 656 Dei

1982 727 2183 783 cultum
2215 730 2454 783 teneret,
2490 728 2740 783 tanquam
2791 726 2896 765 una
2930 719 3149 777 persona
3192 696 3537 767 singulariter

1982 817 2239 885 loquitur,
2280 820 2333 863 nt
2361 811 2411 862 in
2446 782 2625 860 multis
2659 819 2715 858 se
2749 816 2913 854 unum
2948 811 3063 851 esse
3104 798 3330 845 testetur
3359 803 3371 838 :
3410 782 3539 852 quid

1985 904 2236 958 nimirum
2277 900 2318 952 si
2356 905 2537 951 sancta
2579 892 2845 951 Ecclesia,
2895 899 3009 954 quae
3050 896 3152 933 uno
3202 877 3295 930 Dei
3336 872 3540 941 Spiritu

1983 992 2372 1052 sanctificatur,
2425 994 2479 1038 et
2522 984 2741 1047 regitur,
2785 979 2937 1031 unius
2981 971 3128 1024 Fidei
3179 977 3229 1019 et
3284 960 3541 1032 Baptismi

1991 1080 2347 1137 sacramentis
2378 1075 2634 1128 imlzuitur
2670 1073 2732 1122 ad
2772 1066 3007 1121 eamdem
3050 1059 3414 1114 lizercditatem
3450 1066 3540 1105 ca-

1988 1170 2302 1241 pesscndam
2336 1184 2428 1236 per
2459 1163 2755 1232 adoptionis
2781 1159 3007 1228 gratiam
3044 1157 3388 1206 convocatur,
3427 1153 3541 1194 tan-

1989 1274 2097 1317 tam
2137 1263 2275 1314 inter
2310 1274 2367 1313 se
2405 1257 2597 1310 habeat
2644 1247 3100 1304 communionem,
3152 1252 3207 1293 ut
3245 1247 3312 1291 .et
3351 1229 3543 1301 singuli

1994 1355 2175 1409 verbis
2213 1351 2481 1409 omnium,
2517 1356 2569 1398 et
2598 1356 2782 1396 omnes
2815 1337 2994 1392 verbis
3021 1334 3098 1387 uti
3130 1332 3338 1385 valeant
3368 1327 3545 1391 singu-

1989 1443 2161 1497 lorum
2185 1442 2208 1493 ?
2235 1440 2369 1491 Hinc
2397 1446 2479 1490 est
2505 1435 2696 1496 etiam,
2730 1428 2874 1498 quod
2904 1425 3099 1482 divinis
3130 1423 3433 1475 insistentes
3461 1412 3546 1466 οἷο

1991 1532 2160 1594 liciis,
2197 1542 2335 1596 smpe
2370 1527 2425 1580 in
2463 1525 2621 1578 utrius
2658 1519 2827 1575 sancti
2863 1514 3205 1571 veneratione
3236 1516 3546 1569 cantamus,

1989 1621 2133 1691 quod
2183 1620 2277 1672 toti
2328 1615 2486 1670 simul
2535 1610 2787 1667 Ecclesiae
2822 1607 3101 1661 convenire
3140 1599 3547 1668 cognoscimus:

1990 1686 2134 1780 quod
2160 1707 2408 1763 videlicet
2431 1705 2520 1773 qui
2550 1689 2737 1756 canitis
2762 1700 2933 1752 beata:
2963 1694 3055 1749 Dei
3095 1689 3382 1746 Genitricis
3421 1686 3551 1738 alio-

1990 1778 2215 1865 rumque
2253 1803 2563 1850 sanctorum
2591 1790 2877 1858 diligenter
2908 1783 3152 1853 inspicit,
3186 1778 3553 1835 indubitanter

1990 1884 2253 1957 agnoscit.

2522 2017 2526 2021 .
2585 1967 2812 2025 CAPUT
2853 1966 2967 2022 XV.

2068 2071 2217 2136 Quod
2258 2066 2492 2137 qua'dam
2524 2062 2818 2137 festiuitates
2849 2075 2951 2111 non
2976 2069 3081 2110 suo
3101 2063 3322 2122 tempore
3361 2051 3488 2104 cele-

2651 2131 2885 2183 branlur.

2070 2252 2307 2307 Ecclesia
2348 2247 2611 2317 siquidem
2650 2243 2887 2307 Christi,
2919 2254 3035 2308 qtae
3064 2245 3147 2293 est
3175 2236 3422 2289 columna
3456 2233 3555 2285 im-

2004 2344 2246 2404 mobilis,
2279 2356 2397 2410 quae
2428 2340 2572 2407 regni
2600 2336 2858 2392 cmlorum
2889 2331 3066 2386 claves
3095 2327 3330 2395 accepit,
3362 2338 3562 2391 nequa-

2006 2450 2167 2501 quam
2218 2432 2462 2491 casibus,
2512 2425 2814 2482 numerisve
2865 2420 3131 2482 deservit,
3183 2417 3273 2471 sed
3322 2414 3560 2468 omnium

2003 2524 2329 2579 locutionum
2361 2520 2547 2573 modos
2580 2518 2720 2570 intra
2752 2528 2861 2567 suae
2901 2500 3030 2579 legis
3060 2509 3181 2576 jura
3223 2504 3559 2571 constringit.

2005 2615 2112 2669 Nec
2165 2620 2461 2679 aucupatur
2516 2610 2708 2668 verba,
2767 2606 2858 2659 sed
2918 2603 3143 2655 animas.
3216 2597 3327 2652 Non
3383 2597 3561 2660 itaque

2003 2704 2363 2775 maguipendit
2412 2699 2748 2769 przesentiam
2799 2707 3115 2763 corporum,
3168 2689 3248 2742 vel
3303 2684 3561 2740 articulos

2005 2806 2330 2864 temporum,
2390 2791 2483 2845 sed
2542 2790 2606 2843 ad
2665 2785 2999 2842 devotionem
3038 2780 3213 2851 potius
3264 2787 3317 2831 et
3383 2775 3560 2828 unita-

2007 2896 2109 2942 tem
2161 2884 2377 2951 respicit
2425 2881 2750 2936 animorum.
2802 2894 2821 2926 α
2850 2875 2967 2944 Ipsa
3005 2885 3196 2940 nempe
3221 2869 3425 2938 judicat
3451 2880 3564 2918 om-

2006 2975 2093 3029 nia
2117 3015 2131 3038 ,
2178 2982 2234 3027 et
2270 2988 2300 3024 a
2342 2971 2553 3024 nemine
2588 2967 2860 3035 judicatur
2888 2963 2956 3035 (1
2990 2961 3111 3016 Cor.
3143 2976 3180 3014 ιι
3203 2962 3242 3029 ).
3276 2979 3292 3009 ι
3326 2957 3459 3010 Hinc
3484 2962 3568 3008 est

2009 3067 2153 3122 enim
2176 3107 2191 3131 ,
2223 3066 2361 3134 quod
2392 3066 2443 3118 in
2473 3070 2817 3116 sacrosancta
2846 3056 3184 3112 solemnitate
3225 3049 3460 3121 paschali
3493 3049 3570 3101 di-

2008 3155 2180 3210 cimus
2211 3172 2222 3205 :
2254 3151 2394 3205 Deus
2422 3150 2509 3218 qui
2537 3149 2788 3203 hodierna
2816 3146 2899 3198 die
2925 3159 3015 3213 per
3046 3140 3379 3209 Unigenitum
3418 3146 3565 3187 tuum

2005 3244 2309 3298 wtemitatis
2363 3241 2509 3292 nobis
2555 3238 2755 3290 aditum
2808 3234 3005 3288 devicta
3057 3240 3220 3284 morte
3277 3224 3566 3285 reserasti;

2011 3345 2136 3388 dum
2164 3334 2341 3386 cuncti
2370 3329 2574 3396 liquido
2598 3327 2847 3382 novimus
2866 3364 2880 3388 ,
2913 3323 3037 3393 quia
3073 3322 3090 3389 (
3109 3321 3263 3390 juxta
3301 3315 3568 3370 calculan-

2012 3423 2145 3477 tium
2181 3417 2609 3489 supputationes)
2635 3415 2979 3471 Hebmorum
3017 3411 3223 3466 Pascha
3256 3407 3567 3477 praecedat;

2015 3514 2161 3566 circa
2217 3510 2354 3580 quod
2410 3508 2667 3564 Dominus
2719 3519 2910 3576 passus
2959 3510 3075 3566 est,
3128 3510 3183 3555 et
3237 3497 3568 3560 resurrexit;

2017 3603 2208 3657 deinde
2238 3600 2324 3654 ubi
2356 3599 2505 3669 prius
2533 3597 2861 3668 quotuslibet
2886 3593 3194 3649 Dominicus
3230 3591 3343 3645 dies
3377 3603 3573 3644 occur-

2020 3694 2124 3757 rit,
2164 3690 2441 3746 Paschalis
2470 3689 2627 3743 nobis
2664 3685 2928 3742 festivitas
2964 3683 3242 3738 illucescit.
3276 3678 3409 3733 Nam
3435 3686 3491 3732 et
3522 3677 3577 3731 in

2015 3787 2344 3844 Ascensione
2380 3785 2585 3838 Domini
2618 3791 2671 3837 et
2696 3790 2883 3837 sancto
2929 3779 3246 3834 Pentecoste
3266 3777 3366 3830 sub
3387 3774 3577 3829 eodem

2018 3892 2182 3934 sensu
2211 3877 2472 3938 dicimus,
2500 3873 2659 3928 hodie
2685 3887 2700 3926 :
2727 3886 2848 3927 cum
2877 3878 2935 3924 et
2964 3869 3081 3924 istae
3109 3866 3428 3921 festivitates
3452 3879 3581 3919 con-

2021 3976 2310 4039 sequenter
2343 3966 2495 4033 juxta
2526 3964 2787 4017 rationem
2815 3958 3086 4030 paschalis
3118 3955 3372 4024 temporis
3399 3953 3578 4020 dispo-

2026 4067 2244 4115 nantur.
2283 4056 2570 4111 Decollatio
2617 4067 2832 4122 quoque
2880 4051 3024 4106 beati
3057 4047 3281 4103 Joannis
3324 4045 3581 4113 Baptistae

2024 4165 2209 4206 mense
2258 4149 2497 4217 Augusto
2551 4142 2887 4207 celebratur,
2940 4155 3061 4195 cum
3113 4146 3290 4192 tamen
3342 4144 3584 4203 tempore

2021 4242 2312 4299 Dominicis
2339 4239 2603 4310 passionis
2634 4235 2934 4294 trucidatus
2963 4233 3029 4286 ab
3046 4228 3259 4286 Herode
3288 4225 3453 4281 fuisse
3486 4225 3586 4279 mi-

2029 4335 2170 4387 nime
2196 4329 2485 4385 dubitetur.

2101 4423 2299 4476 Eadem
2350 4432 2559 4488 quoque
2603 4417 2740 4471 ratio
2787 4423 2873 4470 est
2904 4421 2959 4467 et
2991 4412 3056 4467 de
3092 4408 3380 4465 festivitate
3414 4403 3588 4459 sancti

2029 4513 2210 4570 Jacobi
2231 4552 2246 4572 ,
2275 4525 2374 4565 nec
2397 4524 2503 4563 non
2526 4517 2580 4563 et
2603 4507 2662 4560 Β.
2695 4506 2872 4567 Petri,
2901 4517 3023 4572 qua:
3046 4499 3242 4555 dicitur
3270 4511 3300 4550 a
3324 4493 3587 4551 Vinculis.

2028 4610 2162 4662 Cum
2209 4606 2351 4659 enim
2382 4604 2545 4656 Actus
2576 4597 2848 4669 apostolici
2883 4594 3160 4664 Scriptura
3191 4591 3332 4645 dicat
3358 4603 3372 4641 :
3404 4605 3421 4637 ι
3451 4585 3587 4650 Quia

2029 4695 2283 4760 Herodes,
2315 4701 2597 4763 postquam
2646 4688 2844 4745 occidit
2880 4685 3136 4740 Jacobum
3170 4681 3392 4734 fratrem
3425 4673 3589 4729 Joan-

1939 4776 1959 4794 ⁶
2036 4790 2120 4841 nis
2168 4784 2377 4855 gladio,
2427 4781 2610 4834 videns
2645 4778 2767 4846 quia
2803 4775 3041 4845 placeret
3072 4768 3301 4830 Judaeis,
3342 4763 3585 4835 apposuit

2033 4876 2432 4946 apprehendere
2470 4882 2524 4924 et
2559 4870 2773 4925 Petrum
2809 4866 2963 4936 (Act.
2997 4879 3070 4919 xu
3096 4865 3113 4933 )
3140 4879 3155 4928 ;
3186 4881 3204 4913 ι
3231 4857 3422 4915 deinde
3460 4856 3587 4910 sub-

2023 4964 2215 5035 jungat
2240 4982 2250 5014 ;
2283 4980 2299 5012 ‹
2333 4961 2496 5015 Erant
2514 4969 2689 5013 autem
2716 4958 2829 5010 dies
2847 4957 3198 5024 Azymorum,
3231 4971 3249 5003 ι
3276 4959 3438 5017 atque
3463 4962 3587 5014 pro-

2034 5059 2175 5111 tinus
2221 5056 2379 5108 addat
2410 5070 2422 5104 :
2458 5071 2475 5102 c
2507 5051 2672 5116 Quem
2700 5064 2820 5102 cum
2852 5042 3327 5114 apprehendisset,
3357 5040 3503 5092 misit
3538 5038 3590 5088 in

2038 5159 2308 5202 carcerem
2327 5183 2341 5206 ,
2378 5141 2697 5207 tradeasque
2725 5145 2955 5206 quatuor
2983 5130 3421 5201 quaternionibus
3451 5125 3590 5179 mili-

2035 5246 2149 5292 tum
2180 5230 2581 5289 custodiendum
2606 5267 2620 5291 ,
2666 5228 2847 5281 volens
2888 5234 3004 5292 post
3043 5221 3251 5276 Pascha
3296 5218 3593 5288 producere

2035 5342 2157 5382 eum
2208 5322 2400 5393 populo
2444 5316 2659 5389 (Ιὺίιι.)
2690 5333 2703 5380 ;
2740 5335 2757 5366 ι
2783 5322 2930 5383 patet
2976 5314 3177 5380 absque
3224 5309 3421 5370 dubio,
3471 5303 3596 5373 quia

2042 5415 2148 5470 alio
2196 5413 2318 5467 anui
2365 5420 2601 5478 tempore
2650 5407 2762 5460 inec
2808 5418 2904 5472 per
2953 5401 3324 5454 executionem
3373 5406 3594 5462 operum

2042 5515 2169 5563 sunt
2195 5501 2383 5558 ell'ecta
2405 5539 2421 5563 ,
2453 5508 2611 5567 atque
2638 5495 2740 5549 alio
2772 5489 3105 5562 postmodum
3138 5486 3376 5542 colendis
3402 5483 3599 5537 solem-

2042 5598 2301 5654 nitatibus
2328 5593 2589 5649 instituta.
2620 5587 2960 5642 Festivitates
2982 5581 3122 5635 enim
3146 5579 3249 5633 illa:
3272 5617 3287 5641 ,
3320 5586 3378 5629 ut
3402 5584 3588 5629 notum

2039 5701 2119 5746 est
2138 5733 2151 5757 ,
2181 5690 2519 5745 celebrantur
2542 5683 2682 5737 circa
2709 5676 2870 5749 234
2895 5683 3063 5729 metas
3083 5670 3208 5725 Julii
3238 5668 3456 5730 mensis,
3486 5680 3592 5734 quo

2039 5779 2286 5834 videlicet
2329 5787 2565 5842 tempore
2601 5785 2771 5839 neque
2816 5767 3019 5820 Pascha
3053 5762 3383 5824 celebrasse,
3420 5772 3595 5827 neque

2044 5873 2361 5942 Azymorum
2389 5866 2503 5921 dies
2524 5861 2620 5918 "ille
2651 5860 2997 5915 llcbrzeorum
3028 5851 3253 5924 populus
3298 5849 3587 5913 invenitur,

118 0 4713 240 W

2438 515 2491 566 S.
2531 507 2732 565 PETRI
2772 500 3050 559 DAMIANI
3089 497 3239 555 OPP.
3277 489 3511 548 TOMUS
3542 485 3668 543 SEU
3712 479 3888 538 PARS
3925 478 4007 531 Ill.
4039 506 4100 516 —
4136 466 4491 528 OPUSCULA
4536 460 4766 516 VARlA.

3560 604 3609 662 Α
3636 598 3678 652 si
3723 603 3828 647 tota
3861 587 4187 644 Testamenti
4220 581 4425 636 Veteris
4472 577 4637 630 series
4681 574 5060 624 rccenseatur:
5097 563 5185 615 sed

5083 446 5186 503 2M

3636 685 3760 755 quia
3794 684 3844 735 in
3874 679 4212 734 solemnitate
4251 668 4482 742 paschali
4511 662 4755 719 venerari
4787 659 4943 727 digne
4972 669 5075 709 nou
5106 667 5189 720 po.

3641 781 3846 835 teiaut,
3880 771 3943 823 ad
3971 781 4152 820 earum
4180 765 4379 817 cultum
4409 757 4551 811 aliud
4582 766 4792 823 tempus
4818 758 4899 803 cst
4931 746 5189 801 Ecclesia-

3638 866 3772 918 stica
3803 857 4156 927 dispositione
4190 853 4477 920 provisum.

3712 953 3832 1006 llaec
3863 961 4042 1004 autem
4075 946 4272 999 idcirco
4303 944 4367 994 de
4399 937 4568 992 sacris
4596 927 5020 988 solemnitatibus
5045 924 5191 990 juxta

3643 1042 4015 1110 compendium
4049 1034 4274 1089 dixerim
4296 1072 4309 1095 ,
4345 1040 4404 1083 ut
4438 1025 4722 1081 manifeste
4749 1022 5042 1076 clarescat,
5075 1014 5195 1081 quia

3645 1143 3831 1187 sancta
3863 1128 4097 1182 Ecclesia
4132 1140 4234 1177 non
4268 1132 4374 1173 tam
4408 1115 4800 1183 constringitur
4840 1110 4952 1177 lege
4995 1116 5196 1173 tempo-

3648 1241 3799 1285 rum,
3832 1236 3988 1289 quam
4022 1219 4164 1285 ipsas
4194 1224 4492 1278 temporum
4526 1206 4671 1259 vices
4697 1201 4761 1256 ad
4803 1214 4953 1253 suum
4989 1195 5201 1249 cohibet

3648 1327 3856 1371 nutum.
3900 1311 4081 1378 Neque
4108 1307 4252 1359 enim
4285 1303 4383 1356 sub
4422 1297 4700 1353 clementis
4734 1292 4899 1346 servit
4931 1285 5164 1341 Ecclesia
5186 1322 5200 1345 ,

3650 1409 3741 1462 sed
3781 1404 3877 1473 ipsi
3920 1400 4096 1469 potius
4136 1393 4375 1459 subjecta
4406 1399 4560 1451 sunt,
4601 1393 4654 1439 et
4687 1384 5059 1448 obtemperant
5093 1374 5202 1429 ele-

3653 1465 3851 1549 menta.
3911 1465 4060 1543 Unde
4099 1494 4150 1539 et
4198 1483 4446 1552 Magister
4495 1477 4732 1546 gentium
4763 1472 4930 1526 dicit:
4962 1487 4979 1519 ι
5014 1465 5206 1522 Omnia

3653 1589 3793 1641 cnim
3845 1593 4016 1636 vestra
4065 1587 4220 1641 sunt,
4271 1575 4384 1627 sive
4434 1569 4662 1630 Paulus,
4695 1567 4805 1620 sive
4850 1559 5066 1628 Apollo,
5098 1556 5207 1609 sive

3654 1678 3896 1744 Cepbas,
3948 1672 4062 1724 sive
4110 1665 4374 1725 mundus,
4421 1662 4535 1714 sive
4578 1659 4721 1719 vita,
4751 1656 4863 1708 sive
4890 1664 5064 1711 mors,
5098 1648 5208 1700 sive

3655 1763 3956 1836 prmsentia,
3987 1761 4097 1811 sive
4123 1756 4322 1807 futura.
4349 1750 4538 1806 Omnia
4562 1747 4702 1801 enim
4732 1751 4906 1797 vestra
4937 1747 5092 1801 sunt,
5118 1748 5210 1787 vos

3657 1826 3833 1907 autem
3882 1846 4115 1911 Christi,
4166 1842 4416 1897 Christus
4465 1846 4639 1890 autem
4681 1833 4773 1887 Dei
4805 1833 4821 1901 (
4848 1831 4872 1884 1
4903 1830 5022 1884 Cor.
5044 1843 5077 1880 v
5107 1826 5159 1897 ),
5188 1844 5206 1876 ι

3582 1949 3629 2008 Β
3657 1951 3819 2008 atque
3839 1979 3853 2003 ,
3889 1947 3946 1991 ut
3975 1931 4223 1990 ostendat
4251 1939 4462 1999 quantae
4491 1923 4828 1981 auctoritatis
4858 1916 5210 1990 praerogativa

3661 2042 3847 2086 sancta
3879 2027 4146 2098 przecellat
4175 2022 4444 2083 Ecclesia,
4483 2032 4666 2071 rursus
4692 2017 4758 2069 ad
4786 2014 4997 2067 eosdem
5027 2008 5210 2063 Corin-

3662 2123 3800 2175 thios
3833 2137 3845 2171 :
3881 2097 3902 2169 i
3938 2118 4016 2170 An
4058 2115 4306 2173 nescitis,
4343 2111 4448 2173 ait,
4489 2108 4740 2177 quoniam
4781 2101 4952 2158 sancti
5001 2101 5065 2153 de
5113 2097 5217 2151 hoc

3661 2211 3859 2265 mundo
3900 2205 4255 2275 judicabuut?
4301 2202 4364 2255 Et
4409 2201 4454 2254 si
4497 2213 4527 2250 a
4575 2196 4726 2251 vobis
4762 2191 5089 2262 judicabitur
5124 2188 5215 2241 hic

3663 2304 3891 2356 mundus
3923 2318 3935 2351 :
3986 2298 4188 2366 indigni
4230 2294 4391 2356 estis,
4424 2289 4515 2358 qui
4554 2289 4621 2341 de
4661 2283 4896 2340 minimis
4928 2278 5213 2349 judicetis:

3665 2392 3883 2446 nescitis
3916 2389 4041 2457 quia
4083 2384 4300 2454 angelos
4337 2374 4749 2450 judicabimus?
4788 2381 4990 2443 quanto
5048 2366 5219 2436 magis

3664 2480 3991 2537 siccularia?
4029 2498 4045 2530 ι
4081 2476 4127 2546 (1
4167 2474 4289 2529 Cor.
4316 2473 4415 2539 vr.)

4226 2578 4451 2636 CAPUT
4486 2576 4621 2633 XVI.

3807 2679 3958 2744 Quod
3993 2680 4045 2729 in
4082 2670 4316 2726 Ecclesia
4354 2679 4488 2791 lr‘ecle
4526 2668 4661 2721 alius
4695 2662 4894 2733 supplet
4933 2660 5081 2715 verba

4320 2758 4349 2791 a
4395 2755 4552 2791 crtus.

4320 2755 4552 2793 auerms.

3737 2839 3901 2907 Igitur
3940 2844 3995 2887 ut
4035 2834 4099 2887 ad
4129 2830 4404 2899 superiora
4439 2826 4717 2882 redeamus
4742 2863 4757 2887 ,
4791 2818 5142 2895 quidrmirum
5173 2815 5221 2869 si

3669 2939 3852 2986 sancta
3904 2925 4174 2984 Ecclesia,
4227 2921 4309 2973 cui
4360 2928 4507 2972 tanta
4560 2923 4797 2986 potestas
4844 2910 5101 2964 divinitus
5141 2916 5225 2960 est

3670 3032 3961 3075 concessa,
4013 3014 4174 3067 verba
4218 3010 4318 3064 sibi
4360 3006 4671 3061 famulantia
4713 3005 4784 3056 ita
4823 2999 4886 3054 ad
4916 3011 5067 3053 suum
5100 3008 5224 3048 con-

3668 3121 3842 3166 vertat
3876 3109 4155 3163 arbitrium
4179 3146 4195 3172 ,
4231 3113 4286 3157 ut
4314 3102 4396 3156 vel
4422 3100 4616 3171 singuli
4645 3097 4906 3168 plurium,
4937 3091 5019 3145 vel
5046 3088 5225 3158 plures

3671 3202 3881 3270 eloquia
3914 3198 4187 3268 proferant
4232 3190 4605 3262 singulorum?
4644 3190 4750 3242 Aut
4790 3184 4916 3254 quid
4957 3183 5141 3243 obest,
5180 3176 5227 3231 si

3595 3282 3642 3343 C
3672 3267 3925 3359 θείαιιώ
3963 3290 4081 3342 aliis
4122 3273 4428 3354 specialiter
4458 3289 4788 3350 congruunt,
4818 3274 4886 3328 ab
4913 3272 5032 3327 aliis
5055 3267 5233 3340 profe-

3677 3387 3868 3433 runtur
3896 3378 3917 3429 Ἰ
3962 3376 4122 3430 Certe
4150 3388 4253 3426 non
4288 3374 4629 3442 ignoramus,
4659 3365 4780 3435 quia
4806 3377 4926 3418 cum
4955 3359 5102 3432 pueri
5143 3372 5234 3410 ca-

3680 3470 4038 3526 techizantur,
4085 3464 4348 3518 Sacerdos
4388 3461 4684 3528 interrogat
4712 3474 4727 3509 ε
4757 3453 4891 3521 Quid
4922 3448 5102 3521 petis?
5131 3446 5233 3501 Ubi

3678 3577 3780 3615 non
3826 3572 3979 3629 puer,
4029 3555 4123 3609 sed
4173 3553 4304 3607 alius
4355 3550 4529 3604 reddit
4575 3546 4690 3615 ejus
4729 3544 4845 3597 vice
4882 3551 5231 3609 responsum,

3678 3652 3896 3705 dicens:
3929 3647 4113 3700 Fidem
4155 3654 4210 3698 et
4245 3650 4436 3697 uetera
4456 3681 4470 3706 ,
4498 3653 4616 3708 quae
4660 3633 4874 3707 proprie
4914 3630 4978 3684 ad
5011 3640 5234 3699 puerum

3680 3742 3981 3811 pertinent,
4015 3736 4149 3791 alius
4176 3733 4291 3802 ejus
4323 3733 4374 3785 in
4408 3744 4636 3800 persona
4680 3724 4976 3795 respondet.
5022 3717 5076 3772 Si
5107 3730 5236 3785 ergo

3683 3832 3737 3884 in
3782 3831 3895 3898 ipso
3923 3822 4348 3894 regenerationis
4373 3828 4575 3873 nostra:
4608 3814 4891 3885 mysterio,
4920 3807 5007 3863 ubi
5036 3805 5238 3860 scilicet

3685 3923 3848 3976 totius
3896 3919 4141 3971 humanae
4192 3910 4378 3965 salutis
4422 3915 4633 3962 constat
4679 3905 4862 3972 origo,
4910 3906 5053 3952 recte
5104 3894 5238 3947 alius

3688 4016 3847 4069 verba
3882 4010 4059 4064 reddit
4083 4005 4342 4058 alterius:
4384 4002 4512 4069 quid
4552 3996 4830 4068 prohibet,
4863 3991 4907 4046 si
4950 3998 5002 4044 et
5042 3988 5092 4041 in
5137 3984 5239 4039 illis

3685 4098 4064 4159 ecclesiasticis
4112 4091 4562 4158 salutationibus,
4607 4085 4691 4140 vel
4735 4080 4974 4153 petendis
5021 4076 5239 4131 benedi-

3670 4197 3953 4255 ctionibus
4000 4191 4134 4246 alter
4180 4184 4550 4257 respondendo
4580 4180 4819 4249 suppleat
4862 4176 5030 4229 locum
5071 4168 5238 4229 illius,

3689 4287 3778 4356 qui
3818 4281 4014 4336 vacat?
4061 4278 4192 4332 Nam
4235 4285 4291 4328 ut
4329 4274 4464 4327 alter
4502 4287 4597 4341 pro
4629 4268 4796 4322 altero
4829 4260 5148 4334 respondere
5188 4256 5240 4307 in

3691 4373 3930 4429 Ecclesia
3980 4369 4181 4431 valeat,
4235 4379 4338 4418 non
4389 4353 4640 4417 moderna
4690 4355 4962 4413 temeritas
5005 4347 5239 4418 reperit,

3691 4468 3785 4521 sed
3846 4465 3913 4520 ab
3979 4459 4269 4530 apostolica
4342 4457 4516 4525 potius
4573 4450 4888 4507 auctoritate
4949 4439 5240 4500 descendit.

3694 4559 3846 4614 Unde
3874 4565 3929 4610 et
3958 4554 4149 4608 Paulus
4180 4553 4243 4605 ad
4274 4551 4581 4606 Corinthios
4613 4566 4625 4600 :
4661 4567 4676 4598 ι
4704 4547 4996 4604 Caeterum,
5033 4537 5240 4605 inquit,

3693 4650 3737 4703 si
3782 4645 4116 4700 benedixeris
4156 4641 4369 4711 Spiritu.
4406 4639 4527 4693 ouis
4552 4634 4760 4706 supolet
4788 4633 4960 4686 locum
4989 4626 5237 4683 idiotas?»

3719 4739 3745 4791 1
3775 4737 3895 4789 Cor.
3931 4752 4037 4789 xw.

3719 4739 3745 4791 1
3775 4737 3895 4789 Cor.
3931 4752 4037 4789 xw.

3695 4741 3712 4809 (
3766 4829 3881 4881 Huc
3906 4736 4107 4879 accedit
4130 4865 4141 4882 ,
4176 4820 4312 4889 quod
4341 4821 4381 4872 si
4414 4826 4636 4887 propter
4661 4811 4954 4867 absentiam
4982 4806 5101 4881 quis
5127 4818 5249 4873 per-

3696 4934 3947 4974 sonarum
3974 4917 4122 4970 timet
4147 4914 4322 4966 dicere
4350 4929 4359 4962 :
4393 4910 4644 4961 Dominus
4670 4904 4921 4959 vobiscum
4943 4941 4956 4963 ,
4981 4896 5063 4952 vel
5084 4897 5247 4949 etiam

3695 5010 4019 5076 respondere
4047 5020 4059 5057 :
4091 5004 4150 5055 Et
4184 5019 4297 5054 cum
4328 5001 4511 5069 spiritu
4545 5010 4631 5050 tuo
4662 5036 4676 5060 ,
4708 4996 4892 5050 timeat
4917 5002 5127 5059 quoque
5157 4999 5246 5040 ne-

3699 5119 3849 5160 cesse
3880 5112 3990 5160 est,
4023 5116 4086 5153 ne
4118 5100 4297 5151 dicat:
4334 5094 4584 5157 Oremus,
4618 5091 4709 5146 sed
4740 5091 4945 5160 potius,
4973 5098 5151 5145 orem,
5183 5095 5247 5135 ne

3696 5196 3947 5249 videlicet
3992 5193 4108 5246 illos
4156 5189 4223 5241 ad
4264 5188 4562 5241 orationem
4589 5184 4833 5237 videatur
4869 5177 5126 5236 invitare,
5157 5170 5247 5241 qui

3700 5292 3890 5345 desunt
3922 5302 3936 5340 :
3965 5296 4017 5340 et
4050 5284 4138 5352 qui
4185 5281 4524 5351 sacrilegium
4571 5277 4718 5333 ducit
4758 5272 4913 5328 nullis
4954 5268 5248 5323 astantibus

3698 5379 4127 5435 benedictionem
4164 5382 4379 5443 petere,
4423 5372 4503 5425 vel
4550 5371 4717 5433 dare,
4762 5371 4950 5420 caveat
4989 5361 5151 5416 etiam
5194 5358 5247 5411 in

3701 5472 3803 5525 fine
3832 5469 4080 5523 lectionis
4125 5467 4302 5519 dicere
4334 5483 4344 5517 :
4381 5463 4456 5515 Tu
4496 5470 4698 5522 autem,
4733 5455 4979 5514 Domine,
5012 5451 5248 5505 miserere

3700 5564 3876 5626 nobis;
3904 5562 3996 5615 sed
4024 5560 4166 5612 dicat
4195 5559 4388 5626 potius,
4419 5555 4675 5606 miserere
4706 5548 4856 5602 mihi.
4888 5544 5035 5610 Quod
5064 5541 5106 5596 si
5137 5554 5248 5593 om-

3699 5655 3825 5708 nino
3856 5661 4240 5721 praaposterum
4264 5686 4277 5710 ,
4306 5644 4524 5699 omnino
4556 5642 4761 5695 videtur
4801 5634 5086 5689 absurdum
5105 5670 5119 5694 ,
5148 5644 5250 5682 non

3701 5750 3950 5802 vereatur
3981 5740 4235 5798 Ecclesiae
4260 5737 4420 5792 verba
4452 5735 4596 5790 solus
4623 5732 4813 5795 edere,
4854 5725 4946 5796 qui
4989 5724 5056 5779 ab
5095 5737 5152 5778 ea
5197 5735 5279 5775 sc.

3704 5850 3899 5905 mente,
3922 5845 3976 5895 et
3997 5833 4191 5906 spiritu
4215 5841 4475 5900 nusquam
4498 5823 4738 5882 decernit
4762 5820 4950 5876 abesse
4973 5835 4986 5874 :
5020 5810 5174 5887 ’35
5195 5826 5284 5905 ἴσθι
