5392 6574
226 5987 318 6558 l
336 6531 370 6554 ﬁ

490 759 550 798 se
598 759 628 799 a
669 759 771 799 suo
815 755 1040 814 corpore
1077 743 1308 798 divisum
1355 752 1565 799 asserat
1598 745 1896 814 prolatione
1934 755 2054 798 ver-

493 834 728 900 borum;
781 835 878 889 sed
930 849 1052 888 cum
1083 833 1285 889 Christi
1349 834 1588 890 Ecclesia
1651 846 1734 888 est
1792 837 2060 890 veraciter

492 939 692 990 unttm,
739 925 1069 980 conlidenter
1115 926 1330 996 expleat
1379 942 1494 980 sua:
1537 926 1904 983 universitatis
1950 926 2060 981 otii-

493 1014 667 1078 cium,
728 1013 1001 1085 magisque
1053 1014 1106 1069 in
1167 1016 1252 1069 his
1308 1012 1674 1071 Ecclesiastici
1733 1021 2057 1073 sacramenti

489 1117 709 1157 scrvare
734 1103 987 1161 virtutem
1037 1105 1284 1171 studeat,
1321 1115 1483 1175 Quam
1514 1111 1924 1179 congruentiam
1965 1113 2061 1166 do-

489 1195 730 1248 mestica:
757 1193 1206 1255 confabulatiouis
1229 1196 1488 1252 attendat.

1053 1305 1282 1365 CAPUT
1322 1308 1481 1363 XVII.

487 1393 647 1460 Quod
683 1396 934 1471 quidquid
971 1412 1098 1471 pene
1144 1399 1198 1450 in
1233 1400 1439 1471 divinis
1490 1400 1668 1470 Oﬁciis
1715 1402 1910 1471 agitur,
1965 1403 2058 1456 sub

865 1465 1049 1535 ﬁguris
1086 1470 1317 1536 tnysticis
1355 1465 1682 1540 disponatur.

559 1551 714 1606 Sicut
741 1554 886 1607 enim
919 1556 1170 1624 superius
1198 1559 1402 1612 dictum
1435 1569 1550 1621 est,
1590 1561 1844 1614 nonnulla
1883 1563 1935 1615 in
1967 1578 2058 1617 ec-

483 1641 809 1698 clesiasticis
835 1644 1306 1701 observationibus
1338 1644 1508 1712 ﬁunt,
1540 1663 1659 1717 quin
1689 1649 1742 1703 in
1774 1653 2060 1720 superﬁcie

482 1732 698 1802 quidem
729 1734 923 1790 frivola
955 1735 1204 1790 videntur
1229 1746 1284 1792 et
1317 1737 1452 1793 levia
1479 1756 1493 1804 ;
1556 1741 1902 1796 considerata
1931 1757 2061 1798 vero

486 1825 740 1879 subtilius
771 1842 979 1895 magnae
1007 1828 1226 1884 virtutis
1256 1831 1607 1899 reperiuntur
1637 1834 1904 1899 gravitate
1935 1835 2062 1888 sub-

483 1913 630 1967 nisa.
658 1913 725 1969 Ut
751 1915 896 1970 enim
919 1931 1084 1984 pauca
1116 1919 1540 1986 perstringamus
1567 1937 1596 1975 e
1624 1922 1871 1991 plurimis
1891 1964 1903 1987 ,
1937 1925 2060 1993 quis

1121 533 1359 590 OPUSC.
1402 535 1491 590 Xl.
1539 566 1604 576 —-
1651 537 1850 594 LIBER
1891 539 2009 605 QUI
2047 539 2323 595 DlClTUR
2366 539 2672 596 DOMINUS
2718 538 3079 596 VOBISCUM.

2102 126 2155 129 γέ
2198 122 2275 127 ‘,H_
2312 118 2361 127 ι-
2404 112 2409 115 ⁷
2447 121 2550 132 η..-
2581 125 2598 128 ..
2661 119 2686 130 ρ
2715 121 2762 128 ..η
2879 121 2886 126 .

2160 138 2193 141 νυ
2228 134 2257 143 ἰ
2390 138 2399 141 -
2427 135 2830 150 -υ--ι-κφμ-η-ι-
2857 139 2870 144 -
2909 135 3016 142 ⁸⁷η·
3117 133 3122 138 ‘
3283 150 3286 152 ν

236 164 281 171 ”
1990 158 2081 175 ’μ
2241 159 2347 187 *’“’
2390 159 2687 183 ‘-"‘-'.
2905 159 2966 185 ’“’
3181 175 3202 184 γ
3339 185 3342 190 .

489 201 496 206 ἁ
2522 196 2533 199 ,
2586 196 2635 205 _..,
2730 192 2761 199 ›‹
2810 192 2865 199 σίν
2970 191 3026 200 .~.
3142 190 3221 205 7_rA

2732 194 2807 205 ω
3010 208 3045 211 ν,
3269 213 3286 218 __
3407 206 3430 208 —
3493 206 3498 208 -
3561 206 3618 216 -ορ

3645 538 3816 595 246·

493 648 644 718 cujus
711 664 770 706 se
827 650 1109 723 proﬁtetur
1175 649 1482 718 specialiter
1545 652 1883 718 membrtun,
1948 669 2050 706 non
2082 652 2307 722 Alepor
2352 655 2674 724 eloquentiae
2722 655 2990 724 suppetit,
3022 653 3147 708 dum
3177 660 3424 724 patentes
3459 651 3754 722 Scriptura:

2161 757 2381 813 campos
2433 743 2667 798 edi-aenis
2719 742 2902 812 lingua
2937 743 3236 810 percurrit,
3287 741 3533 812 populari
3579 742 3753 796 favori

2161 848 2260 887 cor
2314 834 2553 888 deditum
2611 834 2836 904 spiritus
2897 834 3150 890 elationis
3211 835 3460 889 invadit:
3511 843 3568 888 et
3621 833 3749 888 dum

2161 921 2295 976 alios
2338 937 2435 990 per
2484 923 2619 978 recti
2671 923 2882 978 itineris
2927 926 3199 978 tramitem
3247 925 3454 992 dirigit,
3507 924 3621 992 ipse
3671 923 3756 977 di-

2161 1011 2485 1066 verticulum
2535 1025 2780 1067 erroneus
2827 1010 3164 1067 confusionis
3217 1013 3466 1066 incurrit.
3501 1011 3635 1066 Hinc
3669 1021 3755 1065 est

2162 1107 2360 1170 etiam,
2399 1107 2542 1179 quod
2587 1122 2786 1162 mensae
2833 1106 3126 1163 lectoribus
3172 1121 3237 1160 ex
3291 1120 3441 1160 more
3487 1105 3689 1159 dicitur
3739 1123 3750 1156 :

2162 1198 2382 1267 Auferat
2409 1215 2440 1250 ιι
2476 1208 2524 1252 te
2569 1199 2708 1253 Deus
2737 1199 2982 1268 spiritum
3019 1197 3282 1252 elationis.
3314 1195 3385 1252 Ut
3409 1211 3539 1266 ergo
3571 1195 3751 1250 inuni-

2160 1288 2310 1342 nenti
2343 1287 2568 1341 forsitan
2595 1289 2924 1357 arrogantiae
2943 1286 3057 1354 jam
3089 1288 3142 1342 in
3177 1288 3291 1355 ipso
3315 1285 3566 1341 lectionis
3592 1301 3746 1340 exor-

2163 1379 2252 1431 dio
2285 1378 2562 1433 humilitas
2610 1388 2933 1449 apponatur,
2982 1390 3129 1434 recte
3175 1367 3334 1432 tanta
3400 1376 3752 1446 subjectiouis

2163 1479 2280 1521 arte
2310 1468 2617 1524 benedictio
2642 1471 2863 1539 petitur,
2889 1478 2945 1522 ut
2970 1469 3177 1525 lecturo
3198 1485 3304 1524 non
3334 1468 3623 1526 Sacerdos.
3658 1477 3752 1525 sed

2163 1560 2247 1614 cui
2279 1560 2391 1632 ipse
2414 1560 2667 1626 jusserit,
2703 1561 3005 1616 benedicat.

2244 1649 2610 1706 Sacerdotalis
2640 1661 2822 1706 autem
2852 1651 3106 1706 salutatio
3133 1651 3338 1706 idcirco
3374 1649 3434 1705 ﬁt
3475 1651 3526 1704 in
3558 1651 3752 1707 Eccle-

2163 1739 2278 1805 sia,
2312 1750 2372 1793 ut
2417 1755 2476 1795 :se
2515 1740 2773 1795 sacerdos
2823 1755 3011 1811 pacem
3062 1740 3261 1795 habere
3290 1756 3413 1795 cum
3458 1749 3569 1794 tota
3597 1740 3754 1810 plebe

2165 1827 2400 1882 ﬁdelium
2432 1829 2644 1883 doceat.
2695 1828 2944 1900 Praacipit
2978 1829 3122 1884 enim
3167 1829 3218 1882 in
3248 1828 3538 1898 Evangelia
3569 1829 3722 1883 Domi

2166 1936 2301 1982 nus,
2333 1920 2518 1975 dicens
2547 1939 2558 1974 :
2589 1939 2608 1972 ι
2641 1919 2774 1975 Cum
2808 1921 3025 1976 stabilis
3053 1920 3121 1975 ad
3146 1920 3409 1976 orantium
3433 1962 3447 1983 ,
3479 1921 3751 1983 dimittite,

480 2022 603 2060 cum
633 2008 985 2063 sacerdotalia
1018 2012 1284 2080 conspicit
1316 2013 1631 2068 indumenta
1651 2054 1666 2077 ,
1702 2017 2059 2073 admiratione
2091 1996 2137 2058 Β
2168 2011 2211 2064 si
2247 2011 2378 2082 quid
2406 2010 2618 2065 habetis
2647 2012 2909 2066 adversus
2932 2011 3189 2080 aliquem,
3216 2020 3346 2065 utet
3372 2009 3533 2064 Pater
3553 2020 3750 2076 vester,

483 2095 704 2164 dignum
732 2096 914 2152 inesse
942 2099 1048 2153 illis
1076 2100 1277 2170 aliquid
1310 2103 1531 2167 credat,
1567 2105 1670 2159 nisi
1714 2107 1840 2175 quid
1886 2108 1939 2161 in
1981 2111 2060 2163 eis

482 2186 784 2255 figuraliter
812 2189 1092 2252 innuatur,
1125 2191 1431 2265 intelligat?
1459 2195 1527 2248 At
1551 2197 1594 2251 si
1629 2198 1924 2268 spiritualis
1952 2200 2061 2253 cla-

484 2288 664 2330 rescat
704 2277 958 2341 intuitus,
1001 2280 1385 2338 animadvertit
1421 2300 1521 2339 cur
1555 2288 1796 2342 sandalia
1836 2289 2064 2346 clerico-

478 2383 599 2422 rum
629 2369 795 2438 pedes
824 2373 1041 2442 quidem
1081 2390 1109 2428 a
1153 2384 1296 2430 terra
1338 2377 1611 2446 dividunt,
1646 2382 1842 2450 pedum
1880 2395 2060 2439 autem

475 2457 757 2524 superiora
801 2473 866 2514 ex
915 2471 1072 2531 parte
1121 2471 1338 2533 tegunt,
1387 2481 1454 2521 ex
1501 2482 1652 2536 parte
1704 2487 1809 2526 non
1852 2482 2058 2544 tegunt.

480 2546 804 2606 Considerat
851 2553 1050 2619 etiam,
1101 2571 1200 2610 cur
1237 2558 1452 2625 poderis
1481 2576 1652 2632 usque
1688 2565 1755 2618 ad
1796 2565 1931 2620 talos
1969 2567 2059 2620 de-

474 2639 642 2705 fluat,
681 2656 779 2696 cur
816 2647 1259 2713 superhumerale
1297 2665 1364 2704 ex
1413 2652 1508 2707 lini
1557 2657 1789 2710 materia
1839 2672 2055 2729 semper

485 2730 623 2798 ﬁat;
660 2735 945 2804 perpendit
982 2737 1181 2802 etiam,
1221 2740 1661 2813 quidcingulum
1687 2785 1703 2810 ,
1743 2747 1873 2816 quid
1912 2749 2056 2805 desi-

480 2832 613 2894 gnat
653 2825 936 2892 orarium;
976 2839 1248 2884 scrutatur
1284 2846 1498 2902 quoqtte
1537 2834 1920 2903 nihilominus,
1957 2856 2058 2896 cur

478 2915 537 2969 in
574 2916 790 2970 modum
819 2919 1000 2973 crucis
1030 2920 1100 2974 sit
1136 2921 1398 2988 quadrata
1433 2925 1720 2981 dalmatica
1748 2945 1764 2994 ;
1805 2945 1900 2984 cur
1931 2933 2056 2987 reli-

473 3006 603 3077 quis
643 3007 966 3063 indumentis
1003 3011 1072 3065 sit
1100 3017 1513 3082 superponenda
1541 3019 1744 3085 casula,
1762 3036 1862 3076 cur
1888 3024 2054 3078 etiam

477 3100 792 3171 manipulus
827 3101 880 3156 in
919 3103 1136 3159 sinistra
1177 3117 1332 3176 parte
1368 3117 1625 3179 gestetur,
1657 3127 1767 3182 quo
1795 3114 2053 3172 nimirum

473 3197 838 3268 spiritualium
891 3200 1105 3269 potius,
1159 3217 1322 3272 quam
1377 3204 1680 3261 carnalium
1731 3207 2048 3276 oculorum,

474 3287 562 3342 vel
594 3286 806 3341 narium
835 3288 1027 3357 pituita
1057 3289 1373 3360 detergitur.

544 3376 661 3433 Nec
707 3375 836 3433 illud
885 3380 1050 3434 etiam
1099 3381 1217 3435 sine
1265 3396 1427 3438 causa
1481 3383 1727 3443 decernit
1762 3385 1914 3455 ﬁeri,
1954 3404 2055 3446 cur

474 3467 771 3530 diaconus,
824 3468 917 3536 qui
971 3468 1260 3525 dalmatica
1314 3487 1420 3527 non
1459 3482 1543 3528 est
1577 3475 1825 3541 indutus,
1868 3479 2052 3535 casula

473 3557 899 3614 circumcinctus
934 3559 1120 3629 legat;
1160 3575 1260 3615 cur
1297 3563 1463 3617 etiam
1505 3564 1622 3634 ipsa
1662 3565 1955 3625 dalmatica
1995 3570 2051 3626 in

475 3647 702 3704 sinistra
731 3649 816 3704 sui
842 3658 995 3719 parte
1023 3651 1266 3707 ﬁmbrias
1295 3653 1511 3710 habeat.
1541 3655 1712 3713 Porro
1740 3670 1922 3715 autem
1951 3676 2054 3718 nec

473 3739 565 3795 illa
607 3740 946 3796 consuetudo
983 3741 1219 3798 inaniter
1258 3746 1458 3810 tenuit,
1486 3747 1630 3815 quod
1659 3749 1887 3818 pallium
1919 3769 2055 3823 pon-

477 3828 773 3884 tiﬁcalibus
795 3828 1124 3886 indumentis
1149 3833 1458 3900 apponitur,
1483 3844 1542 3890 ut
1564 3835 1764 3893 lamina
1793 3841 1846 3894 in
1873 3838 2054 3898 fronte

472 3918 756 3978 Pontiﬁcis
783 3923 850 3977 ad
879 3924 1132 3978 decorem
1181 3937 1237 3980 et
1296 3927 1523 3995 gloriam
1555 3930 1855 4001 antiquitus
1887 3948 2054 4002 pone-

475 4010 680 4068 batur:
723 4015 775 4068 in
815 4029 920 4084 qua
961 4016 1216 4071 nimirum
1253 4017 1450 4073 lamina
1488 4035 1685 4077 nomen
1725 4022 1934 4077 Domini
1973 4034 2054 4080 te-

475 4107 904 4171 tragrammaton
945 4103 1205 4174 scriptum
1245 4117 1365 4161 erat
1400 4105 1597 4179 (Exod.
1639 4110 1871 4181 xxvut),
1909 4113 2054 4181 quod

471 4200 724 4246 sanctum
765 4190 977 4246 Domini
1019 4195 1338 4259 vocabatur,
1374 4198 1561 4267 paucis
1598 4199 1816 4268 quidem
1859 4201 2054 4258 litteris

469 4292 761 4348 constans,
806 4283 901 4338 sed
944 4286 1124 4356 magni
1167 4286 1471 4344 intellectus
1510 4291 1767 4348 virtutem
1820 4293 2052 4350 interius

471 4370 782 4426 continens.
816 4370 922 4427 Sed
955 4375 1082 4443 quid
1112 4390 1213 4431 nos
1243 4377 1454 4432 inﬁnita
1486 4381 1889 4449 persequimur,
1921 4382 2051 4438 dum

468 4460 735 4530 quidquid
772 4462 870 4517 sub
913 4462 1088 4519 Veteri
1149 4465 1233 4522 vel
1270 4469 1370 4524 sub
1418 4468 1567 4524 Novo
1605 4469 1954 4530 Testamento
1996 4475 2048 4529 in

469 4551 672 4605 divinis
711 4553 889 4621 agitur
918 4552 1144 4622 oﬂieiis,
1187 4565 1357 4612 totum
1397 4573 1533 4627 pene
1570 4575 1666 4628 per
1705 4561 1906 4633 ﬁguras
1936 4579 2054 4635 my-

468 4643 643 4698 sticas
685 4652 744 4698 et
768 4643 1055 4716 enigmata
1109 4646 1226 4702 fieri
1261 4650 1557 4706 videatur?
1587 4651 1726 4718 Quid
1757 4654 1903 4708 enim
1940 4662 2051 4709 tota

470 4733 562 4788 illa
617 4734 954 4791 tabernaculi
993 4740 1346 4809 compositio,
1387 4743 1517 4812 quid
1556 4759 1816 4800 numerus
1856 4747 2050 4802 levita-

468 4838 627 4891 rum,
670 4825 800 4894 quid
831 4830 1168 4885 caeremoniae
1217 4834 1595 4897 sacerdotum,
1637 4837 1766 4904 quid
1817 4838 2050 4908 denique

465 4916 552 4970 vel
585 4917 832 4972 moderni
864 4929 1063 4976 sanctte
1090 4920 1343 4978 Ecclesiae
1379 4927 1513 4981 ritus
1545 4927 1775 4998 exigunt
1803 4969 1816 4992 ,
1852 4930 1957 4984 nisi
1989 4941 2049 4986 ut

467 5005 648 5062 virtus
699 5008 752 5062 in
799 5009 881 5064 eis
929 5011 1227 5080 spiritualis
1275 5014 1644 5086 intelligentiae.
1694 5021 2047 5090 requiratur?

464 5099 678 5168 Atque,
711 5108 768 5154 ut
795 5101 864 5156 ita
892 5101 1101 5172 loquar,
1133 5107 1447 5176 mysterium
1479 5110 1605 5162 latet
1633 5109 1688 5164 in
1715 5112 2039 5177 ministerio,

464 5190 590 5246 dum
631 5192 922 5248 exterioris
948 5193 1124 5251 cultus
1153 5198 1415 5254 exercitio
1441 5214 1701 5257 arcanum
1736 5205 2040 5276 allegorica:

466 5284 693 5341 lbeoriee
719 5287 1198 5354 comprehenditur
1228 5302 1654 5349 sacramentum.

1034 5379 1259 5439 CAPUT
1295 5382 1476 5441 XVlll.

754 5469 967 5525 Peractt'
1004 5475 1239 5541 opusculi
1275 5477 1441 5532 brevis
1479 5477 1757 5552 Epilogus.

535 5559 742 5615 Verum
776 5560 892 5625 his,
929 5577 1049 5632 quae
1077 5563 1146 5617 ab
1181 5567 1408 5621 eruditis
1445 5569 1847 5638 espositoribus
1884 5586 2048 5641 expc-

464 5649 577 5706 dita
609 5649 938 5722 probantur,
965 5654 1211 5719 omissis,
1243 5657 1296 5711 id
1323 5660 1463 5726 quod
1495 5662 1832 5717 tractandum
1866 5678 2046 5719 susce-

462 5739 675 5811 pimus,
713 5751 773 5796 ut
805 5743 1138 5799 enucleatius
1174 5746 1532 5816 inclarescat,
1578 5753 1758 5807 adhuc
1795 5753 2041 5808 breviter

464 5835 818 5905 replicatuus.
877 5835 1197 5893 Lectoribns
1262 5855 1496 5912 namque
1553 5843 1716 5916 236
1770 5847 2044 5902 nonnullis

457 5925 659 5985 vitium
702 5926 1029 5998 arrogantia:
1067 5927 1338 5989 familiare
1380 5941 1495 6005 est,
1543 5938 1844 6006 praesertim
1877 5940 1921 5997 si
1957 5941 2042 5997 cui

2168 2103 2261 2172 qui
2316 2102 2368 2156 in
2425 2102 2578 2157 caelis
2613 2112 2725 2166 est,
2783 2102 3022 2158 dimittat
3079 2102 3227 2158 vobis
3283 2111 3505 2173 peccata
3572 2112 3754 2158 vestra

2168 2193 2362 2264 (Marc.
2401 2195 2500 2263 si).
2539 2213 2556 2243 ι
2586 2193 2651 2247 Ει
2681 2194 2874 2248 iterum
2909 2211 2921 2245 :
2955 2213 2972 2244 ‹
3011 2193 3066 2247 Si
3103 2191 3290 2257 offers,
3316 2195 3520 2263 inquit,
3558 2210 3755 2250 munus

2167 2294 2315 2339 tuum
2355 2284 2422 2337 ad
2455 2284 2657 2346 altare,
2689 2293 2742 2337 et
2770 2283 2841 2337 ibi
2874 2284 3190 2338 recordatus
3218 2282 3406 2348 fueris,
3438 2285 3562 2353 quia
3589 2283 3758 2338 frater

2166 2386 2287 2430 tuus
2317 2374 2478 2429 habet
2505 2372 2707 2441 aliquid
2734 2371 3024 2428 adversum
3061 2381 3112 2426 te
3135 2412 3150 2436 ,
3180 2373 3424 2442 relinque
3453 2373 3525 2426 ibi
3558 2388 3756 2428 animus

2163 2474 2312 2519 tuum
2341 2473 2466 2518 ante
2497 2464 2706 2527 altare,
2740 2471 2795 2516 et
2837 2463 2974 2518 vade
3018 2464 3171 2533 prius
3207 2463 3548 2518 reconciliari
3600 2464 3757 2521 fratri

2165 2563 2278 2619 tuo,
2300 2566 2354 2608 et
2381 2566 2506 2608 tunc
2527 2554 2752 2608 veniens
2772 2552 2970 2608 oliercs
2995 2569 3192 2608 muntts
3217 2564 3372 2608 tuum
3391 2553 3606 2621 (Matth.
3633 2557 3707 2624 v).
3734 2575 3753 2607 ι

2163 2649 2430 2704 Sacerdos
2462 2663 2593 2719 ergo
2615 2688 2629 2713 ,
2660 2657 2719 2702 ut
2753 2647 2858 2702 hoc
2899 2645 3218 2702 Dominicm‘.
3284 2656 3610 2718 praeceptum
3650 2663 3758 2703 non

2159 2740 2332 2794 solum
2360 2739 2523 2794 corde
2551 2737 2845 2802 custodiat,
2877 2737 2973 2792 sed
2999 2737 3164 2791 etiam
3191 2753 3290 2807 per
3309 2738 3603 2792 exterioris
3631 2752 3754 2807 spe-

2158 2833 2294 2888 ciem
2325 2832 2463 2886 ritus
2488 2831 2778 2895 ostendat,
2813 2837 3109 2899 antequam
3160 2830 3269 2884 Deo
3311 2829 3598 2884 fundendae
3627 2845 3756 2884 ora-

2160 2923 2323 2978 tionis
2371 2924 2567 2978 ollerat
2613 2920 2977 2985 sacriﬁcium,
3013 2936 3110 2991 per
3159 2931 3359 2977 mutua:
3410 2922 3757 2978 salutationis

2158 3015 2417 3069 indicium
2441 3013 2683 3069 ostendit
2702 3029 2760 3069 se
2783 3013 2836 3068 in
2864 3012 3104 3067 fraterna
3129 3014 3399 3069 cbaritate
3420 3013 3757 3069 unanimiter

2157 3104 2497 3162 foederatum.
2523 3105 2869 3176 Quapropter
2893 3107 3006 3160 sive
3026 3114 3225 3174 praesto
3252 3106 3385 3170 sint,
3413 3106 3528 3159 sive
3552 3103 3754 3169 desint,

2157 3197 2271 3266 ipse
2321 3197 2695 3266 spiritualibns
2740 3197 2916 3252 oculis
2965 3205 3265 3265 praesentes
3325 3195 3602 3259 attendat,
3656 3210 3756 3265 pro

2156 3288 2352 3356 quibus
2378 3302 2472 3341 ora
2484 3304 2542 3343 re
2571 3288 2842 3358 disponit;
2879 3302 2979 3343 nec
3009 3288 3202 3343 abesse
3221 3286 3322 3341 sibi
3349 3300 3447 3358 per
3472 3286 3756 3356 spirituale

2157 3378 2572 3432 contubernium
2610 3378 2820 3441 credit,
2847 3392 2986 3448 quos
3016 3379 3069 3431 in
3101 3378 3350 3432 oratione
3381 3391 3567 3432 secum
3601 3379 3751 3446 pari-

2158 3477 2240 3522 ter
2281 3469 2714 3537 comprehendit.
2744 3467 2979 3524 Obtutus
3008 3469 3192 3535 itaque
3234 3465 3361 3522 ﬁdei
3410 3466 3757 3523 salutationis

2156 3559 2271 3628 eius
2298 3560 2464 3615 verba
2499 3560 2760 3626 intendit,
2786 3570 2842 3616 et
2870 3560 3069 3629 accipit
3100 3562 3243 3630 quod
3274 3560 3467 3614 adesse
3502 3561 3754 3616 cominus

2155 3666 2254 3720 per
2286 3649 2624 3720 spiritualem
2681 3650 3027 3719 praesentiam
3070 3651 3269 3705 cernit.
3319 3648 3579 3719 Quisquis
3620 3665 3754 3719 ergo

2153 3743 2325 3797 frater
2355 3742 2409 3797 in
2447 3741 2638 3796 cellula
2673 3740 3038 3824 rsingulariter
3057 3741 3291 3810 habitat,
3311 3743 3622 3797 communia
3650 3742 3756 3798 Ec-

2155 3829 2333 3885 clesia:
2358 3831 2521 3885 verba
2562 3825 2809 3899 proferre
2840 3845 2948 3884 non
2979 3830 3198 3894 timeat,
3233 3845 3396 3900 quem
3428 3830 3680 3886 videlicet
3717 3848 3749 3886 a

2153 3932 2423 3992 conventu
2457 3919 2692 3975 ﬁdelium
2711 3960 2726 3985 ,
2751 3928 2807 3974 et
2832 3921 2876 3975 si
2907 3919 3081 3976 locale
3106 3920 3344 3990 spatium
3367 3918 3589 3984 dividit,
3619 3934 3746 3975 cum

2153 4013 2408 4068 omnibus
2445 4021 2627 4068 tamen
2673 4014 2856 4070 unitas
2883 4014 3007 4069 ﬁdei
3041 4014 3093 4067 in
3131 4012 3398 4069 cbaritate
3424 4013 3704 4084 conjungit
3733 4031 3747 4066 :

2153 4107 2244 4175 qui
2279 4105 2404 4161 licet
2434 4105 2616 4161 absint
2663 4120 2761 4175 per
2807 4105 2976 4159 moles
3027 4119 3320 4174 corporum
3341 4145 3355 4170 ,
3391 4113 3590 4175 praesto
3621 4111 3752 4158 sunt

2153 4207 2334 4253 tamen
2361 4211 2458 4267 per
2484 4197 2708 4252 unitatis
2735 4195 3121 4252 ecclesiastica:
3153 4207 3578 4252 sacramentum.

2741 4285 2971 4343 CAPUT
3009 4285 3150 4342 XlX.

2611 4377 2755 4433 Laus
2797 4376 3097 4432 Eremiticte
3145 4377 3283 4432 vita.

2225 4470 2331 4525 Sed
2367 4470 2512 4525 inter
2557 4469 2672 4524 haec
2720 4468 2851 4524 libet
2896 4469 2961 4523 de
3010 4467 3303 4538 singularis
3351 4467 3473 4522 vitae
3536 4466 3749 4522 meritis

2153 4575 2324 4628 pauca
2359 4561 2746 4630 perstringere,
2768 4567 2823 4613 et
2845 4559 2976 4630 quid
2997 4559 3065 4613 de
3090 4559 3328 4630 praefatte
3357 4559 3483 4614 vitae
3508 4559 3748 4615 culmine

2157 4651 2421 4716 sentiam,
2465 4649 2736 4706 laudando
2762 4651 2972 4720 potius,
3019 4665 3181 4720 quam
3213 4648 3572 4719 disputando,
3619 4649 3747 4702 hrc-

2157 4747 2296 4799 viter
2328 4745 2602 4798 intimare.
2629 4742 2888 4810 .Solitaria
2921 4757 3054 4797 sane
3080 4743 3190 4797 vita
3216 4741 3454 4796 caelestis
3482 4741 3747 4795 doctrinae

2154 4835 2337 4891 schola
2383 4844 2499 4902 est,
2547 4850 2615 4891 ac
2661 4835 2967 4890 divinarum
3027 4835 3226 4888 artium
3276 4833 3583 4904 disciplina.
3633 4831 3748 4887 Illic

2150 4930 2293 4984 enim
2327 4930 2467 4984 Deus
2496 4937 2580 4984 est
2611 4936 2782 4984 totum
2805 4968 2820 4995 ,
2846 4927 2991 4997 quod
3022 4923 3281 4992 discitur;
3319 4927 3439 4990 via,
3470 4940 3577 4994 qua
3623 4935 3744 4979 ten-

2150 5021 2313 5084 ditur,
2349 5035 2447 5088 per
2472 5035 2634 5088 quam
2684 5019 2750 5072 ad
2795 5033 3022 5073 summae
3067 5017 3314 5074 veritatis
3344 5016 3591 5070 notitiam
3619 5030 3746 5085 per-

2148 5111 2381 5164 venitur.
2416 5109 2648 5164 Eremus
2684 5123 2920 5179 namque
2949 5116 3032 5163 est
3075 5107 3360 5177 paradisus
3389 5104 3705 5160 deliciarum
3726 5145 3743 5169 ,

2147 5201 2234 5254 ubi
2269 5211 2522 5268 tanquam
2557 5199 2915 5254 redolentium
2956 5199 3165 5268 species
3192 5198 3626 5267 pigmentorum,
3658 5193 3744 5249 vel

2151 5291 2433 5357 rutilantes
2475 5289 2636 5346 ﬂores
2670 5299 3006 5352 aromatum,
3048 5287 3128 5342 sic
3178 5285 3478 5357 fragrantia
3531 5286 3744 5354 spirant

2148 5385 2501 5437 odoratnenta
2529 5382 2815 5435 virtutum.
2844 5380 2921 5435 lbi
2969 5378 3235 5449 siquidem
3284 5394 3421 5432 rosm
3455 5378 3743 5433 charitatis

2152 5475 2308 5546 igneo
2335 5475 2534 5528 rubore
2564 5471 2968 5538 ﬁammescunt;
3003 5471 3075 5524 ibi
3111 5470 3222 5524 lilia
3267 5470 3538 5525 castitatis
3581 5469 3742 5524 niveo

2151 5567 2349 5620 decore
2375 5565 2754 5628 candescunt,»
2789 5577 2912 5618 cum
2958 5562 3157 5632 quibus
3205 5561 3367 5616 etiam
3417 5559 3742 5615 humilitatis

2150 5656 2326 5720 violat,
2353 5655 2480 5710 dum
2513 5657 2637 5709 imis
2679 5661 2948 5709 contentae
2985 5662 3144 5718 sunt,
3191 5651 3350 5705 nullis
3378 5649 3595 5703 ﬂatibus
3631 5649 3738 5702 im-

2150 5750 2457 5820 pelluntur;
2491 5749 2564 5805 ibi
2589 5749 2810 5820 myrrha
2837 5748 3090 5819 perfecta
3114 5745 3546 5803 mortiﬁcationis
3569 5759 3736 5798 essu-

2148 5845 2275 5906 dat,
2299 5852 2352 5898 et
2379 5845 2503 5898 thus
2531 5844 2762 5898 assiduae
2793 5844 3060 5898 orationis
3090 5842 3465 5898 indeﬁcienter
3495 5849 3735 5894 emanat.

2218 5934 2378 6007 237
2438 5934 2500 5993 Ει
2564 5949 2660 5990 cur
2719 5934 2927 6004 singula
2987 5951 3214 6008 quaeque
3280 5933 3738 5993 commemorem?

4525 6377 5168 6574 Δ
