5392 6564
234 0 4718 248 W

1895 522 2000 578 24³1

2356 524 2412 579 S.
2460 523 2659 578 PETRI
2697 521 2980 578 DAMIANI
3018 522 3168 579 OPP.
3207 516 3440 578 TOMUS
3479 516 3608 575 SEU
3651 516 3829 573 PARS
3862 518 3946 573 111.
3986 548 4057 559 -
4085 516 4443 576 OPUSCULA
4484 515 4710 573 VARIA.

5027 518 5134 574 248

1895 636 2343 709 Quandoquidem
2380 639 2558 692 omnia
2597 639 2702 692 illic
2732 646 3041 693 sanctarum
3065 639 3318 692 virtutum
3343 651 3467 705 ger-
3497 642 3544 697 Α
3573 637 3654 689 sui
3697 637 3888 689 invicta
3937 636 4271 704 protectione
4329 634 4640 704 tripudiant,
4689 640 4741 686 et
4787 634 4851 688 de
4898 632 5132 688 hostium

1897 726 2042 780 mina
2073 728 2298 783 diversis
2321 736 2544 783 venusta
2596 728 2864 783 coloribus
2895 728 3134 792 rutilant,
3179 737 3232 780 et
3270 740 3458 795 perpe-

1895 824 2001 870 tuae
2045 816 2330 872 viriditatis
2373 818 2545 886 gratia
2595 818 3082 887 incomparabiliter
3125 825 3368 871 vernant.
3415 816 3458 871 Ο

1892 922 2117 964 eremus
2166 917 2474 963 sanctarum
2526 911 2784 964 mentium
2830 909 3133 973 delectatio,
3183 919 3238 962 et
3286 909 3456 964 intimi

1891 1004 2086 1064 gustus
2126 996 2444 1051 inexhausta
2473 997 2734 1052 dulcedo!
2765 999 2843 1053 Tu
2883 998 3127 1054 caminus
3166 999 3256 1051 ille
3302 999 3460 1053 Chal--

1891 1086 2105 1152 daicns,
2138 1088 2227 1142 ubi
2267 1088 2437 1143 sancti
2464 1089 2612 1158 pueri
2641 1087 2865 1142 furentis
2902 1088 3133 1142 incendii
3168 1088 3312 1142 vires
3339 1105 3460 1142 ora-

1893 1179 2138 1233 tionibus
2190 1179 2511 1248 reprimunt,
2563 1190 2618 1233 et
2663 1179 2851 1234 ardore
2899 1178 3021 1232 fidei
3079 1179 3457 1248 crepitantium

1891 1274 2088 1320 contra
2121 1280 2180 1321 se
2214 1264 2549 1321 flammarum
2579 1266 2762 1337 globos
2792 1266 3169 1334 exstinguunt;
3203 1265 3455 1319 11111εο111-

1890 1359 1975 1404 cet
2014 1362 2067 1407 et
2093 1366 2265 1408 nexus
2289 1365 2539 1417 uruntur,
2572 1364 2628 1408 et
2652 1354 2902 1408 ardorem
2941 1353 3181 1408 membra
3210 1368 3312 1405 non
3340 1368 3461 1405 sen-

1894 1441 2073 1504 tiunt;
2124 1442 2247 1509 quia
2291 1450 2345 1494 et
2387 1448 2607 1508 peccata
2657 1440 2952 1502 solvuntur,
3001 1449 3058 1493 et
3109 1440 3160 1492 in
3203 1440 3456 1507 hymnum

1897 1532 2090 1595 divina:
2131 1532 2301 1587 laudis
2329 1532 2506 1588 anima
2530 1544 2878 1602 provocatur,
2915 1532 3136 1585 dicens:
3192 1547 3210 1579 1
3245 1528 3460 1598 Dirupi-

1894 1627 1987 1690 sti,
2016 1616 2254 1690 Domine',
2283 1625 2496 1679 vincula
2521 1640 2639 1679 mea
2669 1643 2681 1677 :
2729 1625 2823 1679 tibi
2871 1612 3186 1678 sacrificabo
3227 1624 3460 1676 hostiam

1898 1714 2073 1769 laudis
2100 1713 2259 1782 (Dan.
2285 1730 2376 1777 ut;
2403 1711 2708 1783 Psal.cxv).
2734 1733 2753 1766 ι
2782 1713 2860 1767 Tu
2885 1713 3100 1777 fornax,
3122 1713 3210 1767 ubi
3244 1712 3460 1781 superni

1895 1805 2061 1878 Regis
2096 1821 2222 1862 vasa
2276 1806 2598 1869 formantur,
2645 1813 2700 1858 et
2753 1806 2816 1859 ad
2861 1815 3178 1875 perpetuum
3233 1807 3459 1858 nitorem

1896 1897 2088 1951 malleo
2114 1897 2442 1966 poenitentiae
2470 1911 2747 1965 percussa,
2779 1912 2843 1951 ac
2872 1897 3000 1951 lima
3025 1896 3315 1950 salutiferae
3342 1911 3461 1950 cor-

3565 741 3780 780 suorum
3826 724 4122 791 dejectione
4174 723 4285 792 jam
4335 725 4469 778 certi
4531 723 4879 789 triumphant.
4927 723 5132 788 Quibus

3566 817 3814 871 nimirum
3869 816 4064 870 dicitur
4094 835 4106 870 :
4147 835 4165 867 1
4201 816 4456 870 Dominus
4481 813 4732 883 pugnabit
4760 827 4857 880 pro
4883 813 5054 876 vobis,
5081 822 5137 867 et

3563 920 3657 958 vos
3687 903 3927 958 tacebitis
3960 903 4155 972 (Exod.
4183 904 4312 971 xiv).
4354 922 4373 955 ι
4422 901 4510 956 Vel
4536 903 4577 956 si
4609 917 4746 956 unus
4772 910 4856 955 est
4883 919 4895 952 :
4937 918 4955 952 1
4994 901 5133 964 Νο11,

3563 995 3755 1062 inquit,
3790 993 3996 1057 timere,
4028 993 4207 1062 plures
4233 994 4397 1056 enim,
4441 992 4634 1061 inquit,
4665 992 4941 1045 nobiscum

3562 1093 3708 1147 sunt,
3735 1100 3892 1153 quam
3923 1100 4042 1139 cmn
4070 1085 4169 1136 illis
4196 1083 4243 1154 (Ι
4259 1082 4299 1133 V
4330 1082 4453 1152 Reg.
4482 1085 4576 1149 vt).
4614 1102 4632 1135 1
4676 1081 4719 1136 Ο
4753 1096 4965 1136 cremus
4995 1097 5137 1135 mors

3561 1174 3838 1238 vitiorum,
3879 1191 3939 1227 ac
3970 1173 4154 1241 procul
4196 1174 4356 1226 dubio
4401 1171 4591 1236 fomes,
4622 1181 4676 1226 et
4702 1172 4810 1226 vita
4838 1170 5131 1225 virtutum!

3564 1261 3641 1317 Te
3668 1263 3751 1315 lex
3799 1262 4013 1324 attollit,
4043 1270 4092 1316 te
4121 1240 4402 1331 pt'Oplietib
4435 1262 4662 1314 miratur
4690 1278 4702 1313 :
4747 1270 4801 1314 et
4833 1259 5138 1328 quicunque

3564 1353 3630 1406 ad
3656 1352 3994 1419 perfectionis
4031 1351 4301 1405 cumulum
4347 1359 4722 1419 pervenerunt,
4767 1358 4912 1402 tuum
4942 1360 5139 1403 novere

3563 1443 3905 1511 przeconiuni.
3937 1442 4103 1495 Porro
4136 1442 4230 1496 tibi
4258 1441 4465 1511 Moyses
4501 1442 4658 1494 debet
4696 1441 4777 1496 bis
4807 1449 5038 1509 accepta:
5063 1438 5145 1494 le-

3564 1533 3643 1602 gis
3672 1533 3988 1601 Decalogum
4040 1531 4235 1599 (Exod.
4286 1546 4427 1593 xxtv,
4460 1531 4584 1599 3‘);
4632 1544 4728 1599 per
4755 1538 4808 1585 te
4856 1530 5000 1585 Elias
5046 1544 5141 1585 co-

3563 1623 3747 1691 gnovit
3794 1622 4002 1675 Domini
4053 1622 4477 1689 pertranseuntis
4520 1635 4806 1675 excursum
4846 1619 4961 1689 (III
5007 1619 5134 1689 Reg.

3564 1729 3653 1766 xix
3687 1716 3738 1781 );
3784 1729 3878 1781 per
3911 1724 3960 1766 te
3990 1713 4196 1765 Eliseus
4227 1712 4495 1780 dugilicem
4545 1713 4781 1782 magistri
4812 1713 4892 1767 sui
4919 1712 5143 1768 sortitus

3563 1815 3641 1858 est
3675 1806 3921 1872 spiritum
3953 1805 3998 1872 (1
4021 1803 4055 1854 γ
4088 1804 4216 1873 Reg.
4267 1807 4349 1873 ιι).

3635 1894 3701 1947 Et
3746 1895 3870 1962 quid
3903 1894 4129 1961 amplius
4174 1895 4385 1948 dicam?
4427 1892 4861 1960 Quandoquidem
4893 1893 5140 1948 Salvator

1897 1984 2150 2039 rectiouis
2174 1998 2349 2048 erasa,
2395 1984 2714 2052 perveniunt
2746 2002 2758 2038 :
2801 1987 2854 2037 in
2888 2001 2991 2053 qua
3021 1986 3269 2038 nimirum
3302 1986 3465 2038 obso-
3492 1978 3538 2038 B
3571 1986 3751 2038 mundi
3778 1986 3829 2039 in
3865 1986 3978 2053 ipso
4004 1986 4385 2052 redemptionis
4417 1984 4661 2037 humana!
4689 1984 4985 2052 primordio
5006 1999 5144 2052 prte-

1894 2074 2014 2128 letae
2042 2076 2234 2127 animae
2278 2074 2468 2143 rubigo
2495 2076 2849 2141 consumitur,
2894 2087 2948 2130 et
2991 2078 3195 2130 scabra:
3225 2087 3468 2145 peceato-

1897 2178 2016 2215 rum
2067 2164 2257 2216 scoria:
2313 2161 2674 2230 deponuntur.
2738 2182 2756 2214 1
2818 2165 2952 2218 Vasa
3008 2167 3259 2231 siquidem
3323 2166 3467 2235 ﬁguli

1895 2249 2088 2317 probat
2118 2249 2328 2312 fornax,
2364 2257 2418 2302 et
2452 2250 2696 2305 homines
2714 2251 2890 2320 justos
2914 2253 3138 2308 tentatio
3171 2253 3468 2311 tribulatio-

1896 2337 1977 2391 nis
2004 2336 2193 2407 (Eccli.
2226 2340 2414 2406 xxvii).
2457 2358 2476 2389 ι

1967 2426 2010 2480 0
2038 2427 2173 2481 cella
2204 2430 2601 2497 negotiatorum
2632 2432 2932 2487 caelestium
2965 2436 3247 2504 apotheca,
3281 2437 3332 2487 in
3363 2449 3469 2503 qua

1896 2515 2148 2569 videlicet
2192 2516 2400 2569 illarum
2440 2520 2697 2572 mercium
2726 2536 2933 2574 summa
2984 2524 3314 2586 reconditur,
3356 2524 3474 2593 qui-

1899 2606 2000 2659 bus
2047 2617 2202 2660 lCl‘l'iC
2249 2609 2537 2662 viventium
2584 2613 2851 2676 possessio
2886 2615 3266 2680 comparatur!
3321 2614 3470 2668 Felix

1901 2698 2303 2761 commercium,
2338 2699 2425 2750 ubi
2454 2716 2553 2767 pro
2607 2701 2833 2754 terrenis
2879 2702 3139 2765 cmlestia,
3192 2704 3242 2755 in
3276 2704 3472 2756 transi-

1899 2786 2048 2839 toriis
2076 2797 2474 2843 commutantur
2503 2802 2723 2845 aeterna.
2773 2791 3000 2855 Felices,
3047 2795 3284 2860 inquam,
3329 2811 3470 2849 nun-

1901 2877 2060 2944 dinm,
2102 2880 2188 2932 ubi
2223 2880 2425 2936 venalis
2470 2893 2667 2935 azterna
2714 2883 2821 2936 vita
2849 2886 3182 2951 proponitur,
3215 2886 3279 2937 ad
3311 2901 3470 2953 quam

1902 2969 2182 3021 emendant
2211 2972 2371 3022 etiam
2403 2972 2682 3025 minimum
2713 2974 2838 3040 quid
2883 2973 3053 3026 solum
3088 2975 3297 3038 sullicit,
3333 2974 3474 3042 quod

1900 3057 2171 3111 habetur:
2217 3061 2306 3113 ubi
2362 3061 2540 3114 brevis
2596 3063 2809 3116 afﬂictio
2858 3067 3035 3119 carnis
3080 3069 3208 3118 emit
3258 3066 3475 3119 caeleste

1899 3147 2226 3213 convivium,
2264 3158 2318 3202 et
2348 3151 2551 3219 exigum
2598 3153 2847 3222 lacrymae
2881 3156 3041 3208 risum
3091 3157 3303 3224 pariunt
3335 3171 3472 3209 sent-

1901 3237 2200 3306 piternum;
2229 3244 2498 3308 possessio
2538 3254 2746 3296 terrena
2779 3246 3115 3308 distrahitur,
3148 3255 3198 3298 ct
3223 3245 3286 3296 ad
3317 3256 3476 3299 arter-

3570 2090 3757 2130 conem
3791 2090 3943 2128 suum
3980 2075 4051 2125 tui
4101 2074 4337 2125 accolam
4388 2073 4510 2127 fecit
4546 2091 4559 2127 :
4594 2083 4857 2142 quatenus
4900 2075 4998 2127 sub
5028 2074 5141 2142 ipsa

3565 2166 3676 2234 jatn
3719 2165 3896 2219 saeculi
3926 2166 4192 2219 venientis
4242 2182 4432 2218 aurora
4473 2181 4537 2219 cx
4581 2178 4631 2220 te
4676 2165 4859 2220 lucifer
4898 2167 5144 2220 veritatis

3569 2263 3922 2323 erumperet:
3971 2264 4091 2322 pest
4139 2269 4294 2320 quem
4343 2254 4527 2321 plenus
4568 2254 4643 2306 sol
4674 2254 4909 2317 veniens,
4958 2253 5144 2307 mundi

3571 2344 3852 2411 caliginem
3886 2342 4188 2411 splendoris
4217 2343 4295 2395 sui
4332 2342 4496 2396 radiis
4543 2343 4850 2396 illustraret.
4884 2343 4962 2395 'l'u
4998 2341 5144 2396 scala

3574 2433 3659 2485 illa
3688 2432 3856 2487 Jacob
3885 2431 4035 2499 (Gen.
4075 2433 4284 2500 xxviii),
4317 2448 4434 2499 quae
4465 2432 4708 2486 homines
4740 2432 4889 2486 vehis
4932 2433 4998 2484 ad
5026 2445 5142 2485 co:-

3571 2522 3703 2585 lum,
3733 2529 3787 2574 et
3814 2521 4032 2588 angelos
4078 2522 4141 2574 ad
4177 2523 4466 2575 humanum
4499 2523 4718 2590 deponis
4744 2523 5017 2576 auxilium.
5061 2521 5143 2577 Tu

3572 2612 3653 2664 via
3700 2625 3860 2663 aurea
3891 2651 3904 2674 ,
3960 2625 4077 2679 qua:
4130 2611 4375 2664 homines
4420 2612 4632 2664 reducis
4678 2612 4740 2664 ad
4783 2611 5029 2680 patriam.
5063 2611 5142 2664 Tu

3573 2701 3824 2762 stadium,
3859 2702 3998 2769 quod
4024 2700 4156 2752 bene
4183 2710 4461 2752 currentes
4487 2701 4734 2768 provchis
4763 2701 4826 2752 ad
4859 2714 5139 2754 coronam.

3571 2788 3614 2844 Ο
3645 2791 3750 2844 vita
3791 2791 4083 2848 eretnitica.
4133 2789 4378 2841 balneum
4421 2792 4739 2852 animarum,
4769 2806 4911 2845 mors
4959 2790 5144 2844 crimi-

3573 2897 3720 2944 num,
3752 2880 4118 2949 purgatorium
4147 2880 4503 2932 sordidormn.
4541 2879 4616 2930 Tu
4649 2879 4907 2931 mentium
4930 2887 5142 2933 secreta

3574 2969 3844 3036 purifieas,
3881 2968 4156 3036 squalores
4187 2968 4344 3020 diluis
4369 2968 4649 3030 scelerum,
4681 2976 4839 3036 atque
4875 2967 4938 3020 ad
4981 2982 5146 3037 ange-

3575 3060 3689 3113 licae
3729 3064 3954 3114 nitorem
3983 3059 4257 3112 munditia:
4283 3059 4561 3128 pervenire
4577 3060 4782 3112 :fnimas
4808 3058 4961 3112 facis.
4994 3058 5141 3112 Cella

3575 3166 3764 3218 nempe
3786 3160 3865 3203 est
3889 3150 4298 3203 conciliabulum
4332 3149 4422 3203 Dei
4447 3157 4498 3203 et
4529 3149 4824 3213 hominum,
4848 3149 5143 3216 compitum

3575 3239 3626 3291 111
3661 3255 3820 3293 carne
3848 3240 4173 3306 degentium,
4214 3248 4268 3291 et
4310 3253 4684 3307 supernorum.
4720 3237 4848 3291 Illuc
4875 3237 5145 3307 siquidem

1900 3341 1982 3381 nm
2032 3329 2364 3384 haereditatis
2418 3335 2800 3399 patrimonium
2856 3334 3182 3401 pervenitur.
3243 3334 3283 3387 Ο
3343 3335 3473 3388 cella
3502 3347 3545 3407 ρ
3578 3331 3790 3398 superni
3830 3331 3974 3384 cives
4004 3331 4070 3382 ad
4112 3329 4372 3398 colloquia
4408 3330 4636 3382 humana
4667 3327 5011 3392 εοιινεηίυιὶι,
5053 3326 5144 3382 ιιδὶ

1909 3416 2206 3484 spiritualis
2251 3421 2494 3473 exercitii
2538 3421 2797 3475 mirabilis
2825 3422 3055 3488 ofﬁcina,
3098 3424 3151 3476 in
3183 3439 3286 3490 qua
3325 3434 3472 3478 certe

1904 3507 2133 3561 humana
2163 3510 2339 3562 anima
2384 3511 2656 3567 Creatoris
2688 3514 2766 3565 sui
2819 3515 2868 3566 in
2901 3529 2956 3567 se
2996 3524 3259 3568 restaurat
3288 3516 3475 3584 imagi-

1907 3612 2050 3658 nem.
2074 3609 2129 3653 et
2156 3601 2221 3653 ad
2252 3616 2359 3654 sua:
2390 3602 2527 3655 redit
2557 3605 2777 3668 originis
2801 3605 3082 3671 puritatem
3108 3607 3119 3658 l
3156 3605 3254 3658 lilii
3285 3621 3472 3659 sensus

1911 3688 2177 3742 obtusiad
2205 3688 2549 3743 subtilitatem
2578 3692 2657 3744 sui
2710 3694 2971 3745 acuminis
3023 3696 3264 3758 redeunt,
3309 3706 3360 3747 et
3397 3696 3479 3749 vi-

1859 3796 1862 3799 λ
1909 3777 2055 3830 tiatze
2079 3787 2281 3831 natura:
2311 3793 2497 3849 azyma
2529 3782 2737 3834 sincere
2769 3793 3100 3849 reparantur.
3152 3784 3228 3835 Tu
3273 3786 3385 3848 das,
3417 3794 3477 3839 ut

1902 3867 2121 3934 jejuniis
2178 3870 2461 3924 videantur
2514 3886 2607 3925 ora
2662 3874 2927 3941 pallentia,
2987 3884 3038 3927 et
3096 3891 3244 3928 mens
3285 3876 3474 3928 divina:

1911 3959 2097 4027 gratia:
2145 3959 2212 4012 sit
2257 3960 2574 4028 pinguedine
2626 3963 2911 4032 saginata:
2965 3973 3016 4016 ttt
3056 3965 3169 4026 das,
3223 3972 3280 4017 ut
3317 3965 3474 4018 homo

1913 4049 2114 4102 mundo
2142 4050 2300 4104 corde
2349 4053 2514 4105 Deum
2565 4054 2876 4122 conspiciat,
2929 4055 3016 4123 qui
3067 4054 3474 4109 suisinvolutus

1909 4140 2172 4203 tenebris,
2218 4138 2448 4208 seipsum
2480 4142 2625 4209 prius
2674 4142 2972 4211 ignorabat.
3003 4143 3078 4196 Tu
3108 4144 3377 4197 hominem
3406 4145 3472 4197 ad

1556 4234 1566 4258 ι
1914 4240 2069 4278 suum
2111 4226 2241 4279 facis
2273 4227 2447 4281 redire
2475 4229 2816 4297 principium,
2849 4239 2903 4284 et
2927 4231 2992 4285 de
3029 4231 3172 4285 exilii
3212 4231 3475 4299 ejectione

1911 4311 1980 4365 ad
2002 4313 2232 4380 antiqua:
2261 4315 2531 4383 dignitatis
2575 4331 2794 4371 revocas
2837 4319 3227 4374 celsitudinem.
3278 4319 3355 4374 Tu
3404 4317 3479 4373 fa-

1912 4400 2011 4463 cis,
2040 4410 2098 4455 ut
2124 4399 2283 4457 homo
2310 4403 2362 4456 in
2390 4405 2583 4459 mentis
2628 4420 2751 4460 arce
2785 4408 3126 4471 constitutus,
3154 4415 3344 4461 cuncta
3376 4409 3475 4462 sub

1911 4503 1971 4544 se
2010 4490 2185 4544 videat
2232 4501 2442 4547 terrena
2485 4494 2739 4560 defluere,
2781 4498 3126 4565 semetipsum
3166 4511 3379 4567 quoque
3416 4497 3474 4552 in

1912 4577 2151 4648 ipsarum
2203 4596 2380 4635 rerum
2435 4583 2725 4638 labentium
2795 4588 3086 4656 prospiciat
3157 4589 3473 4644 decursione

3578 3436 3681 3473 non
3718 3430 3825 3474 tam
3855 3421 4045 3490 lingua:
4074 3423 4250 3473 carnis
4277 3420 4437 3473 verba
4469 3427 4815 3488 componunt,
4843 3434 5001 3487 quam
5026 3418 5144 3473 sine

3575 3515 3721 3567 vocis
3760 3514 3986 3580 strepitu
4016 3512 4243 3565 fecunda
4291 3513 4550 3565 mentium
4602 3525 4796 3564 arcana
4836 3517 5143 3579 patescunt.

3575 3605 3714 3658 Cella
3747 3620 3978 3671 namque
4006 3603 4331 3655 conscientia
4364 3610 4445 3655 est
4489 3601 4681 3655 secreti
4729 3599 4956 3663 consilii,
4999 3598 5145 3668 quod

3578 3698 3884 3749 habetcum
3918 3694 4221 3747 hominibus
4256 3695 4407 3746 Deus.
4442 3691 4485 3747 Ο
4521 3708 4681 3760 quam
4710 3691 4926 3758 pulchra
4963 3704 5145 3744 rerum

3577 3790 3801 3857 species,
3836 3803 3956 3840 cum
3989 3787 4154 3839 frater
4195 3787 4246 3839 in
4277 3786 4465 3840 cellula
4487 3784 4812 3838 constitutus
4847 3790 5146 3837 nocturnas

3576 3879 3781 3947 peragit
3812 3878 4157 3944 psalmodias,
4197 3887 4250 3928 et
4278 3874 4428 3941 quasi
4458 3887 4553 3941 pro
4595 3872 4785 3925 divinis
4814 3870 5007 3925 castris
5034 3870 5143 3924 mi-

3575 3971 3758 4024 litares
3813 3968 4041 4023 custodit
4097 3965 4350 4020 excubias
4397 3984 4409 4017 :
4464 3961 4855 4029 contemplatur
4902 3961 4955 4014 in
5000 3959 5143 4017 coelo

3574 4073 3767 4113 cursus
3806 4057 4061 4121 siderum,
4113 4056 4352 4108 decurrit
4396 4053 4557 4106 etiam
4587 4066 4682 4122 per
4728 4065 4791 4105 os
4842 4048 4954 4117 ejus
5006 4049 5144 4105 ordo

3573 4147 3925 4218 psalmorum.
3958 4145 4024 4200 Et
4071 4146 4208 4199 sicut
4251 4145 4615 4214 przecedentes
4663 4157 4726 4196 ac
4754 4142 5142 4210 subsequentes

3576 4236 3743 4291 stellae
3771 4235 3836 4289 ad
3861 4235 3999 4290 diem
4028 4250 4150 4289 suas
4179 4233 4571 4289 vicissitudines
4601 4230 4912 4287 alternando
4940 4244 5139 4300 perve-

3576 4328 3748 4391 niunt,
3801 4326 3870 4378 ita
3909 4324 4119 4394 psalmi,
4153 4324 4242 4393 qui
4283 4339 4352 4379 ex
4375 4337 4469 4379 ore
4494 4323 4609 4392 ejus
4637 4331 4886 4390 tauquam
4912 4335 4978 4373 ex
5003 4335 5141 4389 quo-

3574 4417 3696 4473 dam
3741 4415 3951 4470 oriente
3987 4414 4302 4484 procedunt,
4356 4414 4423 4469 ad
4477 4428 4631 4469 suum
4675 4412 4834 4490 finem
4877 4410 5138 4482 paulatim

3573 4507 3718 4563 velut
3745 4505 3898 4575 parili
3952 4520 4073 4559 cum
4124 4504 4389 4561 sideribus
4433 4502 4768 4559 conviatione
4823 4500 5136 4556 deCurrunt.

3572 4595 3677 4652 Iste
3707 4612 3817 4652 sure
3842 4592 4118 4651 servitutis
4162 4595 4376 4650 exhibet
4421 4595 4809 4660 ministerium;
4854 4591 4954 4648 illae
4991 4590 5141 4646 dele-

1911 4672 2233 4752 transire._0
2259 4678 2389 4730 cella
2430 4691 2596 4730 sacra:
2635 4677 2836 4732 militia:
2879 4679 3303 4744 tabernaculum,
3347 4696 3468 4750 pro-
3491 4681 3544 4741 D
3570 4696 3750 4758 gatum
3783 4687 3882 4741 sibi
3913 4694 4277 4754 exsequuntur
4296 4683 4525 4741 oﬂleium
4560 4703 4572 4737 :
4614 4687 4714 4740 iste
4756 4683 5025 4754 psallendo
5047 4683 5135 4738 in-

1913 4761 2122 4817 cinctus
2154 4763 2558 4835 triumphatoris
2589 4767 2878 4829 exercitus,
2922 4777 3097 4821 castra
3143 4767 3258 4831 Dei,
3295 4786 3315 4819 1
3361 4780 3473 4822 1111·-

1742 4875 1752 4886 ·
1832 4899 1845 4908 ,
1913 4852 1992 4905 ris
2038 4853 2227 4915 David,
2264 4872 2381 4923 qua:
2409 4854 2669 4909 mdiﬁcata
2719 4865 2801 4910 est
2851 4871 2970 4910 cum
3015 4858 3470 4927 propugnaculis;

1915 4942 2061 4996 mille
2083 4943 2250 5013 ciypei
2304 4947 2535 5015 pendent
2584 4961 2646 5001 ex
2696 4956 2770 5012 te,
2822 4949 2997 5004 omnis
3049 4960 3319 5005 armatura
3369 4950 3476 5005 for-

1921 5033 2091 5085 tium!
2129 5054 2145 5083 o
2176 5033 2348 5102 (Cant.
2388 5036 2483 5102 tv.)
2524 5035 2600 5089 Tu
2634 5051 2850 5104 campus
2879 5038 3042 5097 divini
3085 5039 3275 5108 praelii,
3317 5040 3475 5109 spiri-

1922 5127 2084 5180 tualis
2130 5142 2287 5181 arena
2343 5131 2671 5194 certaminis,
2732 5132 3038 5201 angelorum
3092 5134 3474 5203 spectaculum,

1921 5221 2166 5292 palmstra
2199 5219 2406 5273 fortiter
2429 5223 2791 5278 dimicantium
2828 5225 3170 5289 luetatonun,
3203 5227 3290 5281 ubi
3316 5226 3478 5295 spiri-

1917 5325 2145 5368 tuscum
2172 5327 2333 5366 carne
2361 5316 2722 5384 congreditur,
2764 5326 2816 5371 et
2859 5318 3012 5374 fortis
3052 5321 3118 5373 ab
3165 5321 3478 5376 inﬁrmitate

1916 5420 2019 5457 non
2059 5412 2359 5471 superatur.
2405 5403 2481 5456 Tu
2531 5404 2724 5459 vallum
2770 5407 2821 5460 in
2869 5411 3203 5477 expeditione
3249 5428 3476 5466 curren-

1914 5496 2065 5552 tium,
2098 5503 2153 5545 tu
2185 5494 2406 5546 munitio
2451 5493 2684 5557 fortium,
2735 5506 2789 5549 tu
2832 5501 3130 5565 prazsidium
3171 5503 3361 5556 cedere
3386 5517 3475 5558 ne-

1914 5584 2195 5637 scientium
2227 5593 2600 5652 pugnatorum.
2635 5587 2849 5641 Fremat
2892 5590 3117 5645 hostium
3148 5594 3474 5648 circumfusa

1919 5676 2212 5735 barbaries,
2242 5675 2497 5728 accedant
2527 5678 2716 5742 vineae,
2745 5679 3035 5747 plialaricis
3060 5684 3278 5738 missilia
3323 5685 3478 5752 jacu-

1918 5760 2109 5823 lentur,
2149 5764 2473 5818 vibrantium
2525 5766 2819 5833 gladiorum
2867 5769 2997 5823 silva
3042 5772 3350 5838 densescat;
3382 5774 3472 5843 qui

1930 5867 1964 5907 u
1993 5859 2041 5908 te
2070 5860 2208 5920 sunt,
2259 5851 2420 5915 lorica
2473 5853 2594 5914 fidei
2640 5858 2944 5928 111-1010011111
2992 5859 3090 5918 sub
3132 5861 3476 5931 imperatoris

3577 4776 3840 4831 trinsecus
3869 4776 3933 4830 ad
3981 4775 4151 4828 lucem
4207 4774 4376 4828 tendit
4426 4774 4865 4838 inaccessibilem,
4898 4772 4998 4827 illa:
5027 4772 5135 4827 sibi

3581 4870 3806 4925 invicem
3839 4867 4194 4931 succedendo,
4236 4867 4351 4936 ejus
4388 4867 4741 4922 exterioribus
4762 4865 4927 4920 oculis
4947 4864 5135 4918 visibi-

3580 4959 3682 5014 lem
3716 4968 3967 5027 reparant
3993 4956 4153 5010 diem.
4186 4956 4252 5010 Et
4285 4957 4408 5011 dum
4437 4966 4662 5026 utraque
4688 4956 4754 5011 ad
4783 4971 4950 5011 suum-
4974 4954 5132 5008 finem

3582 5048 3793 5103 diverso
3821 5047 4031 5101 tramite
4059 5054 4369 5115 properant,
4403 5060 4557 5102 servo
4607 5046 4698 5101 Dei
4744 5043 5136 5115 quodannnodo

3581 5147 3634 5192 et
3685 5139 3796 5206 ipsa
3857 5137 4124 5191 elementa
4170 5136 4550 5191 subserviendo
4597 5137 4939 5193 concordant.
4990 5133 5134 5188 Cella

3581 5229 3843 5298 siquidem
3876 5228 4027 5284 testis
4069 5235 4170 5292 est,
4198 5228 4413 5295 quando
4445 5229 4608 5283 divini
4657 5228 4854 5282 amoris
4899 5227 5015 5295 igne
5041 5239 5132 5278 cor

3582 5320 3785 5374 ferveat
3809 5333 3822 5371 :
3848 5328 3902 5374 et
3927 5328 4106 5374 utrum
4139 5318 4389 5388 perfectae
4411 5319 4708 5374 devotionis
4736 5316 4988 5372 instantia
5014 5315 5132 5383 quis

3582 5414 3673 5467 Dei
3699 5413 3891 5467 faciem
3937 5419 4162 5481 quaerat.
4209 5411 4364 5466 Novit
4395 5429 4517 5468 cum
4544 5428 4697 5468 mens
4720 5411 4951 5466 hominis
4973 5409 5130 5465 coale-

3580 5503 3674 5556 stis
3715 5503 3900 5572 gratiae
3926 5516 4049 5556 rore
4084 5502 4433 5571 perfunditur,
4471 5511 4524 5557 et
4571 5517 4668 5573 per
4708 5499 5135 5570 compunctionis

3577 5591 3756 5647 fletum
3810 5592 4167 5664 lacrymarum
4223 5593 4592 5648 inundantium
4639 5592 4897 5648 imbribus
4939 5591 5130 5662 irriga-

3578 5691 3663 5736 tur
3690 5702 3700 5736 :
3734 5684 3824 5737 ubi
3846 5692 3901 5738 01.
3926 5683 3971 5738 si
3999 5697 4062 5737 ex
4094 5683 4301 5737 carneis
4330 5682 4498 5738 oculis
4526 5682 4775 5751 lacrymze
4806 5695 4912 5736 non
4953 5695 5134 5735 erum-

3580 5784 3721 5842 pant,
3754 5777 3865 5844 ipsa
3919 5784 4098 5830 tamen
4149 5774 4447 5829 amaritudo
4491 5773 4669 5828 cordis
4713 5789 4743 5827 a
4774 5771 5132 5843 lacrymarum

3576 5863 3820 5924 fluetibus
3845 5885 3948 5925 non
3979 5867 4222 5938 elongat;
4251 5865 4378 5933 quia
4404 5863 4547 5932 quod
4573 5877 4641 5925 es
4665 5877 4817 5927 ramo
4838 5860 5136 5928 exteriori:
