5392 6572
2756 88 2787 93 ’ν-
2843 87 2856 92 δ
2905 91 2908 94 .
2929 91 2936 94 ..
2998 82 3001 83 ⁷
3137 83 3178 88 ῌ-
3203 83 3210 88 ν
3261 81 3286 88 ’-

2056 164 2093 171 γέ
2439 149 2616 172 ταις-
2633 129 2820 170 η--ἓῖζπτμτ
2871 127 3023 168 --‘.'-—_‘-'
3043 147 3062 168 ι-
3087 151 3092 154 -
3135 149 3156 176 _-
3179 174 3190 178 η
3241 145 3248 152 ι
3327 147 3332 150 -
3387 145 3390 148 ~

2990 200 3001 203 π
3018 200 3037 203 π
3148 194 3199 203 Lf,
3395 179 3516 196 ἰβ-οη,
3533 183 3556 188 --
3571 185 3576 188 -
3751 195 3764 198 _

3241 215 3244 217 μ
3564 208 3622 216 ~._.
3645 203 3766 217 θᾟλεὶς
3783 203 3812 217 .'.i
3827 211 3836 217 _~
4119 223 4126 226 -

461 574 565 633 949
1072 571 1311 630 OPUSC.
1360 572 1448 627 XI.
1487 602 1559 614 —
1596 570 1796 627 LIBER
1837 571 1954 638 QUI
1993 566 2264 624 DlClTUll
2305 565 2607 622 DOMINUS
2655 562 3018 621 VOBISCUM.
3641 559 3750 620 250

464 689 772 748 incidendae
800 703 907 743 non
947 687 1234 758 colligitur,
1276 689 1327 741 in
1374 689 1485 756 ipsa
1528 687 1732 740 humidi
1771 684 1948 739 cordis
1977 683 2128 743 κεί-Α
2155 690 2292 745 mat;
2345 680 2487 748 quod
2537 680 2813 748 obliquum
2859 686 2962 739 est,
3008 673 3235 743 dirigat;
3288 671 3431 741 quod
3481 669 3746 736 deforme,

467 781 632 835 reutis
659 795 876 848 semper
907 779 1088 833 radice
1112 788 1376 832 servatur.
1405 776 1608 831 Suilicit
1638 777 1781 829 enim
1819 777 1860 829 si
1900 789 2051 828 mens

467 870 533 923 sit
562 869 775 932 flebilis,
805 869 1016 923 etiamsi
1040 867 1244 937 jugiter
1268 867 1392 922 [lere
1431 884 1537 920 non
1564 867 1752 935 possit.
1799 867 1946 920 Cella
1973 876 2057 919 est

468 959 823 1025 ergastulum,
857 958 945 1012 ubi
971 958 1191 1026 pretiosi
1226 957 1433 1026 lapides
1459 957 1756 1025 poliuntur,
1787 966 2053 1026 quatenus

470 1049 522 1100 in
551 1057 823 1102 structura
878 1046 1060 1116 templi
1107 1048 1446 1116 postmodum
1498 1047 1614 1101 sine
1663 1046 1770 1101 ullo
1809 1046 2054 1101 cudentis

470 1140 646 1193 mallet
691 1139 867 1192 sonitu
903 1137 1278 1209 disponantur.

540 1231 585 1286 Ο
620 1231 752 1285 cella
787 1231 1079 1285 Dominicae
1104 1231 1394 1299 sepultura:
1423 1230 1807 1299 propemodum
1838 1229 2050 1294 :rmula,

467 1337 590 1392 quae
613 1323 666 1376 in
692 1332 913 1391 peccato
963 1332 1206 1376 mortuos
1254 1322 1506 1391 suscipis,
1559 1334 1614 1376 et
1667 1338 1764 1390 per
1814 1322 2050 1375 amatum

441 1469 453 1477 __
468 1415 642 1467 sancti
676 1412 910 1482 Spiritus
953 1414 1064 1469 Deo
1091 1413 1416 1468 reviviscere
1447 1412 1581 1466 facis
1611 1416 1622 1467 !
1679 1414 1844 1482 239
1883 1413 1962 1468 Tu
1994 1430 2052 1468 es

467 1504 536 1556 ab
565 1503 723 1569 hujus
769 1504 892 1557 vita:
949 1505 1158 1558 turbida
1213 1504 1496 1557 vexatione
1552 1504 1892 1572 sepulcrum,
1956 1503 2050 1559 sed

465 1591 703 1647 ccelcstis
733 1593 855 1646 vitae
886 1593 1078 1662 pandis
1109 1594 1408 1648 introitum.
1443 1593 1518 1649 Te
1541 1605 1754 1662 portmn
1789 1596 2053 1664 tranquil-

466 1684 635 1737 litatis
665 1684 968 1760 inveniunt,
1012 1685 1102 1752 qui
1149 1685 1487 1752 naufragium
1543 1687 1799 1740 mundani
1855 1685 2052 1741 fluctus

464 1774 722 1827 evadunt.
771 1774 844 1828 Te
898 1777 1135 1843 potentis
1182 1775 1374 1829 medici
1424 1775 1680 1836 conclave
1733 1778 2047 1842 decernunt,

464 1867 554 1933 qui
591 1867 851 1918 vulnerati
900 1868 950 1920 in
1009 1867 1194 1934 prmiio
1252 1868 1476 1922 hostiles
1520 1883 1710 1922 manus
1766 1866 2045 1937 effugiunt.

463 1956 583 2009 Mox
617 1957 757 2010 enim
789 1967 844 2009 ιιι
878 1959 930 2011 in
964 1958 1036 2010 tui
1066 1959 1315 2011 culminis
1340 1959 1584 2011 umbram
1624 1960 1864 2026 perfecto
1886 1961 2049 2015 corde

463 2050 752 2110 set-editur,
790 2051 968 2104 omnis
993 2051 1250 2104 sauciata:
1281 2051 1473 2104 animae
1505 2051 1659 2111 livor,
1685 2055 1865 2106 omnis
1903 2061 2049 2108 certe
2082 2025 2128 2088 Β

464 2139 740 2192 interioris
794 2139 1028 2192 hominis
1094 2140 1245 2209 plaga
1316 2149 1554 2194 curatur.
1634 2139 1707 2194 Te
1787 2140 2052 2196 Jercmias

462 2237 770 2293 aspexerat,
816 2243 935 2280 cum
996 2228 1251 2283 dicelat:
1292 2246 1309 2278 ι
1369 2229 1573 2283 Bonum
1618 2243 1700 2284 est
1751 2233 2050 2299 przestolari

463 2333 585 2370 cum
621 2317 832 2371 silentio
862 2319 1097 2372 salutare
1142 2319 1374 2373 Domini.
1409 2319 1613 2372 Bonum
1648 2330 1729 2374 est
1752 2325 1888 2387 viro,
1928 2339 2050 2377 cum

460 2411 759 2478 portaverit
803 2410 988 2480 jugnm
1066 2412 1132 2464 ab
1181 2412 1545 2466 adoiescentia
1622 2430 1714 2466 sua
1769 2433 1779 2466 :
1844 2415 2053 2469 sedebit

460 2497 764 2561 solitarius,
817 2507 870 2552 et
920 2482 1157 2563 tacebit,
1221 2502 1346 2567 quia
1399 2501 1598 2556 levabit
1668 2519 1725 2558 se
1787 2521 1948 2573 super
1993 2520 2052 2558 se

462 2586 683 2656 (λιες-ειη.
719 2590 802 2655 ιι).
847 2607 864 2639 ι
904 2588 1186 2643 Habitator
1215 2593 1413 2645 etenim
1459 2602 1580 2647 tuus
1608 2595 1780 2648 elevat
1807 2613 1863 2649 se
1891 2613 2054 2665 super

459 2693 539 2741 se,
568 2681 690 2745 quia
726 2679 893 2732 Deum
935 2681 1178 2733 esuriens
1211 2684 1387 2735 anima
1427 2700 1455 2736 a
1496 2693 1833 2740 terrenarum
1885 2705 1942 2741 se
1971 2705 2051 2742 re-

460 2783 580 2821 rum
613 2768 889 2823 obtutibus
918 2771 1099 2838 erigit,
1135 2782 1188 2825 et
1222 2773 1272 2824 in
1310 2776 1503 2829 divina}
1545 2794 1601 2829 se
1638 2780 2050 2848 contemplatio-

460 2859 548 2912 nis
580 2875 702 2912 arce
733 2862 1035 2928 sustiendit,
1073 2879 1101 2916 a
1141 2869 1322 2919 mundi
1368 2883 1425 2921 se
1449 2870 1751 2924 actionibus
1782 2884 2049 2942 segregat,

460 2959 624 3016 atque
653 2964 710 3001 se
739 2950 790 3002 in
829 2949 990 3004 altum
1018 2952 1256 3008 cmlcstis
1299 2956 1553 3011 desiderii
1606 2961 1800 3027 pennis
1841 2961 2000 3015 librat
2033 2979 2047 3026 ;

458 3053 692 3108 cumque
746 3041 915 3106 illmu,
981 3043 1072 3111 qui
1135 3054 1216 3097 est
1271 3062 1430 3115 super
1472 3051 1697 3113 omnia,
1738 3053 2051 3120 conspicere

457 3132 694 3200 satagit,
755 3133 1104 3201 semetipsum
1163 3151 1377 3204 quoque
1449 3140 1607 3192 homo
1665 3157 1786 3194 (-um
1845 3145 2050 3211 reliqua

456 3219 744 3272 mundana:
772 3220 926 3273 vallis
955 3221 1255 3288 dejectione
1288 3230 1641 3282 transcendit.
1677 3231 1721 3284 Ο
1771 3233 1902 3285 (“clla
1937 3235 2048 3301 spi-

457 3311 654 3364 ritualc
682 3326 908 3381 prorsus
932 3314 1322 3378 habitaculum,
1353 3335 1472 3388 qua:
1504 3322 1568 3373 de
1599 3325 1847 3390 superbis
1876 3326 2047 3378 humi-

454 3401 560 3464 les,
585 3402 651 3456 de
682 3404 886 3472 gulosis
931 3405 1163 3469 sobrios,
1203 3408 1269 3461 de
1315 3411 1623 3466 crudelibus
1652 3414 1791 3480 pios,
1843 3416 1904 3466 de
1935 3414 2044 3468 ira-

454 3492 650 3546 cundis
673 3493 851 3554 mites,
884 3493 948 3548 de
978 3495 1179 3551 odiosis
1203 3499 1385 3553 reddis
1419 3501 1470 3554 in
1513 3500 1752 3557 fraterna
1779 3503 2045 3559 charitate

454 3581 768 3638 ferventes!
806 3582 886 3638 Tu
914 3588 1099 3641 otiosae
1129 3587 1324 3660 linguze
1367 3589 1610 3656 frenum,
1647 3603 1698 3647 ιιι
1750 3573 2044 3651 luxuriosis

455 3674 675 3728 renibus
699 3674 880 3729 nitidae
903 3677 1174 3731 castitatis
1201 3681 1426 3735 adhibes
1456 3684 1750 3751 cingulum.
1787 3671 1864 3737 Tu
1909 3687 2044 3740 facis

452 3774 511 3817 ιιι
543 3765 689 3819 leves
729 3766 928 3834 quique
980 3769 1046 3820 ad
1101 3770 1420 3838 gravitatem
1463 3775 1708 3837 redeant,
1769 3787 1822 3828 ιιι
1869 3776 2039 3843 jocosi

452 3855 871 3910 scurrilitatibus
912 3866 1152 3925 parcant,
1192 3869 1250 3912 ut
1279 3861 1552 3931 vaniloqui
1604 3881 1660 3917 se
1710 3865 1808 3919 sub
1857 3868 2044 3921 distrio

451 3955 536 3997 cta
565 3944 762 3997 silentii
792 3959 1018 3998 censura
1051 3949 1443 4016 constringant.
1474 3951 1553 4005 T-u
1585 3953 1918 4021 ieiuniorum
1976 3973 2040 4012 ac

452 4034 760 4102 vigiliarum
784 4036 984 4098 nutrix,
1015 4045 1069 4088 ιιι
1103 4040 1375 4114 patientia:
1403 4050 1602 4102 custos,
1649 4052 1700 4095 ιιι
1732 4047 2040 4114 purissimtc

452 4125 819 4194 simplicitatis
846 4126 1124 4196 magistra,
1173 4145 1236 4183 ac
1277 4133 1497 4187 omnino
1541 4135 1898 4191 fraudulenta:
1944 4140 2038 4192 du-

447 4215 711 4284 plicitatis
742 4217 946 4285 ignara.
982 4215 1060 4270 Tu
1102 4217 1237 4274 facis
1281 4232 1339 4276 ιιι
1367 4238 1532 4294 vagos
1572 4240 1813 4295 quosque
1841 4227 2039 4283 Christi

449 4316 640 4360 catena
678 4317 949 4371 coereeat,
983 4319 1039 4361 ut
1084 4309 1467 4380 iudisciplinati
1515 4315 1757 4371 moribus
1788 4333 1814 4370 a
1857 4334 1952 4372 sua
1981 4335 2041 4376 se

449 4397 716 4464 pravitate
769 4407 1133 4467 compescant.
1181 4398 1260 4453 Τιι
1295 4402 1434 4456 nosti
1479 4402 1723 4460 homines
1758 4407 1823 4459 ad
1865 4407 2040 4477 perfe-

446 4487 649 4540 ctionis
678 4485 891 4542 culmen
923 4489 1181 4555 evehere,
1205 4489 1374 4559 atque
1396 4493 1462 4546 ad
1501 4507 1890 4552 consummata:
1910 4515 2038 4554 san-

445 4576 654 4630 ctitatis
680 4573 954 4646 fastigium
979 4578 1300 4635 sublimare.
1349 4579 1429 4636 Tu
1478 4581 1612 4638 facis
1655 4595 1714 4638 ut
1761 4587 1923 4641 homo
1968 4589 2042 4643 sit

447 4675 592 4720 teres
649 4675 812 4734 atque
851 4669 1134 4734 rotundus,
1169 4685 1233 4725 ac
1280 4672 1424 4728 nulla
1466 4677 1759 4746 semetipso
1787 4679 1858 4732 sit
1904 4681 2039 4735 ina:-

448 4761 714 4829 qualitate
739 4762 1007 4816 diversus.
1038 4762 1120 4818 Tu
1141 4765 1304 4820 etiam
1336 4768 1608 4823 hominem
1641 4769 1777 4824 facis
1804 4771 2036 4842 lapidem

451 4851 750 4918 quadrum,
785 4854 1168 4909 construendis
1195 4855 1450 4912 videlicet
1474 4857 1711 4914 caelestis
1737 4857 2035 4918 Jerusalem

444 4942 719 4995 mmnibus
741 4951 962 5010 aptum:
995 4943 1084 5011 qui
1118 4945 1373 4999 nimirum
1403 4964 1507 5002 non
1550 4963 1618 5003 ex
1657 4949 1879 5008 levitate
1913 4968 2031 5009 mo-

445 5045 566 5083 rum
598 5045 656 5084 se
701 5032 1008 5106 versatilem
1061 5035 1322 5104 praebeat,
1381 5040 1474 5093 sed
1518 5038 1658 5096 fixus
1705 5057 1921 5112 semper
1975 5046 2031 5100 in

445 5134 650 5178 sancta:
691 5125 963 5195 religionis
990 5130 1260 5198 gravitate
1293 5131 1565 5200 persistat.
1597 5133 1676 5189 Tu
1727 5137 1972 5194 homines
1998 5155 2029 5193 a

442 5212 752 5280 semetipsis
774 5222 1061 5272 extraneos
1098 5218 1302 5284 reddis,
1331 5230 1383 5275 et
1408 5237 1532 5277 vasa
1557 5224 1810 5279 vitiorum
1838 5225 2032 5284 ﬂorere

443 5305 740 5359 virtutibus
786 5302 940 5360 facis.
977 5307 1056 5362 Τιι
1091 5311 1268 5382 nigra,
1317 5311 1409 5366 sed
1457 5312 1714 5380 formosa,
1760 5317 1901 5371 sicut
1952 5327 2030 5372 ta-

444 5391 734 5446 bernacula
782 5393 979 5462 Cedar,
1023 5397 1168 5452 sicut
1193 5395 1352 5469 pellis
1383 5399 1707 5460 Salomonis.
1753 5405 1834 5459 Tu
1884 5407 2030 5464 lava-

445 5498 597 5537 crum
638 5491 940 5540 tonsarum.
970 5485 1050 5542 Tu
1075 5487 1218 5544 sicut
1256 5491 1463 5560 piscina
1499 5494 1549 5549 in
1582 5494 1847 5552 llcsebon.
1875 5499 2029 5556 Oculi

446 5577 522 5629 tui
565 5577 708 5630 sicut
735 5577 1000 5633 columba:
1039 5596 1202 5650 super
1229 5583 1373 5639 rivos
1403 5600 1687 5654 aquarum,
1739 5605 1859 5660 qua:
1891 5591 2030 5647 lacte

447 5675 576 5720 sunt
628 5667 776 5732 lotm,
838 5678 893 5724 et
962 5671 1200 5726 resident
1243 5673 1398 5742 juxta
1453 5674 1650 5733 fluenta
1715 5680 2026 5750 plenissima

445 5759 620 5830 (Cant.
667 5777 709 5826 ι,
735 5777 810 5826 tv,
844 5778 896 5828 v,
928 5765 1043 5833 vn).
1094 5764 1174 5821 Τιι
1228 5782 1461 5840 namque
1503 5785 1562 5826 es
1601 5775 1876 5841 speculum
1918 5775 2032 5830 ani-

445 5869 677 5920 tnarum,
707 5855 802 5910 ubi
831 5869 892 5909 se
917 5870 1070 5912 tuens
1104 5856 1335 5914 humana
1375 5863 1763 5933 perspicaciter
1787 5867 2026 5936 intuens,

438 5942 587 6015 4W
630 5941 813 6004 ωίιιυδ
839 5949 944 6015 es"
989 5942 1241 6018 ίωριθαιὶ
1291 5950 1436 6022 quod
1475 5950 1805 6025 superfluum
1830 5957 2026 6032 repri-

2158 781 2463 842 componat.
2495 772 2574 825 Tu
2606 769 2863 839 nuptialis
2900 783 2958 822 es
3003 765 3295 827 thalamus,
3345 763 3398 816 in
3431 778 3536 832 quo
3573 764 3750 818 sancti

2159 864 2394 933 Spiritus
2418 863 2578 917 arrha
2615 861 2894 924 tribuitur,
2922 867 2977 912 et
3007 856 3213 912 cmlesti
3245 854 3458 924 Sponso
3485 853 3608 908 felix
3635 853 3753 908 ani-

2158 970 2244 1008 ma
2285 955 2596 1009 foederatur.
2625 952 2778 1006 Recti
2813 949 3047 1018 diligunt
3079 957 3130 1002 te
3153 987 3168 1012 ,
3201 954 3254 1000 et
3283 945 3375 1014 qui
3421 953 3473 1000 te
3514 944 3748 1014 fugiunt,

2156 1046 2407 1099 veritatis
2448 1044 2565 1097 luce
2597 1042 2815 1112 privati,
2868 1056 2977 1109 quo
3004 1053 3222 1108 gressus
3252 1050 3457 1106 ponere
3494 1034 3752 1101 debeant,

2157 1115 2262 1192 non
2304 1143 2620 1205 agnoscunt.
2679 1151 2696 1183 ι
2750 1131 3042 1185 Adhmreat
3091 1129 3275 1199 lingua
3325 1143 3446 1182 mea
3505 1126 3754 1181 faucibus

2157 1226 2312 1290 meis,
2349 1225 2394 1278 si
2437 1239 2544 1277 non
2591 1222 2892 1276 meminero
2925 1221 3002 1272 tui
3046 1217 3220 1284 (Psal.
3273 1216 3518 1283 cxxxvt),
3553 1217 3598 1270 si
3643 1229 3752 1270 non

2155 1328 2486 1384 proposuero
2511 1320 2562 1367 te
2588 1313 2638 1364 in
2663 1311 2932 1380 principio
2953 1310 3155 1363 Latitiae
3183 1323 3334 1362 mem.
3363 1327 3381 1358 ι
3421 1305 3553 1359 illud
3583 1307 3749 1360 etiam

2154 1407 2221 1460 de
2257 1416 2307 1460 te
2352 1421 2473 1458 cum
2514 1405 2704 1458 eodem
2748 1403 3015 1472 Propheta
3050 1400 3216 1455 alacri
3261 1400 3393 1454 libet
3440 1413 3573 1454 voce
3617 1414 3754 1453 can-

2157 1505 2272 1549 tare
2304 1513 2316 1548 :
2355 1515 2372 1546 ι
2409 1493 2532 1548 Haec
2564 1493 2781 1562 requies
2826 1507 2947 1546 mea
3003 1492 3052 1545 in
3091 1489 3352 1546 saeculum
3397 1488 3618 1544 saaculi:
3665 1487 3756 1544 hic

2155 1585 2430 1650 habitabo,
2467 1584 2723 1652 quoniam
2751 1581 3000 1652 prteelegi
3045 1596 3187 1635 eam.
3218 1579 3389 1646 Quam
3421 1579 3646 1650 pulchra
3671 1593 3754 1645 es,

2153 1687 2208 1730 et
2251 1691 2413 1745 quant
2465 1677 2678 1740 decora,
2735 1673 3080 1735 charissima,
3134 1673 3186 1726 in
3216 1673 3464 1726 deliciis!
3509 1691 3527 1722 ι
3571 1669 3752 1741 (Paul.

2153 1766 2358 1834 cxxxr.)
2395 1765 2507 1820 Sub
2565 1765 2732 1834 figura
2784 1763 2946 1834 2&0
3001 1764 3075 1816 tui
3119 1761 3413 1816 ltachelem
3449 1761 3614 1815 decor
3651 1777 3748 1816 ve-

2153 1863 2296 1918 nusti
2329 1862 2506 1917 vultus
2541 1862 2755 1916 ornavit
2802 1859 2955 1929 (Gen.
2999 1861 3131 1930 xx):
3185 1871 3238 1914 et
3279 1859 3446 1914 Maria
3487 1861 3751 1928 optimam

2153 1963 2385 2025 partem,
2421 1970 2540 2024 qua:
2561 1955 2629 2008 ab
2667 1969 2730 2007 ea
2763 1968 3037 2022 nunquam
3073 1952 3373 2018 auferatur,
3406 1952 3566 2022 elegit
3597 1951 3751 2024 (an.

2155 2051 2289 2115 XIX).
2324 2047 2400 2100 Tu
2431 2045 2609 2100 areola
2650 2054 2974 2109 aromatum,
3013 2043 3130 2097 fons
3171 2045 3475 2108 hortorum,
3527 2052 3577 2095 tu
3628 2057 3743 2094 ma-

2157 2139 2261 2192 lum
2297 2139 2573 2208 punicum.
2610 2137 2759 2190 Licet
2787 2138 2929 2189 enim
2959 2135 3325 2189 nescientibus
3345 2149 3531 2188 amara
3559 2133 3741 2186 videa-

2157 2232 2231 2281 ris
2265 2229 2314 2280 in
2361 2228 2583 2290 cortice,
2629 2227 2721 2280 sed
2769 2241 3024 2294 magnum
3072 2233 3173 2288 est,
3218 2225 3361 2293 quod
3424 2223 3755 2276 intrinsecus

2157 2322 2307 2382 latet,
2343 2335 2465 2373 cum
2488 2330 2808 2388 perventum
2846 2317 3009 2383 fuerit
3033 2316 3100 2370 ad
3137 2316 3457 2370 suavitatem
3485 2313 3749 2369 medullae.

2156 2411 2198 2465 Ο
2248 2425 2463 2465 eremus
2504 2411 2694 2464 mundi
2748 2409 3128 2479 perscquentis
3183 2406 3456 2477 effugium,
3508 2407 3758 2461 laboran-

2158 2502 2289 2554 tium
2325 2502 2499 2568 quics,
2537 2500 2882 2554 maerentium
2926 2498 3249 2563 consolatio,
3291 2501 3356 2553 ab
3389 2508 3520 2551 a‘stu
3567 2497 3754 2552 saeculi

2159 2592 2524 2661 refrigerium,
2605 2591 2865 2660 peccandi
2922 2593 3230 2659 repudium,
3284 2591 3506 2645 libertas
3539 2592 3753 2644 anima-

2156 2701 2277 2737 rum
2305 2684 2317 2736 Σ
2346 2681 2419 2735 Te
2461 2682 2625 2734 David
2667 2682 2845 2752 petiit,
2881 2697 3003 2735 curn
3035 2682 3220 2734 mundi
3271 2683 3408 2735 mala
3445 2681 3751 2750 perferret;

2157 2783 2206 2826 et
2246 2790 2363 2826 cum
2397 2773 2565 2826 timidi
2607 2782 2659 2824 et
2720 2772 2991 2826 tenebrosi
3037 2774 3219 2827 cordis
3255 2774 3470 2826 taedium
3516 2775 3755 2828 snstinc-

2159 2874 2238 2918 ret
2269 2884 2280 2918 :
2313 2884 2328 2914 ι
2362 2865 2518 2925 Ecce,
2572 2864 2770 2933 inquit,
2807 2863 3050 2935 elongavi
3121 2863 3352 2933 fugiens,
3382 2873 3436 2919 et
3465 2867 3638 2919 mansi
3693 2866 3746 2920 in

2157 2956 2449 3009 solitudine
2486 2954 2659 3022 (Psal.
2701 2953 2832 3025 Liv).
2872 2974 2891 3006 ι

2227 3049 2292 3101 Et
2320 3049 2447 3114 quid
2478 3048 2613 3100 alios
2641 3047 2979 3101 memorem?
3023 3046 3470 3114 Quandoquidem
3509 3047 3622 3114 ipse
3653 3047 3754 3100 lle-

2156 3139 2404 3205 demptor
2436 3138 2715 3191 hominum
2768 3137 2819 3190 in
2866 3138 3095 3192 exordio
3127 3147 3178 3191 te
3209 3153 3319 3191 sua:
3351 3138 3750 3194 manifestatio-

2157 3231 2238 3282 nis
2264 3229 2517 3292 invisere,
2564 3244 2626 3282 ac
2655 3230 2870 3298 propria
2905 3239 2955 3283 te
2998 3230 3254 3299 dignatus
3295 3239 3379 3284 est
3412 3230 3751 3285 habitatione

2154 3336 2393 3374 sacrare.
2448 3321 2744 3390 Postquam
2797 3322 2940 3375 enim
2987 3322 3329 3390 baptismatis
3379 3337 3594 3390 aquam,
3645 3338 3750 3390 qua

2154 3414 2292 3466 lotus
2320 3422 2420 3477 est,
2455 3414 2606 3477 lavit,
2652 3404 2708 3465 ut
2739 3412 3082 3484 Evangelista
3130 3423 3378 3477 testatur,
3418 3415 3600 3468 statim
3643 3414 3755 3483 spi-

2151 3503 2285 3555 ritus
2315 3503 2520 3570 expulit
2552 3519 2674 3556 cum
2712 3504 2762 3554 in
2793 3507 3064 3557 desertum
3109 3520 3120 3554 :
3155 3521 3173 3553 (
3203 3502 3270 3556 Et
3299 3513 3415 3558 erat
3447 3505 3496 3556 in
3535 3504 3751 3557 deserto

2149 3595 2505 3664 quadraginta
2563 3597 2774 3656 diebus,
2823 3603 2877 3648 et
2934 3595 3292 3662 quadraginta
3350 3593 3645 3648 noctibus:
3693 3602 3750 3648 et

2150 3686 2459 3741 tentabatur
2492 3702 2520 3738 a
2552 3696 2761 3748 satana,
2791 3695 3016 3752 eratque
3051 3691 3173 3738 eum
3199 3683 3384 3738 bestiis
3412 3683 3604 3752 (Marc.
3641 3687 3744 3752 1).»

2147 3778 2453 3832 Debitorem
2479 3792 2608 3846 ergo
2637 3794 2691 3829 se
2727 3777 2818 3830 tibi
2851 3776 3080 3830 mundus
3113 3783 3392 3844 agnoscat,
3424 3777 3562 3828 unde
3606 3790 3746 3844 prae-

2149 3870 2497 3934 dicaturum,
2559 3885 2622 3923 ac
2679 3868 2938 3922 miracula
2994 3868 3261 3922 facturum
3333 3867 3636 3938 suscrpisse
3692 3881 3750 3924 se

2147 3959 2312 4012 Deum
2344 3976 2446 4013 non
2490 3961 2723 4030 ignorat.
2760 3960 2802 4014 Ο
2843 3974 3056 4014 eremus
3092 3958 3335 4013 terribile
3361 3957 3611 4027 malignis
3636 3959 3750 4027 spi-

2145 4051 2341 4104 ritibus
2376 4051 2780 4105 habitaculum!
2824 4050 2915 4105 ubi
2948 4050 3097 4104 cella:
3143 4050 3556 4112 monachorum,
3600 4049 3750 4106 velut

2146 4143 2375 4196 tentoria
2423 4143 2672 4196 ordinata
2712 4150 3042 4204 castrorum,
3098 4144 3250 4211 quasi
3303 4150 3451 4195 turcs
3505 4142 3656 4203 Sion,
3693 4151 3748 4196 et

2143 4235 2297 4301 quasi
2341 4233 2744 4301 propugnacula
2792 4231 3095 4286 Jerusalem
3151 4231 3438 4302 eriguntur
3479 4235 3739 4287 adversus

2141 4323 2394 4394 Assyrios
2453 4333 2508 4377 et
2552 4333 2741 4378 contra
2783 4322 2976 4376 faciem
3010 4321 3301 4386 Damasci;
3362 4322 3468 4376 imo
3518 4337 3640 4375 cum
3685 4323 3741 4377 in

2143 4414 2343 4468 eisdem
2373 4413 2579 4467 cellulis
2609 4427 2717 4465 uno
2748 4412 2940 4481 spiritu
2991 4413 3204 4466 diversa
3252 4420 3511 4479 gerantur
3539 4411 3740 4478 otlicia,

2144 4504 2269 4558 dum
2295 4503 2550 4558 videlicet
2589 4503 2675 4558 hic
2709 4503 2973 4573 psallitur,
2999 4501 3109 4556 illic
3151 4511 3360 4566 oratur,
3393 4503 3444 4556 in
3477 4501 3580 4556 alia
3608 4504 3745 4558 scri-

2142 4597 2306 4662 bitur,
2342 4597 2394 4651 in
2419 4598 2540 4652 aliis
2560 4613 2691 4652 vero
2720 4598 2888 4652 variis
2928 4611 3188 4652 manuum
3229 4597 3485 4666 eperibus
3515 4596 3741 4650 insuda-

2148 4699 2262 4756 tur;
2293 4689 2415 4760 quis
2437 4705 2543 4744 non
2567 4689 2682 4744 haec
2707 4688 2888 4743 divina
2914 4690 3079 4743 verba
3119 4702 3305 4742 eremo
3333 4702 3630 4754 congruere
3661 4688 3742 4744 vi-

2142 4782 2288 4846 deat,
2317 4780 2512 4851 quibus
2557 4781 2795 4835 dicitur:
2839 4799 2858 4832 ι
2914 4779 3088 4847 Quam
3133 4778 3356 4849 pulchra
3388 4778 3740 4838 tabernacula

2143 4878 2230 4923 tua
2259 4869 2444 4932 Jacob,
2474 4869 2706 4924 tentoria
2736 4877 2825 4923 tua
2854 4867 3020 4924 Israel
3054 4886 3067 4922 :
3115 4875 3176 4923 ut
3207 4867 3368 4923 valles
3411 4885 3738 4937 numerosae,

2137 4969 2197 5014 ut
2227 4960 2369 5014 horti
2408 4958 2561 5028 juxta
2609 4958 2803 5015 fluvios
2853 4959 3065 5030 irrigui,
3118 4968 3179 5013 ut
3210 4959 3581 5022 tabernacula,
3614 4975 3737 5031 qua

2137 5050 2254 5106 ﬁxit
2283 5051 2456 5116 Deus,
2483 5051 2638 5121 quasi
2663 5051 2811 5106 cedri
2837 5065 3003 5120 prope
3039 5050 3248 5121 aquas?
3279 5069 3296 5102 ι
3334 5050 3524 5121 (Num.
3560 5051 3735 5121 χχιιι.)

2137 5140 2203 5196 Ει
2232 5141 2358 5210 quid
2389 5141 2617 5209 amplius
2648 5143 2714 5196 de
2746 5151 2797 5194 te
2827 5139 3028 5207 dicam,
3060 5155 3092 5192 ο
3141 5141 3251 5196 vita
3294 5142 3596 5207 ereniitica,
3625 5143 3735 5200 vita

2133 5233 2444 5298 benedicta,
2487 5233 2807 5289 viridarium
2845 5233 3176 5299 animarum,
3225 5234 3333 5287 vita
3381 5245 3587 5300 sancta,
3625 5238 3733 5292 vita

2136 5325 2399 5395 angelica,
2427 5326 2624 5381 exedra
2669 5341 3006 5396 gemmarum
3035 5325 3360 5392 ccelestium,
3389 5327 3537 5381 curia
3571 5327 3736 5397 spiri-

2134 5416 2357 5470 tualium
2385 5417 2742 5472 senatorum!
2777 5415 2924 5471 Odor
2970 5423 3095 5472 tuus
3143 5423 3463 5470 cunctorum
3515 5432 3731 5473 armaa-

2135 5515 2246 5560 ttnn
2273 5505 2625 5577 fragrantiam
2681 5515 2921 5577 superat,
2974 5521 3135 5576 sapor
3187 5517 3312 5564 tuus
3359 5522 3520 5578 super
3551 5509 3728 5564 distil-

2132 5593 2305 5651 lantcs
2336 5596 2504 5660 favos,
2545 5613 2708 5668 super
2745 5599 2925 5652 omnia
2991 5597 3149 5652 mella
3206 5609 3391 5670 guttur
3441 5597 3728 5659 illuminati

2137 5689 2318 5744 cordis
2347 5690 2601 5747 obdulcat
2632 5709 2646 5745 :
2685 5700 2846 5760 atque
2890 5691 3010 5746 ideo
3057 5691 3316 5761 quidquid
3354 5701 3454 5756 est,
3489 5693 3632 5762 quod
3663 5694 3730 5748 de

2138 5789 2190 5834 te
2262 5781 2484 5846 dicitur,
2538 5783 2817 5853 dignitatis
2874 5792 2977 5836 tute
3037 5783 3249 5838 meritis
3287 5799 3392 5838 non
3438 5795 3724 5854 mquatur;

2134 5871 2262 5939 quia
2316 5870 2500 5942 lingua
2548 5873 2731 5927 carnis
2789 5872 3102 5927 nullatenus
3151 5873 3458 5944 exprimere
3506 5875 3725 5946 suillcit,

2131 5961 2276 6034 quod
2308 5962 2374 6022 de
2405 5971 2460 6022 te
2503 5965 2728 6036 spiritus
2776 5964 3123 6026 invisibiliter
3149 5966 3356 6039 sentit,
3400 5975 3456 6026 et
3498 5971 3645 6040 quod
3669 5976 3726 6028 tu

4789 6367 5176 6460 ,Α

4601 6505 5176 6572 -
