5392 6572
240 0 1428 241 ³,

1929 472 2027 530 251

2385 476 2442 533 S.
2482 475 2683 532 PETRI
2719 476 3004 533 DAMIANI
3039 477 3187 533 OPP.
3234 475 3467 533 TOMUS
3506 475 3635 533 SEU
3673 477 3851 531 PARS
3890 477 3972 531 Ill.
4009 505 4080 516 —‘
4117 474 4480 533 OPUSCULA
4521 474 4745 531 VARIA.

5062 478 5168 533 252

1930 588 2076 657 sapis
2106 587 2157 641 in
2191 587 2433 641 interiori
2460 596 2639 654 gustu,
2693 596 2856 656 atque
2906 589 2960 641 in
3010 587 3240 642 medulla
3290 586 3492 649 cordis,
3522 593 3569 650 Α
3598 601 3719 641 nem
3762 586 3996 640 fraterna
4028 586 4266 655 pulsatus
4306 587 4653 655 inquisitione
4683 587 4956 656 proposui,
4987 588 5079 642 sed
5113 598 5169 643 et

1929 691 2201 745 nunquam
2245 690 2380 744 pene
2411 676 2667 745 explicuit
2704 679 2986 746 corporale
3027 693 3284 746 organum
3326 676 3493 730 vocis.

1929 765 2004 818 llli
2047 775 2096 818 te
2123 773 2409 829 noverunt,
2444 767 2533 833 qui
2573 776 2621 819 te
2664 767 2929 837 diligunt:
2974 769 3045 821 illi
3086 767 3351 836 praeconia
3396 776 3499 820 tua!

1927 854 2099 909 laudis
2128 865 2443 924 agnoscunt,
2485 858 2574 924 qui
2607 857 2660 910 in
2695 858 2768 911 tui
2799 859 2998 913 amoris
3041 856 3378 925 amplexibus
3406 856 3500 910 de-

1930 947 2255 1002 lectabiliter
2297 950 2659 1016 requiescunt.

1996 1039 2259 1093 Caeterum
2289 1039 2378 1107 qui
2404 1040 2503 1094 hoc
2533 1041 2800 1111 ignorant,
2832 1055 2936 1094 non
2963 1039 3256 1108 prmvalent
3295 1055 3498 1112 cogno-

1927 1142 2077 1182 scere
2108 1137 2188 1195 te;
2242 1144 2329 1181 me
2372 1129 2534 1183 etiam
2567 1130 2912 1183 nihilominus
2962 1139 3063 1183 tuze
3109 1130 3287 1185 laudis
3324 1132 3495 1199 impa-

1926 1234 2040 1273 rem
2070 1217 2260 1281 fateor,
2294 1220 2387 1273 sed
2419 1235 2580 1273 unum
2621 1234 2716 1288 pro
2747 1228 2895 1275 certo
2943 1221 3076 1283 seio,
3124 1235 3157 1271 o
3185 1222 3293 1273 vita
3334 1222 3498 1274 bene-

1927 1309 2086 1373 dicta,
2114 1310 2252 1378 quod
2285 1309 2350 1363 de
2381 1320 2430 1363 te
2476 1310 2838 1365 indubitanter
2886 1310 3133 1364 aﬂirino:
3169 1313 3294 1379 quia
3341 1311 3494 1379 quis-

1925 1402 2045 1469 quis
2072 1402 2122 1455 in
2155 1400 2354 1454 artioris
2383 1401 2457 1454 tui
2497 1401 2765 1456 desiderio
2812 1418 3164 1471 perseverare
3210 1401 3488 1462 studuerit,

1924 1494 2037 1562 ipse
2067 1495 2278 1565 quidem
2304 1497 2573 1552 habitator
2601 1508 2685 1553 est
2714 1508 2859 1563 tuus,
2894 1502 2986 1553 sed
3020 1497 3133 1565 ejus
3162 1496 3494 1551 inhabitator

1921 1596 2001 1639 est
2030 1587 2188 1641 Deus.
2226 1588 2479 1645 Diabolus
2511 1590 2585 1643 illi
2621 1592 2734 1645 suis
2759 1593 3141 1646 tentationibus
3183 1591 3371 1654 servit,
3411 1600 3492 1642 at-

1918 1695 2021 1749 que
2055 1682 2176 1737 illuc
2217 1699 2339 1738 eum
2374 1686 2612 1750 tendere,
2645 1690 2785 1741 unde
2832 1689 2944 1756 ipse
2976 1687 3215 1754 deiectus
3260 1698 3365 1753 est,
3403 1704 3494 1757 ge-

1919 1772 2035 1823 mit.
2069 1772 2251 1827 Victor
2278 1774 2456 1842 itaque
2495 1776 2812 1839 daamonum,
2845 1778 3022 1831 socius
3063 1779 3296 1833 edicitur
3329 1795 3492 1849 ange-

1917 1859 2119 1928 lorum;
2152 1866 2272 1918 exul
2318 1867 2523 1931 mundi,
2556 1869 2729 1921 hceres
2774 1877 2859 1922 est
2897 1869 3163 1937 paradisi;
3202 1871 3491 1939 abnegator

3604 678 3716 746 ipse
3762 678 3975 733 interim
4014 695 4118 731 non
4150 678 4328 731 distuli
4376 676 4616 746 proferre
4653 679 4791 747 quod
4844 680 4984 733 sensi
5016 698 5028 732 :
5061 695 5165 734 non

3602 767 3849 822 videlicet
3882 776 3938 821 ut
3966 769 4103 822 alios
4145 777 4359 837 arrepta
4397 750 4631 823 doctoris
4665 770 4981 823 auctoritate
5007 768 5164 822 doce-

3602 872 3733 921 rem,
3759 860 3850 912 sed
3881 858 3974 912 tibi
4006 859 4206 929 potius,
4255 875 4374 928 qua:
4407 859 4687 930 imperitiae
4719 875 4848 913 mea:
4883 861 5166 914 haberetur

3598 949 3798 1016 opinio,
3829 951 4110 1005 evidenter
4137 965 4464 1019 exponerem
4492 967 4507 1016 ;
4565 960 4726 1018 atque
4765 951 4883 1004 ideo
4911 949 5164 1019 quudquid

3597 1048 3680 1093 est
3718 1041 4016 1108 przelibatis
4060 1041 4518 1109 disputationibus
4558 1040 5021 1112 comprehensum,
5058 1055 5162 1094 non

3600 1139 3706 1181 tam
3748 1128 3908 1200 242
3955 1130 4327 1183 assertationis
4372 1130 4571 1194 studio,
4622 1144 4781 1197 quam
4808 1129 4905 1182 sub
4934 1129 5161 1197 quadam

3597 1219 3670 1270 tui
3707 1220 3972 1272 examinis
3996 1228 4076 1274 est
4105 1219 4455 1285 suspensione
4495 1219 4781 1287 prolatum,
4811 1232 4908 1271 nec
4934 1227 5016 1271 est
5039 1216 5165 1269 deli-

3596 1311 3759 1363 nitiva
3784 1310 4073 1374 sententia,
4099 1311 4192 1364 sed
4219 1310 4534 1379 disceptatio
4563 1310 4859 1362 rationibus
4886 1307 5159 1361 ventilata.

3596 1404 3958 1472 Quapropter,
3994 1405 4335 1468 charissime,
4384 1406 4650 1466 omnibus,
4696 1420 4814 1473 qua:
4842 1420 4871 1457 a
4898 1404 5049 1458 nobis
5090 1413 5164 1456 ut-

3603 1508 3813 1559 cunque
3857 1493 4060 1561 digestzi
4120 1504 4263 1557 sunt,
4318 1493 4607 1561 diligenter
4658 1493 4944 1561 inspectis,
4995 1492 5077 1545 vel
5121 1492 5161 1545 si

3595 1597 3757 1651 prave
3790 1594 4109 1652 prmsuiupta
4149 1592 4291 1646 sunt,
4338 1583 4656 1651 superducta
4704 1581 4957 1636 novacula
4994 1581 5163 1650 proti-

3596 1689 3696 1727 nus
3721 1676 3981 1726 audenter
4009 1673 4258 1726 oblittera
4289 1691 4300 1725 :
4326 1681 4417 1724 aut
4448 1673 4490 1725 si
4534 1672 4637 1725 tuis
4688 1670 4912 1724 fortasse
4959 1671 5164 1724 meritis

3594 1782 3741 1819 sana:
3784 1767 4041 1818 doctrinae
4087 1774 4212 1818 sunt
4256 1780 4510 1833 congrua.
4558 1764 4785 1832 proprize
4830 1761 5163 1815 auctoritatis

3597 1860 3778 1928 vigore
3827 1859 4111 1911 continua.
4166 1857 4316 1910 Potui
4368 1857 4582 1925 quidem
4634 1871 4751 1924 qum
4807 1855 4965 1908 latius
5018 1854 5159 1907 dicta

1918 1953 2026 2013 sui,
2065 1962 2298 2007 sectator
2321 1963 2402 2007 est
2444 1954 2668 2009 Christi.
2704 1956 2769 2010 Et
2799 1960 2892 2025 qui
2941 1974 3080 2012 nunc
3124 1973 3218 2028 per
3246 1958 3363 2026 ejus
3396 1975 3486 2013 v..-
3519 1967 3565 2027 Β
3593 1962 3740 2016 sunt,
3802 1951 4019 2005 brevius
4068 1950 4551 2018 comprehendere;
4607 1949 4697 2001 sed
4749 1948 4918 2009 libuit,
4972 1945 5161 2010 fateor,

1915 2044 2069 2110 Stigia
2125 2045 2411 2114 graditur,
2485 2057 2703 2114 peracto
2759 2064 2921 2104 cursu
2955 2091 2969 2112 ,
3032 2051 3148 2104 sine
3204 2052 3365 2104 dubio
3420 2052 3486 2104 ad

1914 2132 2069 2204 241
2121 2136 2398 2190 societatis
2452 2137 2566 2202 ejus
2619 2139 2844 2205 gloriam
2909 2141 3269 2208 prorehetur:
3300 2153 3481 2208 atque,

1916 2232 1973 2277 ut
2007 2225 2232 2294 idipsum
2286 2226 2510 2279 tidenter
2558 2227 2765 2291 dicam,
2820 2229 2910 2295 qni
2963 2229 3288 2296 singularem
3342 2231 3480 2283 hanc

1914 2313 2079 2366 vitam
2123 2329 2289 2381 usque
2316 2316 2381 2366 ad
2417 2315 2573 2368 linem
2623 2317 2743 2368 vita:
2784 2331 2894 2370 suae
2934 2334 3031 2386 pro
3069 2319 3248 2371 divino
3301 2335 3486 2374 amore

1916 2405 2170 2466 tenuerit,
2208 2404 2275 2458 de
2300 2405 2608 2460 habitaculo
2647 2409 2827 2462 carnis
2853 2424 3125 2478 egressus,
3162 2410 3227 2462 ad
3258 2411 3489 2464 :editica-

1913 2495 2114 2549 tionem
2157 2496 2480 2552 ineﬂ'abilem
2528 2502 2827 2567 perveniet,
2871 2503 3088 2555 domum
3142 2518 3249 2555 non
3295 2519 3486 2557 manu-

1912 2585 2133 2652 factam,
2163 2597 2420 2643 :eternam
2447 2590 2498 2643 in
2530 2591 2704 2645 ccelis.

2500 2682 2726 2738 CAPUT
2767 2683 2882 2738 XX.

1913 2768 2161 2824 Clausula
2215 2773 2584 2842 disputationis
2624 2793 2714 2855 per
2756 2776 3098 2846 apostmphen
3140 2776 3209 2829 ad
3259 2775 3480 2829 Leonem

2543 2857 2831 2899 eremttum.

1980 2935 2134 2998 Ecce,
2168 2935 2334 2991 Pater
2356 2938 2694 3003 eharissime,
2743 2938 3055 2994 solvendam
3092 2939 3186 2991 tibi
3229 2939 3479 3007 quzestio-

3596 2051 3821 2110 accepta
3854 2043 4138 2093 occasione
4176 2048 4276 2092 tum
4306 2038 4598 2093 dulcedinis
4643 2038 4930 2105 alloquium
4979 2046 5161 2106 prole-

3589 2133 3727 2186 lare.
3777 2131 4035 2184 Libenter
4082 2131 4224 2183 enim
4276 2141 4575 2183 aromatum
4605 2131 4690 2183 diu
4723 2130 4923 2198 species
4952 2130 5159 2194 teritur,

3591 2227 3894 2294 prmsertim
3922 2226 3964 2278 si
3989 2234 4043 2279 et
4070 2225 4210 2279 illius
4229 2225 4362 2279 odor
4382 2225 4563 2278 suavis
4588 2235 4668 2278 est
4691 2225 4774 2278 cui
4808 2223 5160 2278 ministerium

3591 2317 3898 2368 exhibetur.

3669 2428 4023 2496 Omnipotens
4064 2429 4203 2483 Deus
4234 2444 4391 2482 servo
4420 2445 4517 2482 suo
4547 2427 4712 2482 Leoni
4751 2427 4958 2482 occulta
4993 2426 5159 2495 inspi-

3591 2520 3800 2572 ratione
3838 2520 4141 2588 prtecipiat,
4185 2530 4242 2573 ut
4271 2536 4367 2588 pro
4394 2537 4476 2573 me
4501 2523 4696 2575 misero
4728 2529 4834 2573 tres
4862 2534 4955 2588 per
4980 2519 5158 2589 singu-

3588 2608 3666 2663 los
3689 2610 3803 2664 dies
3831 2611 3946 2663 sive
3986 2610 4274 2679 Iacrymas,
4305 2610 4419 2663 sive
4440 2609 4672 2679 gemitus
4698 2607 4900 2663 fittulat.

3927 2761 4009 2816 Sit
4042 2778 4225 2815 nomen
4256 2759 4465 2814 Domini
4496 2758 4831 2813 benedictum.

3881 2858 3907 2890 ο

2363 3250 2709 3330 “3'2”
2791 3271 3633 3389 OPUSCULUM
3717 3274 4702 3389 DUODECIMUM.

2128 3495 2747 3560 APOLOGETICUM
2790 3499 2893 3557 DE
2935 3498 3418 3560 CONTEMPTU
3461 3497 3784 3562 SIECULI.
3836 3499 3944 3559 AD
3990 3498 4453 3560 ALBIZONEM
4499 3497 4922 3558 EREMITAM

3013 3599 3110 3659 ET
3155 3599 3479 3660 PETRUM
3523 3597 3984 3660 MONACHUM

1906 3904 2299 3984 Anconam“.
2348 3937 2418 3947 —
2446 3907 2501 3963 In
2545 3909 2643 3984 hoc
2689 3908 2882 3984 libello
2907 3908 3266 3963 miserabilem
3309 3923 3406 3964 suo
3449 3919 3689 3984 tempore
3745 3911 4017 3984 religionis
4054 3921 4252 3968 statum
4292 3916 4532 3983 quotidie
4582 3915 4633 3970 in
4694 3915 4928 3969 deterius
4968 3915 5144 3984 prola—

1976 3978 2215 4052 bentem,
2244 3979 2313 4032 ob
2337 3980 2648 4052 tuonastica:
2676 3980 2971 4052 disciplina:
2993 3990 3377 4052 contemptum,
3418 3978 3572 4035 omni
3591 3982 3754 4034 animi
3779 3978 4126 4036 contentione
4159 3978 4421 4052 deplorat.
4450 3986 4722 4040 lnvehitur
4751 3986 4801 4037 in
4832 3978 5141 4047 manat-hos,

1977 4047 2067 4115 qui
2092 4063 2213 4126 cum
2243 4048 2440 4126 mundo
2470 4067 2529 4126 se
2558 4043 3500 4126 nuntiunr'remisisseproﬁteantur,
3528 4053 4018 4126 mundanistamep
4054 4043 4322 4115 ﬂuctibus,
4358 4066 4410 4109 et
4444 4057 4673 4126 negotiis
4709 4054 4899 4126 irretiti
4931 4043 5146 4108 tenean-

1983 4129 2087 4172 tur.
2113 4120 2366 4195 Queritur
2396 4122 2655 4195 apnd_eos
2686 4120 2879 4195 nullius
2892 4122 3245 4195 auctoritatis
3271 4136 3389 4174 esse
3417 4121 3582 4195 leges,
3602 4132 3671 4195 et
3708 4122 3952 4195 instituta
3976 4121 4197 4195 Patrum
4220 4142 4241 4195 γε
4276 4126 4473 4193 quippe
4497 4120 4617 4179 cum
4654 4124 4954 4195 pernniam,
4984 4141 5142 4192 quam

1978 4203 2218 4243 seorsum
2254 4188 2449 4265 habere
2477 4191 2574 4244 sub
2605 4190 2903 4265 gravissimi
2922 4191 3204 4265 sacrilegii
3259 4206 3412 4265 poma
3460 4188 3839 4265 prohibentur,
3886 4193 4023 4265 nihil
4071 4194 4228 4265 veriti
4271 4188 4460 4265 singuli
4496 4188 4820 4263 possideant,
4859 4204 4912 4248 et
4941 4188 5138 4265 passim

1987 4258 2571 4333 quati-antiﬁxaggerat
2591 4258 3190 4333 earumdemlevitatein
3213 4270 3267 4316 et
3293 4258 3728 4333 inconstantiam,
3754 4264 3896 4331 quod
3926 4279 4028 4315 non
4053 4265 4103 4316 in
4133 4263 4284 4325 cella,
4312 4258 4381 4318 of
4399 4258 4615 4325 debent,
4640 4258 4986 4333 permaneant
5013 4283 5025 4316 :
5050 4264 5143 4318 sed

1978 4330 2183 4401 passim,
2211 4328 2406 4396 ubique
2454 4342 2766 4401 evagentur,
2812 4332 2950 4384 unde
2985 4329 3076 4384 ﬁat
3122 4340 3181 4385 ut
3217 4333 3269 4384 in
3304 4332 3619 4401 gravissima
3652 4328 3868 4398 peccata
3910 4334 4278 4400 prolabantur.
4318 4328 4948 4401 Detestatur'superhiam
4974 4344 5026 4386 et
5057 4349 5143 4386 ιιι-ο

1978 4400 2301 4474 rogantiam,
2327 4400 2466 4466 quod
2498 4402 2754 4470 speciosis
2783 4402 3019 4474 vestibus
3050 4410 3287 4467 utantur,
3318 4400 3578 4474 quodque
3613 4402 3722 4456 sint
3752 4404 4023 4471 popularis
4060 4419 4204 4458 aura:
4240 4420 4334 4474 per
4358 4406 4534 4458 t’ictam
4560 4400 4881 4474 probitatem
4919 4403 5140 4457 aﬂ‘ecta-

1978 4467 2327 4543 tores.__Tum
2374 4467 2625 4526 externas
2672 4471 3052 4543 occupationes
3097 4481 3151 4525 et
3197 4467 3537 4543 saecularium
3591 4467 3926 4542 negotiorum
3973 4476 4158 4538 moles,
4214 4467 4406 4543 quibus
4457 4491 4514 4528 se
4560 4467 4856 4543 implicant,
4888 4474 5141 4543 graphice

1894 4586 1900 4589 ,
1979 4538 2256 4612 describit,
2305 4549 2359 4593 et
2405 4550 2529 4595 ante
2567 4543 2749 4598 oculos
2780 4538 2950 4612 ponit.
2992 4539 3227 4595 Tandem
3271 4541 3547 4596 concludit
3585 4538 3814 4596 eosdem
3834 4545 4145 4607 obsecrans,
4183 4538 4245 4597 ut
4265 4545 4309 4598 si
4337 4561 4447 4600 suae
4476 4538 4666 4599 salutis
4697 4538 5134 4604 curam'ha'bent,

1975 4611 2193 4731 ῗιιιμίηῖ)
2239 4623 2297 4662 se
2338 4625 2366 4663 a
2415 4614 2608 4668 saeculo
2664 4611 3006 4676 subtraham,
3056 4621 3109 4666 et
3147 4627 3206 4667 re
3255 4614 3400 4683 ipsa,
3450 4627 3559 4668 non
3602 4614 3961 4682 specietenus,
4010 4631 4066 4670 se
4113 4617 4311 4670 mundo
4357 4615 4637 4671 abdicasse
4678 4613 4928 4669 omnibus
4960 4613 5138 4684 palam

1999 4693 2150 4731 30ml]
2181 4721 2193 4731 .

1999 4689 2193 4735 actant.

2420 4858 2647 4915 CAPUT
2685 4859 2969 4914 PRIMUM.
3142 4898 3145 4901 -
3504 4863 3549 4925 C
3580 4854 4065 4925 collapsusjaceat,
4089 4858 4180 4911 sed
4208 4856 4369 4910 etiam
4400 4856 4511 4926 ipsa
4538 4855 4833 4911 monastica
4865 4853 5140 4924 disciplina

2093 4943 2341 5009 Queritur
2362 4948 2423 5000 de
2448 4951 2749 5004 nionustica:
2793 4951 3083 5019 disriplinw
3111 4951 3283 5019 lapsu.

1978 5033 2055 5088 De
2104 5047 2415 5107 contemptu
2452 5042 2630 5094 saeculi
2671 5042 2845 5110 hujus,
2894 5042 3090 5098 fratres
3139 5043 3462 5106 charissimi,

1908 5126 2098 5180 Albiso
2145 5129 2390 5185 videlicet
2443 5133 2768 5187 venerabilis
2815 5135 3063 5200 eremita,
3104 5144 3159 5189 et
3201 5133 3358 5190 Petre
3404 5134 3471 5190 de

1910 5219 2094 5272 mundi
2123 5220 2337 5273 rhetore
2364 5222 2471 5289 jam
2494 5222 2694 5277 Christi
2735 5224 3068 5295 philosophe,
3095 5240 3257 5295 saepe,
3289 5236 3348 5280 ut
3377 5241 3475 5281 no.

1914 5307 2038 5372 stis,
2083 5308 2335 5363 familiari
2384 5311 2612 5380 quodam
2654 5313 2829 5367 studio
2862 5313 3136 5384 disputare
3165 5315 3329 5380 soliti,
3364 5326 3474 5369 tum

1912 5399 1978 5453 de
2033 5409 2213 5452 nostra
2270 5402 2506 5472 ipsorum
2558 5403 2961 5471 imperfectioue
3009 5406 3299 5471 doluimus,
3362 5414 3474 5460 tum

1909 5488 2073 5541 etiam
2095 5487 2159 5540 de
2178 5490 2446 5544 nonnullis
2473 5490 2630 5557 huius
2660 5507 2827 5547 sacra:
2860 5495 3065 5550 militia:
3099 5495 3356 5550 fratribus
3382 5510 3478 5564 per

1912 5580 2139 5647 abrupta
2192 5582 2505 5647 vagantibus
2545 5585 2823 5653 conqueSti
2875 5602 3079 5642 sumus.
3131 5589 3210 5642 Ad
3263 5598 3470 5642 tantam

1914 5670 2105 5737 quippe
2149 5669 2330 5723 {secem
2379 5673 2614 5739 quotidie
2643 5682 2936 5747 semetipso
2976 5678 3212 5735 deterior
3241 5682 3472 5736 mundus

1916 5759 2018 5813 istc
2057 5759 2374 5826 devolvitur,
2418 5774 2475 5817 ut
2515 5781 2617 5819 non
2659 5767 2828 5822 solum
2858 5768 3141 5838 cujuslibet
3161 5774 3273 5828 sive
3304 5790 3473 5830 saecu-

1914 5852 2066 5922 laris,
2099 5855 2207 5911 sive
2229 5856 2606 5917 ecclesiasticae
2638 5862 2961 5922 conditionis
2984 5865 3120 5926 ordo
3140 5881 3172 5925 ι
3198 5877 3342 5926 statu
3377 5885 3472 5926 suo

3580 4947 3876 5011 soloteaus,
3909 4955 3966 5000 ut
3997 4947 4065 5000 ita
4092 4947 4340 5008 dixerim,
4382 4947 4657 5011 reclinata,
4706 4947 4775 5000 ab
4817 4958 5028 5012 assueta
5053 4945 5140 5000 illa

3577 5037 3916 5091 celsitudinis
3955 5051 4063 5090 θυῖε
4094 5036 4424 5105 perfectione
4468 5036 4793 5106 languescat.
4838 5035 5004 5090 Periit
5046 5050 5143 5106 pn-

3577 5131 3694 5191 dor,
3730 5129 3985 5183 honestas
4022 5129 4262 5192 evanuit,
4300 5128 4486 5199 religio
4509 5129 4721 5192 cecidit,
4749 5137 4803 5180 et
4832 5127 4970 5181 velut
5000 5129 5143 5183 facto

3576 5222 3788 5290 agmine
3833 5222 4071 5274 omnium
4119 5229 4428 5275 sanctarum
4474 5220 4733 5273 virtutum
4780 5219 4929 5272 turba
4958 5218 5142 5288 procul

3581 5313 3861 5367 abscessit.
3921 5310 4123 5367 Omnes
4179 5311 4321 5366 enim
4376 5324 4493 5379 qua:
4544 5325 4640 5364 sua
4688 5319 4846 5374 sunt,
4899 5319 5144 5377 quaerunt

3584 5403 3839 5476 (Philipp.
3867 5405 3953 5473 ιι),
4006 5412 4059 5458 et
4107 5411 4418 5473 contempto
4459 5400 4664 5456 ccelesti
4708 5401 4993 5465 desiderio,
5035 5409 5142 5456 ter-

3584 5511 3695 5550 ram
3748 5496 4127 5550 insatiabiliter
4172 5495 4574 5565 concupiscunt.
4628 5492 4695 5548 Et
4737 5494 4859 5563 quia
4891 5491 4990 5546 sub
5029 5493 5141 5562 ipso

3581 5588 3765 5642 mundi
3813 5587 3919 5641 fine
3965 5586 4304 5656 postmodum
4333 5585 4539 5640 inhiare
4560 5600 4662 5638 non
4692 5583 4962 5645 desinunt,
4989 5582 5142 5652 quasi

3581 5690 3701 5750 post
3729 5681 3834 5736 alta
3869 5681 4043 5752 pelagi
4069 5681 4123 5735 in
4153 5680 4304 5735 littus
4332 5678 4526 5742 evecti,
4556 5688 4752 5734 terram
4783 5677 5004 5746 remigio
5031 5677 5142 5731 ina-

3583 5776 3726 5829 niter
3760 5775 3999 5844 pulsant,
4044 5775 4168 5829 dum
4196 5775 4372 5829 adhuc
4396 5774 4704 5843 pervicaces
4725 5774 4978 5843 navigare
5003 5772 5143 5828 testi-

3584 5877 3735 5922 nant.
3770 5868 3984 5923 Etcum
4020 5864 4300 5922 laborandi
4327 5866 4449 5923 ﬁnis
4470 5865 4656 5937 procul
4687 5866 4850 5922 dubio
4873 5866 5027 5935 quies
5049 5864 5141 5938 sit,
