2696 3282
335 186 385 219 /
459 180 461 182 .

302 296 401 332 qubus
419 294 494 323 ultro
515 294 670 330 quiescendi
687 294 762 322 locus
775 294 897 327 oﬂ'ertur,
919 304 1087 331 supervacuo
1103 300 1127 328 Α
1140 296 1269 323 fcnsionis
1294 302 1351 323 arte
1377 295 1569 330 purgaliimus?
1594 295 1651 321 iluc
1674 294 1780 321 accedit
1792 294 1865 329 quod
1881 292 1935 327 illi,

304 341 405 370 littoris
419 341 513 369 studio
530 340 676 376 ptenaliter
690 341 849 376 fatigantur.

615 396 729 424 CAPUT
749 397 778 423 [Ι.

304 441 344 469 De
367 442 510 473 monac/iis,
534 441 578 476 qui
603 442 637 467 ad
660 450 700 473 ea,
727 451 784 476 qua:
810 449 976 476 renquerant,
1007 452 1090 469 retier-

646 482 744 502 (untur.

341 521 394 549 Sed
410 526 479 553 esto,
496 526 525 548 ut
540 521 586 549 lilii
603 522 681 555 hujus
701 524 790 550 szeculi
807 525 833 550 in
849 524 990 559 fluctivaga
1008 533 1088 551 δειξριι-

301 564 399 593 larium
413 566 591 601 procellarum
608 567 782 594 inundatione
803 575 955 600 versentur,
974 575 999 596 et
1018 578 1089 596 nunc

302 611 415 643 semina,
437 611 536 646 quibus
561 614 718 647 propensius
736 614 917 645 oblectamur,
935 620 1087 649 aspergunt,

301 662 332 683 ut
348 665 399 683 non
422 664 490 691 quas
506 657 651 689 voluerint,
680 660 848 692 postmodum
872 660 963 694 fruges
976 666 1085 687 metant.

300 701 371 734 Quid
392 701 463 728 enim
485 702 560 732 mihi,
584 702 660 735 juxta
684 703 852 737 Apostoium,
875 705 906 731 de
929 706 969 732 his
993 708 1036 739 qui
1062 707 1086 732 in

298 746 401 774 mundo
422 752 495 779 sunt,
515 747 656 782 judicare?
678 748 703 783 (1
720 748 781 775 Cor.
796 750 833 784 v.)
847 750 899 776 Nos
922 756 1023 782 autem,
1042 751 1085 784 qui

301 792 395 819 mundi
410 793 660 821 abrenttntiationes
675 794 801 827 dicimur,
814 797 858 830 qui
875 802 974 824 terreni
990 798 1086 824 ﬂuctus

298 839 469 874 naufragium
491 841 610 867 evasisse
629 840 788 875 gloriamur,
803 849 851 867 cur
864 843 895 868 ad
910 843 971 868 illud
987 843 1084 873 denuo,

299 884 457 921 voluta“
465 886 582 920 quodam
595 887 696 913 vertice
708 887 840 913 violenter
848 888 1008 914 absorhrntc
1019 889 1086 914 rela-

298 929 407 956 bimur?
417 929 471 957 Cur
481 931 515 962 ad
527 938 569 962 ea,
580 938 639 964 quae
654 939 702 966 pro
716 932 805 958 divino
817 940 907 959 amore
922 934 1083 968 contenipsr

296 982 368 1006 mus,
391 975 555 1010 retrogradis
572 976 690 1002 nitentes
705 977 851 1010 gressibus,
877 978 945 1003 male
961 979 1084 1004 :rstuanti

296 1019 431 1047 desiderio
454 1020 624 1048 recalemus?
637 1021 691 1048 Cur
714 1030 766 1049 non
789 1029 912 1048 veremur
930 1023 991 1048 illud
1009 1024 1084 1050 inho—

295 1069 380 1093 nestae
398 1067 556 1094 ambitionis
580 1068 785 1101 importunitate
804 1074 934 1102 repeti-re,
951 1071 1021 1102 quod
1036 1078 1083 1095 nc-

294 1119 351 1146 que
367 1116 475 1140 terrena
494 1111 566 1146 jura,
589 1120 676 1147 neque
690 1114 785 1140 divinte
800 1113 865 1146 legis
882 1115 1026 1139 auctoritas
1040 1122 1081 1140 ιυ-

296 1162 384 1184 tuerat
407 1158 564 1192 possidere?
588 1158 672 1185 Porro
695 1166 744 1185 nos
770 1158 893 1190 fecimus,
921 1163 948 1184 ut
971 1167 984 1185 a
1007 1159 1083 1185 nobis

291 1203 363 1238 juste
377 1210 499 1238 possessa
511 1204 566 1237 jam
582 1210 673 1231 nostra
690 1212 741 1230 non
759 1205 862 1235 tierent,
881 1210 907 1230 et
923 1211 982 1238 quae
998 1204 1082 1229 nostri

290 1249 361 1285 juris
381 1254 468 1283 erant,
496 1250 523 1277 in
544 1250 662 1277 alienum
679 1250 829 1278 dominium
845 1250 974 1277 translata
989 1250 1082 1284 prodi-

293 1299 364 1322 rent.
379 1294 454 1328 Quod
469 1303 534 1330 ergo
547 1296 690 1322 consilium
713 1295 765 1323 fuit
784 1296 811 1323 in
831 1300 885 1322 tam
900 1295 1082 1329 periculosum

293 1333 472 1375 nosmetipsos
490 1345 628 1368 certamen
643 1340 788 1373 adducere,
805 1346 836 1368 ut
850 1345 943 1368 contra
959 1341 1080 1368 omnium

291 1385 469 1412 humanarum
496 1386 704 1421 divinarumque
725 1386 814 1421 legum
828 1385 948 1419 decreta,
966 1393 1080 1421 quarum

291 1431 415 1459 videlicet
426 1440 491 1467 pace
502 1432 668 1466 fruebamur,
678 1441 749 1461 nunc
760 1440 873 1461 necesse
882 1433 919 1460 sit
931 1432 1081 1460 dimicare?

290 1476 345 1504 Nos
360 1477 491 1512 siquidem
505 1478 617 1504 minime
637 1477 755 1505 lacessiti
779 1479 902 1506 ultronea
926 1478 1080 1505 temeritate

289 1522 389 1551 bellum
414 1523 556 1556 movimus,
579 1527 607 1551 et
627 1531 698 1551 nunc
717 1527 811 1552 contra
836 1531 920 1552 sacrae
933 1523 1080 1559 Scriptura

288 1569 436 1595 sententias
450 1568 595 1604 confligere
610 1576 663 1596 non
678 1569 816 1597 timemus.

591 1622 703 1651 CAPUT
721 1623 762 1651 ιιι.

288 1667 365 1700 Quod
384 1668 469 1695 minus
485 1674 652 1703 peccaverunt
671 1669 798 1700 Ananiae,
813 1673 837 1695 ot
857 1667 980 1703 Sapliira,
995 1677 1074 1704 quam

460 1704 590 1735 monac/ti,
601 1706 644 1739 qui
655 1704 778 1739 pecunias
790 1703 895 1731 habent.

320 1748 397 1783 Quis,
412 1756 487 1785 rogo,
502 1750 634 1777 Ananiam
650 1754 678 1777 et
702 1749 846 1785 Sapliiram
861 1750 943 1778 rebus
956 1751 1074 1786 propriis

284 1795 475 1823 abrenuntiare
491 1796 594 1831 coegit?
617 1796 685 1831 (Act.
698 1795 736 1831 v.)
761 1795 813 1823 Sed
830 1797 893 1831 quia
909 1801 1012 1831 partem
1026 1803 1073 1831 pe-

284 1840 371 1867 cuniae
385 1844 496 1875 uterque
515 1848 563 1875 pro
579 1840 751 1869 sustentanda
776 1841 853 1876 quasi
869 1841 947 1876 longa
960 1842 1014 1869 vita
1031 1849 1074 1868 re-

284 1886 375 1919 tinuit,
391 1887 536 1922 repentinae
558 1887 654 1915 mortis
675 1887 836 1915 sententiam
857 1895 910 1916 non
926 1888 1023 1916 evasit.
1039 1887 1073 1915 Et

283 1933 347 1968 quia
355 1940 522 1968 nequaquam
527 1932 604 1967 juxta
612 1933 864 1961 abrenuntiatorum
876 1933 995 1968 regulam
1006 1940 1072 1961 cott-

285 1977 351 2005 tenti
369 1981 431 2005 sunt
449 1976 635 2011 vivere,juxta
649 1979 887 2013 prteVaricatorum
903 1978 1072 2006 animadver-

282 2021 387 2049 sionem
407 2022 492 2049 coacti
506 2027 571 2050 suut
591 2022 735 2051 immaturo
755 2023 828 2051 exitu
841 2022 985 2051 infeliciter
998 2023 1071 2058 expi-

283 2073 355 2094 rare.
369 2066 402 2093 Et
414 2067 519 2101 quidem
532 2067 582 2100 illi,
596 2071 688 2102 utpote
700 2068 789 2100 rudes,
802 2073 829 2096 et
843 2069 877 2096 ad
891 2068 971 2096 ﬁdem
982 2068 1070 2096 denuo

282 2111 429 2143 venientes,
446 2112 559 2138 necdum
583 2113 697 2140 fortasse
721 2113 754 2140 ad
780 2113 887 2148 plenum
911 2113 1069 2148 evangelica

281 2161 415 2192 prmcepta
429 2157 587 2189 didicerant,
604 2158 717 2185 necdum
743 2159 813 2186 sacri
837 2166 914 2186 novat
939 2158 1070 2187 doctrinm

281 2202 388 2230 codices
402 2202 433 2229 ad
456 2202 591 2237 publicum
606 2202 632 2229 in
647 2210 788 2230 commune
802 2208 988 2239 processerant
1001 2212 1008 2236 ;
1030 2207 1070 2230 at-

282 2251 372 2274 tamen
385 2247 430 2281 qui
447 2240 472 2275 in
489 2247 545 2281 ipso
561 2247 621 2274 lidei
645 2248 770 2276 tirocinio
785 2249 984 2283 quodammodo
1006 2248 1069 2276 sim-

281 2292 388 2327 pliciter
401 2298 589 2327 peccaverunt,
606 2294 729 2322 districto
743 2295 863 2329 quidem,
880 2296 926 2323 sed
942 2296 986 2330 pio
997 2295 1069 2330 judi-

280 2339 336 2371 cio,
346 2339 412 2372 sola,
426 2343 455 2366 ut
464 2340 611 2373 credimus,
626 2345 689 2369 sunt
698 2349 840 2376 corporum
854 2347 941 2370 morte
951 2343 1066 2370 multati.

281 2384 336 2412 Nos
351 2389 450 2417 autem,
466 2385 511 2420 qui
526 2391 622 2413 cuncta
638 2387 709 2414 sacri
724 2387 823 2422 eloquii
838 2388 973 2416 volumina
989 2390 1067 2416 novi-

281 2437 350 2462 mus,
366 2430 413 2464 qui
430 2430 665 2459 innumerabilium
684 2438 848 2469 ,sanctorum
870 2434 981 2461 Palmm
997 2436 1067 2463 vitas

279 2480 362 2509 atque
374 2480 505 2510 praecepta
521 2481 581 2511 post
605 2476 671 2504 illud
692 2484 803 2505 aureum
818 2479 1000 2513 apostolorum
1015 2487 1066 2507 saa-

279 2520 369 2548 culum
390 2522 574 2555 esistentium,
590 2530 645 2557 prte
659 2523 745 2551 oculis
768 2523 876 2551 assidua
897 2525 1065 2553 discussione

278 2573 416 2594 versamus
429 2587 436 2600 ,
461 2572 523 2595 ante
543 2568 660 2596 tribunal
686 2569 787 2597 Christi
803 2569 866 2604 quid
881 2571 1065 2599 excusationis

277 2612 434 2644 obtendere,
449 2613 520 2647 quod
544 2615 772 2649 tergiversationis
787 2620 973 2650 argumentum
989 2622 1065 2651 pote-

279 2659 362 2686 rimus
378 2659 516 2686 invenire?
539 2659 608 2688 Ecce
629 2660 707 2696 longe
730 2661 879 2689 nobiliores
895 2667 1024 2696 quaastus,
1039 2666 1067 2691 et

277 2703 351 2732 lucra
365 2711 482 2740 quaeque
497 2709 603 2734 terrena
618 2714 672 2735 non
694 2707 776 2735 modo
791 2708 957 2743 reliquimus,
974 2709 1021 2736 scd
1037 2713 1065 2737 et

276 2755 435 2786 perpetuam
457 2757 550 2778 eorum
584 2752 845 2780 abrenuntiationem
870 2761 922 2781 non
947 2754 1062 2787 homini,

275 2795 321 2823 sed
335 2794 392 2823 Deo
402 2794 493 2830 potius
508 2796 621 2829 professi
644 2804 747 2826 sumus.
768 2797 797 2826 Si
816 2806 880 2834 ergo
893 2799 981 2826 adhuc
994 2808 1063 2827 mar-

273 2842 351 2877 supio
365 2846 461 2869 nostro
482 2849 607 2871 nummus
623 2843 778 2877 includitur,
794 2845 815 2872 si
833 2846 866 2872 ad
890 2846 988 2873 interni
1005 2854 1062 2881 spe-

272 2887 386 2915 ctatoris
401 2885 526 2921 iniuriam
542 2889 737 2923 quantumlibet
760 2891 881 2925 pecuniae
897 2897 1061 2925 reservatur,

270 2933 336 2971 quid
351 2932 392 2962 illi
413 2933 442 2961 in
457 2933 591 2963 reddenda
609 2936 713 2965 ratione
728 2936 866 2967 dicemus?
881 2945 935 2974 qua
954 2945 1004 2968 nos
1019 2939 1064 2968 de-

765 238 885 271 QPUSC.
908 239 963 267 XII.
980 255 1012 260 —
1032 239 1304 272 DE.CONTEMPTU
1326 240 1459 269 SAICULI

1966 32 1971 33 ν
2015 15 2331 50 *ξς-θὴν,μῄ
2361 34 2374 38 -

123 53 163 66 νγ
268 60 272 61 ν
1749 68 1763 75 π
1859 50 1962 81 -~.v-,'
1992 59 2313 91 λτξμλζηξττ
2341 65 2355 71 ~

1880 236 1936 266 254

1145 344 1288 369 vacillante
1304 343 1391 369 adhuc
1408 342 1468 372 fide,
1487 343 1511 367 in
1529 341 1601 367 nulla
1624 340 1783 367 videbantur
1808 340 1933 367 ecclesia‘

1143 388 1207 413 stica
1223 395 1300 421 posse
1312 387 1506 413 sustentationc
1519 386 1671 414 confidere;
1687 385 1814 411 nimirum
1830 385 1891 411 dum
1907 385 1932 411 in

1143 433 1199 466 ipso
1229 433 1387 459 tiliristianm
1411 431 1550 464 religionis
1584 431 1694 457 exordio
1730 430 1793 464 ipsze
1826 437 1933 464 quoque

1142 477 1267 503 Ecclrsa:
1291 477 1403 504 necdum
1427 476 1531 503 fuerant
1556 483 1603 510 per
1629 475 1769 502 materiale
1789 476 1931 503 mdiﬁcium

1140 523 1240 549 fabrica
1247 529 1288 549 tua.

1176 568 1229 593 Nos
1244 572 1344 597 autem,
1359 568 1403 600 qui
1420 567 1518 600 ubique
1542 571 1673 593 terrarum
1700 571 1752 592 tam
1780 565 1930 599 largissima

1141 612 1313 639 dCt‘iCSlLll'lln)
1332 613 1491 646 patrimonia
1513 612 1657 642 cernimus,
1675 617 1703 638 ut
1723 610 1852 645 quotidie,
1867 611 1930 637 dum

1141 659 1255 684 mundus
1273 658 1413 684 imminuta
1434 659 1604 692 possessione
1620 657 1797 689 contrahitur,
1811 657 1931 683 Ecclesia

1140 703 1323 735 copiosissime
1348 703 1489 732 dilatetur;
1517 702 1538 728 si
1562 707 1686 735 tauquam
1710 702 1741 728 de
1768 701 1865 727 futuris
1886 700 1932 727 ali-

1140 749 1237 774 mentis
1260 748 1362 774 lucrum
1385 748 1492 774 carnale
1520 748 1695 781 reponimus,
1720 748 1782 773 dum
1808 748 1884 773 nobis
1903 747 1928 773 in

1139 799 1274 827 ptialCllilll
1292 793 1458 827 providendo
1481 794 1646 824 dilescinttls,
1666 794 1791 819 thesauro
1806 792 1866 818 ﬁdei
1881 799 1930 818 nos

1139 849 1237 867 var-uos
1254 849 1313 867 csse
1339 846 1529 867 monstramus.
1545 839 1627 874 246
1644 839 1678 865 De
1695 846 1747 872 quo
1760 838 1904 872 Apostolus
1922 846 1928 864 :

1141 896 1149 911 ι
1168 886 1310 917 llalwmus,
1328 887 1423 920 inquit,
1441 887 1597 913 thesaurum
1612 886 1692 912 istum
1714 886 1739 911 in
1755 886 1826 912 vasis
1844 884 1931 911 ﬁctili-

1138 933 1187 959 bus
1203 932 1243 965 (Il
1257 932 1317 958 Cur.
1334 936 1380 966 tv).
1398 942 1406 957 ι
1435 932 1467 958 Et
1490 933 1551 958 dum
1575 932 1725 958 cautionem
1740 952 1746 963 ,
1771 938 1850 965 quam
1866 937 1927 956 cttm

1101 970 1123 999 Β
1138 977 1245 1002 (ᾼΙιισὶδιυ
1271 977 1429 1010 νιιιιὶριιιιιιε,
1448 976 1604 1011 frangimus,
1629 977 1734 1004 violata:
1755 976 1816 1003 ﬁdei
1840 975 1929 1010 pOIiIIt

1138 1026 1271 1047 tormenta
1290 1026 1418 1053 metuere,
1436 1030 1517 1055 qllillll
1534 1022 1641 1055 ιιι-ιριιιίιι
1666 1029 1809 1056 IiUSSlHIIUS
1825 1023 1857 1047 de
1883 1028 1928 1047 ιιο-

1136 1071 1189 1092 stra
1217 1067 1393 1093 conuersione
1420 1074 1539 1100 sperare.
1569 1067 1595 1092 ln
1624 1068 1803 1094 conventione
1828 1066 1927 1093 clcnim

1135 1112 1215 1144 pacti,
1232 1112 1302 1144 quod
1317 1112 1387 1138 inter
1400 1111 1467 1138 duos
1484 1112 1524 1142 lit,
1537 1112 1689 1145 sponsionis
1703 1120 1753 1138 vox
1767 1119 1799 1138 ex
1814 1116 1927 1144 utraque

1134 1161 1211 1189 parte
1225 1158 1345 1190 procedit
1365 1166 1370 1183 :
1390 1163 1417 1183 ut
1433 1158 1559 1184 nimirum
1581 1158 1715 1189 uici-libet,
1738 1159 1783 1191 qui
1802 1157 1926 1184 condicta

1135 1203 1302 1232 servitu-rit,
1329 1203 1436 1228 modum
1464 1203 1601 1230 deliberati
1628 1203 1731 1230 fructus
1756 1203 1886 1237 accipiat;
1912 1210 1927 1229 c

1134 1251 1229 1273 contra
1255 1246 1300 1279 qui
1326 1250 1511 1282 transgressus
1535 1247 1637 1280 fuerit,
1657 1248 1793 1283 iacturam
1821 1247 1926 1274 violata:

1134 1290 1285 1324 sponsionis
1301 1290 1433 1318 incurrat.

1168 1335 1195 1362 In
1209 1336 1333 1370 pactione
1346 1340 1436 1363 autem
1451 1335 1506 1369 illa,
1520 1344 1574 1372 qua
1589 1344 1650 1364 cum
1677 1336 1731 1365 Deo
1747 1342 1839 1364 nostro
1860 1345 1926 1364 con-

1132 1383 1274 1415 venimus,
1299 1390 1350 1409 vox
1377 1387 1468 1410 nostra
1489 1384 1547 1412 haec
1567 1383 1661 1419 procul
1685 1384 1765 1411 dubio
1789 1383 1925 1418 fuit,quia

1132 1426 1268 1455 Christum
1303 1433 1468 1462 sequentes,
1491 1429 1641 1461 mundum,
1667 1433 1695 1456 et
1726 1436 1838 1464 quicque
1861 1433 1926 1456 sunt

1131 1475 1235 1508 mundi.
1251 1475 1443 1503 abrenuntiare
1459 1476 1642 1511 promisimus.
1659 1476 1753 1503 Divina
1766 1479 1855 1502 autem
1871 1481 1922 1503 vox

1130 1526 1329 1557 consequenter
1352 1523 1387 1549 ad
1411 1521 1463 1549 ista
1485 1521 1623 1557 respondit
1643 1531 1650 1549 :
1674 1522 1800 1553 «Amen,
1826 1521 1923 1556 inquit,

1131 1568 1193 1596 dico
1207 1569 1295 1602 vobis,
1311 1569 1373 1603 quia
1388 1576 1435 1596 vos
1448 1569 1494 1603 qui
1508 1568 1593 1596 secuti
1616 1569 1683 1596 estis
1699 1576 1751 1600 me,
1768 1568 1794 1595 in
1811 1575 1920 1602 regene-

1131 1614 1236 1642 ratione
1248 1622 1310 1643 cum
1323 1615 1422 1642 sederit
1436 1614 1521 1642 Filius
1541 1614 1659 1642 hominis
1674 1614 1700 1641 in
1715 1614 1779 1641 sede
1794 1612 1918 1647 majesta-

1089 1644 1111 1675 Ο
1127 1661 1162 1688 tis
1177 1669 1243 1692 suae,
1259 1661 1386 1688 sedebitis
1402 1665 1430 1688 et
1452 1668 1500 1689 vos
1522 1668 1604 1696 super
1626 1660 1704 1688 sedes
1721 1659 1863 1687 duodecim
1875 1659 1921 1693 ju-

1126 1705 1249 1733 dicantes
1269 1706 1411 1733 duodecim
1433 1706 1521 1733 tribus
1543 1705 1624 1733 Israel
1648 1704 1755 1740 (Matth.
1769 1703 1838 1738 xu).
1853 1712 1863 1729 ›
1887 1703 1921 1730 Et

1125 1751 1177 1778 hoc
1192 1751 1312 1786 quidem,
1326 1751 1348 1778 si
1363 1752 1507 1786 proposita:
1520 1751 1673 1786 sponsionis
1685 1751 1747 1786 jura
1763 1757 1918 1782 servamus;

1125 1797 1244 1832 alioquin
1256 1797 1278 1824 si
1294 1801 1354 1832 post
1365 1802 1440 1831 terga
1454 1796 1625 1831 respicimus,
1639 1796 1759 1824 terribile
1774 1802 1835 1822 mox
1858 1802 1918 1822 ora-

1124 1841 1215 1869 culum
1230 1842 1327 1869 divinze
1341 1833 1562 1869 commorationis
1577 1841 1703 1868 audimus
1718 1849 1725 1867 :
1744 1849 1754 1866 ι
1768 1839 1863 1872 Nemo,
1878 1839 1918 1867 in-

1124 1888 1193 1922 quit,
1209 1889 1321 1916 mittens
1336 1896 1443 1916 manum
1464 1896 1542 1916 suam
1561 1888 1595 1915 ad
1613 1893 1733 1915 aratrum
1747 1908 1755 1921 ,
1781 1892 1809 1915 et
1831 1887 1918 1922 respi-

1123 1934 1198 1961 ciens
1211 1939 1296 1967 retro,
1319 1939 1397 1969 aptus
1412 1939 1454 1962 est
1481 1941 1564 1969 regno
1579 1933 1627 1962 Dei
1654 1933 1732 1969 (Luc.
1746 1934 1796 1969 ix).
1812 1943 1822 1959 ι
1847 1934 1916 1961 Ecce

1122 1979 1285 2012 audivimus,
1301 1980 1346 2015 qui
1361 1979 1488 2015 perfectis
1502 1979 1733 2007 rcnuntiatoribus
1744 1987 1796 2007 tton
1807 1979 1914 2014 qualia-

1122 2033 1228 2060 cunque
1241 2033 1352 2053 munera
1374 2026 1577 2061 promittuntur.
1595 2025 1642 2053 sed
1656 2025 1745 2058 sedes,
1758 2025 1858 2060 quibus
1872 2025 1913 2052 vi-

1123 2072 1222 2100 delicet
1235 2071 1535 2107 prazzidebuntjudices
1554 2071 1630 2104 facti,
1646 2072 1693 2107 qui
1713 2071 1749 2099 de
1770 2071 1827 2099 suis
1850 2071 1914 2099 olim

1121 2119 1269 2146 timuerant
1282 2118 1439 2146 excessibus
1458 2118 1586 2153 iudicari.
1600 2117 1734 2145 Nimirum
1747 2117 1870 2150 decebat.
1886 2122 1915 2145 ut

1120 2165 1178 2192 haec
1192 2165 1311 2192 dextera
1325 2164 1430 2192 Excelsi
1444 2164 1595 2192 immutatio
1617 2164 1705 2198 fieret,
1721 2169 1855 2199 quatenus
1868 2165 1914 2199 qui

1120 2217 1213 2238 amore
1224 2210 1399 2245 perfectionis
1410 2218 1459 2245 pro
1470 2210 1579 2239 Christo
1590 2209 1680 2238 effecti
1695 2215 1758 2238 sunt
1771 2218 1913 2246 pauperes,

1116 2255 1173 2291 jam
1187 2264 1248 2283 cum
1262 2257 1320 2291 ipso
1335 2256 1432 2284 divitcs
1455 2256 1518 2284 facti
1537 2257 1719 2284 communiter
1730 2256 1842 2285 sedeant
1855 2263 1912 2284 C(2-

1080 2321 1107 2352 Β
1119 2301 1196 2328 leslis
1207 2301 1289 2328 curia:
1304 2306 1454 2333 senatores,
1472 2302 1544 2329 sicut
1557 2302 1688 2337 scriptum
1704 2307 1766 2329 est:
1785 2310 1794 2327 ι
1810 2301 1914 2330 Nobilis

1120 2347 1148 2374 in
1161 2347 1245 2382 portis
1258 2347 1298 2374 vir
1307 2346 1375 2382 ejus,
1387 2355 1448 2375 cum
1462 2348 1563 2376 sederit
1573 2355 1636 2376 cum
1652 2347 1823 2376 senatoribus
1835 2353 1914 2376 terra:

1122 2393 1213 2428 (Prov.
1231 2393 1302 2429 ult.).

1426 2439 1540 2469 CAPUT
1557 2439 1601 2468 IV.

1120 2483 1196 2517 Quod
1213 2485 1356 2512 monachus
1374 2485 1489 2521 nequeat
1499 2485 1632 2514 Christum
1653 2486 1733 2514 simul
1748 2491 1772 2514 et
1786 2486 1911 2522 pecuniae

1441 2522 1583 2556 possidere.

1153 2575 1204 2610 Qui
1227 2584 1292 2605 vero
1315 2577 1349 2605 ad
1370 2584 1421 2610 ea,
1441 2585 1500 2613 quae
1516 2577 1634 2613 reliquit,
1653 2582 1759 2606 terrena
1782 2577 1910 2613 quaelibet

1118 2623 1298 2657 congerenda,
1314 2624 1471 2657 revertitur,
1495 2623 1566 2652 sicut
1586 2624 1692 2653 alienus
1705 2629 1748 2652 est
1762 2631 1777 2651 a
1799 2624 1910 2657 saeculo,

1120 2674 1173 2701 quo
1187 2675 1216 2695 se
1230 2668 1348 2695 decrevit
1363 2675 1472 2701 exuere,
1489 2669 1526 2696 ita
1547 2670 1631 2697 etiam
1655 2676 1739 2706 regno
1762 2669 1811 2697 Dei
1831 2674 1911 2704 aptos

1119 2712 1188 2739 ultra
1213 2720 1265 2740 non
1286 2717 1339 2747 est,
1353 2714 1426 2749 quod
1451 2714 1636 2742 indubitanter
1657 2718 1797 2750 acceptum
1823 2714 1911 2742 noluit

1116 2758 1266 2793 possidere.
1292 2758 1395 2786 Fatuus
1420 2759 1547 2787 nimirum
1572 2760 1674 2794 viator,
1694 2768 1746 2789 nec
1761 2768 1795 2788 co
1808 2760 1910 2789 reverti

1116 2809 1214 2838 potest,
1229 2805 1299 2832 unde
1311 2805 1524 2833 irrevocabiliter
1536 2806 1647 2841 prodiit,
1661 2811 1688 2834 et
1702 2814 1756 2842 quo
1769 2807 1807 2833 ire
1819 2807 1910 2842 dispo-

1113 2854 1215 2881 suerat,
1233 2858 1285 2876 non
1301 2850 1441 2885 pertinxit.
1458 2851 1603 2878 Enimvero
1616 2859 1679 2879 cum
1694 2852 1793 2880 mundo
1806 2859 1909 2879 renun-

1116 2896 1241 2923 tiavimus
1254 2916 1262 2929 ,
1284 2897 1478 2932 proprietatem
1503 2903 1623 2926 nostram
1639 2898 1721 2926 Deum
1736 2906 1796 2927 esse
1808 2899 1910 2926 consti-

1113 2942 1214 2971 tuimus
1229 2951 1236 2971 :
1249 2947 1279 2971 et
1290 2950 1340 2972 nos
1355 2942 1427 2972 illius
1442 2944 1594 2979 pronrietas
1605 2949 1805 2982 consequenter
1817 2945 1909 2977 euecti
