5514 6642
158 8 1428 254 V

45 6363 832 6642 5

1981 477 2086 536 255

2400 481 2458 539 S.
2497 482 2697 546 PETRI
2735 483 3013 541 DAMIANI
3049 484 3198 543 OPP.
3240 482 3473 544 TOMUS
3511 482 3640 540 εει]
3678 485 3854 542 PARS
3893 484 3974 540 111.
4017 515 4081 527 -
4121 486 4480 545 OPUSCULA
4518 483 4747 541 VARIA.

5098 477 5201 535 256

1983 607 2190 658 sumus,
2220 603 2278 649 ut
2301 604 2356 650 et
2383 596 2470 651 ille
2497 606 2641 652 esset
2676 599 2850 667 portio
2876 609 3083 664 nostra,
3110 607 3166 654 et
3193 613 3288 654 nos
3315 603 3547 667 pecutla-
3573 602 3621 658 Α
3652 597 3739 653 illa
3772 598 3968 652 malitia
4016 602 4242 655 sarcinis
4290 608 4698 669 praegravatum,
4731 606 4783 650 et
4814 594 5038 664 turpiter
5081 604 5203 649 ante

1983 679 2116 735 riter
2160 680 2441 736 haereditas
2483 699 2601 737 sua.
2649 683 2893 739 Dicimus
2923 688 3064 740 enim
3099 708 3111 740 :
3146 706 3163 739 ι
3195 687 3374 740 Portio
3401 701 3539 750 mea,

1983 768 2207 824 Domine
2234 769 2404 840 (Psat.
2439 774 2647 842 cxuu).
2687 793 2705 824 ι
2752 775 2816 828 Et
2843 775 2932 829 ille
2959 777 3112 831 nobis
3146 794 3158 828 :
3209 794 3226 826 ι
3256 778 3402 844 Opus
3428 792 3545 829 ma-

1983 875 2147 914 nuum
2181 876 2419 916 mearum
2452 873 2506 918 tu
2537 880 2616 932 es,
2649 867 2934 922 litereditas
2979 883 3095 923 mea
3122 910 3135 933 ,
3184 867 3348 922 Israel
3396 867 3541 938 (Im.

1979 951 2116 1016 xxx).
2149 971 2167 1004 ι
2221 952 2351 1008 Nam
2383 955 2447 1008 de
2478 956 2789 1011 litereditate
2837 967 3047 1012 terrena
3101 959 3360 1028 scriptum
3412 970 3494 1014 est
3528 977 3542 1014 :

1987 1056 2006 1090 ι
2042 1039 2358 1106 Haereditas,
2388 1045 2454 1098 ad
2475 1061 2636 1114 quam
2666 1047 2718 1100 in
2744 1047 3003 1115 principio
3031 1045 3334 1113 festinatur,
3371 1050 3425 1102 in
3453 1066 3547 1103 nc-

1981 1131 2218 1188 vissimis
2244 1135 2617 1192 benedictione
2645 1139 2848 1193 carebit
2892 1135 3070 1207 (Prov.
3110 1139 3220 1210 xx).
3263 1159 3281 1191 »
3332 1140 3390 1195 Si
3419 1157 3546 1212 ergo

1981 1222 2158 1288 portio
2187 1233 2369 1278 nostra
2403 1226 2515 1294 ipse
2544 1229 2878 1296 omnipotens
2920 1229 3061 1284 Deus
3110 1244 3229 1285 esse
3270 1233 3542 1302 dignatur,

1982 1312 2147 1379 quod,
2181 1328 2328 1383 rogo,
2359 1317 2660 1371 divitiarum
2693 1327 2862 1388 genus
2899 1320 3165 1387 quispiam
3211 1321 3410 1375 valebit
3458 1337 3545 1375 ac-

1982 1399 2224 1466 quirere,
2277 1405 2415 1471 quod
2465 1419 2626 1472 super
2670 1407 2811 1460 hunc
2857 1407 3184 1478 singularem
3233 1411 3543 1464 thesaurum

1982 1491 2174 1543 merito
2218 1491 2408 1546 debeat
2456 1494 2764 1550 cumulare?
2815 1494 3124 1554 Thesaurus
3173 1516 3402 1568 namque
3461 1502 3548 1557 ille

1980 1580 2284 1649 bujusmodi
2317 1593 2417 1645 est,
2447 1594 2505 1639 ut
2540 1585 2585 1639 si
2628 1587 2774 1642 solus
2803 1590 2896 1653 sit,
2927 1605 3112 1644 omnes
3141 1591 3192 1643 in
3226 1591 3316 1644 illo
3346 1592 3545 1646 divitiae

1980 1672 2192 1726 valeant
2222 1677 2484 1730 veraciter
2512 1679 2795 1746 possideri.
2830 1681 2884 1734 In
2915 1691 3130 1751 pectore
3163 1700 3397 1753 namque
3420 1686 3547 1740 Jcsu

1979 1776 2170 1816 omnes
2217 1765 2454 1820 thesauri
2505 1770 2779 1836 sapientiae
2839 1781 2892 1824 et
2958 1773 3198 1827 scientiae
3249 1774 3548 1828 absconditi

1979 1862 2102 1906 sunt
2129 1854 2350 1923 (Coloss.
2379 1857 2460 1926 η).
2497 1857 2551 1911 Si
2581 1875 2709 1913 vero
2739 1859 2872 1914 alias
2918 1861 3079 1932 247
3123 1872 3281 1932 atque
3310 1864 3549 1933 peregri-

1979 1958 2075 1996 nas
2102 1945 2314 2000 divitias
2361 1961 2522 2016 super
2555 1949 2697 2001 hunc
2730 1950 2794 2014 is,
2828 1952 2917 2018 qui
2967 1953 3189 2020 potitur,
3238 1959 3545 2022 eonstipare

1979 2033 2225 2096 voluerit,
2258 2035 2401 2090 illico
2428 2037 2547 2091 vilis
2581 2050 2739 2107 atque
2767 2039 3013 2108 ignobilis
3041 2046 3203 2111 capia:
3232 2045 3548 2111 dedignatur

1981 2122 2201 2177 omnino
2227 2126 2588 2191 consortium;
2635 2137 2689 2180 et
2716 2129 2921 2198 indigni
2948 2134 3347 2188 contubernalis
3381 2135 3547 2203 impa—

1988 2211 2148 2274 tiens,
2182 2213 2304 2266 dum
2337 2215 2554 2269 retineri
2605 2227 2846 2285 putatur,
2891 2222 3182 2286 atnittitur;
3234 2232 3396 2291 atque
3447 2226 3545 2279 hoc

1982 2299 2137 2352 modo
2187 2314 2250 2353 ex
2301 2300 2545 2356 frustrati
2608 2305 2784 2357 avolat
2857 2308 3102 2361 manibus
3152 2315 3476 2377 possessoris
3531 2331 3541 2365 :

1985 2405 2003 2438 ί
2042 2386 2206 2443 Nemo
2255 2392 2390 2444 enim
2454 2402 2630 2463 potest
2684 2394 2793 2449 Deo
2841 2397 3044 2452 servire
3109 2410 3163 2452 et
3229 2416 3543 2455 mammonae

1983 2478 2196 2544 (Matth.
2229 2495 2324 2551 vi).
2362 2501 2381 2535 ι

2051 2569 2404 2641 Quapropter,
2447 2590 2481 2629 ο
2511 2577 2789 2652 monacbe,
2832 2580 2913 2634 vis
2941 2579 2996 2633 in
3028 2589 3117 2634 tuo
3149 2580 3323 2635 loculo
3355 2598 3541 2638 recon-

1981 2663 2110 2717 dere
2137 2664 2406 2719 Christum
2425 2666 2447 2719 ?
2468 2679 2658 2723 excute
2687 2671 2837 2738 prius
2867 2687 3174 2736 nummum;
3206 2689 3377 2742 neque
3400 2677 3541 2728 cnim

1978 2753 2032 2806 in
2093 2770 2197 2807 uno
2253 2759 2588 2826 receptaculo
2650 2776 2884 2830 congrue
2943 2765 3254 2828 sociantur;
3327 2783 3447 2818 nam
3499 2767 3542 2820 si

1976 2852 2261 2914 utrumque
2309 2847 2466 2902 simul
2494 2849 2793 2912 int-luseris,
2824 2853 3047 2906 alterum
3089 2857 3205 2909 sine
3253 2857 3422 2910 altero
3454 2873 3542 2910 va-

1975 2947 2110 3005 cuus
2155 2951 2431 3003 possessor
2462 2940 2717 2995 invenies.
2752 2939 2964 3008 Quanto
3011 2946 3209 3013 quippe
3257 2946 3308 2998 in
3359 2948 3542 3014 egenis

1977 3027 2163 3080 mundi
2210 3027 2372 3082 lucris
2410 3030 2674 3098 copiosior
2712 3030 2898 3095 fueris,
2933 3042 3078 3087 tanto
3107 3051 3136 3087 a
3169 3038 3309 3088 veris
3341 3035 3541 3090 divitiis

1976 3119 2328 3172 tetatmnosius
2351 3122 2636 3175 inanescis.
2668 3121 2926 3177 Nummus
2948 3142 3071 3194 ergo
3102 3127 3141 3177 si
3167 3135 3265 3188 est,
3291 3130 3342 3181 in
3370 3130 3537 3182 aliena

1977 3208 2223 3275 protinus
2263 3210 2383 3278 jura
2433 3213 2710 3275 concedat,
2743 3222 2802 3267 ut
2847 3230 3067 3268 vacuam
3097 3219 3170 3270 tui
3202 3222 3428 3286 pectoris
3455 3236 3554 3272 ar-.

1975 3312 2094 3351 cam
2121 3298 2363 3354 Christus
2390 3301 2643 3356 inveniat.
2675 3303 2895 3376 Magnus
2923 3321 3112 3377 nempe
3148 3311 3341 3380 hospes
3377 3313 3427 3364 in
3459 3312 3538 3365 di-

1974 3389 2199 3443 versorii
2224 3391 2298 3444 tui
2321 3394 2512 3460 quaerit
2537 3405 2759 3464 angusta
2787 3397 3130 3462 descendere,
3157 3411 3314 3468 atque
3340 3402 3540 3457 idcirco

1975 3479 2122 3533 solus
2152 3481 2282 3542 vult,
2322 3491 2375 3536 et
2401 3483 2514 3537 sine
2542 3486 2879 3540 consortibus
2906 3487 3167 3542 habitare.
3200 3490 3366 3555 Quem
3395 3493 3540 3545 enim

1977 3570 2098 3624 θαέιί
2131 3580 2394 3641 terraeque
2441 3590 2543 3628 non
2579 3577 2718 3628 valet
2754 3578 2975 3632 vastitas
3005 3594 3217 3648 capere,
3249 3596 3354 3650 quo
3386 3592 3539 3650 pacto

1978 3663 2029 3714 in
2062 3663 2254 3731 exiguo
2283 3665 2358 3717 tui
2403 3665 2628 3720 domatis
2667 3668 2858 3737 angulo
2892 3671 3081 3724 niteris
3111 3673 3184 3725 illi
3229 3673 3538 3742 peregrinos

1977 3753 2042 3806 ad
2072 3754 2486 3808 cohabitendum
2519 3757 2694 3810 socios
2724 3759 3008 3813 adhibere?
3035 3759 3220 3823 Cedat,
3249 3763 3401 3815 cedat
3427 3772 3537 3817 ter-

1979 3860 2106 3897 rena
2161 3846 2406 3911 pecunia,
2446 3847 2534 3900 ubi
2582 3848 2815 3903 caelestis
2863 3851 3146 3905 thesaurus
3191 3851 3535 3908 admittitur:

1986 3952 2002 3983 ‹
2042 3935 2168 4000 Quae
2196 3938 2336 3988 enim
2370 3937 2598 3990 societas
2656 3938 2790 3994 lucis
2825 3941 2889 3994 ad
2925 3941 3202 3994 tenebras?
3228 3960 3246 3993 ι
3285 3941 3379 4008 (II
3415 3942 3536 3996 Cor.

1978 4025 2074 4095 vi.)
2103 4024 2232 4091 Quae
2259 4028 2539 4081 conventio
2563 4027 2656 4082 Dei
2697 4030 2764 4083 ad
2803 4045 3160 4084 mammonam
3203 4031 3538 4100 iniquitatis?

1976 4116 2271 4184 Abjiciatur
2299 4131 2425 4187 ergo
2476 4119 2726 4187 pecunia,
2755 4122 2975 4192 aerugini
3007 4123 3266 4191 tincaeque
3293 4133 3345 4178 et
3381 4124 3541 4179 furtis

1977 4206 2226 4260 obnoxia.
2279 4207 2446 4263 Vacet
2491 4212 2684 4264 exedra
2723 4212 2923 4275 cordis,
2952 4228 3071 4281 qua:
3114 4213 3318 4267 caelesti
3351 4216 3543 4269 merci-

1980 4299 2160 4350 monio
2187 4300 2354 4366 pOSsit
2383 4300 2587 4368 impleri
2619 4319 2632 4353 :
2666 4319 2684 4352 ι
2713 4299 2887 4355 Nolite
2908 4341 2922 4364 ,
2952 4302 3143 4365 inquit,
3177 4303 3540 4358 thesaurizare

1982 4387 2134 4441 vobis
2159 4389 2437 4444 thesauros
2461 4391 2511 4443 in
2551 4399 2712 4454 terra,
2745 4391 2832 4444 ubi
2864 4407 3044 4462 aerugo
3066 4403 3118 4447 et
3150 4392 3290 4446 tinea
3318 4393 3540 4448 demoli-

1979 4485 2087 4546 tur,
2121 4487 2177 4536 et
2206 4481 2293 4536 ubi
2329 4480 2476 4537 fures
2499 4470 2755 4537 eﬂ'odiunt
2781 4489 2834 4536 et
2863 4481 3109 4537 furantur
3137 4482 3351 4555 (Matth.
3385 4483 3479 4556 vt).
3510 4503 3530 4538 ι

2597 4592 2817 4648 CAPUT
2860 4594 2923 4650 Y.

2050 4678 2203 4746 Quod
2242 4681 2425 4736 melius
2471 4692 2545 4738 est
2582 4683 2760 4736 habita
2803 4685 3018 4740 retinere
3071 4702 3225 4756 quam
3268 4696 3468 4756 aojecta

2629 4765 2871 4806 repetere.

2629 4769 2871 4823 repetere.

2048 4838 2404 4896 Periculosior
2429 4856 2661 4911 namque
2687 4851 2769 4896 est
2811 4845 3005 4899 animm
3047 4845 3270 4915 pecunia
3306 4860 3424 4902 cum
3453 4861 3539 4902 ac-

1977 4932 2229 5001 quiritur,
2255 4948 2418 5002 quam
2444 4947 2565 4988 cum
2593 4934 2732 4989 ultro
2757 4937 3098 5006 suppeditans
3120 4940 3441 5009 possidetur.
3482 4941 3537 4996 In

1980 5023 2081 5077 ista
2113 5024 2376 5092 siquidem
2424 5036 2636 5082 terreno
2685 5043 2830 5084 more
2873 5039 2956 5084 est
2978 5031 3119 5100 justa
3168 5033 3456 5100 possessio,
3485 5034 3539 5088 in

1980 5113 2068 5168 illa
2091 5129 2216 5169 vero
2246 5115 2427 5187 feralis
2453 5131 2592 5189 saepe
2618 5129 2803 5188 regnat
2832 5119 3072 5175 ambitio.
3107 5119 3388 5176 Salubrius
3413 5137 3542 5191 ergo

1979 5203 2160 5260 fuerat
2204 5207 2389 5262 habita
2436 5211 2617 5279 quieto
2663 5213 2839 5266 animo
2883 5213 3177 5282 possidere,
3207 5231 3368 5284 quam
3397 5213 3547 5282 abje-

1979 5303 2065 5350 cta
2098 5313 2201 5352 non
2232 5299 2348 5353 sine
2368 5301 2600 5368 quadam
2628 5301 2838 5355 solliciti
2888 5303 3127 5358 rancoris
3160 5305 3429 5359 anxietate
3459 5319 3543 5358 re-

1980 5386 2214 5456 quirere.
2241 5387 2445 5442 Pudeat
2467 5403 2595 5459 ergo
2624 5398 2694 5456 te,
2726 5406 2760 5444 ο
2785 5391 2938 5447 miles
2968 5391 3191 5456 Christi,
3219 5394 3458 5462 peritura
3486 5393 3538 5447 in

1981 5476 2085 5533 hor.
2111 5477 2308 5533 satculo
2344 5477 2596 5534 facultate
2641 5482 2920 5546 ditescere,
2951 5498 3019 5538 ne
3043 5483 3096 5537 in
3125 5481 3305 5538 futuro
3330 5483 3543 5554 cogaris

1981 5567 2176 5633 nudus,
2202 5577 2256 5623 et
2281 5570 2436 5640 inops
2464 5580 2716 5640 perpetuo
2748 5574 3071 5628 mendicare.
3113 5574 3168 5627 ln
3201 5575 3321 5630 talis
3343 5576 3542 5645 quippe

1984 5657 2188 5712 militiae
2229 5675 2376 5714 arma
2423 5661 2633 5730 iurasti,
2685 5680 2801 5733 quae
2833 5665 3001 5720 nudos
3039 5673 3093 5720 et
3138 5667 3304 5732 agiles
3341 5666 3543 5736 expetit

1981 5745 2306 5814 bellatores;
2353 5762 2575 5808 onustos
2625 5763 2798 5808 autem
2833 5764 2993 5823 atque
3048 5755 3101 5810 in
3132 5754 3240 5811 Deo
3289 5770 3482 5826 segnes
3509 5768 3540 5807 a

1985 5844 2286 5899 castrorum
2311 5840 2552 5901 excubiis
2579 5842 2812 5904 donativi
2835 5853 2982 5903 arcet
3008 5845 3289 5903 immunes.
3315 5844 3542 5917 Abjurat

3651 698 3856 758 tempus
3885 692 4078 745 merito
4127 692 4377 762 subrogat
4419 691 4742 759 expeditum.
4795 688 4907 741 Non
4947 687 5070 741 licet
5099 685 5203 743 illic

3649 783 3917 850 marsupia
3971 785 4204 849 pendere
4253 799 4613 842 nummorum,
4647 781 4734 834 ubi
4773 780 4936 833 theca:
4972 788 5203 832 tantum-

3648 872 3802 923 modo
3830 871 4155 925 vibrantium
4187 881 4479 925 cernuntur
4521 885 4812 924 armorum.
4863 869 4916 921 In
4954 867 5201 922 bellicosa

3647 961 3853 1015 scilicet
3877 963 4012 1025 acie,
4049 965 4203 1015 inerti
4254 962 4491 1031 pecunia:
4539 977 4641 1013 non
4687 969 4800 1014 tuto
4831 959 5081 1015 servitur.
5115 956 5201 1010 ubi

3645 1052 3955 1118 constipatis
4003 1055 4192 1106 cuneis
4236 1055 4445 1105 assidua
4492 1051 4832 1105 dimicatione
4881 1047 5200 1118 conﬂigitur.

3647 1138 3760 1193 Non
3793 1140 3878 1193 illc
3923 1143 4211 1193 solidorum
4246 1156 4506 1194 summam
4540 1155 4760 1193 securus
4789 1146 5084 1197 enumerat,
5114 1135 5203 1201 qui

3645 1227 3970 1281 circumfua
4020 1230 4249 1281 hostium
4308 1229 4644 1281 multitudine
4705 1227 4928 1280 telorum
4987 1223 5205 1281 missilia

3647 1320 4012 1373 indesinenter
4038 1330 4332 1386 exspectat.
4359 1319 4507 1385 Saepe
4530 1331 4759 1384 namque
4788 1316 4841 1369 in
4867 1314 5058 1368 talibus
5082 1314 5204 1366 dum

3647 1409 3900 1461 talentum
3953 1409 4152 1462 metalli
4210 1408 4492 1476 cujuslibet
4540 1408 4863 1468 trutinatur,
4917 1403 5205 1473 improvisa

3646 1498 3864 1551 veniens
3893 1499 4085 1551 occulti
4115 1498 4284 1552 hostis
4309 1499 4526 1564 sagitta,
4558 1494 4835 1550 stomacho
4860 1493 5101 1546 librantis
5127 1492 5207 1546 in-

3648 1583 3859 1653 ﬁgitur;
3892 1585 4076 1653 sicque
4108 1585 4185 1648 lit,
4215 1594 4274 1637 ut
4303 1585 4392 1652 qui
4430 1584 4575 1638 solus
4605 1583 4822 1635 sibimet
4866 1581 4979 1635 sine
5011 1581 5086 1634 rei
5127 1579 5206 1635 fa-

3649 1676 3872 1729 miliaris
3917 1675 4241 1730 adminiculo
4290 1677 4508 1728 minime
4555 1675 4831 1728 videbatur
4880 1687 5034 1743 posse
5076 1669 5209 1726 sum-

3648 1781 3802 1830 cere;
3830 1765 3939 1834 jam
3964 1783 4021 1822 se
4054 1777 4106 1820 ct
4136 1785 4229 1820 sua
4285 1770 4563 1836 repentino
4590 1781 4716 1820 casu
4746 1765 4921 1836 lugeat
4951 1767 5210 1835 irrecupe-

3652 1857 3891 1910 rabiliter
3936 1859 4209 1920 amisisse;
4257 1868 4310 1912 et
4350 1860 4437 1926 qui
4492 1873 4691 1927 pauper
4738 1872 4858 1912 cum
4906 1856 5117 1910 Christo
5157 1855 5210 1909 in

3577 1932 3620 1991 Β
3649 1945 3893 2001 libertate
3925 1946 4089 2017 248
4133 1949 4452 2017 dedignatus
4480 1957 4563 2000 est
4606 1948 4805 2012 vivere,
4834 1946 4983 2000 dives
5009 1945 5208 2013 absque

3652 2037 3758 2100 illo,
3813 2040 3903 2090 sed
3953 2055 4137 2092 servus
4183 2039 4420 2106 pecunia:
4457 2037 4793 2104 compellitur
4839 2035 5214 2089 damnabiliter

3648 2126 3886 2179 interire.
3918 2128 4077 2189 Audi,
4113 2127 4238 2195 quid
4267 2127 4519 2180 divitibus
4545 2141 4646 2179 vox
4685 2125 4862 2179 divina
4891 2124 5168 2192 promittat
5193 2139 5210 2177 :

3654 2235 3669 2265 ι
3721 2216 3811 2270 Vae
3862 2219 4030 2280 vobis,
4065 2218 4276 2282 divites,
4326 2219 4448 2285 quia
4492 2216 4767 2286 recepistis
4797 2214 5214 2269 consolationem

3650 2321 3881 2360 vestram
3913 2308 4063 2373 (Luc.
4099 2311 4230 2369 xvi).
4270 2327 4286 2358 ι
4324 2307 4431 2361 Nec
4465 2319 4512 2361 te
4546 2316 4824 2375 przetereat
4847 2316 4901 2361 et
4925 2307 5045 2369 hoc,
5070 2304 5214 2374 quod

3645 2399 3875 2451 Jacobus
3925 2401 4052 2451 ὀξιὶῑ
4090 2416 4101 2450 :
4141 2419 4156 2448 ι
4193 2397 4279 2450 Vae
4311 2400 4480 2460 vobis,
4530 2398 4750 2460 divites;
4801 2396 4996 2450 divitiae
5023 2403 5215 2451 vestra

3643 2490 3955 2557 putrefactis
3989 2498 4130 2550 sunt,
4164 2489 4478 2540 \‘t‘slilllt‘llla
4523 2495 4699 2540 vestra
4730 2501 4758 2540 a
4789 2486 4946 2540 tineis
4972 2495 5212 2540 comesta

3644 2589 3791 2643 sunt,
3826 2594 4017 2630 aurum
4067 2589 4119 2631 ct
4167 2590 4444 2647 argentum
4511 2588 4744 2632 vestrum
4795 2576 5130 2646 aeruginavit,
5160 2582 5216 2630 et

3646 2686 3828 2736 aerugo
3864 2685 4047 2721 eorum
4093 2670 4143 2720 in
4178 2670 4541 2721 testimonium
4588 2669 4738 2722 vobis
4764 2668 4886 2729 erit,
4913 2677 4966 2720 et
4992 2665 5215 2720 mandu-

3644 2762 3788 2812 cabit
3816 2774 4008 2813 carnes
4042 2769 4269 2822 vestras,
4301 2760 4437 2811 sicut
4466 2758 4602 2826 ignis
4633 2757 4774 2827 (Jac.
4807 2759 4910 2826 tu).
4941 2775 4958 2807 ι

4247 2865 4471 2920 CAPUT
4538 2865 4620 2919 Vl.

3645 2960 3795 3026 Quod
3856 2977 4040 3012 avarus
4112 2958 4419 3011 nummicola
4482 2959 4650 3011 verius
4701 2973 4852 3026 quam
4905 2955 5212 3011 Christicola

4254 3039 4590 3092 nuncupetur.

3708 3120 3940 3181 Audisti,
3986 3120 4225 3179 obsecro,
4287 3117 4602 3168 nununicola
4651 3126 4706 3171 et
4753 3115 5030 3180 monache,
5081 3113 5209 3185 quid

3642 3207 3734 3261 tibi
3796 3218 3957 3261 testus
4009 3209 4246 3258 avaritia:
4299 3205 4512 3274 pariat?
4557 3205 4761 3259 Audisti
4812 3206 4876 3259 ad
4928 3219 5084 3274 quem
5143 3201 5211 3258 il-

3644 3316 3763 3352 nem
3815 3301 4040 3368 pecunia
4099 3311 4349 3367 congesta
4402 3299 4698 3367 perducat?
4750 3297 4959 3353 Iustum
5015 3297 5212 3367 quippe

3641 3398 3741 3452 est,
3789 3390 3937 3457 cujus
3986 3404 4124 3441 nune
4166 3405 4314 3442 mens
4361 3398 4542 3441 amore
4585 3388 4762 3443 carnis
4814 3388 4964 3441 ardet
4996 3387 5047 3440 in
5084 3401 5212 3444 eou-

3643 3477 4006 3545 cupiscentia,
4057 3477 4200 3530 illius
4250 3481 4584 3545 postmodum
4629 3485 4682 3530 et
4732 3477 4845 3545 ipsa
4893 3491 5018 3530 caro
5066 3490 5212 3530 com-

3639 3571 3862 3624 buratur
3913 3571 3964 3622 in
4031 3586 4207 3640 pugna.
4267 3569 4418 3623 Nunc
4469 3570 4657 3625 fornax
4716 3573 4908 3626 mentis
4957 3570 5210 3627 invisibili

3640 3667 4080 3735 concupiscentite
4129 3668 4320 3720 ardore
4383 3666 4722 3720 succenditur
4751 3705 4766 3730 ,
4818 3667 5034 3735 dignum
5083 3675 5210 3731 est,

3640 3765 3697 3809 ut
3735 3765 3859 3810 tunc
3903 3771 4115 3824 quoque
4157 3771 4282 3809 caro
4326 3756 4616 3810 materialis
4667 3755 4898 3809 incendii
4945 3756 5210 3810 ﬂammam

3642 3844 4147 3913 inexstinguibililer
4198 3847 4531 3911 depascatur.
4592 3843 4727 3897 Audi
4781 3843 4956 3898 adhuc
4990 3884 5005 3908 ,
5057 3859 5212 3898 num-

3642 3937 3871 3990 micola:
3904 3937 4043 4004 quod
4105 3943 4281 3987 autem
4333 3943 4384 3987 te
4438 3932 4814 3988 nummicolam
4877 3932 5124 4002 appello,
5179 3947 5212 3990 ι

3638 4027 3896 4097 qualitate
3950 4026 4024 4078 tui
4073 4027 4250 4094 operis
4297 4025 4614 4079 vocabulum
4679 4026 4870 4089 traho,
4921 4040 5024 4078 non
5078 4039 5213 4081 con-

3640 4117 3870 4171 tumelia:
3918 4115 3970 4169 in
4027 4124 4078 4167 te
4128 4129 4321 4167 nomen
4372 4129 4601 4182 usurpo;
4649 4128 4896 4167 nummos
4947 4112 5087 4167 enim
5121 4126 5213 4168 co-

3642 4207 3741 4271 lis,
3791 4208 3882 4277 qui
3936 4206 4215 4276 pecuniam
4273 4205 4465 4271 diligis.
4523 4205 4590 4259 Et
4636 4220 4758 4260 cum
4804 4205 5058 4262 Dominus
5116 4219 5212 4275 per

3643 4297 3963 4368 PrOphetam
4027 4299 4170 4351 dicat
4212 4316 4223 4350 :
4271 4315 4289 4348 ι
4345 4296 4540 4352 Vaeate
4587 4307 4641 4351 et
4683 4298 4896 4360 videte,
4953 4297 5209 4368 quoniam

3642 4405 3740 4457 ego
3785 4404 3905 4444 sum
3951 4390 4205 4442 Dominus
4258 4385 4428 4455 (Psal.
4479 4389 4641 4456 xtv);
4677 4406 4700 4439 ι
4757 4387 5052 4443 vacationis
5091 4386 5212 4457 qui.

3643 4481 3764 4534 dem
3821 4479 4060 4542 cultum,
4111 4494 4270 4546 quem
4325 4477 4433 4532 Deo
4483 4479 4783 4543 debueras,
4839 4477 5068 4531 nummis
5116 4489 5212 4531 ex-

3565 4610 3618 4669 D
3644 4574 3816 4635 bibes,
3863 4573 4007 4626 circa
4046 4585 4272 4640 quorum
4317 4572 4612 4625 custodiam
4655 4583 4830 4624 vacas.
4881 4586 4900 4619 ι
4929 4566 5028 4623 Ubi
5065 4566 5210 4623 enim

3641 4673 3724 4722 est
3785 4665 4067 4719 thesaurus
4117 4672 4254 4726 tuus,
4309 4663 4381 4716 ibi
4419 4673 4504 4718 est
4553 4672 4607 4718 et
4649 4677 4746 4718 cor
4805 4669 4949 4715 tuum
4996 4657 5207 4728 (Matth.

3643 4756 3740 4827 vt).
3782 4776 3800 4808 ι
3868 4755 4132 4820 Quocirca
4187 4753 4326 4808 sicut
4381 4754 4474 4823 qui
4530 4751 4802 4809 Christum
4855 4750 5033 4816 colit,
5088 4748 5212 4818 jure

3641 4846 3961 4903 Christicola
3999 4846 4232 4909 dicitur;
4276 4843 4347 4898 ita
4385 4854 4436 4899 et
4473 4843 4566 4914 qui
4615 4843 4848 4898 nummis
4892 4857 4988 4911 per
5031 4850 5210 4896 costo-

3643 4938 3784 4993 diam
3831 4937 4014 5000 servit,
4058 4952 4162 4990 non
4205 4935 4474 4989 immerito
4515 4933 4834 4989 nunnnicola
4876 4929 5207 5003 perhibetur.

3645 5027 3750 5082 Sed
3799 5027 3973 5080 adhuc
4018 5026 4248 5080 fortasse
4287 5025 4488 5093 preprli
4531 5023 4708 5079 cordis
4738 5022 4887 5093 sequi
4929 5021 5208 5076 arbitrium

3637 5119 3850 5187 judicor
3890 5157 3904 5180 ,
3975 5117 4019 5170 si
4086 5116 4461 5185 etymologiam
4519 5115 4754 5169 nominis
4818 5111 4974 5183 hujus
5041 5127 5209 5168 sacra

3644 5209 3934 5278 Scriptura:
3977 5205 4295 5260 testimoniis
4330 5220 4434 5260 non
4473 5203 4698 5258 aﬂlrmo.
4737 5202 4858 5272 Ipsa
4885 5217 5073 5272 nempe
5106 5199 5208 5256 Ve-

3644 5302 3776 5354 ritas
3823 5301 3952 5353 dicit
3993 5317 4006 5353 :
4054 5319 4070 5349 ι
4101 5297 4214 5353 Non
4261 5298 4484 5368 potestis
4531 5295 4639 5351 Deo
4675 5297 4878 5352 servire
4931 5305 4984 5349 et
5042 5310 5202 5348 mam-

3644 5407 3814 5446 monae
3835 5389 4050 5460 (Matth.
4071 5394 4175 5452 vi),
4210 5409 4228 5440 ι
4265 5405 4328 5444 ac
4355 5391 4397 5442 si
4421 5398 4604 5459 aperte
4628 5388 4770 5443 dicat
4799 5405 4812 5441 :
4841 5384 5005 5442 Nemo
5032 5394 5207 5455 potest

3644 5482 3805 5535 Deum
3836 5482 3992 5536 simul
4019 5489 4071 5534 et
4099 5480 4351 5549 pecunias
4376 5478 4570 5534 colere.
4600 5479 4750 5545 Quod
4772 5475 5054 5547 Apostolus
5087 5489 5204 5530 ma-

3642 5573 3885 5629 niiestius
3897 5576 4152 5636 declarat,
4168 5588 4286 5628 cum
4301 5574 4402 5628 ait:
4432 5592 4450 5624 ι
4477 5573 4588 5628 Hoc
4604 5583 4778 5628 autem
4794 5574 4998 5636 scitote,
5020 5571 5208 5627 intellio

3642 5673 3842 5734 gentes,
3887 5665 4027 5734 quod
4068 5663 4243 5718 omnis
4283 5663 4594 5727 fornicator,
4625 5673 4717 5719 aut
4755 5663 5074 5724 immundus,
5115 5669 5209 5717 aut

3642 5769 3874 5819 avarus,
3918 5757 4058 5826 quod
4110 5764 4192 5809 est
4240 5753 4499 5810 idolorum
4550 5756 4823 5820 servitus,
4882 5770 4988 5812 non
5044 5755 5210 5810 habet

3641 5846 4004 5904 hatreditatem
4046 5846 4101 5904 in
4142 5862 4307 5918 regno
4351 5847 4550 5906 Christi
4591 5855 4645 5904 et
4689 5845 4788 5906 Dei
4828 5844 5039 5918 (Ephu.
5079 5844 5203 5924 v).s
