5514 6648
572 618 684 679 ίδτ

1487 612 1732 672 OPUSC.
1778 612 1889 667 XII.
1934 642 2001 653 —
2038 613 2127 668 DE
2164 610 2588 671 CONTEMPTU
2630 610 2921 668 SECULI.

2287 137 2853 280 Ξ
2810 136 3299 268 κπῐᾲτάᾳψρς
3338 204 3345 207 _

2788 206 3087 219 ta..__...——---‘~r‘-'-
3120 210 3165 221 -—,b
3324 214 3339 215 ί

3764 617 3874 677 258

563 737 670 793 Tot
712 746 841 804 ergo
895 728 1215 785 criminibus
1272 726 1591 797 simpliciter
1650 726 1983 780 enumeratis
2033 725 2158 779 dum
2191 733 2240 788 Α
2270 725 2494 779 (Zrmsns
2519 732 2570 778 et
2602 724 2874 794 Amyclas,
2907 723 3108 778 diversi
3140 723 3360 795 quidem
3385 739 3755 796 possessores,
3780 732 3873 785 sed

561 829 733 886 solam
775 824 1057 879 avaritiam
1098 822 1360 877 idolorum
1399 821 1597 875 asserit
1637 821 1956 873 servitutem
1990 860 2003 883 ,
2045 819 2163 873 luce

557 922 761 977 clarius
797 918 955 973 docet
992 929 1213 970 avarum
1256 929 1361 967 non
1404 913 1519 979 Dei,
1560 913 1652 967 sed
1692 928 2057 977 nummorum,
2099 927 2162 967 ac

553 1026 650 1083 per
689 1010 794 1064 hoc
830 1008 1218 1073 daemoniorum
1260 1020 1381 1060 esse
1419 1005 1700 1060 cultorem.

627 1101 737 1157 Sed
779 1100 905 1155 dum
939 1101 992 1153 in
1019 1100 1337 1168 exponendo
1363 1097 1704 1153 nummicolm
1732 1113 1929 1153 nomen
1957 1098 2160 1153 diutius

553 1192 854 1255 immoror,
895 1190 960 1244 ab
998 1188 1320 1244 effundenda
1362 1191 1477 1260 ipsa
1517 1205 1864 1244 nummorum
1904 1189 2159 1261 congerie

553 1298 775 1337 manum
820 1278 1219 1349 disputationis,
1262 1282 1369 1334 imo
1406 1281 1776 1351 dissipationis
1804 1292 2012 1335 averto.
2056 1280 2158 1335 Fa-

551 1385 632 1429 cta
690 1374 861 1443 igitur
919 1374 1014 1429 tibi
1070 1373 1137 1426 de
1192 1388 1413 1443 preprto
1471 1374 1686 1428 nomine
1741 1374 2157 1438 satisfactione,

547 1466 908 1532 nummicola,
938 1467 1051 1537 jam
1091 1467 1232 1537 quod
1271 1447 1515 1521 dicturus
1549 1480 1703 1521 eram
1742 1467 2031 1537 vigilanter
2065 1482 2157 1519 au-

548 1557 742 1611 sculta.
804 1557 941 1611 Audi
980 1571 1113 1627 ergo
1161 1556 1289 1625 quid
1341 1558 1407 1611 de
1460 1565 1555 1622 te,
1616 1557 1834 1629 tuisque
1889 1556 2157 1612 similibus

550 1650 767 1705 Veritas
810 1650 954 1705 dicat
995 1668 1009 1704 :
1055 1670 1073 1702 ‹
1104 1649 1362 1716 Difficile,
1404 1650 1619 1720 inquit,
1663 1652 1755 1722 qui
1797 1651 2013 1705 divitias
2061 1652 2159 1704 ba-

546 1741 698 1807 bent,
740 1740 1028 1796 intrabunt
1065 1742 1119 1796 in
1160 1756 1384 1811 regnum
1424 1743 1688 1797 cmlorum
1720 1742 1936 1811 (Matth.
1972 1742 2107 1813 xtx).
2133 1762 2151 1795 ι

546 1832 613 1889 Ει
650 1834 771 1888 haec
811 1833 1027 1903 quidem
1069 1835 1337 1888 sententia
1377 1834 1445 1889 de
1483 1835 1573 1900 iis,
1610 1835 1701 1905 qui
1742 1835 1963 1890 divitias
1996 1836 2155 1906 juxta

546 1939 753 1980 morem
796 1924 980 1979 saeculi
1020 1926 1337 1996 possident;
1380 1935 1642 1982 caeterum
1682 1928 1762 1991 hl,
1802 1927 1895 1996 qui
1937 1927 2156 1995 rejectis

544 2021 823 2086 omnibus,
865 2020 1042 2076 denuo
1082 2022 1148 2076 ad
1186 2022 1450 2076 vomitum
1488 2030 1616 2075 sunt
1658 2021 1877 2091 relapsi,
1919 2021 2024 2075 nisi
2068 2036 2156 2075 re-

2271 832 2375 871 nou
2422 817 2664 871 diversas
2717 818 2861 871 circa
2904 818 3039 881 haec,
3077 818 3276 886 quibus
3308 821 3583 886 fruuntur,
3616 824 3877 879 exhibent

2269 908 2593 962 voluntates.
2642 909 2794 964 Licet
2846 912 2991 964 enim
3055 910 3141 964 ille
3192 927 3387 967 aureos
3434 914 3719 980 metiatur,
3774 917 3877 972 istc

2266 999 2499 1053 millium
2532 1008 2802 1066 numeret,
2838 1001 3072 1055 discreta
3098 1003 3315 1070 quidem
3358 1001 3675 1058 facultatum
3704 1020 3877 1075 quan-

2269 1089 2424 1142 titatc
2474 1092 2776 1154 czeduutur,
2828 1091 2923 1146 scd
2971 1107 3077 1146 non
3119 1092 3370 1147 dissimili
3417 1094 3562 1149 circa
3613 1095 3722 1161 illa,
3756 1113 3877 1166 quae

2220 1178 2223 1181 ’
2266 1180 2463 1249 cuique
2495 1182 2697 1235 viritim
2752 1192 3067 1253 suppetunt,
3099 1200 3289 1240 amore
3319 1194 3592 1241 tenentur.
3623 1186 3793 1243 Porro
3829 1190 3875 1244 si

2266 1274 2496 1344 exiguus
2511 1291 2650 1341 mus,
2672 1276 2755 1331 vel
2770 1278 3135 1347 quodcunque
3154 1281 3487 1349 reptantium
3506 1282 3560 1336 in
3576 1284 3877 1352 quamlibet

2266 1364 2681 1431 capacissimum
2736 1375 2959 1422 tuunam
3020 1383 3150 1423 casu
3198 1370 3436 1436 decidat,
3478 1374 3725 1443 nunqttid
3765 1390 3873 1429 non

2260 1458 2509 1528 protinus
2543 1474 2664 1512 cum
2699 1462 2988 1516 securibus
3037 1462 3166 1517 hinc
3211 1463 3339 1518 inde
3388 1465 3759 1532 concurritur,
3797 1474 3877 1520 to-

2264 1557 2411 1614 tum,
2461 1551 2723 1620 quidquid
2781 1552 2911 1607 illud
2958 1563 3109 1621 erat,
3170 1554 3499 1621 effunditur,
3553 1560 3876 1629 cunctisque

2262 1640 2623 1701 screantibus,
2653 1641 2917 1695 vomitum
2950 1642 3195 1697 minante
3218 1646 3504 1701 stomacho
3539 1648 3871 1702 nauseatur?

2258 1728 2320 1784 Si
2361 1732 2677 1785 tenuissima
2715 1734 2909 1787 veneni
2953 1734 3096 1789 stilla
3140 1738 3319 1805 pando
3360 1736 3524 1791 oleris
3557 1739 3733 1793 alieno
3766 1738 3871 1793 dif-

2262 1822 2541 1891 funditur,
2576 1842 2756 1881 nonne
2810 1835 3002 1893 totum,
3054 1828 3387 1885 csculentius
3432 1830 3582 1896 licet,
3628 1831 3870 1887 edulium

2260 1930 2489 1985 prorsus
2524 1918 2892 1975 abominabile
2915 1918 3229 1988 iudicatur?

2338 2006 2393 2062 Si
2424 2024 2555 2080 ergo
2604 2012 2897 2081 perexigua
2932 2012 3073 2066 mala
3124 2012 3435 2085 largissima
3478 2015 3676 2086 smpius
3726 2018 3870 2074 bona

545 2110 832 2180 sipiscant,
874 2125 1099 2181 regnum
1138 2112 1400 2167 ctelorum
1428 2113 1613 2179 nulla,
1651 2111 1735 2167 vel
1775 2127 1899 2166 cum
1940 2110 2160 2166 difficul-
2190 2114 2235 2173 Β
2265 2109 2657 2169 εοιτυιιιρυηιν
2690 2118 2723 2171 q

1695 2111 1735 2167 ει
1775 2127 1899 2166 cum
1940 2110 2160 2166 dgmcul.
2190 2114 2235 2173 Β
2265 2109 2657 2169 corrumpunt,
2690 2117 2797 2171 quo
2821 2113 2981 2171 pacto
3013 2112 3063 2157 te
3100 2104 3168 2160 de
3196 2104 3543 2169 lenocinante
3587 2108 3873 2163 conscien-

478 2230 485 2238 -
545 2208 674 2267 tate,
710 2210 941 2272 possunt
966 2202 1160 2259 fiducia
1198 2206 1520 2275 promereri.

1051 2312 1216 2385 249
1264 2312 1491 2369 CAPUT
1537 2313 1648 2368 vn.

549 2401 700 2470 Quod
745 2404 911 2458 etiam
942 2421 1102 2474 parua
1140 2406 1361 2527 pecuni?
1394 2408 1635 2528 r‘iltonachi
1681 2407 1912 2461 animam
1959 2410 2148 2463 innua-

1170 2478 1306 2528 m'ter
1354 2493 1397 2528 tv
1440 2487 1513 2528 at.

1170 2478 1306 2529 uiter
1332 2478 1513 2529 lwdat.

619 2567 725 2623 Sed
775 2582 845 2622 ex
899 2567 1004 2621 isto
1058 2566 1510 2621 nummicolarum
1556 2583 1785 2624 numero
1830 2571 2152 2625 cerebrosus

543 2660 833 2732 quisquam
862 2658 1093 2712 fortasse
1125 2673 1233 2711 non
1275 2658 1470 2724 deerit,
1507 2661 1599 2729 qui
1636 2662 1766 2715 mihi
1800 2662 1865 2716 ad
1897 2662 1999 2715 ista
2032 2678 2149 2717 res-

542 2756 821 2825 pondeat:
875 2753 1196 2808 Divitiarum
1263 2766 1349 2806 me
1400 2767 1496 2805 cur
1538 2752 1866 2807 mordaciter
1911 2754 2147 2822 impetis,

544 2862 702 2919 quem
730 2846 1023 2918 perexigua
1056 2860 1268 2901 summa
1301 2854 1619 2901 contentum
1665 2848 1754 2900 vix
1799 2862 2002 2916 paucos
2054 2848 2150 2902 lia-

543 2939 673 2996 bere
716 2939 911 2995 obuios
946 2938 1161 2994 cernis?
1208 2954 1442 3008 cumque
1470 2940 1573 2993 boc
1604 2942 1837 3009 propria:
1870 2940 2147 3011 fragilitati

550 3033 857 3097 consentio,
896 3031 1196 3087 relevandae
1220 3032 1593 3086 tantummodo
1619 3030 1814 3088 futurae
1838 3033 2149 3089 necessitati

549 3123 855 3196 prospicio;
896 3136 1002 3175 non
1049 3120 1272 3176 affluere
1303 3121 1508 3176 divitiis
1554 3136 1758 3190 qtuero.
1793 3121 1952 3176 Teste
1982 3123 2150 3192 siqui-

552 3215 672 3270 dem
706 3214 875 3268 totius
904 3212 1266 3267 fraternitatis
1296 3228 1429 3268 mea:
1455 3221 1753 3279 conventu,
1784 3230 1813 3267 a
1846 3214 1936 3268 filo
1966 3214 2149 3269 subte-

550 3305 746 3376 gminis
794 3318 965 3373 usque
1014 3303 1080 3355 ad
1136 3304 1425 3373 corrigiam
1476 3303 1661 3374 caliga:
1704 3303 1773 3359 de
1828 3306 2146 3361 monasterii

543 3396 647 3454 mei
682 3394 1038 3451 facultatibus
1066 3409 1172 3448 non
1210 3394 1457 3464 accipio:
1487 3403 1542 3449 et
1572 3396 1615 3449 si
1646 3397 1883 3465 propriis
1913 3411 1999 3452 me
2021 3398 2145 3467 qui-

2259 2192 2333 2245 tia
2390 2190 2589 2259 jactas,
2623 2192 2751 2261 quia
2809 2194 3097 2249 minimmn
3153 2204 3255 2259 est,
3309 2197 3454 2265 quod
3502 2208 3694 2253 contra
3735 2213 3868 2269 pro-

2256 2285 2511 2340 fessionis
2608 2294 2714 2339 tuae
2807 2288 3143 2357 propositum
3227 2288 3439 2358 privata
3536 2291 3872 2360 proprietate

2256 2377 2421 2449 250
2448 2378 2773 2447 possideas?
2802 2378 2935 2434 Nam
2960 2381 3116 2450 juxta
3150 2381 3472 2451 Apostolum
3502 2400 3513 2435 :
3550 2401 3569 2433 ‹
3594 2381 3866 2439 Modicum

2256 2472 2589 2525 fermentum
2631 2480 2800 2524 totam
2852 2487 3090 2526 massam
3131 2473 3436 2543 corrumpit
3480 2472 3527 2542 (Ι
3574 2474 3698 2527 Cor.
3729 2476 3806 2545 v).
3843 2495 3864 2528 ι

2255 2559 2321 2614 Ει
2371 2559 2536 2613 alibi:
2592 2577 2610 2609 ι
2651 2558 2753 2625 Qui
2796 2561 3010 2615 modica
3052 2564 3288 2631 spernit,
3345 2563 3606 2632 paulatim
3662 2565 3863 2622 decidit

2257 2650 2447 2722 (Eccli.
2482 2652 2559 2721 κ).
2594 2670 2611 2701 ›
2644 2650 2831 2723 Neque
2880 2654 3025 2708 enim
3066 2656 3230 2724 primi
3286 2666 3545 2724 parentes
3593 2659 3767 2714 nostri
3798 2674 3864 2717 ex

2255 2743 2346 2799 illo
2374 2746 2649 2815 prohibito
2709 2762 2870 2819 pomo
2922 2745 3132 2817 (Cenes.
3178 2748 3263 2818 ut)
3313 2749 3690 2820 frequentibus
3741 2763 3871 2808 sunt

2255 2837 2520 2890 conviviis
2556 2838 2845 2909 crapulati,
2900 2839 3053 2909 cujus
3102 2854 3209 2894 una
3260 2850 3468 2895 tantum
3502 2842 3751 2913 leguntur
3781 2845 3866 2900 in-

2254 2924 2434 2981 fausta
2465 2929 2817 2997 perceptione
2867 2931 3156 3000 corrupti;
3219 2932 3313 2987 sed
3347 2948 3454 2987 non
3497 2931 3707 2989 idcirco
3752 2951 3868 2991 mo-

2254 3024 2556 3070 ntcntauea:
2598 3019 2818 3073 ultionis
2848 3020 3093 3090 perplexi
3126 3031 3252 3076 sunt
3280 3036 3468 3093 pcena,
3511 3024 3637 3094 quia
3663 3026 3869 3086 diutius

2239 3122 2363 3162 .non
2393 3110 2681 3179 perstitere
2709 3119 3144 3182 transgressores
3168 3113 3221 3167 in
3248 3113 3424 3185 culpa.

2858 3206 3089 3263 CAPUT
3132 3206 3266 3263 VIII.

2256 3294 2501 3362 Qualiter
2530 3297 2601 3350 ad
2628 3315 2775 3353 veras
2802 3300 2963 3369 possit
2992 3302 3284 3356 monac/ms
3330 3303 3541 3359 divitias
3571 3308 3860 3375 pervenire.

2327 3386 2385 3441 Si
2412 3402 2561 3457 ergo,
2593 3389 2784 3471 frater,
2834 3393 3083 3463 quisquis
3127 3410 3212 3460 es,
3244 3406 3493 3466 sumptus
3523 3406 3576 3453 te
3630 3398 3867 3457 delectat

542 3484 861 3555 buscunque
913 3485 1111 3540 reculis
1166 3501 1388 3555 prorsus
1440 3500 1663 3552 cvacuo,
1705 3487 1941 3556 qualiter
1988 3489 2145 3544 vivo?
2173 3476 2219 3538 C
2251 3480 2557 3547 acqllifel‘cv
2588 3483 2728 3537 unde
2765 3483 2960 3539 Γυιυνω
2998 3488 3175 3553 POSSiS
3203 3504 3497 3545 occurrere
3527 3494 3865 3563 Ρειυρθτῑαιῖο

545 3574 686 3631 Ecce
740 3576 1137 3648 proprietarius
1183 3586 1405 3642 noster,
1454 3578 1569 3633 sive
1616 3579 1836 3642 melius,
1891 3587 1950 3633 ut
1994 3589 2143 3646 ante,

551 3669 905 3732 nummicola,
956 3671 1293 3739 paupertatis
1341 3672 1643 3741 patrocinio
1693 3674 1882 3739 utitur,
1929 3684 1987 3729 ut
2034 3676 2147 3745 ipse

551 3760 699 3814 dives
747 3761 1299 3830 irreprebensibiliter
1328 3764 1608 3829 videatur;
1653 3774 1706 3820 et
1748 3766 1945 3835 quibus
1980 3784 2146 3838 argu-

550 3861 861 3906 mentorum
895 3850 1033 3907 fucis
1068 3852 1298 3907 mortale
1329 3855 1519 3909 vitium
1550 3855 1760 3926 palliat,
1803 3862 1861 3911 ut
1887 3858 2147 3927 quadarn-

551 3945 709 4000 modo
756 3946 1065 4015 sepulcrum
1096 3946 1255 4001 foedis
1298 3949 1653 4003 cadaveribus
1700 3949 1917 4019 plenum
1959 3966 2148 4021 super-

546 4034 720 4093 ducta:
752 4037 921 4093 calcis
946 4038 1130 4095 albore
1161 4040 1495 4095 candescat?

612 4131 747 4199 Age,
793 4128 983 4195 frater,
1016 4130 1060 4184 si
1108 4144 1174 4183 cx
1204 4130 1682 4187 monasterialibus
1710 4133 1968 4204 impensis
1998 4149 2147 4190 com-

546 4219 762 4273 modum
795 4219 891 4273 tibi
935 4234 1158 4289 sperare
1192 4219 1453 4286 licuisset,
1504 4223 1749 4292 nunquid
1798 4238 1904 4278 non
1941 4235 2144 4292 vestes,

548 4320 680 4376 quas
705 4325 834 4364 mox
861 4319 921 4363 ut
949 4312 1323 4380 praiberentur
1350 4312 1626 4378 inducres,
1662 4328 1769 4369 non
1818 4323 1999 4371 autem
2044 4332 2143 4386 pe-

549 4402 719 4455 cunire
743 4400 897 4456 lucra
926 4402 1209 4468 darentur,
1240 4417 1359 4472 qua:
1386 4402 1576 4459 loculis
1606 4403 1934 4461 famulatura
1963 4421 2147 4463 serva-

547 4490 671 4545 res?
694 4490 809 4548 Cur
837 4507 944 4547 non
975 4493 1165 4548 eodem
1205 4497 1525 4565 compendio
1555 4498 1724 4552 uteris
1753 4500 1807 4553 in
1840 4500 1924 4554 his
1978 4502 2143 4557 etiam

547 4596 665 4653 qua:
694 4586 764 4639 ab
789 4586 1065 4640 extraneis
1095 4586 1489 4642 conferuntur?
1516 4589 1778 4645 Videlicet
1801 4602 1859 4646 ut
1886 4602 2145 4663 percepto

548 4678 785 4744 quolibet
810 4692 1038 4733 munere
1078 4694 1205 4734 mox
1244 4682 1551 4736 necessaria
1578 4684 1938 4752 redimantur,
1968 4696 2023 4741 et
2069 4687 2145 4740 vi-

546 4781 636 4822 rus
663 4768 807 4840 apud
840 4778 891 4822 te
918 4768 1162 4838 pecuniae
1207 4784 1311 4825 non
1345 4774 1624 4827 moretur?
1657 4773 1771 4828 Hoc
1802 4775 1945 4829 enim
1983 4776 2145 4832 modo

2252 3585 2411 3625 veras
2436 3572 2692 3641 providus
2732 3575 2948 3632 divitias
2994 3589 3208 3649 appete,
3239 3596 3381 3637 vera:
3415 3583 3579 3637 etiam
3626 3602 3865 3656 pauper-

2253 3662 2379 3716 tatis
2412 3662 2646 3732 iuopiam
2676 3668 3022 3735 pertimesce.
3056 3670 3204 3726 lllius
3258 3689 3496 3744 namque
3526 3681 3865 3748 paupertatis

2251 3751 2469 3819 intuitu,
2497 3754 2752 3809 facillime
2765 3770 3057 3828 paupertas
3083 3763 3186 3817 ista
3216 3769 3615 3836 contemnitur;
3642 3771 3860 3830 illarum

2251 3847 2660 3914 comparatione
2710 3849 3026 3906 divitiarum
3067 3856 3245 3910 omnis
3286 3866 3515 3915 terrena:
3545 3862 3863 3922 substantiae

2251 3938 2424 4007 copia,
2449 3948 2703 4009 tanquam
2730 3938 2943 3998 littorea
2984 3944 3104 4015 alga
3134 3946 3453 4018 despicitur,
3488 3968 3607 4022 qua:
3630 3955 3861 4025 pedibus

2250 4029 2622 4084 conculcatur.
2670 4031 2837 4102 igitur
2890 4036 2935 4090 si
2981 4050 3108 4092 vere
3151 4042 3436 4098 contendis
3479 4044 3715 4115 inopiam
3766 4057 3861 4104 tae-

2250 4121 2571 4177 diosissinia:
2601 4122 2745 4179 illius
2780 4132 3122 4197 paupertatis
3164 4134 3416 4201 evadere,
3461 4140 3617 4193 stude
3646 4139 3700 4193 in
3726 4155 3859 4214 agro

2250 4214 2432 4268 cordis
2482 4215 2555 4270 tui
2600 4218 2932 4287 optimarum
2980 4221 3196 4293 frugum
3231 4228 3533 4285 sationibus
3579 4232 3857 4291 insudare.

2250 4300 2411 4358 Teste
2451 4305 2592 4359 enim
2644 4308 2939 4377 Apostolo:
2993 4332 3011 4365 ι
3046 4313 3147 4382 Qui
3177 4318 3414 4373 seminat
3456 4321 3512 4377 in
3549 4324 3762 4395 spiritu,
3792 4328 3861 4385 de

2247 4398 2439 4467 spiritu
2472 4407 2637 4455 metet
2667 4402 2836 4458 vitam
2862 4414 3123 4463 :cternam
3156 4410 3300 4481 (Gal.
3333 4414 3431 4486 vi).
3472 4436 3489 4467 ι
3528 4417 3595 4472 Ει
3621 4420 3856 4479 iterum:

2253 4509 2272 4543 ι
2309 4491 2514 4547 Bonum
2546 4503 2731 4551 autem
2782 4496 3046 4557 facientes
3078 4519 3184 4559 non
3215 4507 3533 4567 deﬁciamus
3563 4529 3579 4579 ;
3613 4522 3861 4587 tempore

2246 4584 2391 4639 enim
2434 4602 2533 4641 suo
2586 4598 2854 4645 metemus
2896 4607 3003 4647 non
3049 4593 3367 4655 deficientes
3395 4600 3611 4675 (lbid.).
3671 4625 3689 4658 ι
3722 4584 3859 4665 illud

2246 4694 2517 4734 sumntum
2548 4691 2601 4736 ct
2633 4684 2850 4739 unicum
2877 4700 3107 4753 granum
3159 4691 3212 4743 in
3238 4693 3520 4751 novalibus
3564 4706 3667 4753 tute
3697 4716 3856 4758 men-

2251 4774 2319 4829 tis
2345 4775 2557 4830 occulta
2584 4794 2596 4831 :
2631 4779 2776 4847 quod
2801 4780 3053 4836 videlicet
3073 4784 3275 4842 cadens
3314 4789 3369 4842 in
3401 4797 3546 4846 terra
3582 4804 3857 4854 mortuum

548 4868 601 4915 et
624 4860 938 4933 indigentiae
962 4872 1067 4917 tua:
1093 4862 1250 4919 velox
1280 4860 1581 4922 consolatio
1612 4870 1882 4939 provehit,
1911 4880 1967 4925 et
1993 4871 2142 4941 lepra
2174 4850 2223 4911 D
2252 4866 2373 4933 fuit,
2402 4879 2456 4922 ct
2485 4870 2714 4925 multum
2753 4873 2935 4929 attulit
2959 4875 3198 4933 fructum
3240 4880 3423 4951 (Joau.
3456 4888 3577 4957 xu).
3613 4887 3727 4946 Hoc
3761 4850 3858 4948 tibi

546 4958 788 5025 pecuniae
817 4957 978 5013 faedis
1024 4965 1076 5013 te
1106 4960 1333 5015 maculis
1366 4978 1473 5017 non
1513 4964 1769 5033 aspergit.
1810 4962 1921 5020 Cur
1958 4978 2141 5023 autem

550 5045 639 5100 tibi
670 5048 735 5101 de
755 5049 1056 5119 exiguitate
1084 5052 1330 5120 pecunia:
1359 5061 1613 5124 tanquam
1660 5071 1890 5113 securus
1919 5059 2143 5130 applau-

549 5137 650 5205 dis,
681 5141 778 5210 qui
804 5140 902 5197 tibi
934 5144 1014 5200 sic
1043 5144 1313 5211 cbalcum,
1343 5148 1484 5202 sicut
1517 5157 1571 5202 et
1604 5149 1779 5218 ipsum
1810 5165 1986 5207 assem
2015 5167 2145 5222 pro-

544 5230 775 5286 hibitum
802 5245 924 5287 esse
945 5249 1053 5291 non
1082 5235 1344 5307 ambigis?
1370 5237 1467 5293 Cui
1493 5254 1619 5294 vero
1647 5249 1759 5295 tota
1782 5242 1831 5297 ei
1855 5243 2143 5313 cujuslibet

547 5322 878 5381 universitas
916 5325 1328 5395 intercluditur,
1359 5334 1727 5389 excusationis
1756 5335 2033 5407 aufugium
2077 5339 2144 5393 de

549 5413 793 5471 minutiis
842 5432 952 5472 non
997 5418 1279 5477 lucratur:
1332 5431 1387 5478 et
1429 5425 1515 5479 cui
1574 5435 1742 5481 totum
1794 5430 1984 5495 cessit,
2019 5444 2147 5499 pars

547 5508 735 5574 procul
766 5510 932 5567 dubio
958 5526 1066 5567 non
1098 5517 1394 5583 remansit;
1432 5520 1735 5587 praesertim
1767 5536 1889 5576 cum
1929 5523 2045 5577 lucc
2073 5523 2145 5578 sit

550 5603 743 5658 tuentis
790 5604 1040 5661 humana:
1087 5616 1304 5674 natura,
1338 5621 1394 5666 ut
1438 5613 1507 5666 ita
1542 5628 1839 5686 occupetur
1865 5618 2012 5673 circa
2038 5620 2143 5673 tui-

552 5688 715 5756 nima,
765 5692 809 5747 si
865 5694 937 5749 sit
986 5693 1253 5766 indigens,
1299 5699 1440 5755 sicut
1477 5716 1605 5774 erga
1653 5706 1839 5771 multa,
1875 5708 1918 5762 si
1969 5709 2142 5764 dives.

553 5778 672 5837 Sive
721 5785 869 5839 enim
918 5797 1233 5858 sumptuosa
1283 5792 1596 5850 divitiarum
1648 5797 2000 5856 inundatione
2039 5803 2147 5857 cir-

554 5873 833 5943 cumfluas,
882 5878 999 5934 sive
1050 5883 1365 5939 tenuissima
1400 5896 1452 5942 te
1478 5889 1555 5943 rei
1581 5888 1864 5947 familiaris
1896 5898 2143 5968 angustia

552 5976 781 6034 premat,
806 5972 1079 6041 sententia
1109 5973 1201 6028 illa
1234 5979 1435 6035 mutari
1468 5995 1572 6036 non
1605 5992 1783 6052 potest
1810 6003 1822 6040 :
1866 6005 1904 6038 «ν
1936 5987 2035 6043 Ubi
2062 5999 2145 6045 est

555 6056 833 6120 thesaurus
867 6073 1014 6133 tuus,
1054 6066 1127 6123 ibi
1168 6078 1249 6124 est
1298 6080 1350 6127 ct
1394 6087 1489 6130 cor
1541 6084 1690 6133 tuum
1721 6078 1935 6149 (.llauli.
1980 6084 2075 6147 vi).
2118 6103 2135 6135 ι

2255 4961 2563 5026 thesaurus,
2622 4965 2724 5019 hoc
2772 4966 2864 5021 tibi
2896 4968 2969 5024 sit
2996 4972 3415 5042 omnigenarum
3467 4980 3688 5037 ubertas
3740 4982 3858 5039 fru-

2251 5067 2400 5121 gum.
2438 5054 2494 5108 lu
2520 5055 2613 5111 illo
2642 5058 2959 5126 acquirendi
3014 5059 3177 5117 finem
3227 5070 3520 5136 constitue,
3544 5073 3597 5127 in
3622 5072 3712 5128 illo
3741 5089 3861 5133 om-

2251 5160 2377 5200 nem
2420 5148 2705 5219 utriusque
2752 5152 2876 5207 vita:
2916 5152 3169 5211 fiduciam
3202 5174 3365 5229 pone.
3415 5165 3680 5225 Dominus
3710 5172 3859 5228 enim

2252 5242 2495 5296 omnium
2521 5253 2628 5311 est,
2663 5253 2719 5300 et
2744 5246 2895 5303 dives
2937 5250 2991 5303 in
3049 5266 3242 5309 omnes
3284 5256 3376 5327 qui
3418 5258 3677 5318 invocant
3705 5263 3859 5322 illum

2254 5333 2436 5405 (fiam.
2480 5344 2653 5409 xxvr).

2325 5426 2615 5486 Enimvero
2666 5432 2710 5487 si
2742 5448 2969 5505 granum
3026 5436 3155 5494 illud
3190 5446 3520 5514 competenti
3581 5462 3713 5504 cura
3747 5466 3862 5508 scr-

2251 5535 2380 5577 varc
2424 5524 2719 5592 studueris,
2751 5529 2960 5585 videbis
3006 5534 3301 5602 apothecas
3332 5539 3608 5599 interioris
3651 5547 3859 5603 cellarii

2252 5615 2349 5679 tui,
2379 5617 2518 5681 auri,
2549 5629 2599 5673 et
2636 5622 2847 5692 argenti
2887 5626 3243 5697 omniumque
3293 5631 3606 5689 divitiarum
3641 5637 3861 5695 talentis

2251 5708 2495 5765 affluere.
2532 5708 2750 5769 Videbis
2790 5724 2846 5770 et
2874 5717 3072 5774 horrea
3112 5729 3203 5775 tua
3234 5737 3377 5779 novo
3402 5740 3671 5796 proventu
3704 5745 3861 5804 sege-

2253 5810 2367 5857 tum
2407 5806 2910 5877 incomparabiliter
2947 5813 3271 5871 redundare.
3299 5816 3453 5874 lllum
3482 5835 3615 5893 ergo
3638 5822 3863 5880 thesau-

2250 5911 2369 5951 rum
2403 5901 2617 5956 curiosa
2640 5903 3000 5963 sollicitudine
3041 5909 3249 5980 jugiter
3283 5915 3493 5984 excole,
3524 5918 3674 5973 circa
3704 5919 3857 5979 illum

2250 5998 2543 6046 nocturnas
2621 5994 2949 6068 diurnasque
3016 6003 3278 6059 excubias
3344 6006 3492 6080 vigili
3565 6010 3855 6071 sedulitate

2250 6082 2512 6153 dcpcndc.
2563 6083 2618 6141 In
2650 6087 2739 6143 illo
2789 6090 2932 6145 enim
2963 6107 3071 6149 uno
3119 6095 3364 6153 omnium
3396 6099 3549 6157 dives
3574 6101 3710 6164 eris.
3750 6117 3852 6162 nec

4754 6423 5216 6648 ‘
