5514 6666
1935 574 2041 632 259

2377 569 2436 625 S.
2477 567 2673 623 PETRI
2714 562 2990 620 DAMlANl
3027 561 3175 618 OPI‘.
3214 557 3445 616 TOMUS
3484 556 3610 613 SlLU
3653 556 3829 614 PARS
3863 557 3945 614 Ill.
3969 555 4421 614 —-0PUSCL':LA
4459 556 4684 612 VARIA.

5041 557 5144 614 260

1940 698 2144 747 eorum,
2174 695 2290 751 quae
2337 679 2430 733 tibi
2482 677 2681 732 fuerint
2728 673 3049 737 necessaria,
3094 672 3241 740 copia
3288 670 3488 739 poteris
3517 676 3563 731 Α
3591 668 3972 736 cogitationum
4014 670 4188 738 epulis
4219 672 4394 724 retice.
4444 669 4558 736 Ipse
4591 669 4681 723 tibi
4730 669 4800 723 sit
4839 670 5008 732 cibus,
5033 670 5146 740 ipso

1939 776 2192 843 indigere.
2247 770 2301 824 In
2347 767 2434 822 illo
2464 767 2674 836 {quippe
2722 765 3019 834 possidebis
3064 776 3248 815 aurum
3301 761 3494 813 divina:

1936 863 2234 933 sapientiae,
2262 869 2539 930 argentum
2559 855 2916 910 aadilicatric'ts
2947 851 3277 921 eloquentia.
3314 848 3371 903 In
3406 849 3494 904 illo

1937 954 2145 1008 diversa
2170 951 2329 1021 pallia
2359 951 2564 1004 decorae
2593 955 2646 1000 et
2670 945 2908 1000 honestae
2931 941 3374 1006 conversationis,
3407 939 3493 997 bis

1939 1044 2162 1099 tinctum
2199 1040 2440 1094 videlicet
2491 1053 2708 1094 coccum
2739 1038 2959 1106 geminas
2997 1034 3296 1097 charitatis,
3343 1033 3491 1087 colo-

1938 1134 2082 1188 bmm
2125 1133 2303 1187 nitidae
2356 1131 2639 1186 castitatis.
2686 1129 2742 1184 In
2795 1129 2886 1183 illo
2930 1131 3145 1197 byssum
3197 1132 3491 1196 patientiae,

1935 1223 2236 1278 flammeum
2261 1223 2549 1278 biroti‘num
2572 1220 2734 1274 divini
2767 1218 2992 1280 timoris,
3017 1233 3305 1287 purpuram
3332 1217 3491 1286 regite

1935 1315 2231 1386 dignitatis.
2285 1313 2420 1380 Quia
2465 1313 2605 1368 enim
2647 1309 2884 1363 muriceo
2943 1309 3196 1377 sanguine
3249 1307 3487 1376 tingitur,

1937 1411 1994 1458 ut
2019 1405 2071 1457 in
2097 1417 2422 1473 purpureum
2451 1401 2680 1455 colorem
2705 1397 2820 1451 lana
2853 1406 3112 1460 vertatur,
3135 1396 3380 1464 quisquis
3408 1408 3490 1448 so-

1935 1491 2006 1548 lio
2038 1493 2170 1548 recti
2209 1491 2469 1547 examinis
2498 1490 2572 1543 ita
2619 1489 2886 1558 prmsidet,
2924 1495 2980 1540 ut
3013 1500 3197 1539 omnes
3227 1499 3338 1537 suae
3367 1499 3487 1535 car-

1933 1587 2017 1640 nis
2046 1583 2347 1646 illecebras,
2388 1581 2748 1647 vitiorulnque
2790 1576 3094 1631 barbariem
3124 1573 3356 1627 violento
3386 1574 3488 1625 im-

1930 1675 2079 1744 perio
2128 1669 2454 1728 mortificare
2513 1669 2746 1730 festinet,
2793 1667 2879 1720 hic
2927 1679 3019 1718 rex
3074 1678 3175 1717 non
3224 1662 3491 1716 immerito

1931 1766 2148 1829 dicitur,
2199 1770 2253 1818 et
2323 1759 2617 1830 spiritualis
2677 1771 2941 1825 purpurae,
3001 1753 3194 1807 decore
3245 1753 3487 1805 vestitur.

1930 1856 1985 1910 ln
2051 1854 2140 1909 illo
2197 1850 2538 1921 diupisticum
2608 1846 2830 1899 virentis
2903 1858 3113 1912 semper
3171 1844 3326 1910 spei,
3406 1841 3489 1894 ni-

1931 1945 2182 1998 nimirum
2224 1949 2443 1994 vocatus
2483 1938 2534 1990 in
2577 1935 2939 1990 hacreditatem
2990 1932 3486 1993 incontaminatam,

3597 761 3936 815 nihilominus
3984 761 4368 815 indumentum.
4429 759 4482 813 Si
4531 760 4810 828 contigerit
4862 770 5059 823 autem,
5089 769 5149 816 ut

3593 852 3751 906 etiam
3781 853 4074 920 cujuspiam
4111 849 4371 904 commodi
4416 849 4698 902 exterioris
4725 849 4979 918 indigeas.
5014 850 5146 904 nihil

3593 943 3826 1005 btesites,
3890 941 4020 995 nihil
4064 942 4128 995 de
4175 941 4290 1009 ejus
4347 939 4449 992 fida
4507 938 4857 1006 promissione
4921 936 5145 1004 diffidas,

3591 1046 3692 1098 qua
3727 1031 4026 1100 pollicetur,
4052 1029 4273 1083 dicens:
4316 1045 4332 1076 ι
4376 1027 4612 1080 Primum
4655 1027 4878 1095 quarrite
4926 1041 5147 1095 regnum

3593 1122 3706 1185 Dei,
3739 1131 3793 1175 et
3844 1123 3954 1174 haec
4001 1123 4179 1174 omnia
4221 1120 4541 1188 adjicicntur
4581 1119 4732 1172 vobis
4760 1117 4968 1186 (Matth.
4995 1121 5090 1187 vl).
5124 1138 5142 1168 ι

3591 1213 3690 1278 Qui
3722 1213 3861 1266 enim
3888 1212 4187 1266 sitientibus
4230 1197 4535 1264 Israeliticae
4561 1210 4729 1278 plebis
4762 1209 5060 1277 agminibus
5083 1223 5146 1263 cx

3590 1300 3681 1355 illo
3710 1302 3872 1353 arida:
3899 1299 4110 1353 metallo
4143 1301 4289 1366 rupis
4319 1300 4508 1373 uberes
4536 1311 4795 1366 aquarum
4831 1296 4970 1348 rivos
4989 1295 5149 1364 jussit

3589 1391 3805 1444 cmuere
3835 1392 4028 1460 (Exod.
4059 1391 4185 1458 xvi),
4219 1389 4305 1456 qui
4339 1388 4696 1445 (munientibus
4719 1385 4933 1440 cteleste
4956 1398 5146 1437 manna

3589 1498 3684 1551 per
3713 1495 3910 1533 annosa
3944 1490 4240 1547 temporum
4283 1477 4453 1545 potuit
4484 1477 4656 1546 spatia
4707 1475 5029 1535 ministrare,
5055 1472 5146 1542 qui

3591 1573 3922 1626 innumeram
3961 1578 4443 1636 ortygomelrarum
4486 1564 4872 1617 nmltitndinem
4901 1561 5151 1631 pra-cepit

3592 1665 3644 1716 in
3693 1663 4139 1715 murmurantium
4192 1669 4366 1710 castra
4421 1657 4763 1718 dcscemlcrc,
4806 1654 4891 1706 uni
4925 1655 5148 1706 hemim-

3589 1752 3727 1805 ciuni
3776 1753 3884 1803 suis
3933 1750 4129 1817 jugitcr
4168 1747 4438 1816 obsequiis
4484 1746 4745 1798 insistenti
4807 1761 4908 1797 nun
4953 1743 5150 1810 poterit

3592 1843 3890 1896 necessaria
3921 1840 4242 1909 providere?
4274 1840 4338 1892 Et
4368 1838 4454 1906 qui
4499 1852 4590 1906 per
4622 1836 4971 1906 quadraginta
4993 1833 5148 1887 circi-

3593 1943 3672 1985 ter
3722 1947 3979 1983 anuorum
4023 1930 4284 1980 t'lll‘l‘lt‘llla
4339 1930 4557 1981 inlinitzc
4597 1929 4737 1979 illius
4783 1927 4949 1978 turba:
4988 1922 5149 1976 vesti-

1932 2027 2451 2091 immarcescibilem,
2493 2036 2863 2078 conservatam
2892 2023 2943 2073 in
2980 2021 3128 2074 ccelis
3176 2021 3255 2074 (ΙΙ
3290 2020 3395 2072 Pet.
3422 2021 3484 2087 ι).
3519 2027 3560 2084 Β
3591 2033 3765 2077 menta
3795 2024 4022 2074 servavit
4056 2023 4104 2073 ill

2980 2021 3128 2074 ccelis
3176 2021 3255 2074 (ΙΙ
3290 2020 3395 2072 Pet.
3422 2021 3484 2087 ι).
3519 2027 3560 2084 Β
3591 2033 3765 2077 menta
3795 2024 4022 2074 servavit
4056 2023 4239 2083 illursa,
4274 2020 4481 2072 diﬂicile
4520 2020 4616 2072 sibi
4655 2029 4735 2072 est
4779 2017 4970 2069 attritis
4999 2025 5145 2068 vete-

1929 2121 1986 2174 ln
2028 2116 2115 2173 illo
2164 2118 2384 2172 habebis
2420 2116 2671 2169 annulum
2714 2113 2857 2175 fidei,
2905 2112 3143 2165 armillas
3187 2112 3411 2180 prrit-Cll
3439 2112 3487 2162 in

1934 2211 2103 2262 activa
2137 2207 2242 2259 vita
2275 2204 2472 2273 operis,
2500 2203 2758 2258 dextralia
2804 2202 2965 2253 etiam
3003 2200 3341 2266 specululivtc
3366 2213 3490 2250 cor.-

1933 2297 2304 2365 templationis.
2351 2315 2368 2345 ι
2407 2295 2546 2348 Leva
2584 2294 2723 2345 enim
2784 2293 2897 2359 ejus
2947 2292 3100 2360 251
3162 2299 3261 2343 sub
3311 2292 3488 2358 Cupite

1934 2396 2041 2449 tuo,
2073 2397 2126 2440 et
2151 2387 2371 2440 dextera
2395 2384 2533 2438 illius
2569 2382 2959 2450 amplexabitur
2987 2384 3046 2433 le'
3080 2381 3252 2448 ((Iant.
3303 2393 3380 2447 ιι).
3432 2400 3449 2430 ι

1999 2475 2062 2529 Et
2091 2475 2217 2543 quid
2271 2474 2362 2526 tibi
2419 2473 2567 2540 plura
2628 2469 2923 2540 pollicear?
2960 2470 3386 2536 quandoquidem
3435 2470 3487 2522 in

1933 2564 2022 2616 illo
2042 2564 2275 2618 omnium
2306 2562 2557 2614 virtututn
2583 2559 2826 2629 gemmis,
2865 2568 3172 2610 cunctorum
3199 2558 3490 2626 perfrueris

1931 2654 2315 2708 charismatum
2352 2650 2691 2719 margaritis?
2725 2648 2827 2699 Nec
2860 2647 2951 2700 tibi
2986 2649 3207 2700 deerunt
3252 2649 3489 2700 omnium

1938 2749 2254 2802 mundorum
2340 2743 2543 2798 scilicet
2605 2744 3103 2808 immundorumque
3177 2739 3486 2792 animalium

1928 2852 2138 2908 greges,
2186 2851 2305 2904 qua:
2339 2836 2438 2888 sub
2490 2835 2640 2901 virga
2706 2842 2804 2885 tua:
2848 2839 3122 2884 transeant
3177 2829 3483 2895 disciplinac.

1928 2928 2200 2982 lmmunda
2249 2926 2506 2995 siquidem
2555 2924 2802 2977 vitiorum
2831 2930 3069 2976 armenta
3119 2921 3217 2975 sub
3270 2930 3372 2973 tua:
3408 2920 3489 2972 di-

1929 3019 2087 3075 tionis
2120 3017 2344 3087 imperio
2382 3015 2772 3078 domabuutur;
2821 3013 3013 3067 munda
3050 3027 3177 3066 vero
3220 3011 3488 3065 interioris

1930 3108 2004 3162 tui
2036 3107 2268 3162 hominis
2298 3119 2538 3160 ventrem
2574 3103 2903 3158 suavissima:
2933 3099 3236 3156 refectionis
3267 3101 3489 3168 dapibus

1931 3200 2266 3270 saginabunt.
2289 3196 2441 3252 Ovini
2469 3196 2678 3250 velleris
2712 3203 2884 3248 turma
2908 3194 3186 3248 delicatius
3212 3202 3485 3256 accurata,

1928 3289 2098 3345 dulcis
2136 3287 2451 3342 innocentia:
2484 3286 2794 3354 praebebunt
2823 3285 2926 3336 tuis
2964 3283 3178 3336 ferculis
3209 3282 3480 3335 alimenta.

3593 2116 3739 2167 ribus
3773 2129 3934 2165 novas
3988 2115 4075 2163 tibi
4126 2111 4346 2163 exuvias
4394 2109 4689 2177 reparare?
4729 2107 4832 2160 Nos
4881 2117 5022 2159 certe
5051 2118 5148 2158 nos

3591 2205 3822 2257 mininuc
3859 2205 3998 2260 ΙΜι-ὶ,
4033 2203 4397 2268 (-oinpt-llimus
4439 2200 4705 2252 Christum
4736 2213 4851 2251 esse
4887 2207 5143 2250 tenacem.

3589 2293 3787 2359 {chi-pc
3840 2293 4292 2359 pusillunimmum
4342 2289 4631 2343 difﬁdentia
4680 2290 4807 2342 facit
4863 2302 5145 2357 pauperem

3589 2382 3855 2434 Christum
3889 2401 3897 2442 ;
3936 2391 3985 2431 at
4026 2382 4173 2449 plena
4214 2383 4340 2431 lfdvs
4395 2381 4609 2432 divitem
4644 2379 4787 2432 illum
4841 2366 5145 2446 ct‘largum

3589 2472 3640 2523 ill
3689 2472 4001 2523 C.\lillJclltllS
4045 2472 4334 2537 experitur.
4389 2470 4580 2538 Satagc
4639 2479 4842 2522 tantum
4886 2470 4935 2522 ill
4985 2470 5064 2522 his
5096 2477 5148 2522 te

3587 2561 3744 2631 252
3786 2577 4059 2618 exercere.
4109 2562 4425 2629 quzejussit,
4454 2573 4504 2613 ct
4535 2561 4675 2614 nulla
4716 2576 4931 2630 prorsus
4969 2576 5033 2614 ex
5067 2559 5148 2614 his

3591 2661 3805 2705 maneat
3831 2653 4092 2713 dubietas,
4119 2668 4233 2719 qua:
4259 2653 4518 2719 promisit.
4550 2651 4630 2704 Sit
4662 2666 4880 2705 securus
4905 2660 5142 2715 exactor,

3590 2741 3675 2817 ubi
3708 2743 3773 2793 ad
3811 2742 4132 2794 reddendum
4166 2752 4441 2806 promptus
4470 2750 4549 2791 est
4578 2741 4802 2794 debitor.
4839 2741 4962 2794 Sine
4983 2755 5145 2794 causa

3589 2830 3862 2894 dilliditur,
3901 2832 3985 2883 ubi
4030 2831 4111 2883 ille
4138 2832 4429 2896 promissor
4456 2841 4553 2894 est,
4586 2831 4674 2899 qui
4706 2846 4968 2900 nunquam
4997 2847 5142 2885 men-

3590 2922 3736 2973 titur.
3773 2921 3906 2973 Sccu
3921 2938 4007 2973 rus
4037 2923 4269 2974 creditor
4314 2922 4575 2990 graditur,
4602 2937 4720 2976 cum
4751 2922 4970 2992 simplex
4999 2922 5144 2978 veri-

3590 3019 3673 3065 tas
3699 3013 4050 3080 promissione
4083 3021 4294 3065 tenetur

3657 3103 3779 3156 Haec
3809 3113 3984 3156 autem
4027 3105 4090 3155 de
4126 3104 4502 3173 proprietatem
4535 3105 4848 3159 habentibus
4875 3104 5144 3162 monachis

3587 3194 3732 3248 brevi
3763 3196 4125 3264 pelstringcre
4148 3196 4461 3264 compendio
4495 3197 4775 3262 duximus;
4810 3213 4946 3252 nunc.
4968 3209 5144 3254 autem

3588 3286 3651 3338 ad
3675 3301 3784 3347 cos,
3811 3288 3899 3353 qui
3924 3283 4133 3353 equinis
4156 3286 4543 3341 vectationibus
4563 3288 4772 3343 assidue
4792 3287 5142 3354 delectantur,

1929 3379 2239 3433 Domestica;
2267 3377 2488 3431 altilium
2509 3390 2694 3431 carnes
2719 3391 2822 3430 non
2853 3375 3137 3429 cessabunt
3163 3374 3216 3427 in
3244 3382 3296 3428 te
3316 3372 3481 3427 divini
3511 3377 3555 3437 C
3588 3378 3966 3446 disputationis
3991 3379 4274 3432 articulum
4305 3380 4705 3434 transferamus.

1928 3472 2126 3526 amoris
2155 3484 2347 3541 augere
2387 3468 2779 3540 pinguedinem.
2830 3466 3090 3522 Universa
3115 3481 3312 3536 genera
3335 3466 3483 3520 volu-

1927 3576 2074 3616 crum
2119 3575 2278 3630 super
2331 3560 2524 3614 mentis
2571 3569 2672 3613 tua:
2719 3572 2958 3613 mensam
3011 3558 3375 3627 sumptuosius
3404 3557 3482 3610 in-

1925 3660 2133 3706 struent
2164 3649 2403 3720 spiritale
2436 3650 2736 3704 convivium
2763 3665 2777 3714 ;
2811 3658 2866 3702 at
2912 3664 3038 3703 vero
3069 3649 3277 3702 taurina
3303 3649 3482 3704 cervix

1924 3742 2187 3812 superbia
2228 3743 2554 3811 suppositum
2599 3748 2702 3796 tute
2737 3740 2955 3794 ditionis
3001 3739 3235 3809 emugiet
3274 3737 3478 3808 jugum.

1923 3833 2144 3904 Equinaa
2172 3831 2394 3885 luxuriat
2436 3828 2696 3884 eﬂ‘renata
2746 3829 2965 3883 libertas
3011 3828 3111 3881 sub
3156 3837 3206 3880 te
3249 3828 3483 3880 ehamati

1921 3926 2037 3981 oris
2086 3924 2301 3978 mandet
2344 3919 2717 3975 insatiabiliter
2771 3918 2994 3972 ferrum.
3054 3915 3252 3970 Omnes
3297 3917 3485 3971 bellua:

1922 4012 2195 4074 vitiorum,
2252 4009 2496 4064 universa
2555 4016 2797 4076 portenta
2849 4005 3116 4075 reptilium
3172 4003 3481 4058 tremefacta

1923 4102 2192 4173 pavebunt
2237 4107 2343 4154 tuae
2385 4096 2761 4154 dominationis
2791 4097 3068 4164 imperium
3138 4095 3204 4148 Et
3231 4096 3343 4148 haec
3367 4095 3482 4164 qui-

1924 4193 2048 4247 dem
2077 4189 2256 4245 omnia
2309 4189 2360 4243 in
2403 4189 2502 4242 hac
2529 4187 2711 4240 vitain
2746 4195 2890 4240 tuum
2932 4187 3121 4241 cedent
3151 4186 3291 4240 ultro
3321 4198 3482 4254 pecu-

1923 4284 2074 4348 lium,
2099 4283 2144 4337 si
2165 4280 2453 4352 pretiosum
2493 4281 2638 4333 illum
2677 4293 2740 4333 ac
2769 4278 3115 4347 singularem,
3162 4291 3322 4347 quem
3349 4290 3485 4345 pra:-

1921 4375 2176 4437 diximus,
2202 4381 2358 4427 caute
2380 4371 2650 4426 studueris
2679 4369 2948 4425 custodire
2977 4370 3310 4423 thesaurum.

1994 4465 2259 4520 Ceterum
2303 4463 2356 4516 in
2391 4462 2478 4516 illa
2532 4476 2670 4516 verte
2718 4459 3064 4515 beatitudinis
3133 4459 3236 4512 vita
3283 4467 3483 4527 quanta

1927 4557 2048 4621 tibi,
2077 4563 2131 4609 et
2157 4568 2316 4624 quam
2351 4553 2554 4621 potiora
2575 4549 2860 4612 dabuntur,
2901 4565 3004 4603 non
3034 4558 3136 4611 est,
3166 4548 3360 4612 fateor,
3389 4563 3482 4602 no-

1925 4656 2160 4704 strarum
2186 4645 2381 4699 virium
2423 4643 2715 4710 disputare,
2770 4656 2874 4693 non
2916 4649 2997 4693 est
3032 4648 3227 4694 nostra
3259 4638 3482 4693 faculta-

4197 3457 4544 3523 CAPLTIX.

3838 3557 3912 3610 De
3941 3559 4204 3612 monachis
4235 3561 4441 3613 assidue
4471 3562 4894 3616 discurrentibus.

3653 3645 3763 3701 Nec
3806 3663 3927 3702 reor
3972 3650 4035 3701 de
4083 3659 4257 3703 vestra
4300 3652 4548 3705 excidere
4591 3653 4826 3720 potuisse
4865 3655 5142 3722 memoria,

3586 3738 3781 3792 fratres
3810 3739 4136 3804 charissimi,
4169 3742 4290 3809 quia
4331 3755 4693 3810 smpcnumero
4720 3743 4784 3796 de
4811 3743 4911 3797 hac
4933 3757 5143 3813 quoque

3586 3828 3972 3882 monachorum
4015 3831 4250 3897 pernicie
4291 3832 4540 3885 concordi
4570 3833 4709 3886 inter
4739 3847 4834 3887 nos
4863 3833 5142 3889 familiari-

3588 3927 3696 3972 tate
3721 3917 4025 3974 doluimus:
4066 3931 4118 3974 et
4155 3921 4407 3991 inquietis
4445 3922 4700 3978 fratribus
4739 3941 4801 3979 ac
4851 3926 5143 3996 vagationis

3585 4011 3716 4065 vitio
3756 4014 4138 4081 pereuntibus,
4185 4013 4434 4068 fraternae
4457 4015 4738 4070 charitatis
4763 4013 4952 4071 affectu
4995 4031 5142 4071 com-

3582 4103 3725 4172 passi
3776 4118 3979 4157 sumus.
4031 4105 4167 4159 Sunt
4214 4115 4443 4174 namque
4485 4107 4745 4173 nonnulli,
4787 4108 4978 4176 quibus
5015 4110 5138 4162 dum

3581 4193 3762 4249 saeculi
3801 4195 4045 4249 militiam
4081 4196 4400 4264 bajularent,
4441 4208 4722 4268 pertaesum
4769 4209 4882 4254 erat
4910 4201 5005 4254 sub
5037 4200 5141 4256 hu-

3585 4300 3757 4341 manae
3783 4288 4056 4343 servitutis
4081 4287 4208 4360 jugo
4253 4289 4357 4345 hue
4387 4291 4616 4362 illucque
4644 4293 4972 4360 discurrere,
5008 4294 5141 4354 adeo

3584 4385 3641 4429 ut
3707 4375 4070 4432 deliberarent
4130 4380 4195 4433 ad
4242 4380 4615 4435 monasteriale
4659 4381 4826 4436 otimn
4877 4382 5140 4441 libertatis

3582 4481 3765 4520 arnore
3812 4467 4067 4533 transire;
4113 4483 4251 4522 nunc
4296 4480 4474 4524 autem
4526 4480 4672 4526 tanto
4715 4481 4839 4526 sunt
4874 4472 5141 4542 pestifera

3584 4555 3965 4625 inquietudinis
4017 4559 4209 4611 ardore
4257 4560 4523 4624 succensi,
4582 4569 4638 4614 ut
4687 4561 4731 4616 si
4788 4563 4997 4632 quando
5032 4578 5138 4619 non

3582 4648 3853 4714 prazbetur
3873 4647 4089 4700 occasio
4111 4648 4315 4702 dictans
4341 4649 4545 4719 longius
4569 4651 4832 4722 progredi,
4859 4654 5138 4708 tenebroso

1929 4739 1999 4793 tis
2023 4736 2286 4792 evolvere.
2321 4734 2432 4788 Hoc
2459 4743 2663 4787 tantum
2707 4732 2772 4785 ad
2799 4731 3232 4800 compendiosum
3262 4730 3483 4800 inexpli-
3513 4725 3557 4782 Ι)
3583 4737 3869 4791 carceralis
3945 4740 4196 4792 custodite
4257 4740 4538 4795 videantur
4585 4745 4804 4798 horrore
4852 4744 5134 4800 concludi:

1926 4826 2114 4883 cabilis
2164 4824 2359 4894 negotii
2410 4823 2610 4876 exitum
2669 4819 2874 4875 referre
2923 4818 3165 4885 sufﬁciat,
3207 4822 3328 4889 quia
3379 4822 3480 4876 hoc

1928 4917 2200 4987 accepturi
2229 4923 2373 4982 sunt,
2420 4914 2511 4984 qui
2547 4913 2802 4967 mundum
2836 4910 3073 4980 perfecte
3101 4910 3432 4981 reliquerunt
3461 4926 3476 4965 :

1935 5027 1954 5059 s
1989 5007 2141 5075 Quod
2168 5005 2354 5060 oculus
2401 5019 2506 5059 non
2535 5004 2686 5066 vidit,
2715 5017 2814 5056 nec
2850 5003 2994 5058 auris
3021 5003 3246 5067 audivit,
3288 5019 3388 5059 nec
3425 5003 3478 5058 in

1928 5112 2023 5154 cor
2050 5096 2283 5152 hominis
2317 5093 2582 5159 ascendit,
2611 5108 2730 5162 qua:
2749 5095 3063 5164 praeparavit
3094 5093 3233 5149 Deus
3260 5094 3481 5166 diligen-

1931 5189 2073 5244 tibus
2097 5202 2155 5242 se
2175 5184 2260 5254 (Π
2287 5183 2410 5240 Cor.
2437 5185 2520 5255 ιι).
2558 5203 2576 5235 ι

2002 5277 2155 5332 Hunc
2177 5289 2302 5346 ergo
2333 5275 2660 5339 thesaurum,
2700 5273 2972 5329 Christum
3013 5276 3279 5341 videlicet,
3317 5277 3482 5332 Deum

1929 5377 1986 5424 et
2005 5367 2286 5422 Dominum
2307 5372 2564 5425 nostrum,
2593 5363 2682 5430 qui
2711 5361 2862 5418 nobis
2880 5361 3054 5419 factus
3075 5374 3158 5419 est
3179 5367 3484 5437 redemptor

1931 5467 1990 5514 et
2021 5455 2274 5528 pretium,
2319 5454 2431 5523 ipse
2464 5453 2755 5522 promissor
2777 5462 2832 5507 et
2856 5455 3148 5522 prtemium,
3186 5456 3274 5524 qui
3297 5465 3352 5510 et
3372 5457 3480 5511 vita

1932 5559 2018 5608 est
2033 5548 2304 5604 hominum
2327 5557 2379 5600 et
2397 5545 2702 5615 perennitas
2717 5543 3042 5614 angelorum,
3058 5547 3220 5614 hunc,
3238 5549 3478 5619 inquam,

1933 5642 1989 5698 in
2031 5639 2230 5696 exedra
2280 5636 2358 5692 tui
2398 5635 2631 5706 pectoris
2671 5634 2908 5704 diligenti
2960 5651 3090 5691 cura
3137 5639 3381 5695 reconde.
3419 5639 3478 5694 In

1933 5731 2079 5789 illum
2129 5742 2341 5785 omnem
2393 5729 2755 5797 cujuscunque
2801 5730 3135 5784 necessitatis
3169 5731 3482 5788 sollicitudi-

1934 5837 2054 5878 nem
2099 5820 2318 5892 projice.
2362 5818 2418 5874 In
2451 5821 2562 5890 ipso
2614 5833 2708 5888 per
2753 5819 2980 5874 assiduae
3021 5823 3280 5879 orationis
3321 5823 3483 5878 collo-

1935 5911 2116 5983 quium
2155 5909 2434 5967 delectare.
2485 5911 2544 5965 lu
2597 5911 2713 5980 ipso
2767 5919 2819 5966 te
2883 5910 3127 5980 vigilibus
3173 5921 3481 5971 sanctarum

3583 4829 3724 4896 quod
3754 4828 3936 4896 procul
3986 4829 4142 4882 dubio
4176 4831 4285 4883 licri
4312 4831 4515 4900 antiqui
4539 4831 4706 4887 hostis
4734 4847 4835 4888 non
4867 4835 5137 4904 ignoratur

3583 4916 3798 4968 astutia.
3832 4917 3974 4981 Quos
4013 4917 4152 4969 enim
4199 4918 4372 4972 adhuc
4407 4935 4583 4977 sessor
4608 4921 4960 4991 nequissimus
4987 4925 5139 4994 equi-

3585 5015 3683 5072 tat,
3717 5006 3916 5060 idcirco
3947 5007 4262 5077 importunis
4293 5011 4513 5080 vagandi
4545 5011 4840 5068 calcaribus
4862 5024 5030 5085 urget,
5077 5024 5138 5071 ut

3581 5104 3634 5148 et
3661 5096 3760 5165 ipsi
3799 5096 3864 5149 ad
3918 5096 4097 5151 sazculi
4145 5098 4434 5153 vanitatem
4483 5101 4765 5158 redeuntes
4814 5115 5051 5174 pereant,
5081 5114 5137 5162 et

3581 5182 3713 5239 alios
3743 5185 3810 5239 ab
3851 5185 4156 5254 arripiendo
4203 5190 4417 5242 tramite
4455 5205 4594 5245 verae
4637 5191 4825 5248 salutis
4868 5204 5132 5253 avertant.

3583 5272 3719 5328 Sunt
3744 5275 3884 5328 enim
3917 5276 4260 5344 quamplures
4287 5278 4338 5331 ill
4367 5279 4605 5334 saeculari
4635 5282 4816 5336 habitu
4838 5285 5133 5350 constituti,

3583 5365 3674 5432 qui
3715 5364 3816 5418 nisi
3859 5365 3924 5418 ad
3973 5366 4114 5419 hunc
4163 5369 4470 5424 monasticae
4517 5371 4864 5427 institutionis
4899 5384 5133 5443 portum,

3584 5453 3800 5509 Christo
3823 5455 3977 5515 duce,
3995 5455 4323 5527 confugiant,
4341 5458 4498 5513 aliter
4519 5475 4576 5514 se
4609 5460 4660 5514 in
4699 5461 4802 5517 illis
4826 5463 5135 5534 procellosis

3584 5543 3833 5601 mundani
3843 5542 4020 5615 pelagi
4034 5543 4273 5601 ﬂuctibus
4285 5549 4474 5603 salvari
4490 5563 4642 5619 posse
4651 5553 5132 5616 omninodiﬂidanl.

4196 5638 4421 5694 CAPUT
4460 5638 4527 5695 X.

3726 5725 3864 5791 Quid
3898 5725 4021 5779 laici
4050 5727 4112 5780 de
4144 5731 4406 5784 monachis
4442 5731 4773 5787 swcularibus
4797 5736 4990 5792 dicunt.

3657 5820 3763 5876 Sed
3791 5836 3911 5875 cum
3942 5821 4370 5890 contenlplantur
4389 5808 4482 5879 eos
4508 5825 4597 5894 qui
4619 5841 4787 5896 nuper
4805 5841 4993 5885 cuncta
5015 5847 5135 5904 qua

3589 5913 3769 5968 mundi
3817 5920 3975 5979 sunt,
4021 5929 4141 5969 cum
4191 5929 4383 5987 magno
4432 5917 4640 5973 fervore
4687 5930 5132 5995 contempserant,
