5514 6656
5104 12 5115 13 κ
5215 0 5217 16 l

3087 157 3090 160 ,
3129 149 3194 158 ιη..
3277 141 3298 158 ξ
3373 149 3386 152 -

2288 204 2291 205 ,
2326 184 2399 205 εις
2440 176 2697 205 ...ΜΨ-..μ’
2767 179 2826 192 ’--
2863 177 2936 192 -⁴“
2910 175 3070 210 ,τ’-,μεθ
3087 169 3338 208 ᾇξέ.ο”-”-
3485 191 3488 194 ~
3525 193 3536 196 -
3679 191 3694 210 ε

2114 222 2127 227 ο
2180 220 2205 235 λν
2256 216 2371 237 *Γ
2458 226 2483 241 ρ
2624 228 2631 229 κ
2693 217 2864 240 _..-‘~.=’::.'
2887 217 2998 228 *νου
3015 213 3074 222 ·”⁴“
3095 217 3118 224 ’⁸
3143 213 3168 238 “’.
3221 217 3234 224 '
3251 211 3264 214 “
3285 213 3300 224 “’
3397 211 3408 216 ⁵

2190 238 2223 247 ..ι-
2272 242 2311 245 _,
2334 232 2533 247 Δ--ικιη-μῇ
2917 233 2932 244 Ι
3154 266 3167 269 η
3312 262 3333 265 ἢ
3360 264 3367 265 κ
3391 261 3418 270 ε..
3469 263 3494 272 ν-
3599 267 3604 270 -
3663 251 3780 268 '“h-"HI
3823 251 3848 260 κ

511 645 601 704 261
1437 634 1682 696 OPUSC.
1719 635 1832 694 XII.
1859 664 1932 678 —
1955 634 2046 691 DE
2083 629 2509 693 CONTEMPTU
2548 633 2841 692 SIECULI.
3688 637 3799 697 262

503 777 635 819 nunc
656 759 718 814 ad
753 757 1093 816 saecularium
1125 755 1470 829 negotiorum
1504 754 1774 809 turbinem
1802 753 2158 813 inbianterA
2187 747 2333 804 velut
2381 747 2544 804 arbor
2598 749 2749 805 arida
2807 747 3132 805 denudetur.
3192 747 3259 805 Et
3307 757 3564 821 tanquam
3612 752 3790 823 grossi

500 857 681 928 redigi,
708 855 842 910 etin
880 851 1145 920 ejusdem,
1186 866 1349 921 quam
1381 858 1690 915 evaserant,
1733 862 1955 904 cmnosa
1987 860 2083 902 vo-

501 947 685 1003 lutabri
731 946 865 1002 fmce
899 946 1125 1010 versari,
1173 953 1363 1012 stupor
1393 942 1722 998 mirantibus
1760 942 1959 1006 oritur,
1993 955 2082 996 su-

496 1039 711 1110 spirium
763 1038 832 1093 ab
881 1037 1004 1092 imis
1055 1036 1356 1092 visceribus
1401 1037 1654 1099 trahitur,
1701 1045 1757 1092 et
1803 1036 1855 1091 in
1891 1051 2080 1091 eorum

498 1131 762 1188 mentibus
829 1129 1138 1199 desperatio
1223 1137 1537 1198 generatur.
1604 1127 1660 1182 in
1728 1128 2081 1204 semetipsum

495 1238 722 1294 namque
770 1221 1142 1290 unusquisque
1179 1218 1486 1290 hujusmodi
1528 1221 1805 1291 querelam
1835 1221 2079 1290 deponit,

494 1316 708 1372 dicens:
743 1297 860 1380 Vae,
890 1329 990 1376 vae,
1035 1313 1122 1367 ubi
1153 1328 1254 1384 ego
1280 1313 1514 1384 propria:
1543 1311 1738 1368 salutis
1779 1328 1930 1384 spem
1981 1327 2078 1382 po-

493 1407 608 1464 sui?
644 1405 755 1463 Cur
813 1416 994 1462 autem
1041 1404 1237 1476 capitis
1284 1405 1389 1460 mei
1440 1405 1682 1475 periculo
1729 1405 1796 1459 ad
1831 1406 2079 1461 ordinem

493 1499 632 1555 illum
674 1498 913 1554 transire
943 1498 1201 1554 decrevi?
1249 1497 1418 1554 Paulo
1460 1499 1644 1553 minus
1685 1498 1834 1554 brevi
1878 1506 2080 1568 puncto

491 1607 682 1662 corpus
704 1590 867 1646 simul
895 1600 951 1647 et
983 1592 1219 1646 animam
1247 1591 1476 1661 perdidi.
1508 1591 1771 1646 Peneume
1815 1589 1869 1644 in
1898 1591 2077 1662 ignem

492 1685 686 1752 apertis
712 1683 890 1738 oculis
929 1684 1144 1752 propria
1175 1683 1452 1740 voluntate
1487 1681 1716 1750 conjeci.
1761 1681 1894 1750 Quis
1931 1682 2075 1736 enim

491 1773 576 1830 illo
603 1774 898 1831 ferventior
926 1775 1219 1846 aliquando
1263 1775 1650 1832 monasterium
1679 1774 1874 1844 petiit?
1920 1774 2074 1844 Quis,

490 1876 546 1920 ut
570 1867 872 1929 videbatur,
903 1867 1218 1923 animosiori
1249 1868 1555 1927 constantia
1581 1867 1651 1922 ad
1683 1866 1886 1924 Christi
1933 1867 2077 1922 mili-

491 1958 611 2013 tiam
637 1959 995 2030 properavit?
1029 1959 1182 2015 Nunc
1215 1970 1398 2015 autem
1428 1961 1694 2026 omnium,
1724 1975 1846 2030 quae
1870 1961 2076 2030 promi-

490 2050 571 2114 sit,
599 2051 821 2117 oblitus,
868 2052 918 2106 in
974 2053 1205 2107 terrenis
1257 2067 1316 2107 se
1356 2051 1591 2124 negotiis
1628 2053 1833 2123 jugiter
1867 2061 2070 2119 versat,

2190 840 2434 896 ficulnea
2459 842 2638 897 ventis
2685 841 2918 912 expositi
2969 852 3120 898 stare
3148 851 3445 913 nequeunt,
3483 843 3562 899 sic
3604 844 3658 900 in
3702 843 3797 900 illo

2186 933 2419 990 diversis
2454 933 2637 988 mundi
2691 934 3084 990 tentationibus
3115 935 3241 990 hinc
3285 935 3410 989 inde
3439 935 3796 1006 perflantihus

2186 1023 2452 1079 bonorum
2493 1038 2719 1096 operum
2753 1021 3022 1080 fructibus
3055 1039 3378 1094 permanere
3406 1041 3512 1080 non
3543 1035 3794 1097 possunt.

2187 1116 2301 1192 Hoc
2333 1131 2570 1188 namque
2624 1116 2812 1172 vitium
2862 1126 3028 1172 tanta:
3066 1117 3341 1173 violentiae
3387 1127 3492 1182 est,
3531 1129 3593 1172 ut
3644 1129 3794 1190 post-

2184 1223 2346 1279 quam
2377 1208 2479 1264 sibi
2505 1209 2556 1263 in
2593 1219 2816 1277 pectore
2847 1209 3100 1264 monachi
3134 1208 3301 1264 semel
3344 1209 3634 1280 imperium
3671 1210 3794 1265 vin-

2185 1293 2475 1367 dicaverit,
2504 1315 2629 1355 mox
2659 1314 2726 1355 ex
2754 1300 2993 1355 maxima
3026 1309 3202 1371 parte,
3246 1300 3294 1356 si
3342 1301 3484 1358 inest
3522 1302 3791 1358 virtutum

2183 1393 2404 1459 chorus,
2442 1392 2734 1458 abscedat;
2770 1391 3028 1448 nonnulla
3062 1393 3319 1448 vitiorum
3366 1401 3618 1465 portenta
3645 1393 3796 1450 velut

2184 1487 2515 1558 ergastulum
2546 1487 2751 1559 proprii
2801 1485 2943 1556 juris
2987 1487 3275 1558 irrumpat.
3338 1485 3472 1542 Nam
3524 1497 3585 1544 ut
3618 1502 3793 1558 pauca

2184 1581 2494 1638 referantur
2521 1596 2552 1637 e
2583 1580 2790 1646 multis,
2818 1580 3120 1636 monachus
3157 1580 3213 1635 in
3245 1581 3442 1637 itinere
3470 1580 3684 1652 positus
3715 1590 3795 1637 te-

2183 1689 2315 1730 nere
2355 1674 2624 1744 jejunium
2656 1672 2866 1743 nequit,
2891 1674 3018 1744 quia
3075 1671 3360 1743 hospitalis
3389 1673 3436 1728 ei
3477 1673 3792 1730 humanitas

2181 1784 2290 1825 non
2320 1767 2626 1839 permittit;
2657 1782 2765 1823 non
2803 1766 3080 1839 sapienter
3106 1765 3310 1837 psallit,
3348 1767 3474 1838 quia
3523 1766 3787 1822 obambu-

2181 1858 2346 1914 lantis
2391 1859 2683 1914 comitatus
2727 1873 2853 1914 eum
2884 1858 3190 1930 loquacitas
3229 1859 3491 1930 impedit;
3532 1859 3790 1916 nocturni

2179 1966 2284 2006 non
2314 1951 2516 2007 insistit
2543 1950 2810 2016 excubiis,
2844 1951 2974 2022 quia
3015 1960 3288 2007 secretum
3314 1951 3469 2006 deest
3492 1949 3789 2023 singulari-

2183 2045 2341 2109 tatis;
2384 2043 2666 2100 ﬂectendis
2707 2045 2938 2114 genibus
2982 2059 3089 2100 non
3119 2043 3359 2109 insudat,
3403 2044 3530 2115 quia
3581 2051 3788 2101 sanctae

489 2142 729 2197 saeculum
784 2153 1001 2206 tractat,
1053 2144 1308 2199 srecnlum
1347 2147 1520 2214 Spirat
1572 2159 1585 2197 :
1644 2153 1699 2198 et
1741 2159 1900 2213 quem
1934 2145 2066 2199 mihi
2105 2126 2146 2185 Β
2179 2138 2487 2194 devotionis
2530 2138 2710 2192 studio
2739 2137 2893 2193 labor
2930 2137 3145 2192 itineris
3174 2153 3278 2192 non
3309 2137 3642 2201 concordat;
3691 2153 3790 2193 nev

489 2235 914 2289 mortificationis
961 2235 1180 2290 habitus
1239 2235 1557 2290 dissimilem
1611 2237 1806 2299 reddit,
1857 2251 2068 2290 mecum

487 2328 677 2381 mundo
699 2344 806 2381 non
835 2328 995 2400 253
1024 2329 1360 2384 dissimiliter
1380 2331 1530 2383 vivit.
1558 2329 1742 2393 Planc,
1771 2339 1832 2384 ιιι
1859 2329 2070 2399 perspi-

488 2433 634 2472 cuum
657 2430 758 2485 est,
790 2430 1002 2474 mutare
1029 2437 1225 2492 corpus
1251 2423 1580 2478 exteriorem
1606 2425 1845 2491 speciem
1871 2424 2068 2492 potuit,

484 2510 568 2563 sed
598 2527 747 2566 mens
777 2512 828 2566 in
857 2528 944 2578 eo,
975 2528 1084 2584 quo
1114 2514 1291 2570 fuerat
1316 2525 1479 2578 statu,
1513 2516 1652 2570 male
1681 2516 1785 2570 lixa
1819 2531 2071 2586 perman-

483 2603 566 2657 sit.
599 2603 734 2671 Quid
785 2607 918 2662 mihi
978 2610 1352 2665 conversionis
1397 2608 1514 2678 ejus
1562 2610 1872 2666 incentor-es
1911 2627 2072 2665 accu-

483 2697 714 2752 sareiln
736 2699 910 2754 rebus
931 2699 1197 2769 siquidem
1232 2701 1442 2757 bellicis
1472 2701 1814 2759 solummodo
1843 2704 2071 2757 commi-

485 2784 690 2843 litonem
724 2793 958 2860 perdidi,
999 2795 1091 2847 sed
1123 2793 1177 2848 in
1207 2794 1431 2864 reliquis
1463 2797 1698 2850 terrenis
1734 2797 1948 2851 actibus
1982 2813 2072 2852 so-

483 2878 614 2934 cium
646 2898 750 2937 non
792 2883 971 2939 amisi.
1005 2882 1214 2940 Mecum
1249 2895 1397 2942 certe
1443 2886 1690 2943 forenses
1727 2889 1848 2943 lites
1875 2889 2064 2960 agitat,

484 2986 685 3028 mecum
711 2975 764 3030 in
796 2977 1160 3033 tribunalibus
1173 2977 1420 3046 judicum
1449 2994 1708 3048 perorare
1736 2995 1843 3034 non
1868 2989 2066 3046 cessat,

482 3077 679 3119 mecum
719 3066 1069 3139 importunus
1115 3069 1254 3122 atria
1300 3069 1608 3140 principum
1657 3079 1927 3140 penetral,
1959 3086 2070 3126 me-

481 3167 593 3208 cum
632 3157 789 3212 simul
827 3173 1016 3214 eorum
1055 3161 1281 3217 auribus
1309 3162 1537 3218 consilia
1570 3171 1801 3219 terrena:
1838 3163 2066 3235 profun-

481 3243 653 3302 ditatis
681 3247 928 3304 instillat.

544 3334 645 3392 Sed
674 3353 780 3409 qua
831 3341 1142 3398 temeritate
1177 3341 1384 3398 socium
1430 3358 1746 3414 nuncupare
1775 3359 2065 3415 przesumo,

478 3437 624 3493 quem
660 3425 774 3496 jam
818 3431 1340 3488 consuetudinaliter
1373 3433 1600 3496 socium,
1637 3437 1732 3490 sed
1759 3435 1811 3488 in
1848 3436 2064 3490 cunctis

2177 2246 2449 2300 quaquam
2498 2232 2597 2286 sub
2646 2231 2845 2286 silentii
2897 2245 3129 2287 censura
3196 2231 3612 2303 constringitur,
3657 2231 3785 2301 quia

2177 2322 2488 2391 frequenter
2542 2322 2948 2393 emergentibus
2999 2323 3202 2388 causis,
3248 2322 3451 2378 invitus
3484 2323 3651 2378 etiam
3687 2338 3786 2395 per

2177 2415 2516 2484 tnultiloquia
2548 2413 2889 2469 diffrenatur.

2248 2505 2412 2578 254¹
2449 2505 2590 2573 Quid
2621 2506 2821 2570 dicam,
2859 2505 2988 2575 quia
3016 2504 3237 2561 lectioni
3285 2505 3372 2560 vel
3407 2507 3642 2563 orationi
3684 2508 3785 2563 mi-

2176 2597 2320 2650 nime
2353 2605 2528 2658 vacat,
2565 2611 2728 2666 quem
2758 2605 2916 2651 extra
2961 2597 3318 2667 semetipsum
3349 2597 3552 2668 egredi,
3593 2606 3650 2653 et
3677 2607 3786 2654 ter-

2175 2702 2304 2741 rena
2353 2702 2583 2756 quaeque
2614 2697 2852 2742 tractare
2901 2688 3196 2743 imminens
3246 2688 3428 2756 potius
3483 2690 3784 2747 necessitas

2173 2779 2386 2835 dictat?
2415 2779 2670 2835 Charitas
2695 2780 2745 2832 in
2769 2794 2834 2834 eo
2861 2779 3150 2844 minuitur,
3179 2781 3306 2851 quia
3336 2795 3510 2844 mens,
3533 2797 3657 2852 quae
3701 2791 3782 2838 tot

2174 2874 2450 2929 actionum
2481 2873 2825 2930 smcularium
2873 2883 3065 2931 ventos
3091 2875 3312 2944 recipit,
3346 2876 3414 2930 ab
3450 2877 3655 2931 amoris
3697 2876 3782 2932 in-

2174 2969 2293 3022 timi
2332 2967 2546 3021 fervore
2583 2969 2831 3037 tepescit.
2863 2965 3032 3022 Suum
3066 2982 3286 3039 quoque
3316 2969 3546 3024 castitas
3572 2973 3775 3028 mentis

2173 3061 2514 3131 dispendium
2545 3061 2768 3132 patitur,
2803 3062 2932 3132 quia
2968 3077 3359 3132 nonnunquam
3397 3078 3554 3119 mens
3583 3078 3782 3120 concu-

2171 3153 2457 3221 piscentiaa
2491 3151 2599 3206 telo
2626 3151 2918 3223 configitur
2959 3169 3058 3224 per
3085 3155 3272 3210 carnis
3313 3154 3574 3225 speciem,
3612 3169 3780 3225 quam

2173 3243 2416 3299 exterius
2443 3242 2863 3314 contemplatur.
2911 3243 3103 3299 Robur
3127 3247 3292 3300 etiam
3321 3245 3596 3315 patientia:
3626 3245 3782 3300 fran-

2173 3337 2334 3409 gitur,
2378 3336 2505 3408 quia
2544 3336 2824 3407 quodlibet
2866 3337 3160 3406 inceptanti
3226 3338 3352 3392 dum
3395 3352 3540 3408 saepe
3583 3346 3780 3394 contra

2173 3438 2358 3484 votum
2383 3431 2653 3500 repentini
2679 3445 2843 3485 casus
2865 3440 3209 3502 emergentes
3229 3430 3472 3496 obviant,
3500 3433 3593 3502 qui
3616 3448 3776 3489 suum

481 3525 720 3589 tanquam
762 3522 1110 3592 pedissequa,
1135 3524 1226 3578 vix
1251 3525 1640 3594 prmambulum
1672 3525 2068 3596 sequor?Sane
2095 3499 2139 3562 (ἶ
2172 3499 2515 3576 accelerabat
2567 3518 2844 3588 explicare
2895 3499 3196 3592 negotium,
3246 3537 3353 3576 non
3393 3499 3777 3593 aequanimiter

481 3615 726 3667 tantuma
767 3613 966 3684 populo
992 3614 1218 3685 gloriam
1247 3617 1314 3671 de
1351 3630 1450 3672 sua
1486 3621 1844 3675 conversione
1884 3618 2064 3674 lucra-

481 3705 580 3765 tur,
609 3712 665 3756 ut
692 3704 1094 3774 supervenienti
1127 3720 1320 3762 omnes
1348 3718 1656 3780 assurgant,
1685 3709 1946 3781 quidquid
1977 3718 2063 3764 at-

479 3791 671 3862 tulerit,
708 3797 856 3854 velut
896 3798 1190 3868 prophetiae
1215 3800 1493 3856 oraculum
1534 3803 1778 3866 credant,
1815 3816 1871 3858 et
1901 3804 2065 3860 devoc
2091 3815 2112 3852 κ’

479 3885 627 3944 tionis
659 3889 731 3944 illi
777 3890 1103 3961 obsequium
1152 3901 1466 3948 reverenter
1494 3893 1808 3948 exhibeant.
1845 3893 1950 3950 Sed
1983 3895 2063 3950 vi-

478 3977 653 4034 delicet
682 3990 945 4052 quantum
977 3983 1043 4037 ad
1076 3998 1316 4049 carnem,
1349 3985 2060 4056 nequaquaminfructuosa

479 4067 609 4126 illius
633 4074 872 4129 creditur
917 4074 1084 4129 fuisse
1109 4079 1425 4143 conversio;
1469 4078 1593 4149 quia
1618 4079 1711 4149 qui
1742 4078 2061 4135 saecularem

478 4171 800 4222 vestem-non
824 4182 946 4222 eum
972 4176 1150 4223 mente
1167 4169 1437 4239 deposuit,
1466 4170 1783 4227 saecularem
1806 4187 2060 4242 pompam

476 4252 688 4312 callidus
723 4267 1063 4328 permutator
1093 4259 1306 4330 plenius
1340 4263 1649 4332 acquisivit.

540 4346 641 4406 Has
669 4349 874 4423 itaque,
900 4362 1062 4423 atque
1093 4354 1403 4425 hujusmodi
1435 4360 1900 4415 murmurationes
1928 4360 2056 4414 dum

477 4437 852 4499 detrectatores
878 4443 1180 4513 eﬂ'undunt,
1215 4449 1436 4518 quantis
1461 4449 1534 4505 sit
1553 4451 1770 4507 occasio
1796 4451 2057 4522 pereundi

475 4530 522 4586 in
553 4537 742 4593 saeculo
780 4540 1094 4609 pervagatio
1130 4543 1521 4598 monachorum
1561 4545 1684 4614 quis
1731 4560 2058 4600 enttmerare

475 4622 722 4682 sufﬁciat?
753 4629 991 4687 Facilius
1042 4632 1187 4687 enim
1239 4634 1292 4688 in
1352 4635 1600 4690 saeculari
1650 4637 1836 4692 habitu
1887 4639 2053 4694 etiam

473 4717 637 4784 perire
689 4720 1009 4788 deliberant,
1066 4739 1228 4794 quam
1285 4727 1620 4796 perditorum
1674 4729 1919 4800 exempla
1971 4747 2054 4788 se-

472 4811 691 4878 quendo,
711 4821 1003 4884 utrumque
1029 4814 1215 4882 simul,
1240 4827 1296 4871 ut
1321 4818 1492 4885 aiunt,
1524 4821 1778 4875 saeculum
1800 4821 2050 4890 perdant.

473 4895 533 4952 Et
559 4905 735 4958 revera
769 4920 874 4962 non
901 4914 984 4961 est
1011 4907 1402 4977 mirandum,si
1438 4913 1745 4969 videntibus
1773 4915 1874 4970 hoc
1895 4931 2052 4972 scan-

471 4987 635 5048 dalum
687 4997 950 5066 nascitur,
980 4999 1125 5069 quod
1170 5010 1222 5056 et
1268 5002 1400 5068 Deo,
1449 5015 1505 5060 et
1533 5016 1702 5062 sacrae
1740 5009 2048 5066 auctoritati

467 5083 714 5154 probatur
765 5105 889 5146 esse
941 5095 1303 5149 contrarium.
1358 5095 1450 5151 Ait
1498 5097 1645 5152 enim
1699 5098 1992 5170 Apostolus
2035 5119 2048 5157 ;

473 5191 490 5224 ι
517 5171 676 5232 Nemo
702 5178 943 5236 militans
974 5180 1103 5248 Deo,
1146 5183 1390 5254 implicat
1418 5201 1477 5242 se
1508 5191 1742 5260 negotiis
1773 5192 2048 5248 saeculari-

467 5265 577 5333 bus,
607 5277 663 5324 ut
696 5272 746 5327 ei
775 5271 1010 5342 placeat,
1037 5276 1130 5332 cui
1158 5291 1218 5333 se
1241 5278 1494 5348 probavit
1520 5279 1608 5352 (II
1647 5280 1784 5338 Tim.
1814 5280 1902 5354 ti).
1938 5309 1954 5333 ο
1982 5286 2050 5340 Et

469 5358 570 5428 ipse
589 5363 847 5422 Dominus
869 5367 1125 5424 admonet
1145 5370 1441 5443 discipulos
1463 5388 1610 5440 suos,
1643 5375 1832 5433 dicens
1856 5395 1870 5432 :
1905 5398 1921 5430 ε
1946 5377 2046 5434 Ca-

471 5458 595 5517 vete,
628 5468 694 5509 ne
719 5464 1015 5526 graventur
1040 5459 1202 5514 corda
1235 5469 1418 5523 vestra
1447 5463 1499 5517 in
1531 5465 1775 5535 crapula,
1801 5475 1856 5522 et
1877 5467 2046 5524 ebrie-

467 5549 597 5612 tate,
622 5554 676 5602 et
715 5549 865 5604 curis
890 5548 1050 5621 hujus
1087 5551 1269 5608 saeculi
1305 5552 1459 5626 (Luc.
1490 5557 1630 5626 XXI).
1661 5575 1681 5609 ι

1051 5663 1282 5723 CAPUT
1324 5666 1416 5723 XI.

470 5745 609 5813 Quod
623 5752 882 5808 discursio
899 5758 1148 5832 monachi
1164 5768 1212 5812 et
1228 5760 1440 5832 virtutes
1461 5762 1707 5832 expellat,
1723 5775 1772 5819 et
1799 5766 2045 5824 vitiorum

877 5826 1268 5883 multitudinem
1296 5826 1616 5888 introduéat.

531 5911 601 5967 Ex
628 5916 730 5972 hac
762 5933 997 5989 namque
1039 5919 1427 5990 inquietudinis
1455 5936 1717 5982 venenata
1748 5929 1928 5986 radice
1963 5942 2046 5988 tot

469 6002 706 6063 Vitiorum
742 6008 1071 6081 propagines
1097 6011 1370 6082 oriuntur,
1415 6025 1474 6071 ut
1518 6017 1572 6072 in
1607 6034 1933 6093 quocunque
1967 6024 2046 6079 vi—

468 6105 583 6161 scre
601 6101 964 6172 cognoscitur,
985 6103 1129 6160 omni
1154 6108 1465 6165 monasticae
1490 6109 1844 6181 perfectionis
1865 6112 2046 6172 [ructu

2085 4875 2132 4934 D

2171 3621 2396 3683 portat:
2429 3620 2486 3667 et
2521 3611 2649 3667 talia
2701 3621 2830 3666 tunc
2877 3627 2975 3682 per
3010 3613 3407 3683 impatientiam
3448 3616 3613 3672 verba
3651 3631 3778 3688 proo

2169 3704 2367 3771 fundit,
2399 3721 2520 3777 quae
2555 3720 2682 3761 cum
2710 3705 2778 3759 ad
2816 3706 2990 3760 otium
3024 3714 3337 3771 revertitur,
3373 3706 3666 3764 ultricibus
3697 3710 3777 3765 la-

2170 3797 2374 3868 crymis
2402 3798 2644 3869 graviter
2667 3796 2844 3867 punit.
2876 3796 3209 3852 Sobrietatis
3240 3797 3424 3868 regula
3448 3813 3554 3854 non
3591 3815 3781 3856 serva-

2171 3896 2280 3956 tur,
2302 3889 2428 3960 quia
2476 3890 2602 3945 dum
2650 3889 2980 3945 lautioribus
3008 3888 3148 3944 cibis
3191 3890 3426 3944 convivii
3477 3903 3776 3962 apparatus

2170 3981 2481 4047 instruitur,
2516 3981 2642 4035 dum
2667 3981 2955 4052 hospitalis
2974 3977 3138 4036 olIicii
3165 3981 3431 4038 sedulitas
3459 3983 3774 4051 exhibetur,

2165 4075 2289 4146 quia
2346 4075 2704 4130 inhumanum
2755 4084 2911 4146 putat
2962 4074 3321 4131 invitantium
3371 4077 3628 4148 precibus
3663 4093 3772 4135 non

2166 4167 2623 4232 condescendere,
2668 4167 2903 4223 delectat
2933 4167 3100 4223 etiam
3129 4167 3307 4224 ventri
3331 4168 3432 4224 sub
3475 4169 3770 4228 charitatis

2163 4260 2348 4333 specie
2392 4259 2632 4316 molliter
2661 4259 2964 4332 indulgere.
3009 4261 3064 4315 In
3095 4275 3206 4330 quo
3241 4259 3497 4316 nimirum
3539 4262 3775 4319 articulo

2163 4357 2217 4411 in
2243 4364 2424 4411 mente
2453 4355 2598 4412 servi
2633 4353 2726 4410 Dei
2758 4369 2902 4426 saepe
2925 4355 3175 4413 dubietas
3199 4355 3396 4420 oritur,
3424 4369 3493 4410 ne
3516 4356 3774 4414 videlicet

2163 4453 2304 4508 unde
2330 4452 2611 4509 sobrietati
2659 4451 2986 4518 consulitur,
3037 4452 3161 4508 inde
3205 4467 3423 4524 quoque
3484 4452 3767 4524 hypocrisi

2162 4546 2328 4618 (quod
2383 4545 2750 4602 abominabile
2811 4553 2896 4600 est
2951 4545 3172 4617 vitium)
3245 4539 3537 4603 serviatur.
3611 4546 3770 4604 Unde

2159 4639 2300 4708 apud
2330 4639 2598 4710 quosdam
2627 4638 2947 4696 sobrietatis
2988 4639 3183 4695 modus
3208 4641 3435 4696 omnino
3460 4641 3767 4696 contemni-

2162 4737 2266 4794 tur,
2297 4737 2356 4782 ut
2404 4728 2709 4799 hypocrisis
2739 4744 2957 4800 quoque
2986 4739 3113 4786 nota
3142 4730 3330 4800 procul
3368 4731 3558 4787 abesse
3583 4731 3772 4789 videa-

2159 4832 2268 4878 tur.
2297 4821 2403 4878 Sed
2435 4823 2540 4880 hoc
2567 4823 2728 4880 modo
2757 4812 2918 4890 ineo,
2948 4825 3091 4895 quod
3115 4824 3352 4882 discrete
3385 4826 3469 4895 agi
3499 4825 3768 4893 creditur,

2160 4919 2418 4975 discretio
2470 4935 2578 4974 non
2632 4928 2871 4975 tenetur.
2905 4920 3000 4977 ille
3039 4921 3186 4977 enim
3214 4921 3320 4976 scit
3376 4929 3524 4978 recte
3560 4921 3771 4977 discer-

2159 5025 2371 5077 nerere,
2395 5011 2486 5081 qui
2515 5011 2768 5067 virtutem
2821 5014 2972 5068 novit
3017 5029 3046 5067 a
3099 5013 3235 5068 vitio
3279 5027 3540 5085 separare
3597 5031 3610 5067 :
3667 5017 3771 5084 qui

2160 5111 2342 5158 autem
2384 5118 2507 5159 cum
2535 5103 2766 5160 zizaniis
2813 5104 2975 5160 simul
3005 5105 3172 5162 etiam
3218 5105 3459 5160 triticum
3494 5105 3767 5170 eradicat,

2160 5195 2250 5252 hic
2285 5196 2474 5267 procul
2518 5197 2684 5253 dubio
2717 5198 2828 5254 vim
2855 5197 3208 5256 discretionis
3236 5199 3470 5270 ignorat.
3503 5197 3772 5270 Quisquis

2155 5302 2288 5358 ergo
2312 5288 2428 5346 solo
2454 5305 2704 5361 superna:
2735 5292 3196 5348 remunerationis
3225 5291 3425 5347 intuitu
3449 5291 3774 5347 sobrietatis

2156 5382 2386 5438 limitem
2414 5397 2521 5439 non
2553 5386 2792 5452 excedit,
2817 5395 2874 5442 et
2913 5387 3247 5460 hypocrisim
3293 5386 3397 5443 sub
3439 5385 3772 5443 humilitatis
3838 5427 3847 5449 ,

2154 5488 2266 5528 sua:
2305 5475 2536 5545 pedibus
2569 5477 2764 5542 calcat,
2813 5489 2871 5534 et
2919 5480 3206 5535 custodita:
3255 5477 3576 5535 sobrietatis
3629 5494 3769 5549 prte-

2157 5563 2328 5619 mium
2360 5565 2744 5624 incunctanter
2763 5579 3070 5640 exspectat.

2232 5653 2304 5711 Ut
2329 5666 2510 5714 autem
2541 5659 2720 5717 adhuc
2763 5676 2982 5733 quoque
3012 5664 3078 5718 de
3109 5663 3382 5718 monacho
3421 5661 3768 5718 discurrente

2153 5747 2419 5815 dicamus,
2468 5752 2829 5823 lacrytnarum
2879 5757 3357 5827 compunctionem
3387 5755 3589 5828 quibus
3639 5768 3768 5825 pec-

2152 5852 2275 5899 cata
2303 5843 2516 5913 deﬂeat,
2550 5864 2654 5903 non
2700 5848 2902 5915 habet;
2953 5851 3079 5920 quia
3110 5864 3266 5905 mens
3297 5849 3473 5917 arida,
3504 5863 3624 5919 qua!
3669 5863 3768 5920 per

2151 5944 2345 5992 aestum
2401 5946 2632 5996 terrena:
2688 5943 3123 6000 conversationis
3171 5943 3398 6009 incedit,
3456 5942 3584 5998 dum
3643 5956 3771 6011 per-

2151 6026 2303 6085 fundi
2335 6044 2457 6086 rore
2487 6033 2665 6088 sancti
2698 6031 2936 6103 Spiritus
2969 6050 3076 6090 non
3115 6043 3383 6100 meretur,
3418 6031 3619 6088 arescit
3648 6047 3660 6082 :
3709 6037 3770 6087 et

2157 6128 2502 6179 terrenarum
2545 6125 2940 6198 cogitationum
2989 6140 3149 6185 cteno
3189 6125 3375 6200 plena,
3405 6125 3534 6198 quia
3565 6137 3768 6194 aquam

4715 6426 5218 6556 Α
