5514 6662
2026 530 2131 587 263

2487 528 2546 587 S.
2575 529 2781 588 PETRI
2812 526 3094 584 DAMIANI
3129 526 3280 584 OPP.
3314 524 3546 582 TOMUS
3586 522 3715 581 SEU
3755 525 3932 583 PARS
3962 525 4046 583 Ill.
4076 552 4149 567 -ιι
4174 525 4535 585 OPUSCULA
4562 527 4788 584 VARIA.

5154 529 5251 584 26!

2026 648 2219 718 capitis
2244 645 2470 701 interius
2493 645 2660 715 gratia
2695 642 2953 714 largiente
2981 657 3087 695 non
3115 640 3369 709 concipit,
3412 638 3583 693 nullas
3612 642 3659 701 Α
3688 639 3865 693 anima
3895 638 4075 699 discit,
4104 638 4291 707 quanti
4319 638 4418 693 sibi
4452 638 4771 702 constiterit,
4797 637 4935 707 quod
4967 651 5022 692 se
5052 652 5148 708 per
5173 639 5250 692 la—

2025 749 2175 794 extra
2194 751 2251 791 se
2270 736 2537 805 lacrymas
2560 733 2748 787 fundit.
2780 732 3079 801 Aliquando
3100 731 3326 785 fortasse
3354 728 3585 782 circum-

2024 825 2160 879 fusis
2192 824 2525 878 auditoribus
2564 821 2839 891 praedicat,
2878 822 2973 875 sed
3011 829 3224 889 repente
3256 834 3387 871 vana
3418 818 3582 887 gloria

2025 912 2277 980 subripit,
2332 920 2383 966 et
2433 896 2583 980 quasi
2638 926 2703 965 ex
2755 910 2965 965 insidiis
3008 910 3274 980 prodiens,
3308 923 3449 971 eum,
3498 907 3587 976 qui

2024 1003 2146 1057 aliis
2170 1002 2503 1067 medebatur,
2530 1002 2745 1057 occidit.
2780 1000 2835 1056 Si
2860 1011 3035 1056 autem
3057 989 3233 1054 ethoc
3258 1013 3585 1068 praecavens,

2024 1092 2121 1149 sub
2179 1093 2375 1147 silentii
2426 1108 2485 1148 se
2537 1107 2761 1147 censura
2816 1090 3149 1159 constringit,
3215 1089 3348 1143 nihil
3400 1104 3583 1144 eorum

2023 1198 2180 1253 posse
2230 1186 2507 1254 perlicere,
2539 1198 2767 1254 quorum
2806 1182 2979 1253 gratia
3025 1190 3264 1244 venerat,
3298 1180 3581 1236 erubescit.

2025 1272 2080 1328 Si
2111 1289 2338 1329 morosee
2382 1274 2681 1345 gravitatis,
2713 1282 2771 1327 ut
2809 1272 3026 1342 dignum
3054 1282 3158 1335 est,
3205 1274 3434 1341 speciem
3472 1285 3584 1325 ser-

2022 1376 2131 1427 vat,
2171 1365 2321 1419 valde
2349 1365 2692 1435 pertimescit,
2728 1378 2795 1417 ne
2843 1372 2897 1416 et
2929 1362 3017 1418 hic
3064 1362 3363 1432 hypocrisis
3404 1371 3580 1417 notam

2024 1458 2302 1513 simulator
2331 1458 2584 1511 incurrat.
2624 1454 2679 1509 Si
2710 1463 2887 1509 autem
2934 1469 2963 1507 a
3012 1469 3121 1508 sum
3158 1453 3581 1507 mortiﬁcationis

2023 1548 2201 1618 rigore
2244 1545 2635 1616 quantumlibet
2686 1560 2744 1600 se
2790 1546 2843 1599 in
2889 1543 3163 1599 lenitatem
3211 1543 3449 1613 resolvit,
3496 1543 3581 1597 hic

2018 1635 2180 1691 ctiam
2233 1634 2397 1690 multo
2455 1635 2631 1689 minus
2683 1649 2906 1690 securus
2931 1643 3033 1699 est,
3082 1648 3148 1688 ne
3191 1634 3439 1687 videlicet
3484 1647 3578 1687 suo

2019 1724 2270 1793 exemplo
2299 1723 2433 1779 alios
2462 1724 2725 1779 destruat.
2760 1724 2814 1778 Si
2843 1723 3053 1792 quando
3080 1724 3219 1776 inter
3264 1722 3579 1777 dissidentes

2020 1827 2311 1888 sequestra:
2338 1816 2485 1888 pacis
2525 1816 2637 1870 vult
2678 1815 2971 1871 refermare
3012 1816 3373 1879 concordiam,
3418 1814 3461 1867 si
3496 1813 3578 1866 di-

2020 1909 2209 1963 atricte
2255 1909 2535 1961 veritatem
2569 1905 2901 1973 exsequitur,
2945 1904 3392 1959 reconciliationis
3443 1904 3580 1957 inter

3692 728 3971 781 titudinem
4004 728 4181 781 saeculi
4217 729 4447 781 inaniter
4494 728 4771 781 relaxavit.
4819 727 5064 781 Tabescit
5114 732 5247 781 cn'm

3689 821 3855 883 sicca,
3888 820 4144 885 obscura,
4174 820 4407 889 lapidea;
4444 821 4495 873 in
4527 820 4740 874 modum
4788 836 5019 888 namque
5065 820 5250 889 lapidis

3689 911 3972 974 obdurata,
4024 924 4119 964 nec
4163 911 4213 963 in
4252 910 4606 978 lacrymarum
4644 910 4837 962 ﬂuenta
4885 924 5246 978 prorumpere,

3687 1010 3786 1049 nec
3832 996 4009 1050 lumen
4059 1006 4232 1067 potest
4265 999 4494 1052 tenebris
4539 998 4771 1065 undique
4814 998 5131 1052 circumfusa
5181 1001 5249 1049 vi-

3686 1086 3832 1140 dere.
3862 1086 4191 1143 Psalmorum
4214 1089 4430 1157 quidem
4456 1089 4722 1159 mysteriis
4748 1090 5021 1144 intendere
5042 1092 5247 1156 nititur,
5276 1074 5279 1075 ν

3684 1176 3779 1230 sed
3810 1187 4060 1247 tanquam
4095 1179 4434 1249 lippientibus
4477 1180 4645 1234 oculis
4693 1180 5014 1235 intolerabili
5052 1182 5248 1236 lumine

3684 1270 4083 1326 reverberatur.
4120 1270 4349 1325 Anhelat
4372 1271 4589 1335 virtute,
4612 1287 4713 1341 qua
4735 1281 4931 1342 potest,
4948 1274 5013 1326 ad
5039 1287 5245 1327 summa

3683 1361 4037 1424 contendere,
4078 1363 4169 1413 sed
4200 1362 4428 1429 quodam
4474 1377 4571 1415 suo
4617 1365 4849 1431 pondere
4894 1374 5244 1433 praegravata,

3682 1450 3736 1504 in
3769 1450 3892 1503 imis
3930 1450 4139 1520 cogitur
4167 1451 4448 1506 humiliata
4491 1452 4695 1522 jacere.
4746 1452 4844 1506 Cui
4877 1454 5243 1522 propheticum

3682 1540 3812 1595 illud
3865 1557 3971 1595 non
4022 1542 4464 1597 inconvenienter
4493 1553 4751 1613 aptatur:
4794 1562 4812 1595 ι
4842 1544 4894 1598 In
4950 1546 5244 1599 tenebrosis

3682 1630 3964 1685 collocavit
4009 1647 4093 1685 me
4148 1633 4301 1701 quasi
4350 1642 4588 1688 mortuos
4621 1636 4991 1704 sempiternos,
5019 1636 5243 1691 circum-

3681 1724 3961 1778 aedificavit
3995 1726 4275 1778 adversum
4305 1739 4407 1787 me,
4435 1735 4494 1779 ut
4520 1741 4624 1779 non
4656 1726 4920 1797 egrediar,
4944 1728 5243 1797 aggravavit

3683 1816 3994 1884 compedem
4023 1831 4219 1879 meum,
4270 1816 4361 1870 sed
4390 1823 4439 1869 et
4471 1831 4592 1870 cum
4624 1816 4946 1881 clamavero,
4995 1826 5048 1869 et
5094 1830 5243 1885 roga-

3681 1917 3829 1965 vero,
3862 1904 4413 1959 erclusitoratiouem
4441 1920 4614 1959 meam
4659 1905 4871 1974 (Threx.
4923 1906 5029 1975 ιιι).
5069 1925 5087 1959 ι
5125 1906 5245 1961 Mte-

2020 2010 2115 2053 eos
2140 1996 2317 2050 unitas
2348 2010 2454 2050 non
2491 1996 2781 2059 conﬂatur;
2809 1994 2951 2065 quod
2982 1995 3025 2049 si
3057 1995 3132 2048 uti
3164 1994 3453 2049 mendaciis
3492 2008 3579 2048 ac'
3608 1979 3655 2039 Β
3683 2001 3783 2057 ret,
3815 1992 4081 2055 anxiatur,
4111 1993 4359 2057 anhelat;
4386 2000 4441 2046 et
4465 1993 4589 2062 quia
4623 2008 4722 2048 nec
4758 1994 4923 2063 ipsam
4960 1995 5097 2048 hanc
5132 1993 5242 2061 ejus

2016 2087 2268 2157 quiescit,
2298 2086 2501 2155 peccati
2533 2085 2756 2153 laqueos
2784 2100 2889 2139 non
2919 2085 3115 2139 evadit.
3148 2084 3281 2139 Cum
3320 2084 3431 2139 vult
3460 2100 3583 2153 pec-

2020 2186 2204 2233 cantes
2242 2192 2488 2246 arguere,
2522 2177 2731 2247 culpam
2776 2190 2879 2230 non
2913 2176 3185 2229 minimam
3220 2176 3458 2245 deputat,
3507 2186 3583 2230 tot

2018 2266 2381 2335 proximorum
2426 2280 2641 2319 suorum
2674 2265 2955 2318 adversum
3008 2281 3066 2319 se
3118 2266 3239 2320 odia
3290 2266 3579 2320 concitare.

2019 2352 2213 2409 Videre
2244 2363 2446 2421 autem,
2491 2362 2547 2409 et
2595 2354 2974 2417 conticescere,
3021 2354 3144 2421 quid
3189 2355 3330 2407 aliud
3356 2357 3583 2409 arbitra-

2016 2452 2127 2506 tur,
2164 2444 2262 2497 nisi
2282 2458 2444 2513 prave
2472 2443 2751 2513 agentibus
2773 2443 3113 2499 consentire?
3143 2444 3209 2497 Et
3232 2444 3344 2498 haec
3366 2446 3579 2513 quidem

2017 2549 2085 2589 ex
2114 2533 2234 2597 illis,
2268 2534 2358 2605 qui
2389 2532 2547 2604 255
2570 2535 2905 2603 quantolibet
2947 2535 3124 2589 calent
3151 2537 3363 2605 superni
3408 2536 3581 2591 fervo-

2018 2625 2093 2680 ris
2123 2624 2371 2695 igniculo.
2402 2624 2665 2680 Caeterum
2698 2625 2876 2695 frigidi
2907 2628 3125 2696 quique,
3159 2629 3248 2697 qui
3284 2629 3477 2696 spretis
3503 2630 3582 2682 di-

2016 2713 2154 2769 vinae
2182 2715 2383 2770 militiae
2408 2716 2623 2780 castris,
2664 2716 2729 2769 ad
2766 2716 3048 2771 mundanae
3078 2718 3352 2788 vertiginis
3384 2720 3578 2773 molam

2014 2803 2233 2858 sinistro
2262 2803 2588 2872 postliminio
2619 2805 2992 2871 revolvuntur,
3023 2822 3184 2874 quam
3207 2808 3579 2877 judicabiliter

2012 2902 2190 2963 agant,
2219 2907 2377 2961 quam
2427 2893 2823 2948 inconsiderate
2850 2894 3055 2959 vivant,
3088 2897 3321 2950 referant
3346 2899 3435 2966 qui
3486 2914 3577 2951 vo-

2011 2981 2147 3035 lunt.
2180 2979 2343 3036 Nobis
2373 2980 2672 3036 consultius
2702 2981 2932 3047 videtur,
2961 2998 3053 3038 eos
3080 2985 3164 3053 pia
3209 2988 3577 3055 compassione

2011 3069 2227 3134 deﬂere,
2251 3085 2412 3140 quam
2440 3073 2783 3126 exsecranda:
2813 3070 3240 3128 conversationis
3269 3086 3417 3144 gesta
3449 3092 3579 3131 con-

2010 3161 2264 3225 scribere,
2297 3176 2364 3216 ne
2388 3160 2583 3230 quibus
2616 3162 2758 3217 solas
2786 3164 3145 3232 compatiendi
3189 3164 3456 3235 lacrymas
3482 3166 3575 3221 dc-

2010 3252 2199 3308 bemus
2244 3253 2571 3329 impendere,
2622 3255 2706 3311 his
2754 3255 3029 3311 videamus
3083 3258 3341 3313 censoriis
3381 3257 3571 3315 litteris

2010 3346 2333 3401 obtrectare.

2618 3438 2841 3497 CAPUT
2866 3438 2977 3495 Xll.

2012 3528 2143 3596 Qua:
2175 3529 2315 3584 mala
2350 3530 2533 3599 infelix
2561 3531 2735 3584 anima
2782 3531 3021 3584 monachi
3051 3531 3300 3598 patiatur,
3333 3547 3449 3585 cum
3500 3534 3570 3586 ad

2510 3600 2758 3669 inferiora
2788 3601 3076 3653 revertitur.

3685 2082 3957 2135 miseriam
3983 2081 4082 2135 sibi
4112 2080 4239 2135 ﬂere
4265 2083 4617 2151 permittitur,
4638 2082 4828 2137 acriori
4872 2082 5069 2136 doloris
5098 2098 5244 2138 ama-

3682 2172 3915 2227 ritudine
3946 2173 4145 2242 repleta
4182 2174 4446 2228 turbatur.
4496 2172 4699 2229 Saltem
4731 2176 4867 2228 hanc
4893 2174 5128 2244 ploratus
5152 2190 5241 2228 voc

3684 2277 3799 2318 cem
3833 2278 3951 2317 cum
3976 2264 4236 2333 pr0pheta
4283 2264 4503 2318 daretur
4528 2262 4820 2328 eﬂ'uudere,
4860 2279 4963 2332 qua
4995 2265 5189 2318 dicitur
5224 2281 5237 2316 :

3688 2374 3706 2406 ι
3736 2355 3963 2419 Idcirco,
4015 2356 4207 2425 inquit,
4248 2369 4347 2424 ego
4379 2355 4619 2423 plorans,
4656 2363 4710 2408 et
4750 2353 4936 2408 oculus
4978 2369 5125 2407 meus
5154 2353 5243 2407 de-

3680 2445 3881 2498 ducens
3909 2460 4136 2513 aquam;
4168 2446 4292 2513 quia
4323 2445 4476 2515 longe
4502 2444 4673 2499 {actus
4709 2455 4790 2500 est
4817 2460 4846 2498 a
4887 2461 4971 2500 me
5006 2445 5243 2499 consola-

3685 2543 3791 2599 tor,
3826 2544 4146 2589 converteus
4174 2536 4406 2588 animam
4440 2551 4611 2589 meam
4636 2535 4850 2605 (Three.
4876 2536 4936 2604 ι).
4970 2555 4988 2587 ι
5031 2535 5134 2589 Sed
5167 2537 5244 2590 iu-

3682 2625 3805 2681 felix
3830 2623 3992 2694 256
4018 2624 4101 2676 illa
4126 2623 4330 2688 anima,
4356 2640 4477 2677 cum
4504 2633 4557 2678 et
4603 2639 4661 2679 se
4708 2624 4935 2679 ﬂebilem
4965 2624 5162 2688 videat,
5192 2635 5243 2680 et

3682 2720 3859 2767 tamen
3896 2713 4024 2767 ﬂere
4070 2729 4175 2767 non
4224 2715 4414 2782 possit,
4448 2730 4607 2784 quam
4653 2714 4838 2784 procul
4873 2716 5004 2770 sita
5045 2717 5236 2779 salute,

3678 2804 3829 2873 quasi
3860 2806 3911 2857 in
3936 2805 4221 2872 quemdam
4256 2804 4431 2858 lacum
4464 2806 4711 2861 devoluta
4754 2806 4999 2871 miserias,
5037 2806 5242 2877 longius

3677 2894 3958 2962 conspicit.
3987 2893 4249 2949 Nimirum
4293 2911 4412 2949 cum
4458 2896 4586 2950 flere
4615 2898 4699 2951 via
4730 2898 5094 2952 tantummodo
5141 2899 5232 2961 sit,

3676 2997 3736 3042 ut
3768 2998 4119 3057 peccatorum
4148 2988 4326 3043 valeat
4369 2989 4436 3043 ad
4490 2989 4874 3059 indulgentiam
4920 2991 5239 3059 pervenire:

3676 3095 3805 3148 ergo
3828 3095 3950 3135 cum
3982 3080 4070 3134 illa
4109 3088 4317 3134 reatum
4346 3096 4499 3135 suum
4530 3081 4783 3151 plangere
4810 3089 5061 3149 nequeat,
5100 3080 5239 3133 vide-

3678 3180 3764 3224 tur
3788 3170 3913 3234 sibi,
3944 3170 4084 3239 quod
4112 3171 4338 3225 necdum
4381 3172 4543 3225 etiam
4571 3172 4623 3225 in
4654 3172 4797 3225 viam
4826 3170 5011 3241 pedem
5036 3185 5235 3241 posue-

3677 3262 3769 3324 rit,
3792 3276 3895 3329 qua
3922 3262 4227 3331 pertingere
4251 3262 4315 3315 ad
4342 3261 4733 3331 indulgentiam
4758 3262 4942 3331 possit.

3601 3338 3645 3398 C
3746 3350 3880 3405 Huic
3909 3350 4083 3405 simile
4131 3359 4234 3413 est,
4282 3351 4425 3421 quod
4455 3366 4521 3405 ex
4552 3350 4983 3421 imperfectorum
5014 3364 5241 3419 persona

3674 3459 3771 3513 per
3812 3443 4135 3513 Prophetam
4188 3443 4423 3498 dicitur:
4466 3461 4484 3495 ι
4520 3442 4837 3513 Concupivit
4888 3442 5062 3496 anima
5115 3456 5233 3497 mea.

3675 3534 3988 3588 desiderare
4013 3532 4430 3599 justificationes
4460 3540 4576 3586 tuas
4602 3533 4654 3586 in
4684 3532 4829 3586 omni
4863 3540 5101 3600 tempore
5123 3529 5239 3600 (Ps.

3671 3624 3883 3693 cxvtn).
3916 3642 3935 3675 ›
3983 3623 4082 3689 Qui
4140 3622 4282 3677 enim
4325 3621 4497 3692 legem
4548 3621 4663 3685 Dei,
4694 3636 4811 3691 qua:
4858 3621 5042 3689 procul
5085 3621 5244 3676 dubio

2078 3709 2193 3767 Hoc
2216 3719 2391 3766 autem
2423 3710 2665 3766 absolute
2707 3711 2956 3779 dicimus,
2983 3713 3122 3783 quod
3152 3714 3311 3770 tantis
3354 3715 3570 3770 insidia-
3664 3712 3977 3782 iustificatio
4007 3713 4121 3781 ejus
4148 3710 4409 3775 est,otnni
4436 3720 4672 3781 tempore
4695 3710 4927 3764 nondum
4949 3709 5235 3775 desiderat,

2008 3812 2129 3853 rum
2157 3796 2441 3853 tendiculis
2474 3796 2578 3852 hoc
2624 3805 2862 3865 tempore
2910 3800 3138 3852 mundus
3181 3798 3269 3853 ille
3317 3799 3572 3857 densatus

2008 3896 2111 3952 est,
2140 3895 2200 3941 ut
2235 3886 2477 3956 quisquis
2517 3884 2674 3953 hujus
2718 3886 2858 3941 sacri
2892 3886 3094 3941 ordinis
3123 3885 3393 3941 desiderat
3426 3887 3574 3944 inno-

2010 3984 2197 4034 center
2225 3977 2425 4042 vivere,
2453 3977 2521 4032 ab
2549 3975 2690 4032 illius
2716 3991 2970 4047 processu
2993 3978 3307 4033 cautissime
3331 3992 3389 4034 se
3412 3993 3575 4049 expe-

2009 4067 2124 4122 diat
2159 4067 2470 4122 abstinere:
2503 4066 2654 4137 cujus
2692 4066 2942 4123 videlicet
2986 4066 3087 4123 iter
3137 4068 3180 4122 si
3229 4083 3370 4137 saepe
3425 4069 3569 4136 terit,

2007 4162 2323 4227 procuratos
2365 4155 2679 4212 insidiarum
2709 4156 2927 4227 laqueos
2959 4172 3064 4213 non
3098 4160 3303 4224 evadit;
3353 4168 3409 4214 et
3458 4168 3574 4213 tan-

2010 4261 2172 4315 quam
2197 4247 2358 4301 arbor
2383 4246 2671 4302 munientis
2698 4262 2756 4303 se
2773 4248 2990 4303 corticis
3016 4247 3324 4305 defensione
3346 4251 3570 4316 nudata,

2010 4349 2111 4391 nec
2138 4335 2393 4390 virtutum
2430 4334 2634 4392 fructus
2664 4335 2874 4404 aﬂ‘erre,
2908 4354 3005 4395 nec
3031 4340 3284 4394 vitiorum
3317 4342 3469 4411 quasi
3501 4350 3574 4396 te-

2010 4424 2296 4483 rendorum
2329 4428 2735 4485 scaturientium
2759 4431 2958 4486 cariem
2981 4433 3414 4502 poteritevitare.
3438 4434 3570 4491 Cum

2008 4535 2137 4576 vero
2191 4521 2258 4575 ad
2298 4520 2527 4591 propria:
2581 4521 2929 4577 habitationis
2977 4522 3211 4578 claustra
3262 4525 3569 4591 revertitur,

2008 4610 2251 4667 cominus
2304 4610 2451 4666 illum
2516 4612 2669 4682 quasi
2730 4613 2971 4682 quaedam
3044 4613 3359 4685 conglobata
3418 4616 3570 4669 turba

2010 4700 2247 4756 omnium
2282 4716 2400 4772 quze
2450 4680 2668 4767 viderat,
2717 4680 2799 4756 vel
2849 4703 3111 4769 audierat,
3145 4680 3459 4770 comitatur,
3514 4714 3573 4759 ut
3604 4680 3653 4741 D

2010 4789 2446 4845 tumultuantium
2482 4790 2813 4861 negetiorum
2834 4793 3135 4861 strepitum,
3160 4808 3321 4863 quem
3353 4794 3460 4849 illic
3493 4804 3571 4849 to-

2009 4880 2213 4937 lerabat
2244 4883 2296 4936 in
2323 4896 2564 4951 corpore,
2595 4883 2761 4937 multo
2784 4884 3143 4954 ingruentius,
3170 4886 3444 4956 multoque
3472 4887 3569 4940 im-

2008 4974 2290 5043 portunius
2319 4974 2406 5028 hic
2431 4974 2667 5043 patiatur
2712 4976 2763 5028 in
2815 4982 3025 5041 mente;
3059 4975 3327 5045 praecipue
3359 4976 3403 5030 si
3448 4990 3569 5029 ora-

2009 5063 2140 5118 tioni
2172 5078 2364 5120 vacare
2391 5066 2598 5121 enixius
2643 5067 2886 5137 coeperit,
2911 5082 3039 5122 ecce
3079 5069 3454 5138 phantasmata
3482 5083 3570 5123 co-

2008 5153 2343 5221 gitationum,
2371 5170 2494 5210 ecce
2533 5157 2811 5229 imagines,
2840 5172 2974 5227 quas
3003 5158 3231 5224 viderat,
3263 5174 3465 5222 rerum,
3494 5159 3566 5214 ita

2007 5250 2066 5295 ιιι
2098 5241 2150 5295 in
2178 5242 2413 5311 quolibet
2438 5245 2629 5315 angulo
2656 5246 3003 5309 constitutus,
3032 5246 3279 5303 videatur
3304 5246 3404 5302 sibi
3433 5247 3569 5303 ludis

2009 5334 2360 5391 theatralibus
2387 5336 2667 5401 interesse,
2697 5338 2778 5391 vel
2809 5340 2949 5395 inter
2976 5339 3241 5409 agitantes
3273 5342 3485 5394 forense
3507 5340 3569 5393 li-

2010 5424 2196 5493 tigium
2232 5426 2489 5482 residere.
2520 5427 2583 5481 Et
2605 5427 2820 5498 quidem
2850 5431 3009 5485 homo
3038 5432 3308 5495 renititur,
3337 5441 3392 5486 et
3414 5432 3569 5501 quasi

2008 5512 2451 5569 circumvolantes
2499 5531 2710 5572 muscas
2758 5517 2971 5588 abigere
3001 5534 3030 5573 a
3076 5535 3186 5575 sua:
3235 5521 3431 5575 mentis
3479 5535 3571 5575 ore

2010 5610 2254 5657 conatur.
2289 5603 2358 5656 At
2384 5604 2483 5661 illa:
2530 5622 2673 5675 mox,
2719 5617 2779 5663 ut
2815 5609 3128 5675 abscedunt,
3162 5609 3405 5679 protinus
3445 5611 3569 5665 red-

2011 5700 2168 5759 eunt;
2210 5693 2351 5749 illico
2392 5704 2449 5748 ut
2483 5697 2828 5765 repelluntur,
2870 5700 3127 5753 assistunt
3161 5718 3173 5751 :
3218 5710 3277 5753 ut
3303 5702 3454 5769 quasi
3487 5699 3570 5753 fu-

2013 5783 2231 5852 gitivum
2274 5801 2424 5842 suum
2469 5799 2851 5860 persequentes
2878 5806 3089 5861 capere,
3137 5799 3191 5844 et
3237 5792 3288 5847 in
3340 5792 3567 5861 propriae

2013 5877 2284 5936 scrvitutis
2308 5880 2596 5939 moliantur
2621 5885 2875 5941 exercitia
2906 5899 3181 5942 revocare.
3209 5884 3359 5941 Tunc
3382 5884 3563 5942 infelix

3673 3806 3763 3860 sed
3783 3805 3894 3873 jam
3926 3802 4236 3857 desiderare
4265 3803 4623 3873 concupiscit,
4658 3802 4771 3873 jam
4797 3800 5011 3871 quidem
5052 3810 5243 3856 utcun-

3674 3909 3778 3965 que
3824 3894 4035 3948 eminus
4085 3894 4328 3962 suspicil,
4370 3893 4463 3947 sed
4509 3905 4849 3963 nequaquam
4900 3890 5243 3961 perfectionis

3675 3984 3777 4037 alta
3811 3982 4144 4037 conscendit.
4201 3981 4434 4051 Fitergo
4477 3982 4643 4037 menti
4696 3981 4905 4036 miserae
4957 3989 5063 4033 tam
5094 3990 5241 4035 tene-

3673 4073 3834 4129 brosa
3864 4072 4132 4136 confusio,
4175 4083 4232 4127 ιιι
4261 4088 4579 4143 quocunque
4602 4089 4659 4129 se
4679 4073 4922 4136 verterit,
4953 4086 5011 4126 se
5039 4073 5241 4128 versari

3674 4163 3728 4219 in
3752 4164 3947 4218 saeculo
3974 4164 4175 4228 videat,
4210 4179 4335 4218 cum
4368 4163 4626 4219 saeculum
4652 4162 4769 4218 sine
4797 4176 4856 4218 se
4888 4176 5006 4217 esse
5036 4160 5244 4216 indubi-

3676 4265 3854 4311 tanter
3882 4266 4155 4327 agnoscat.
4185 4256 4318 4312 Cum
4345 4257 4436 4312 illo
4474 4258 4654 4327 itaque
4683 4265 4783 4321 est.
4816 4256 4955 4326 quod
4979 4271 5101 4311 cum
5126 4258 5239 4325 ipsa

3677 4365 3784 4405 non
3811 4358 3923 4416 est;
3954 4350 4079 4419 quia
4101 4350 4313 4406 scilicet
4346 4351 4625 4416 mundum,
4654 4365 4811 4421 quem
4854 4350 5120 4420 corporali
5164 4350 5243 4404 di—

3677 4442 3955 4512 gressione
3982 4442 4243 4506 deseruit,
4279 4458 4460 4497 secum
4487 4458 4584 4512 per
4605 4441 4965 4512 phantasticas
4988 4439 5243 4509 imagina-

3675 4532 3851 4587 tiones
3877 4530 3928 4584 in
3961 4540 4141 4586 mente
4176 4531 4429 4602 depingit.
4458 4531 4744 4586 Enimvero
4787 4531 4889 4585 ista
4915 4530 4967 4583 in
5013 4530 5241 4582 humana

3677 4632 3859 4677 mente
3886 4622 4194 4685 calamitas,
4223 4633 4277 4677 et
4304 4631 4582 4691 peccatum
4609 4631 4713 4687 est,
4743 4628 4797 4676 et
4821 4633 4979 4689 poena
5010 4618 5239 4689 peccati.

3686 4715 3895 4771 Justum
3925 4718 4119 4787 quippe
4148 4726 4250 4780 est,
4282 4727 4340 4769 ut
4367 4717 4508 4786 quod
4539 4716 4764 4787 quisque
4786 4714 4968 4769 volens
5003 4712 5240 4778 admisit,

3673 4807 3910 4875 patiatur
3979 4806 4195 4859 invitus.
4254 4804 4517 4860 Nimirum
4558 4813 4619 4858 ut
4663 4805 4749 4873 qui
4792 4803 4959 4857 noluit
5005 4816 5063 4856 se
5104 4802 5243 4855 intra

3673 4905 3939 4951 secretum
3998 4898 4077 4949 sui
4140 4895 4343 4950 ordinis
4390 4896 4669 4971 cohibere,
4722 4910 4840 4949 cum
4892 4894 5093 4964 potuit,
5148 4907 5243 4947 ne-

3673 5002 3945 5057 quaquam
3999 4990 4194 5042 sarcqu
4234 5003 4418 5042 carere
4453 4987 4712 5057 potuisset
4756 4987 4916 5040 etiam
4964 4998 5083 5038 cum
5121 4983 5243 5039 reli-

3673 5078 3811 5146 quit.

3742 5165 3893 5222 Mens
3923 5168 4085 5239 igitur
4122 5169 4351 5222 humana
4378 5176 4540 5223 tantre
4575 5166 4846 5242 egestatis.
4878 5174 5036 5234 atque
5064 5178 5237 5235 penu-

3672 5254 3763 5311 rize
3816 5261 4136 5314 necessitate
4191 5258 4482 5313 constricta
4530 5258 4692 5324 dolet,
4740 5258 4921 5327 gemit.
4963 5265 5124 5327 atque
5172 5258 5242 5314 ah

3669 5350 3792 5408 imis
3831 5351 4126 5408 visceribus
4158 5350 4447 5419 suspirittm
4478 5354 4678 5417 trahit;
4710 5353 4834 5422 quia
4866 5351 5112 5407 videlicet
5149 5367 5240 5409 re-

3670 5454 3854 5495 cessus
3884 5439 3966 5494 sui
3995 5439 4310 5493 munditiam
4349 5440 4644 5507 vagationis
4668 5441 4800 5496 vitio
4820 5440 5069 5511 perdidit,
5094 5449 5146 5494 et
5172 5455 5237 5496 se

3673 5544 3861 5584 rursus
3892 5530 3945 5583 in
3992 5528 4269 5583 volutabra
4299 5530 4477 5584 saeculi
4516 5529 4661 5583 velut
4689 5544 4780 5584 sus
4811 5527 5069 5584 lutulenta
5113 5544 5243 5598 pro-

3674 5620 3836 5675 volt'it
3882 5616 4063 5692 (Prov.
4108 5637 4266 5682 xm;
4316 5620 4378 5675 II
4428 5620 4571 5675 Petr.
4604 5623 4685 5691 ιι).
4730 5621 4877 5674 Tune
4919 5636 4979 5676 se
5008 5621 5240 5679 levitatis

3674 5720 3832 5781 atque
3864 5712 4234 5766 inconstantize
4265 5711 4590 5766 mordaciter
4614 5712 4824 5780 arguit;
4858 5725 4915 5766 se
4940 5725 5126 5779 vagam
5150 5721 5236 5765 at-

3670 5817 3774 5872 que
3802 5802 4042 5856 fallacem
4076 5803 4418 5856 vehementer
4468 5811 4702 5863 accusat.
4752 5810 4808 5855 et
4850 5800 4943 5855 Dei
4976 5802 5236 5872 judicium

3667 5900 3873 5949 rectum
3900 5906 4037 5957 esse.
4067 5899 4121 5947 et
4144 5892 4410 5962 aquitatis
4446 5891 4566 5963 jura
4601 5901 4781 5947 tenere
4822 5894 5087 5949 veraciter
5110 5908 5235 5965 pro-
