5514 6650
2859 173 2880 178 ﬂ
2956 170 2995 183 κέ
3108 158 3375 175 ν-,κκ-...ιικννίι

2899 180 2951 188 1η
3466 186 3471 187 ,

2283 225 2358 234 .-.-
2397 199 2600 230 _..:~'_-"—.-‘
2736 196 2993 233 -ιεη-...ρ-ίε
2988 196 3153 219 ’ξιιμ-τ*-
3176 210 3187 227 ;
3214 204 3287 229 ’,τ
3318 202 3399 229 ’1"
3446 200 3457 203 '
3482 202 3485 203 '
3636 198 3639 199 ⁷

2137 247 2170 252 --
2211 247 2216 250 -
2257 233 2640 270 -πυ--τ--η--τ
2673 230 2987 266 τ--ηη-η-ιν
2991 230 3267 260 ““”τ“⁷’“⁵
3434 252 3443 257 ρ
3502 250 3601 261 η...-
3684 252 3695 255 μ
3750 248 3825 257 ιυ-

2285 267 2304 272 -
2365 263 2418 271 _—-
2499 251 2598 270 =-
2709 257 2738 266 -
2867 255 2898 268 ,ιι-
2963 259 2970 262 -
3149 257 3152 260 “
3263 267 3304 272 -,-
3319 254 3489 272 ,ιι-...διν
3540 272 3671 275 ___,,
3694 252 3727 273 ἐἴ
3760 254 3809 273 κνῊ

473 705 569 763 263

478 820 576 881 bat,
624 813 804 868 dicens
852 822 971 862 cum
1025 803 1331 876 propheta:

476 901 800 976 sperantibus
826 898 879 951 in
909 910 1055 957 eum,
1088 889 1284 945 anima:
1305 886 1568 957 quarrenti
1606 884 1778 940 illum.
1832 880 2042 933 Bonum

478 972 550 1052 est
575 988 863 1062 praestolari
888 999 1010 1041 cum
1042 980 1257 1037 silentio
1288 979 1524 1033 salutare
1554 974 1785 1029 Domini.
1834 972 2042 1025 Bonum

476 1095 550 1141 est
576 1084 684 1138 viro
722 1095 845 1144 cum
875 1073 1169 1149 portaverit
1199 1070 1388 1141 iugum
1418 1070 1486 1123 ab
1516 1063 1880 1120 adolescentia
1901 1077 1995 1115 sua
2027 1078 2039 1113 :

480 1174 670 1231 sedebit
696 1170 869 1232 solus,
904 1174 955 1219 et
1008 1161 1225 1224 tacebit,
1284 1160 1411 1228 quia
1461 1155 1661 1210 levavit
1693 1168 1751 1206 se
1791 1164 1955 1220 super
1986 1163 2045 1202 se

476 1263 678 1334 (Thren.
704 1260 813 1328 tu).
852 1275 871 1310 ι
915 1255 1045 1322 Qua:
1068 1252 1239 1315 enim,
1268 1250 1313 1304 si
1340 1256 1548 1303 secreta
1582 1246 1849 1313 diligeret,
1882 1255 2045 1310 super

476 1331 808 1422 semetipsam
840 1345 1102 1419 gauderet
1147 1350 1354 1403 evecta,
1411 1344 1668 1394 mmreret
1716 1349 1880 1397 nunc,
1919 1331 2044 1399 quia

481 1445 544 1499 ad
569 1440 837 1512 publicum
868 1435 1074 1497 exiens,
1102 1447 1162 1488 se
1182 1432 1283 1486 sub
1312 1444 1371 1484 se
1398 1428 1543 1484 videt
1576 1426 1759 1497 jacere
1800 1432 2043 1494 prostra—

476 1546 597 1588 tam.

1048 1608 1275 1666 CAPUT
1313 1604 1447 1661 Xlll.

476 1709 617 1776 Quiod
658 1708 700 1763 is
755 1706 845 1777 qui
878 1704 1021 1774 foras
1074 1701 1359 1779 egreditur,
1414 1713 1531 1749 cum
1581 1691 2046 1749 cxcommunicatis

926 1777 1313 1826 communicare
1342 1777 1582 1836 cogatur.

540 1887 629 1941 Est
648 1887 817 1942 etiam
846 1883 1010 1945 aliud,
1039 1880 1181 1951 quod
1209 1878 1310 1933 etsi
1359 1877 1742 1945 impedimenta
1774 1873 2045 1935 deessent,

474 1976 636 2031 solum
665 1973 915 2031 suﬁicere
950 1978 1179 2040 pmerat,
1207 1979 1264 2021 ut
1293 1969 1590 2022 monachos
1620 1982 1648 2018 a
1672 1964 1857 2020 mundi
1883 1978 2048 2032 vaga-

475 2066 609 2118 tione
630 2070 1017 2132 compesceret.
1048 2060 1178 2125 Quis
1208 2059 1351 2113 enim
1380 2058 1484 2114 hoc
1514 2067 1757 2124 tempore
1785 2070 2047 2129 quorum-

1380 686 1621 744 OI‘USC.
1668 684 1780 739 Xll.
1820 713 1890 723 ——
1930 682 2015 735 DE
2054 671 2469 733 CONTEMPTU
2513 666 2805 725 SIECllLI.

1381 816 1400 849 ι
1431 797 1611 853 Bonus
1651 802 1735 849 est
1779 791 2037 848 Dominus
2068 798 2112 851 Α
2142 794 2286 847 sunt,
2316 782 2443 835 nulli
2485 779 2730 838 dubium,
2757 775 2889 844 quin
2916 773 3116 836 omnis,
3151 772 3245 840 qui
3292 786 3480 825 eorum
3514 772 3739 841 partici-

3632 660 3740 717 266

2148 877 2237 944 pio
2268 876 2457 937 utitur,
2494 870 2727 925 similem
2772 865 3142 921 damnationis
3190 864 3511 917 sententiam
3546 866 3745 917 sortia-

2150 976 2259 1020 tur.
2291 965 2367 1017 De
2415 963 2502 1016 his
2559 967 2765 1022 autem,
2794 957 2886 1026 qui
2926 970 3026 1025 pro
3064 953 3371 1009 commissis
3425 952 3748 1007 criminibus

2148 1056 2408 1109 canonica
2438 1051 2658 1123 quidem
2715 1056 2843 1103 sunt
2895 1046 3226 1101 auctoritate
3269 1044 3584 1108 damnandi,
3644 1060 3749 1099 nec

2148 1148 2275 1201 dum
2293 1156 2471 1199 tamen
2491 1144 2630 1197 vivis
2654 1140 2997 1195 sacerdotum
3030 1138 3254 1192 vocibus
3281 1137 3348 1190 ab
3376 1135 3747 1190 ecclesiastica

2150 1217 2402 1291 videntur
2455 1233 2663 1288 unitate
2719 1230 2963 1299 praecisi,
3016 1244 3047 1280 a
3108 1224 3384 1281 nonnullis
3433 1224 3748 1294 ambigitur,

2150 1342 2331 1387 utrum
2371 1346 2559 1385 eorum
2593 1335 2709 1382 tuto
2740 1326 2973 1381 societas
3007 1323 3371 1387 admittatur;
3414 1322 3507 1376 sed
3542 1323 3587 1376 si
3637 1338 3751 1375 rem

2149 1425 2390 1495 peusiori
2420 1423 2721 1478 subtilitate
2746 1419 3156 1490 perpendimus,
3193 1415 3395 1469 nullam
3443 1428 3581 1484 pene
3610 1414 3753 1468 inter

2149 1505 2245 1567 eos
2274 1528 2395 1568 esse
2425 1512 2743 1566 distantiam
2787 1508 3116 1562 invenimus.
3150 1505 3278 1559 Sive
3307 1505 3457 1558 enim
3488 1519 3517 1557 a
3540 1504 3759 1557 moder-

2150 1604 2257 1667 nis,
2284 1604 2400 1657 sive
2428 1601 2496 1655 ab
2523 1587 2765 1668 antiquis
2793 1597 3048 1651 Pati-ibus
3091 1594 3217 1664 quis
3256 1592 3384 1660 jure
3438 1593 3754 1653 damnetur,

2151 1694 2297 1747 idem
2346 1700 2470 1746 est:
2505 1704 2607 1744 nec
2659 1698 2968 1756 temporum
3020 1684 3309 1740 diversitas
3359 1682 3541 1745 solvit,
3595 1694 3757 1749 quem

2136 1784 2344 1847 eadem
2392 1780 2694 1851 perpetrati
2733 1778 2931 1847 piaculi
2960 1789 3129 1830 causa
3182 1773 3602 1843 constringit,et
3628 1781 3761 1825 teta-

2153 1885 2269 1929 tum
2310 1876 2552 1927 varietas
2592 1870 2840 1939 judiciali
2894 1861 3117 1922 calculo'
3160 1881 3266 1919 non
3298 1864 3636 1933 prwjudicat,
3669 1862 3761 1916 ubi

2153 1979 2259 2017 una
2291 1963 2490 2017 limatze
2520 1960 2795 2030 aequitatis
2823 1957 3007 2028 regula
3037 1955 3365 2011 sententiam
3390 1954 3576 2008 dictat.

2227 2055 2334 2109 Sed
2366 2054 2509 2125 quod
2536 2052 2841 2123 approbare
2870 2049 3141 2112 volumus,
3167 2046 3362 2101 melius
3384 2046 3761 2109 os*cndemus,

474 2153 594 2207 libet
619 2152 959 2208 saecularium
984 2150 1150 2219 possit
1182 2148 1421 2202 invenire
1445 2155 1792 2209 conventum,
1824 2144 1913 2198 ubi
1940 2158 2044 2197 non
2078 2155 2124 2212 Β
2153 2145 2195 2199 si
2236 2145 2353 2213 ipsa
2401 2141 2996 2199 excommunicantium
3038 2138 3263 2193 Patrum
3302 2144 3358 2191 et
3409 2136 3763 2205 antiquorum

476 2245 543 2298 sit
573 2243 899 2313 huiusmodi,
929 2241 1019 2311 qui
1052 2255 1149 2309 pro
1186 2239 1266 2293 sui
1296 2249 1477 2293 reatus
1505 2237 1713 2307 piaculo
1736 2250 2051 2291 excommu-

478 2334 755 2386 nicationi:
788 2331 981 2385 debeat
1003 2331 1186 2383 subire
1208 2326 1646 2397 judicium?.|am
1678 2326 1876 2379 dudum
1905 2324 2050 2378 enim

476 2420 648 2473 omnia
670 2434 768 2489 per
789 2418 1045 2472 mundum
1066 2417 1293 2471 crimina
1310 2415 1671 2469 communiter
1690 2422 2051 2477 emerserunt,

477 2510 718 2564 universa
748 2508 1071 2578 ﬂagitiorum
1109 2507 1249 2560 mala
1290 2521 1435 2561 nunc
1475 2506 1677 2575 vigent,
1712 2514 1876 2573 atque
1906 2519 1970 2557 eo
1996 2518 2056 2557 se

472 2596 719 2653 didusius
757 2596 1000 2667 quotidie
1040 2596 1355 2666 pullulando
1398 2594 1784 2663 dilatant,quo
1830 2592 2059 2646 vicinius

478 2689 653 2742 mundi
674 2689 938 2744 terminus
950 2688 1358 2755 appropinquat.
1375 2684 1718 2755 Quapropter
1732 2682 2059 2752 impossibile

479 2792 560 2839 est
581 2785 869 2849 monacho,
890 2783 982 2853 qui
1008 2781 1076 2835 ad
1099 2780 1374 2850 publicum
1399 2779 1695 2850 egreditur,
1729 2788 1913 2832 utnon
1945 2778 2061 2831 sive

472 2888 594 2929 cum
607 2874 767 2945 257
781 2871 1289 2935 excommunicatis,
1306 2872 1419 2925 sive
1442 2885 1567 2925 cum
1582 2869 2061 2924 excommunican-
2086 2918 2096 2932 ,

476 2963 579 3029 dis,
594 2966 734 3033 quod
752 2978 891 3034 pene
906 2962 1241 3017 tantumdem
1266 2970 1371 3025 est,
1387 2960 1793 3014 communicare
1808 2967 2059 3027 cogatur.

478 3050 608 3108 Cum
632 3054 921 3110 homicidis
943 3055 1111 3119 enim,
1134 3069 1257 3107 cum
1285 3052 1539 3122 perjuris,
1568 3067 1692 3106 cum
1717 3050 2061 3115 inccstuosis,

474 3156 594 3196 cum
648 3144 1032 3199 incensoribus
1058 3144 1275 3208 aedium,
1305 3158 1430 3197 cum
1477 3141 1739 3195 adulteris
1778 3139 2016 3208 loquitur
2044 3153 2061 3193 :

476 3224 690 3301 quibus,
718 3236 889 3289 etiam
918 3234 964 3289 si
993 3233 1255 3289 adversus
1293 3232 1611 3295 exhorreat,
1634 3230 1957 3299 plerumque
1982 3237 2065 3282 ta-

476 3336 596 3377 men
624 3324 817 3379 osculo
840 3322 1299 3394 jungitur,,’simul
1336 3322 1501 3377 etiam
1533 3318 1806 3375 communi
1840 3315 2065 3381 ferculo,

477 3418 634 3480 prout
666 3415 970 3469 necessitas
992 3415 1259 3477 imminet,
1286 3413 1627 3475 convivatur,
1654 3426 1776 3465 cum
1811 3418 2064 3463 econtra-

2158 2236 2369 2292 scilicet
2394 2244 2449 2289 et
2483 2249 2747 2288 novorum
2790 2230 2956 2286 verba
2983 2244 3271 2299 ponamus.
3308 2226 3463 2281 Sacri
3491 2225 3766 2294 siquidem

2158 2339 2400 2381 canones
2455 2324 2641 2378 dicunt
2670 2340 2683 2375 :
2714 2322 2817 2389 Qui
2850 2321 2975 2385 hoc,
3008 2318 3090 2372 vel
3138 2316 3268 2371 illud
3297 2315 3510 2379 fecerit,
3545 2327 3766 2383 excom-

2159 2418 2485 2472 municetur.
2528 2412 2769 2468 Moderni
2815 2394 3032 2481 quoque
3054 2406 3339 2477 pontiﬁces
3381 2405 3435 2460 in
3476 2402 3767 2473 jaculantla

2163 2502 2747 2563 excommunicationis
2777 2499 3075 2563 sententia,
3102 2496 3293 2551 eadem
3343 2495 3457 2548 fere
3489 2493 3649 2549 verba
3676 2495 3769 2547 de—

2161 2605 2437 2666 promunt,
2468 2591 2748 2647 dicentes:
2773 2590 2890 2654 llle,
2918 2588 3011 2657 qui
3069 2586 3183 2640 bzec
3212 2582 3424 2647 iecerit,
3454 2598 3769 2638 excommu-

2162 2669 2395 2741 nieetur.
2428 2685 2672 2752 Quorum
2725 2681 2890 2752 igitur
2919 2688 3045 2735 sunt
3089 2678 3279 2732 eadem
3336 2675 3523 2739 verba,
3574 2674 3767 2729 eadem

2162 2778 2518 2832 nihilominus
2546 2784 2631 2831 est
2668 2772 3018 2843 intelligenda
3043 2779 3333 2834 sententia,
3365 2767 3532 2837 2'58
3560 2773 3614 2821 et
3643 2782 3772 2821 cum

2163 2866 2513 2936 praisetitium
2539 2874 2853 2920 sanctorum
2884 2862 3202 2932 pontiﬁcum
3236 2874 3400 2914 omne
3419 2858 3682 2928 judicium
3699 2858 3769 2912 ab

2164 2959 2514 3027 antiquorum
2547 2954 2773 3009 Patrum
2824 2952 3234 3007 deﬁnitionibus
3280 2949 3536 3021 pendeat,
3560 2947 3771 3002 nullum

2166 3049 2257 3104 isti
2296 3050 2559 3103 damnare
2618 3054 2980 3117 praesumunt,
3031 3043 3136 3097 nisi
3188 3056 3325 3112 quos
3374 3039 3487 3110 jam
3545 3040 3611 3093 ab
3665 3037 3773 3091 illis

2169 3137 2458 3192 damnatos
2518 3150 2640 3191 esse
2687 3141 2980 3189 noverunt.
3038 3130 3155 3185 Non
3188 3145 3321 3200 ergo
3349 3128 3643 3198 quemlibet
3682 3126 3771 3181 isti

2168 3229 2379 3283 noviter
2410 3230 2691 3292 damnant,
2717 3226 2814 3281 sed
2840 3226 2951 3296 jam
2976 3223 3244 3295 prolatam
3261 3221 3524 3291 majorum
3552 3232 3773 3275 senten-

2173 3321 2303 3374 tiam
2357 3320 2642 3390 sequendo
2695 3318 3049 3374 conﬁrmant.
3080 3315 3523 3373 Concludendum
3563 3323 3647 3367 cst
3675 3313 3775 3382 igi-

2172 3421 2260 3465 tur
2290 3413 2427 3483 (vide
2442 3413 2653 3469 scholia
2682 3412 2751 3464 ad
2774 3410 2969 3464 calcem
2990 3408 3273 3480 opusculi),
3290 3392 3421 3479 quia
3445 3407 3585 3462 sicut
3604 3408 3671 3460 ab
3688 3406 3776 3460 his

478 3499 559 3555 rio
580 3502 878 3572 Apostolus
906 3502 1102 3557 clamet
1133 3519 1148 3557 :
1187 3519 1207 3554 ι
1245 3500 1303 3556 Si
1333 3502 1380 3556 is
1410 3500 1500 3571 qui
1533 3501 1701 3553 frater
1732 3499 2063 3562 nominatur,
2096 3504 2141 3565 ρ
2171 3503 2473 3555 cavendum
2505 3510 2609 3569 est,
2634 3498 2772 3569 quos
2799 3498 3058 3554 moderna
3083 3496 3416 3569 synodorum
3444 3495 3674 3551 concilia
3701 3497 3773 3549 ab

472 3597 559 3644 est
586 3588 909 3655 fornicator,
941 3600 1035 3646 aut
1060 3592 1392 3655 immundus,
1423 3599 1518 3645 aut
1545 3589 1816 3652 ebriosus,
1853 3601 1946 3640 aut
1984 3602 2069 3642 ra-

477 3689 745 3746 pax,cum
779 3680 1091 3749 huiusmodi
1118 3695 1217 3735 nec
1240 3680 1424 3734 cibum
1451 3688 1667 3734 sumere
1690 3676 1740 3748 (1
1772 3676 1896 3729 Cor.
1928 3675 2002 3745 v).
2044 3695 2062 3728 ι

549 3770 615 3823 Ει
640 3781 795 3826 certe
824 3772 957 3825 satis
983 3769 1393 3826 formidolosum
1420 3778 1523 3834 est,
1558 3768 1831 3837 nimisque
1854 3776 2071 3821 contra-

479 3856 639 3923 rium,
662 3875 790 3915 cum
821 3861 908 3915 his
936 3861 1026 3929 qui
1057 3877 1088 3914 a
1112 3860 1221 3914 Deo
1254 3860 1411 3914 divisi
1453 3868 1595 3919 sunt,
1623 3859 1825 3911 habere
1848 3871 2073 3909 consor-

479 3943 629 4015 tium,
650 3950 958 4020 prasertim
991 3951 1292 4014 monachis,
1316 3950 1407 4019 qui
1432 3950 1542 4004 Deo
1564 3949 1636 4002 ita
1660 3956 1783 4002 sunt
1810 3946 2072 4016 peculiari

476 4039 733 4107 quadam,
767 4049 954 4110 atque,
984 4048 1040 4093 ut
1084 4040 1153 4093 ita
1203 4040 1416 4108 loquar,
1444 4039 1740 4093 domestica
1791 4037 2075 4091 familiaria

484 4137 591 4184 tate
618 4131 926 4199 c0njuncti,
956 4140 1015 4185 ut
1043 4130 1291 4197 abjurato
1327 4130 1546 4193 sacculo,
1577 4130 1708 4183 solis
1735 4128 1846 4183 sint
1872 4128 2073 4182 divinis

480 4218 757 4289 obsequiis
808 4220 1239 4274 irrevocabiliter
1285 4220 1546 4288 deputati.
1597 4218 1753 4273 Sicut
1801 4218 1947 4271 enim
2008 4218 2074 4271 ab

479 4306 595 4373 ipso
626 4313 985 4380 reproborum
1008 4311 1205 4378 capite,
1226 4309 1298 4363 ita
1322 4324 1537 4379 quoque
1563 4324 1591 4361 a
1624 4307 1883 4361 membris
1908 4308 2073 4373 illius,

481 4394 581 4452 nisi
609 4416 777 4455 causa
810 4400 1183 4455 conversionis
1224 4400 1487 4471 exegerit,
1518 4397 1843 4452 studendum
1873 4408 1957 4452 est
1984 4399 2079 4453 de-

477 4489 706 4543 clinare.
742 4489 859 4545 Una
893 4490 1155 4557 siquidem
1181 4490 1266 4543 hic
1292 4488 1715 4543 abominationis
1735 4487 1947 4556 repulsa
1987 4489 2079 4542 de-

481 4576 661 4641 betur,
694 4579 900 4647 quibus
941 4577 1050 4632 illic
1102 4593 1242 4631 unus
1294 4578 1453 4647 ignis,
1492 4585 1787 4632 attestante
1811 4572 2075 4641 Veritate,

481 4678 723 4737 paratur,
750 4672 882 4725 dum
911 4670 976 4724 ad
998 4670 1275 4725 sinistram
1302 4670 1495 4739 pusitis
1516 4669 1714 4723 dicitur
1744 4686 1757 4721 ε
1793 4688 1810 4720 ι
1844 4669 1939 4730 ite.
1965 4684 2079 4722 ma-

480 4759 684 4826 ledicti,
716 4763 772 4816 in
825 4762 1002 4830 ignem
1042 4768 1327 4824 aeternum,
1356 4760 1448 4829 qui
1486 4768 1710 4830 paratus
1748 4770 1831 4815 est
1866 4758 2078 4815 diabolo

2171 3592 2545 3647 ecclesiastica
2601 3593 2865 3647 societate
2918 3589 3223 3661 repellunt:
3264 3589 3337 3643 ita
3363 3597 3419 3643 et
3456 3588 3526 3642 ab
3550 3586 3658 3641 illis
3686 3585 3777 3639 ui-

2173 3682 2469 3738 hilominuc
2518 3683 2925 3749 declinandum,
2966 3695 3106 3751 quos
3132 3680 3345 3749 antiqui
3377 3678 3568 3735 Patres
3595 3678 3780 3734 elimi-

2172 3774 2383 3827 nandos
2406 3788 2528 3829 esse
2554 3772 2882 3845 deCernunt.
3073 3780 3079 3785 ‘

2246 3863 2373 3917 Haec
2402 3864 2588 3933 itaque
2622 3879 2789 3918 causa
2840 3880 2947 3918 non
2992 3864 3225 3918 minima
3274 3872 3385 3927 est,
3426 3876 3548 3932 qua:
3588 3877 3781 3917 mona-

2172 3955 2336 4008 chum
2368 3969 2395 4007 a
2425 3953 2612 4007 saeculi
2637 3953 3067 4008 discursionibus
3109 3953 3370 4020 retrahat,
3403 3963 3458 4007 et
3498 3954 3550 4007 in
3580 3954 3662 4007 sui
3689 3967 3777 4007 re-

2174 4055 2361 4096 ccssus
2401 4040 2596 4111 angulo
2640 4041 2896 4095 stabilem
2938 4040 3156 4107 reddat;
3187 4040 3312 4110 quia
3344 4039 3497 4096 valde
3518 4040 3779 4097 miserum

2174 4144 2257 4189 est
2285 4152 2312 4186 a
2344 4132 2581 4204 pmpriis
2606 4131 2825 4199 quidem
2852 4131 3171 4186 excessibus
3200 4130 3448 4200 reprimi,
3480 4132 3575 4185 sed
3615 4130 3780 4184 alieni

2177 4235 2359 4281 reatus
2402 4223 2629 4278 maculis
2674 4224 2970 4293 inquinari,
3000 4222 3124 4277 cum
3153 4222 3273 4277 aliis
3300 4237 3409 4276 non
3439 4222 3779 4294 delinquere,

2177 4324 2233 4371 et
2260 4313 2423 4368 alieni
2455 4312 2638 4367 delicti
2669 4311 2932 4381 supplicia
2979 4311 3274 4365 sustinere.
3315 4309 3578 4365 Malorum
3623 4324 3781 4363 nam-

2176 4420 2301 4474 que,
2320 4419 2443 4456 cum
2475 4402 2692 4456 incaute
2719 4402 2977 4455 amicitiis
2998 4399 3298 4477 iungimur,
3326 4400 3498 4470 culpis
3524 4401 3781 4471 ligantur.

2183 4496 2336 4549 Unde
2380 4492 2642 4562 .losaphat
2673 4492 2780 4565 qui
2820 4500 2899 4546 tot
2946 4492 3012 4547 de
3057 4502 3308 4547 anteacta
3348 4494 3459 4547 vita
3493 4494 3784 4563 prceconiis

2179 4582 2464 4644 attollitur,
2495 4582 2561 4635 de
2608 4582 2799 4636 Achab
2850 4582 2992 4653 regis
3035 4583 3295 4638 amicitiis
3348 4598 3485 4653 pene
3505 4583 3786 4653 periturus

2180 4674 2513 4743 increpatur,
2551 4673 2638 4726 cui
2682 4688 2711 4726 a
2756 4673 2988 4727 Domino
3039 4688 3138 4742 per
3175 4674 3496 4744 prophetam
3540 4674 3779 4729 dicitur:

2187 4785 2204 4818 ι
2243 4766 2412 4836 lmpio
2442 4766 2649 4835 praebes
2676 4764 2959 4827 auxilium,
2989 4778 3043 4819 et
3072 4766 3158 4819 his
3187 4766 3278 4836 ριιὶ
3323 4766 3557 4821 oderunt
3606 4766 3787 4821 Domi-

477 4860 537 4903 ct
559 4852 776 4923 angelis
806 4852 924 4921 ejus
966 4850 1181 4924 (Matth.
1213 4852 1363 4918 xxv).
1402 4866 1421 4902 ι
1453 4851 1601 4917 Quos
1631 4863 1764 4918 ergo
1802 4851 1868 4904 ad
1918 4848 2079 4904 aliam
2110 4846 2157 4904 D
2186 4871 2315 4911 num
2342 4854 2581 4908 amicitia
2613 4853 2881 4924 jungeris,
2906 4863 2961 4908 et
2990 4855 3195 4909 idcirco
3236 4856 3373 4925 iram
3403 4854 3616 4908 Domini
3661 4871 3779 4907 me—

414 4952 415 4955 ‘
479 4944 763 4997 cernimus
816 4944 1044 5012 patriam
1076 4941 1318 5006 tendere,
1356 4954 1461 4995 non
1510 4942 1771 4995 debemus
1798 4940 1959 4994 eisin
1992 4941 2076 4993 via

482 5033 658 5089 noxia
684 5034 972 5090 societatis
1003 5033 1210 5103 glutino
1233 5032 1511 5096 foederari,
1540 5048 1607 5087 ne
1635 5047 1772 5101 quos
1801 5033 2075 5087 inordina-

483 5130 569 5179 tus
589 5140 749 5180 amor
774 5128 1033 5191 associat,
1062 5124 1222 5178 simul
1244 5125 1409 5177 etiam
1442 5138 1601 5193 poena
1636 5131 1893 5177 extremae
1922 5122 2072 5176 ultio-

481 5215 564 5270 nis
602 5217 875 5272 involvat.

1032 5286 1033 5289 γ
1087 5304 1315 5361 CAPUT
1348 5304 1487 5359 xw.

484 5393 638 5460 Quod
662 5400 805 5453 sicut
836 5398 902 5451 ab
932 5399 1428 5461 exconamunicatis,
1463 5398 1537 5449 ita
1569 5397 1725 5449 etiam
1774 5397 1837 5451 ab
1876 5414 2084 5450 excom-

832 5468 1163 5521 municandis
1198 5478 1430 5537 oporteat
1464 5468 1665 5519 declina
1676 5484 1747 5519 re.

548 5578 859 5633 Enimvero
904 5586 962 5629 ut
1011 5574 1344 5631 enucleatius
1392 5587 1595 5645 pateat,
1630 5587 1891 5647 quantum
1918 5579 2085 5634 bonos

480 5682 782 5736 pravorum
807 5668 1235 5731 societaslaedat,
1251 5668 1353 5721 hac
1383 5683 1667 5736 possumus
1692 5670 1974 5738 perspicua
1999 5686 2083 5724 ra-

482 5763 630 5815 tione
658 5762 947 5829 colligere,
975 5760 1100 5829 quia
1129 5759 1373 5819 videlicet
1407 5773 1597 5813 eorum
1630 5759 1720 5812 alii
1752 5767 1880 5813 sunt
1903 5775 2086 5816 sacer-

483 5851 645 5906 dotali
682 5851 962 5906 sententia
1018 5864 1187 5918 nuper
1220 5850 1689 5911 excommunicati,
1726 5850 1814 5902 alii
1850 5860 2085 5905 tantum-

482 5944 643 5996 modo
674 5942 952 5995 cationico
1000 5948 1305 5993 sanctorum
1336 5939 1558 5993 Patrum
1606 5939 1811 6008 judicio
1842 5958 2084 5997 commu-

485 6032 643 6090 nione
663 6034 945 6105 privandi.
968 6032 1076 6085 Sed
1105 6031 1172 6086 de
1201 6032 1286 6085 his
1318 6034 1409 6101 qui
1434 6048 1605 6101 nuper
1626 6036 2091 6093 excommunicati‘

803 6124 1081 6185 Ριτιιοι..
1120 6127 1359 6190 CXLV.

2188 4948 2422 5013 rebaris,
2460 4946 2552 5001 sed
2584 4946 2727 4999 bona
2758 4962 2922 5016 opera
2955 4948 3172 5000 iuventa
3202 4956 3333 5000 sunt
3360 4947 3415 5000 in
3448 4956 3520 5008 te,
3554 4960 3619 4999 eo
3642 4946 3788 5015 quod

2189 5037 2483 5093 abstuleris
2526 5036 2675 5091 lucos
2713 5038 2780 5091 de
2814 5046 2959 5090 terra
2997 5037 3135 5091 Julia
3183 5037 3266 5107 (II
3313 5035 3443 5090 l’ar.
3478 5038 3614 5105 xix).
3651 5056 3664 5087 ι
3705 5036 3788 5091 Ab

2190 5128 2280 5180 illo
2304 5128 2473 5189 enim,
2499 5125 2591 5194 qui
2618 5140 2830 5179 summe
2861 5136 3044 5180 rectus
3075 5137 3178 5191 est,
3209 5142 3276 5179 eo
3308 5126 3554 5196 ipsojam
3579 5126 3787 5179 discre—

2190 5226 2304 5289 pat,
2335 5232 2445 5287 quo
2475 5232 2855 5287 perversorum
2897 5217 3153 5270 amicitiis
3187 5217 3295 5269 vita
3339 5226 3521 5270 nostra
3555 5230 3791 5269 concor-

2191 5314 2304 5365 dat.
2346 5312 2514 5376 Quem
2546 5309 2693 5362 enim
2724 5324 2822 5361 vox
2855 5309 2943 5362 illa
2974 5308 3270 5377 apostolica
3295 5323 3401 5361 non
3430 5315 3653 5370 terreat,
3679 5322 3785 5375 qua

2188 5404 2344 5459 nobis
2388 5408 2725 5464 contestans,
2758 5410 2813 5454 et
2844 5416 2870 5453 a
2897 5415 3189 5469 pravorum
3230 5398 3590 5453 contubernio
3630 5414 3786 5453 revo-

2186 5506 2340 5554 cans,
2372 5489 2609 5544 clamat?
2636 5509 2670 5539 νε
2707 5488 2998 5552 Dennntio,
3034 5488 3230 5559 inquit,
3262 5487 3415 5542 vobis
3467 5488 3519 5541 in
3568 5490 3787 5541 nomine

2187 5580 2399 5634 Domini
2427 5578 2578 5644 Jcsu,
2604 5587 2663 5632 ut
2693 5578 3031 5632 subtrahatis
3055 5592 3154 5633 vos
3196 5577 3263 5632 ab
3293 5577 3439 5631 omni
3469 5577 3639 5631 fratre
3670 5591 3787 5629 am-

2188 5671 2407 5727 bulante
2442 5670 2780 5734 inordinate,
2825 5678 2880 5723 ct
2929 5685 3036 5723 non
3089 5669 3385 5724 secundum
3433 5670 3781 5723 traditionem

2189 5778 2353 5832 quam
2394 5758 2717 5813 tradidimus
2746 5759 2900 5813 vobis
2937 5748 3235 5829 (II'Tltess.
3273 5762 3379 5827 tu).
3418 5778 3435 5810 ι
3466 5758 3521 5812 Si
3553 5773 3683 5828 ergo
3714 5758 3785 5811 ab

2191 5853 2276 5907 his
2303 5851 2556 5906 omnibus
2582 5849 2944 5918 nosmetipsos
2972 5850 3229 5904 debemus
3252 5859 3410 5903 caute
3433 5849 3783 5911 subtrahere,

2190 5958 2328 6013 quos
2353 5957 2459 5998 non
2497 5941 2793 5994 secundum
2831 5941 3179 5995 traditionem
3223 5940 3573 6009 apostolicam
3610 5941 3787 5993 cerni-

2190 6052 2310 6092 mus
2339 6031 2652 6099 ambulare;
2678 6032 2869 6103 quanti
2902 6032 2955 6087 in
2982 6031 3072 6087 illo
3101 6033 3349 6089 surculari
3379 6039 3668 6101 supersunt
3697 6046 3787 6085 or-

3284 6124 3322 6186 9
