5514 6658
2031 606 2134 661 267

282 30 1603 243 ‘-

2486 601 2543 659 5.
2571 602 2771 658 PETRI
2813 602 3093 658 DAMIANI
3127 603 3276 659 OPP.
3308 602 3542 659 TOMUS
3582 599 3713 656 SEU
3756 600 3935 656 PARS
3972 600 4056 655 ill.
4088 632 4154 640 —
4182 598 4541 656 OPUSCCLA
4587 600 4811 655 VARIA.

5168 601 5270 656 268

2027 724 2176 786 dine,
2208 738 2325 777 cum
2362 722 2557 790 quibus
2584 722 2785 788 absque
2821 720 3060 788 periculo
3098 720 3371 774 valeamus
3402 728 3596 773 contu-
3630 724 3673 781 Α
3706 716 3936 769 vestium
3985 714 4035 766 in
4096 730 4256 766 unum
4312 713 4575 782 protligit,
4636 721 4689 766 et
4738 711 5041 779 proximum
5090 727 5265 779 suum,

2027 813 2273 865 bernium
2326 809 2701 862 famiharitats
2756 808 2995 862 habere!
3052 808 3220 863 Porro
3278 818 3450 861 autem
3504 808 3595 874 qui

2026 900 2318 969 apostolica
2370 897 2656 951 traditione
2704 906 3035 967 contempta,
3082 899 3240 951 aliam
3293 897 3593 950 doctrinam

2028 992 2139 1045 sive
2167 988 2595 1058 dogtnatizando,
2620 987 2733 1041 sive
2758 988 2987 1041 vivendo
3017 988 3430 1056 superinduccre
3472 986 3597 1039 niti-

2028 1091 2148 1142 tur,
2174 1079 2455 1134 orthodoxi
2486 1088 2539 1132 et
2570 1078 2804 1147 religiosi
2838 1078 2937 1132 viri
2970 1078 3168 1146 perfrui
3196 1078 3467 1132 consortio
3489 1093 3595 1129 non

2027 1180 2284 1233 meretur,
2337 1168 2577 1238 apostolo
2628 1184 2843 1239 quoque.
2893 1168 3098 1223 Joanne
3146 1177 3471 1231 attestante,
3506 1169 3594 1238 qui

2026 1261 2097 1313 ait
2131 1278 2143 1313 :
2184 1279 2200 1310 ι
2238 1258 2292 1313 Si
2322 1259 2441 1327 quis
2471 1258 2617 1313 venit
2656 1260 2722 1312 ad
2754 1274 2863 1322 vos,
2892 1268 2945 1312 et
2986 1258 3125 1310 hanc
3153 1257 3454 1311 doctrinam
3489 1274 3593 1311 non

2026 1348 2202 1414 affert,
2224 1350 2389 1405 nolite
2419 1350 2658 1418 recipere
2687 1363 2806 1403 eum
2832 1350 2880 1402 in
2905 1349 3086 1411 domo,
3112 1363 3209 1402 nec
3238 1348 3351 1402 Ave
3375 1350 3421 1401 ei
3440 1349 3592 1403 dixe-

2025 1440 2179 1503 ritis;
2200 1439 2287 1507 qui
2306 1439 2447 1492 enim
2464 1437 2677 1491 dicitilli
2694 1436 2825 1501 Ave,
2843 1437 3203 1492 communicat
3217 1438 3470 1505 operibus
3481 1438 3595 1507 ejus

2026 1527 2368 1599 malignis(ll
2397 1527 2554 1580 Joan.
2588 1526 2730 1594 xm).
2751 1545 2768 1575 ι
2789 1524 2992 1592 Quibus
3012 1526 3264 1580 nimirum
3289 1527 3595 1595 apostolica:

2021 1622 2267 1676 veritatis
2292 1618 2534 1673 instructi
2561 1616 2844 1671 sententiis
2859 1616 3257 1671 evidentissime
3279 1616 3593 1684 comproba-

2019 1706 2158 1772 mus,
2174 1710 2296 1778 quia
2312 1708 2537 1775 quicum
2553 1704 2832 1764 sceleratis
2844 1705 3147 1759 hominibus
3160 1705 3445 1759 carnaliter
3460 1706 3593 1757 ami-

2015 1801 2172 1855 citias
2212 1799 2463 1869 jungunt,
2494 1796 2653 1851 alieni
2680 1805 2863 1850 reatus
2892 1796 3179 1864 participes
3202 1795 3368 1858 (lunt;
3397 1804 3591 1850 etcum

2016 1890 2122 1944 illis
2137 1888 2295 1944 simul
2318 1899 2574 1941 extremm
2591 1884 2809 1939 ultionis
2823 1893 3087 1954 coguntur
3108 1885 3288 1939 subire
3305 1884 3592 1953 judicium,

2014 1996 2137 2034 cum
2181 1980 2375 2049 quibus
2402 1988 2577 2033 tamen
2619 1977 2671 2032 in
2710 1978 2813 2032 hac
2840 1978 2949 2032 vita
2981 1976 3140 2031 simul
3179 1992 3285 2030 non
3328 1976 3594 2031 admisere

2017 2078 2324 2137 peccatum.

2607 2158 2833 2215 CAPUT
2870 2158 2985 2214 XV.

2109 2252 2183 2305 De
2210 2251 2477 2304 monachis
2507 2250 2597 2319 qui
2624 2252 2863 2319 pretiosis
2893 2250 3114 2303 vestibus
3144 2247 3484 2303 delectantur.

2078 2341 2191 2394 Hoc
2236 2341 2397 2393 etiam
2433 2338 2647 2402 vitium,
2699 2340 2841 2408 quod
2879 2338 3130 2392 videlicet
3157 2336 3269 2405 jam
3308 2336 3581 2405 persecuti

2007 2447 2211 2495 sumus,
2245 2432 2632 2485 discurrentem
2689 2429 3017 2483 monachum
3062 2426 3408 2481 familiariter
3432 2425 3578 2480 obsi-

2005 2527 2117 2588 det,
2143 2526 2265 2594 quia
2295 2522 2537 2593 profecto
2570 2536 2841 2591 nunquam
2878 2520 2955 2575 sic
2991 2522 3055 2575 ad
3083 2536 3274 2590 purum
3303 2520 3444 2575 valet
3469 2535 3497 2572 a
3524 2534 3581 2574 se

2004 2616 2209 2684 Icpram
2233 2614 2423 2667 virosa:
2454 2611 2797 2682 proprietatis
2850 2619 3123 2674 excutere,
3154 2610 3282 2679 quin
3331 2609 3434 2663 sibi
3484 2624 3581 2662 ne-

2005 2706 2300 2759 cessarium
2329 2704 2594 2766 videatur,
2610 2700 3022 2771 quamtumlibet
3044 2699 3184 2769 apud
3214 2714 3271 2753 se
3298 2698 3583 2753 occasione

2005 2794 2215 2848 itin’eris
2233 2792 2395 2862 259
2421 2792 2673 2845 retinere.
2706 2789 2840 2843 Ilinc
2867 2788 3027 2843 etiam
3049 2788 3407 2857 pretiosarum
3431 2800 3583 2840 amor

1958 2934 1966 2940 .
2002 2885 2231 2937 vestium
2259 2882 2520 2945 nascitur,
2543 2893 2609 2933 ne
2638 2879 2884 2934 videlicet
2920 2879 2972 2932 in
3006 2877 3275 2947 publicum
3304 2876 3578 2945 prodiens,

2003 2970 2343 3040 despicabilis
2372 2983 2491 3023 esse
2505 2968 2767 3022 videatur.
2786 2966 3165 3043 Verumtamen
3191 2965 3315 3019 dum
3346 2963 3580 3017 exterio-

2001 3065 2080 3117 ris
2098 3060 2397 3117 indumenti
2416 3060 2636 3130 phalera
2658 3059 2940 3128 quazritur,
2965 3066 3158 3111 cuncta
3185 3056 3462 3111 interioris
3484 3056 3578 3109 ho-

1999 3152 2165 3205 minis
2186 3150 2507 3220 compositio
2530 3148 2840 3217 dissipatur.
2861 3147 2983 3201 Hcce
2999 3156 3177 3201 autem
3196 3146 3401 3201 insania
3418 3144 3576 3209 falsa,

2002 3242 2192 3296 nescio
2207 3255 2312 3310 quo
2326 3249 2506 3309 pacto,
2524 3239 2593 3292 ita
2608 3252 2875 3308 perversa:
2890 3236 3086 3291 mentis
3114 3235 3297 3291 oculos
3314 3245 3475 3290 caecat
3490 3275 3504 3301 ,
3524 3244 3580 3287 ut

1998 3346 2102 3385 nec
2152 3346 2270 3400 qua:
2301 3330 2441 3399 apud
2482 3316 3013 3383 homineshoncstas
3043 3327 3133 3391 sit,
3157 3325 3370 3390 videat;
3404 3339 3578 3394 neque

3698 818 3857 871 quem
3889 804 4027 856 sicut
4051 804 4397 871 semetipsum
4431 816 4614 854 amare
4636 801 4921 865 debuerat,
4948 801 4999 854 in
5032 814 5126 853 sua
5173 815 5268 855 nu-

3699 892 3864 944 ditate
3894 892 4167 957 relinquit.

3768 981 3871 1034 Sed
3900 982 3999 1033 hoc
4045 982 4211 1034 distat
4265 993 4405 1035 inter
4458 980 4588 1036 istos
4630 982 4981 1045 encmniatos,
5020 981 5267 1039 videlicet

3697 1072 4012 1135 monachos,
4029 1081 4081 1125 et
4100 1072 4217 1126 illos
4242 1073 4547 1142 hypocritas
4563 1088 4697 1141 quos
4721 1074 5066 1144 Evangelium
5086 1084 5266 1141 notat;

3695 1159 3816 1228 quia
3852 1158 3947 1222 illi,
3980 1169 4111 1213 teSte
4155 1163 4412 1225 \‘eritate,
4441 1163 4662 1215 veniunt
4689 1162 4753 1216 ad
4778 1178 4873 1216 nos
4899 1164 4950 1215 in
4982 1164 5240 1219 vestimen

3697 1249 3765 1301 tis
3809 1250 4011 1313 ovium,
4078 1250 4402 1303 intrinsecus
4458 1263 4636 1306 autem
4701 1261 4827 1306 sunt
4884 1253 4990 1322 lupi
5050 1269 5268 1324 rapaces

3694 1338 3909 1408 (Matth.
3940 1340 4070 1410 vn);
4100 1342 4185 1394 isti
4216 1351 4393 1396 autem
4430 1343 4572 1397 intus
4604 1354 4761 1398 vento
4786 1359 4932 1399 vanm
4952 1346 5135 1415 gloriae
5155 1364 5271 1401 cre-

3692 1428 3945 1495 pantibus
3976 1428 4137 1483 ilibus
4200 1432 4580 1496 intumescunt,
4634 1430 4765 1487 foris
4798 1443 4974 1487 autent
5029 1436 5079 1488 iu
5120 1446 5267 1491 veste

3695 1518 3915 1584 rapinae,
3946 1520 4085 1572 sicut
4116 1521 4397 1587 probatum
4427 1533 4527 1585 est,
4555 1538 4616 1576 ac
4644 1537 4739 1591 per
4768 1523 4867 1576 hoc
4892 1524 4942 1576 in
4988 1534 5137 1578 veste
5190 1527 5267 1577 li:-

3692 1624 3884 1677 porum
3941 1620 4261 1679 arroganter
4312 1612 4587 1667 incedunt.
4623 1614 4806 1683 Itaque
4857 1630 4977 1668 cum
5014 1614 5267 1669 Dominus

3693 1703 3758 1756 de
3778 1700 3985 1757 Joanne
4011 1704 4152 1756 dicat
4177 1702 4404 1757 Iuda-is:
4445 1723 4462 1753 ι
4501 1705 4637 1771 Quid
4672 1707 4859 1760 existis
4903 1708 5121 1761 videre?
5166 1709 5264 1761 ho-

3694 1793 3891 1847 minem
3920 1792 4167 1847 mollibus
4188 1796 4476 1849 vestitum?
4506 1797 4644 1850 Ecce
4680 1799 4770 1866 qui
4805 1799 5047 1853 mollibus
5100 1802 5260 1854 vesi—

3695 1892 3881 1948 untur,
3912 1884 3964 1936 in
3986 1883 4235 1939 domibus
4284 1900 4466 1954 regum
4495 1896 4618 1941 sunt
4649 1887 4877 1956 (Matth.
4904 1892 5023 1956 xt);
5063 1908 5082 1941 ι
5140 1905 5262 1959 pro-

3695 1972 3836 2029 fecto
3863 1976 4179 2041 monachus,
4208 1978 4297 2045 qui
4324 1977 4550 2032 nitorem
4571 1980 4819 2049 pretiosa:
4842 1982 5007 2036 vestis
5025 1980 5258 2045 allectat,

3618 2074 3665 2134 Β
3695 2080 3800 2119 non
3824 2067 4041 2134 superni
4075 2065 4260 2135 Regis,
4292 2068 4387 2122 sed
4411 2068 4595 2122 mundi
4637 2068 4793 2136 hujus
4842 2070 5084 2123 militiam
5114 2069 5261 2139 baju-

3686 2155 3765 2209 lat
3801 2169 3815 2207 :
3856 2165 3909 2209 et
3944 2155 4071 2210 licet
4118 2156 4364 2211 videatur
4406 2158 4743 2227 specietenus
4801 2159 4905 2214 Deo
4946 2174 5057 2213 sua:
5104 2161 5257 2228 quasi

3684 2248 4006 2304 oboedientia:
4048 2264 4241 2305 munus
4273 2249 4501 2316 oﬂerre,
4556 2250 4649 2305 sed
4689 2260 4873 2319 aperte
4903 2252 5255 2311 convincitur.

3683 2340 3978 2393 humanum
4011 2341 4274 2409 captanda
4304 2341 4565 2406 favorem,
4597 2356 4746 2396 vana:
4784 2341 4962 2412 gloria:
4997 2344 5261 2395 veraciter

3682 2429 3977 2485 deservire.
4018 2429 4188 2484 Porro
4229 2441 4408 2484 autem
4458 2432 4501 2486 si
4544 2433 4647 2487 sub
4692 2433 4911 2487 obtentu
4942 2433 5257 2487 obcdientia:

3684 2518 3809 2579 licet
3834 2518 4084 2573 mollibus
4106 2519 4274 2584 indui,
4298 2520 4383 2573 cui
4416 2521 4586 2588 potuit
4619 2521 4731 2575 haec
4756 2522 4999 2576 remissio
5020 2522 5253 2576 liberiori

3682 2610 4086 2679 dispensatione
4108 2612 4349 2676 concedi,
4374 2629 4535 2681 quam
4555 2614 4615 2667 B.
4637 2613 4850 2679 Joanni,
4878 2618 4967 2682 qui
4990 2615 5252 2684 praecipue

3682 2702 3983 2769 obsequelze
4014 2703 4244 2757 donatus
4274 2702 4467 2769 ollicio,
4502 2715 4725 2759 venerat
4759 2707 4919 2760 corda
4948 2715 5156 2775 patrum
5198 2706 5249 2759 in

3681 2792 3818 2847 filios
3866 2809 4002 2847 nova
4043 2796 4429 2863 prwdicatione
4490 2806 4829 2862 convertere,
4873 2807 4927 2851 et
4958 2796 5248 2865 perfectam

3677 2882 3888 2951 plebem
3934 2884 4151 2938 Christo
4184 2886 4410 2939 Domino
4441 2901 4745 2954 praeparare
4792 2886 4951 2955 (Luc.
4987 2888 5077 2956 t)?
5108 2885 5249 2941 Nun-

3678 2972 3807 3040 quid
3838 2982 3891 3025 et
3912 2972 4026 3040 ipse
4054 2972 4312 3028 Dominus
4338 2976 4620 3044 providere
4634 2976 4733 3029 sibi
4761 2976 5120 3030 caleeamenta
5144 2993 5247 3031 non

3678 3062 3875 3129 potuit,
3907 3062 4070 3133 260
4094 3064 4247 3132 cujus
4268 3065 4485 3134 gentilis
4517 3064 4742 3132 perﬁdia
4765 3064 4874 3119 sola
4902 3066 5042 3119 inter
5071 3081 5131 3121 se
5159 3082 5248 3120 ve-

3679 3154 3933 3207 stimenta
3957 3156 4178 3209 divisit?
4202 3155 4333 3209 Nam
4365 3157 4406 3209 si
4433 3157 4480 3210 ei
4505 3158 4727 3210 minime
4755 3158 5116 3212 calce.unenta
5156 3160 5248 3213 de—

3677 3254 3883 3309 essent,
3900 3245 3964 3299 de
3980 3246 4084 3300 illis
4098 3248 4257 3301 etiam
4275 3255 4443 3301 saera:
4469 3247 4708 3302 historiae
4720 3249 4887 3303 series
4904 3264 5006 3303 non
5027 3258 5244 3303 taceret.

4249 3334 4472 3393 CAPUT
4508 3337 4648 3392 XVI.

1996 3422 2141 3475 "mle
2169 3421 2305 3489 θρυά
2332 3420 2498 3473 Deum
2526 3418 2646 3487 Ψιίε
2670 3416 2869 3472 Clarius
2897 3416 3063 3470 Vide”
3096 3416 3283 3485 P055",
3310 3417 3573 3469 ³ῑῑίθιιάίιι·
3605 3415 3648 3476 C
3682 3424 3835 3489 Quod
3878 3427 4010 3483 sicut
4031 3429 4259 3497 pretiosa
4286 3430 4440 3482 restis
4466 3430 4535 3481 ad
4564 3431 4718 3495 irant,
4748 3431 4821 3483 ita
4847 3431 5057 3486 humilis
5082 3431 5245 3486 Deum

1994 3510 2065 3564 Et
2096 3524 2278 3563 revera
2312 3508 2519 3563 insania
2549 3515 2651 3571 est,
2677 3516 2731 3561 et
2772 3505 2911 3560 falsa
2952 3514 3059 3559 est.
3090 3505 3338 3559 Insanum
3371 3504 3570 3574 quippe

1994 3600 2308 3662 est,occulti
2335 3599 2522 3653 arbitri
2543 3598 2804 3668 judicium
2829 3598 3187 3665 snperbiendo
3201 3606 3567 3660 contemnere,

1994 3698 2052 3741 et
2097 3689 2317 3741 immani
2372 3687 2574 3741 favoris
2623 3702 2809 3742 auram
2864 3686 3093 3739 molliori
3129 3696 3278 3741 veste
3325 3695 3566 3755 captare.

1994 3780 2211 3835 Falsum
2244 3793 2372 3833 vero
2415 3786 2518 3841 est,
2547 3777 2671 3847 quia
2704 3776 2842 3830 unde
2869 3777 3052 3831 oculos
3083 3778 3300 3846 superni
3337 3776 3566 3846 Specta-

1994 3871 2132 3925 toris
2152 3867 2395 3932 oﬂ’endit,
2429 3866 2553 3921 inde
2578 3867 2738 3921 etiam
2777 3866 3126 3923 nihilominus
3157 3867 3295 3937 apud
3322 3868 3569 3923 humana:

1922 3996 1926 4000 ι
1992 3958 2411 4015 existimationis
2437 3956 2699 4023 judicium
2728 3955 2904 4021 cadit;
2936 3966 2993 4009 et
3022 3972 3086 4011 ex
3114 3972 3219 4027 qua
3247 3971 3305 4011 re
3339 3958 3572 4011 homini-

1992 4050 2095 4103 bus
2134 4048 2303 4102 videri
2354 4047 2551 4101 clarior
2591 4048 2824 4116 appetit,
2870 4060 2938 4100 ex
2968 4062 3031 4100 ea
3082 4063 3141 4101 se
3170 4047 3569 4115 quodammodo

1993 4145 2247 4200 dentibus
2298 4142 2523 4211 publica:
2577 4141 2987 4221 obtrectationis
3031 4142 3285 4210 exponit;
3336 4154 3569 4211 cumque

1988 4237 2138 4292 nitor
2187 4234 2483 4289 indumenti
2528 4234 2594 4286 ad
2623 4233 2935 4287 intuendum
2973 4246 3031 4287 se
3073 4232 3260 4287 oculos
3285 4239 3564 4301 provocat,

1989 4312 2204 4396 linguas
2234 4325 2395 4379 etiam
2426 4324 2491 4378 ad
2516 4324 2843 4393 carpendum
2877 4325 3037 4387 hunc,
3070 4324 3159 4391 qui
3181 4324 3437 4387 induitur,
3469 4324 3565 4377 de-

1989 4417 2331 4487 rogationum
2387 4414 2606 4483 spiculis
2652 4424 2845 4467 armat.
2894 4412 3027 4479 Quis
3060 4414 3203 4467 enim
3244 4415 3564 4468 monachum

1988 4506 2239 4560 mollibus
2264 4505 2507 4558 indutum
2538 4503 2737 4568 videat,
2759 4512 2819 4556 et
2858 4520 2963 4557 non
2994 4505 3241 4572 protinus
3286 4503 3433 4557 illum
3482 4504 3563 4557 di-

1987 4598 2114 4650 vino
2140 4608 2365 4647 vacuum
2411 4594 2620 4662 spiritu,
2650 4594 2877 4647 terrenis
2921 4594 3117 4661 potius,
3147 4609 3305 4661 quam
3335 4594 3568 4648 caelesti-

1988 4688 2092 4739 bus
2143 4686 2353 4739 inhiare
2383 4683 2676 4737 decernat?
2702 4682 2829 4749 Quae
2876 4685 3018 4738 enim
3050 4684 3119 4738 sit
3148 4700 3299 4737 mens
3322 4699 3387 4737 ex
3416 4693 3564 4738 veste

4058 3500 4128 3550 ad
4161 3498 4535 3567 indulgentiam
4564 3511 4825 3569 provocat.

3741 3608 4059 3665 RexNinive
4080 3626 4317 3681 purpura
4346 3611 4565 3666 indutus
4589 3614 4819 3681 proprite
4842 3613 5076 3667 civitatis
5100 3614 5245 3668 exci-

3669 3699 3812 3754 dium
3846 3702 4071 3764 meruit;
4128 3710 4414 3770 coopertus
4468 3717 4627 3757 sacco
4670 3702 4834 3756 divini
4884 3702 5081 3757 furoris
5126 3719 5244 3757 mo-

3669 3799 3779 3844 tum
3796 3790 4011 3843 contriti
4036 3791 4213 3844 cordis
4236 3790 4536 3843 humilitate
4560 3790 4949 3859 placavitUon.
4980 3789 5083 3859 ιιι).
5114 3790 5247 3843 Eze-

3668 3880 3819 3934 chias
3848 3895 4062 3949 quoque
4087 3881 4230 3934 cultu
4266 3880 4417 3950 regio
4465 3880 4772 3944 decoratus,
4806 3879 5074 3934 terribiles
5104 3881 5244 3949 regis

3668 3971 4011 4040 Assyriorum
4054 3970 4229 4023 minas
4288 3968 4636 4025 tremefactus
4687 3969 4924 4034 audivit;
4977 3970 5072 4025 sed
5121 3983 5242 4024 mox

3670 4072 3728 4113 ut
3752 4061 3864 4127 ipse
3893 4058 4070 4113 cilicio
4109 4059 4329 4126 tegitur,
4374 4057 4661 4127 cilicioque
4703 4067 4978 4113 conlectos
5010 4058 5075 4111 ad
5116 4073 5242 4128 pro~

3668 4151 3885 4219 plu-tam
3936 4150 4150 4204 mittere
4179 4148 4400 4203 nuntios
4430 4164 4536 4203 non
4563 4149 4797 4214 erubuit,
4836 4150 5145 4219 propinqua:
5168 4149 5245 4203 di-

3668 4241 3806 4294 vina:
3836 4240 4093 4301 victoriae,
4124 4249 4179 4294 et
4220 4248 4415 4308 Optata:
4448 4240 4823 4309 prosperitatis
4856 4240 5130 4294 oraculum
5160 4256 5244 4295 re-

3668 4332 3905 4401 portavit
3954 4331 4078 4399 (IV
4111 4330 4236 4400 Reg.
4272 4330 4419 4401 XIX).
4452 4330 4580 4397 Qua:
4630 4331 4883 4386 nimirum
4935 4333 5240 4401 promissio,

3672 4423 3956 4491 Scriptura
3986 4430 4138 4483 teste,
4171 4421 4401 4476 celerem
4443 4422 4687 4491 pervenit
4740 4421 4807 4475 ad
4851 4422 5077 4477 exitum.
5108 4422 5239 4476 Nam

3672 4527 3798 4565 C((‘C
3856 4512 4078 4580 angelus
4136 4511 4348 4565 Domini
4406 4521 4621 4565 centum
4671 4512 4942 4581 oetoginta
5005 4512 5241 4581 quinque

3670 4603 3833 4657 millia
3874 4604 4219 4673 Assyriorum
4273 4619 4379 4657 una
4408 4612 4568 4657 nocte
4595 4604 4880 4671 percussit,
4925 4604 5117 4657 deinde
5160 4606 5239 4672 ip-

3670 4707 3786 4744 sum
3848 4691 4219 4744 Sennacherib
4274 4706 4451 4759 regem
4497 4700 4721 4758 uterque
4757 4691 4897 4745 titius
4933 4689 5240 4759 parricidali

1988 4776 2283 4844 colligitur,
2319 4783 2372 4827 et
2392 4774 2545 4843 juxta
2570 4776 2891 4827 exteriorem
2923 4774 3125 4827 cultum
3154 4789 3271 4841 qua:
3301 4774 3370 4826 sit
3395 4773 3565 4825 intcn-
3595 4753 3642 4812 Β
3671 4782 3905 4849 quidem,
3936 4780 4029 4833 sed
4058 4781 4217 4849 digno
4253 4753 4427 4848 gladio
4462 4753 4747 4834 trucidavit
4777 4753 4993 4851 (ἕθὶᾰί).

1988 4867 2152 4919 tionis
2176 4865 2697 4933 speciesjudicatur.
2724 4864 2872 4929 Quod
2899 4864 3153 4917 nimirum
3181 4880 3304 4918 cum
3337 4879 3564 4933 evange-

1986 4956 2089 5011 lica
2117 4957 2437 5011 auctoritate
2465 4957 2775 5019 concordat,
2814 4972 2936 5010 cum
2969 4956 3170 5009 dicitur
3202 4973 3213 5007 :
3250 4973 3267 5005 ι
3306 4955 3349 5007 Α
3378 4954 3563 5008 fructi-

1985 5048 2087 5101 bus
2116 5060 2299 5100 eorum
2330 5046 2665 5114 cognoscetis
2688 5061 2780 5100 ees-
2810 5045 3021 5113 (Matth.
3046 5047 3165 5114 vn).
3195 5066 3212 5096 ι
3244 5046 3561 5115 Quanquam

1986 5137 2076 5192 isti
2125 5152 2230 5190 non
2262 5138 2481 5189 veniant
2528 5136 2595 5189 ad
2642 5151 2740 5190 nos
2787 5153 2908 5191 cum
2958 5138 3288 5193 vestimentis
3346 5139 3559 5201 ovium;

1985 5225 2421 5295 quandoquidem
2446 5226 2824 5280 vestimentum
2854 5228 3034 5282 ovium
3060 5230 3221 5282 vestis
3258 5238 3341 5283 est
3385 5229 3550 5281 humi-

1985 5316 2158 5369 litatis
2195 5323 2250 5369 et
2289 5315 2630 5380 innocentiae,
2674 5333 2776 5371 non
2826 5319 3150 5386 arrogantia:
3199 5320 3281 5373 vel
3336 5319 3554 5389 rapitur.

1986 5409 2080 5463 Illa
2108 5417 2285 5462 autem
2318 5412 2483 5463 vestis
2525 5410 2723 5477 rapina:
2765 5425 2882 5466 esse
2912 5429 3016 5466 non
3048 5413 3317 5467 immerito
3356 5429 3561 5466 nuncuo

1986 5491 2165 5567 patur,
2189 5514 2307 5566 qua:
2336 5499 2682 5563 duarum,vel
2707 5500 2867 5554 etiam
2901 5502 3062 5553 trium
3101 5503 3326 5555 vestium
3349 5517 3557 5569 summa

1985 5572 2271 5643 coemitur.
2297 5589 2511 5658 Rapina:
2542 5604 2775 5660 namque
2803 5591 2975 5645 seclus
2997 5592 3248 5656 admittit,
3276 5593 3366 5661 qui
3407 5608 3559 5646 vanae

1982 5680 2170 5747 gloriae
2202 5681 2412 5734 deditus
2439 5682 2489 5733 in
2516 5683 2594 5734 sui
2623 5683 2867 5750 corporis
2893 5684 3261 5738 indumentum
3300 5685 3446 5739 solus
3477 5686 3560 5737 in-

1986 5770 2173 5833 sumit,
2201 5771 2341 5822 unde
2368 5780 2420 5822 et
2450 5770 2670 5825 fratrem
2708 5789 2861 5826 suum
2893 5788 3073 5825 secum
3098 5785 3379 5844 contegere
3410 5790 3558 5828 com-

1987 5859 2224 5913 muniter
2287 5862 2480 5928 potuit.
2528 5861 2785 5930 Ilapinam
2838 5864 3023 5932 procul
3064 5865 3224 5918 dubio
3266 5876 3557 5934 perpetrat,

1986 5947 2077 6022 qui
2106 5949 2223 6001 vani
2256 5948 2474 6005 honoris
2492 5950 2682 6006 ardore
2705 5966 3018 6020 succensus,
3040 5952 3262 6009 duarum
3290 5954 3561 6023 impensas

3743 4869 3903 4923 Vides
3936 4868 4098 4937 igitur
4120 4870 4257 4936 apud
4284 4869 4449 4922 Deunt
4480 4880 4741 4938 quantum
4780 4871 4941 4923 vestis
4965 4868 5107 4925 ﬂuxa
5160 4871 5242 4924 di-

3670 4970 3775 5015 stet
3803 4960 3871 5013 ab
3898 4975 4111 5027 aspera.
4141 4958 4456 5029 Perpendis,
4507 4960 4632 5029 quia
4665 4976 4821 5029 quem
4849 4962 5041 5014 iratum
5071 4976 5239 5032 expc-

3671 5049 3763 5103 riri
3783 5048 4010 5101 delicata
4037 5058 4343 5112 meruerat,
4368 5049 4487 5103 vilis
4509 5060 4563 5103 et
4585 5050 4790 5119 ahjecta
4819 5050 4979 5104 vcs;is
5000 5049 5238 5117 iudicem

3669 5140 3877 5207 placat;
3911 5146 3962 5191 et
3990 5154 4148 5207 quem
4203 5139 4529 5207 plectibilem
4579 5140 4662 5194 illa
4720 5140 5041 5206 reddiderat,
5083 5144 5239 5195 venia

3667 5229 3884 5297 dignum
3909 5229 4010 5281 ista
4042 5229 4403 5283 commendat.
4434 5228 4597 5296 Cujus
4618 5240 4795 5283 autem
4820 5230 5069 5283 momenti
5096 5234 5237 5299 apud

3665 5315 3835 5367 Deum
3860 5316 4085 5369 vestium
4119 5316 4193 5367 sit
4219 5318 4725 5385 ornatus,egregius
4748 5316 4828 5368 illa
4854 5317 5235 5386 pr0pbetart:m

3664 5404 3831 5459 Isaias
3884 5404 4161 5458 evidenter
4206 5406 4459 5469 ostendit,
4529 5409 4618 5475 qui
4651 5407 4900 5459 nimirum
4932 5408 4997 5459 ad
5042 5406 5236 5461 (Ιὶνὶηίιι

3661 5495 3917 5564 jussionis
3942 5495 4224 5564 imperium
4254 5498 4570 5550 vestimenta
4592 5497 4858 5565 deposuit,
4885 5507 5042 5567 etper
5073 5498 5232 5551 trium

3666 5604 3928 5642 annorum
3968 5589 4200 5657 spatium
4256 5589 4450 5653 nudus,
4483 5598 4537 5643 et
4581 5589 4935 5643 discalceatus
4992 5591 5228 5644 incessit.

3666 5678 3961 5733 Erubescat
3992 5680 4394 5747 igiturliumana
4424 5677 5232 5747 superbia,veniundaturmets

3669 5770 3863 5824 misera
3896 5786 4047 5825 vanze
4076 5769 4259 5840 glorim
4292 5780 4443 5840 peste
4466 5781 4738 5838 corrupta,
4774 5771 4895 5823 dum
4929 5769 5013 5824 ille
5040 5772 5228 5824 videli-

3665 5870 3749 5916 cet
3776 5877 4036 5930 organum
4062 5862 4177 5924 Dei,
4226 5862 4479 5931 tentplum
4511 5862 4743 5931 Spiritus
4792 5863 4984 5925 sancti,
5034 5864 5229 5919 divina:

3658 5956 3880 6027 justitice
3911 5956 4240 6029 propalator,
4268 5972 4372 6013 non
4402 5958 4667 6012 dubitavit
4692 5957 4901 6027 pu':lice
4934 5959 5107 6016 nudus
5140 5961 5228 6016 iu-
