5514 6572
265 6283 904 6452 κ

2105 487 2201 542 271

2684 590 2908 646 CAPUT
2949 589 3088 643 χιχ.

2109 690 2264 756 Quod.
2312 688 2487 741 stultia
2535 684 2836 756 indumenta
2880 681 3051 756 minus
3097 673 3627 756 perfectifu'stidittnt
3656 712 3669 735 ,

2200 745 2529 829 péﬁertiorcr
2559 752 2840 821 atiquaudo
2889 745 3244 816 indi/fereuier
3273 745 3574 797 admittant.

2178 865 2426 921 Nonnulli
2453 863 2616 918 etiam
2643 870 2790 924 sunt,
2816 859 2910 928 qui
2961 867 3119 912 recta:
3151 853 3461 910 intentionis
3495 849 3672 904 studio

2102 960 2300 1014 vilibus
2327 953 2650 1010 indumentis
2679 952 2881 1005 diutius
2910 950 3132 1012 assueti,
3157 948 3200 1002 si
3249 944 3525 1012 contingat
3577 942 3669 994 ali-

2103 1046 2338 1122 quando,
2366 1056 2425 1103 ut
2474 1044 2870 1116 quantumlibet
2907 1040 3238 1096 mollioribus
3289 1041 3669 1102 contegantur,

2102 1143 2283 1196 libera:
2312 1138 2628 1194 humilitatis
2663 1134 2948 1204 supercilio
2981 1131 3304 1198 dedignante
3338 1126 3619 1180 fastidiunt
3652 1141 3666 1189 ;

2102 1246 2156 1288 et
2185 1234 2323 1288 sicut
2347 1231 2436 1284 alii
2469 1229 2646 1290 fmdis,
2692 1227 2766 1280 ita
2820 1225 2904 1279 isti
2935 1221 3186 1291 pretiosis
3239 1218 3386 1272 indui
3429 1217 3670 1269 vestibus

2104 1325 2464 1386 erubescunt;
2494 1319 2753 1374 delicatos
2779 1331 2907 1368 sane
2935 1311 3152 1366 habitus
3179 1310 3406 1362 tolerant
3436 1345 3451 1371 ,
3491 1304 3668 1373 despi-

2099 1411 2349 1467 cabilium
2368 1407 2661 1478 asperitate
2685 1404 2960 1467 fruuntur;
2987 1400 3121 1453 fiunt
3144 1397 3247 1451 illis
3268 1396 3446 1450 omnia
3475 1406 3668 1460 corpo-

2099 1518 2218 1557 rum
2274 1507 2587 1555 ornamenta
2640 1494 2929 1557 dedecori,
2988 1489 3304 1546 deformitas
3367 1482 3659 1540 honestati.

2098 1591 2296 1646 [lorum
2324 1588 2537 1656 quidem
2572 1586 2765 1639 Esther
2790 1583 3025 1652 speciem
3057 1587 3322 1643 tenuerat,
3353 1592 3476 1631 cum
3520 1575 3665 1630 dice-

2093 1682 2224 1737 bat:
2263 1698 2281 1731 ι
2321 1679 2399 1733 Tu
2424 1679 2550 1741 seis,
2586 1677 2828 1739 Domine,
2859 1673 3236 1729 necessitatem
3273 1683 3467 1732 meam,
3523 1663 3664 1734 quod

2093 1770 2372 1824 abominer
2398 1769 2609 1838 signum
2634 1765 2898 1835 superbia:
2927 1772 2981 1817 et
3006 1762 3188 1831 gloria:
3225 1774 3375 1821 meae,
3408 1757 3549 1826 quod
3582 1766 3663 1807 est

2089 1871 2252 1929 super
2278 1867 2436 1926 caput
2466 1870 2640 1909 meum
2669 1855 2721 1906 in
2753 1852 2940 1906 diebus
2993 1848 3369 1904 ostentationis
3409 1861 3541 1900 mem
3562 1885 3576 1907 ,
3605 1852 3659 1896 et

2562 482 2616 536 S.
2647 481 2848 536 PETRI
2886 477 3166 535 DAMIANI
3205 475 3354 532 OPP.
3390 472 3622 530 TOMUS
3661 470 3789 525 SEU
3835 470 4009 524 PARS
4045 469 4129 524 lll.
4163 499 4230 508 --
4261 467 4623 525 OPUSCI'LA
4660 467 4887 522 VARH.

3704 595 3749 652 Α
3781 581 3926 634 tinus
3958 578 4240 647 virginitas
4278 579 4515 648 pertulit,
4548 584 4600 633 et
4653 577 4840 658 alienae
4871 575 5072 629 libidini
5123 575 5343 644 turpiter

5244 463 5342 516 9.72

3780 672 4065 738 prostituta
4124 671 4343 724 servivit
4395 667 4546 738 (Gen.
4581 669 4790 728 xxxiv).
4836 666 4982 722 Uxor
5028 667 5228 722 Levita:
5283 670 5342 724 de

3779 759 3949 814 latere
3970 760 4166 813 montis
4191 760 4470 829 Ephraim,
4502 759 4670 812 donec
4701 759 4753 812 iu
4783 759 5150 827 penetralibus
5172 760 5341 827 posita

3778 851 3924 904 curis
3975 863 4032 904 se
4079 850 4391 904 domesticis
4431 850 4754 916 occupavit,
4790 848 5088 918 coniugalis
5122 850 5338 907 thalami

3776 941 4085 1010 pudicitiam
4136 941 4445 1004 custodivit;
4496 939 4654 993 ducta
4693 949 4871 993 autem
4922 940 5121 994 relicta:
5150 956 5342 1011 cogna-

3778 1029 3942 1082 tionis
3972 1028 4183 1092 affectu,
4236 1030 4462 1099 patriam
4500 1039 4862 1098 parentesque
4891 1030 5074 1084 revisit
5102 1046 5116 1086 :
5149 1030 5340 1085 dehinc

3773 1121 3989 1174 rediens
4011 1121 4191 1175 multis
4208 1120 4639 1188 corruptionibus
4662 1120 4875 1174 furiosa:
4904 1121 5137 1174 libidinis
5165 1121 5340 1189 prada

3773 1209 4097 1262 succubuit:
4137 1219 4192 1262 et
4243 1209 4368 1262 dum
4409 1210 4461 1263 in
4520 1223 4680 1263 carne.
4727 1209 5080 1276 periclitantis
5135 1208 5339 1277 pudici-

3774 1300 3860 1352 tiae
3904 1300 4240 1369 naufragium
4280 1301 4532 1370 pertulit,
4584 1300 4938 1369 ignominioso
4974 1309 5158 1353 vexata
5203 1299 5340 1353 ludi-

3769 1392 3886 1445 brio
3915 1391 4073 1444 etiam
4124 1392 4370 1458 spiritum
4402 1390 4672 1445 exhalavit
4696 1389 4893 1458 (Judic.
4926 1383 5055 1458 itx).
5106 1388 5339 1442 Thamar

3769 1496 3923 1533 soror
3949 1480 4207 1543 Absalon,
4241 1481 4366 1533 dum
4423 1482 4474 1532 in
4503 1481 4757 1533 fraternis
4795 1479 4995 1532 laribus
5022 1479 5339 1548 simpliciter

3772 1570 4019 1634 habitat,
4084 1570 4417 1622 intemeratas
4464 1569 4788 1639 virginitatis
4841 1569 5053 1638 genium
5119 1579 5333 1635 servat;

3769 1674 3889 1713 cum
3917 1675 4044 1712 vero
4074 1660 4281 1712 Amnon
4315 1660 4421 1713 filio
4455 1658 4620 1712 David
4650 1657 4901 1711 fraterna:
4934 1658 5184 1725 dependit
5213 1659 5337 1713 visi-

3770 1751 3987 1803 tatiouis
4014 1749 4264 1812 ofﬁcium,
4295 1759 4568 1818 prxrepla:
4600 1747 4921 1817 virginitatis
4952 1749 5124 1816 plorat
5155 1751 5335 1802 incar-

3767 1841 3902 1891 risse
3943 1839 4368 1908 dispendiumUl
4402 1838 4528 1907 Reg.
4555 1839 4712 1907 xm);
4762 1847 4817 1890 et
4866 1838 5077 1890 tandem
5113 1849 5334 1906 experta

2091 1950 2328 2003 detester
2385 1945 2513 2000 illud
2565 1943 2718 2012 quasi
2768 1955 3002 2011 pannum
3059 1945 3402 1992 menstruam:
3445 1943 3500 1988 et
3550 1948 3655 1986 non
3691 1938 3731 1995 Β
3762 1930 3900 1996 quod
3928 1931 4092 1983 tutius
4115 1943 4258 1984 esset
4287 1946 4529 1994 manere,
4555 1945 4714 1998 quant
4743 1929 5012 1998 progredi,
5033 1929 5159 1984 licet
5188 1945 5330 1996 sero,

2086 2047 2296 2107 partem
2352 2037 2406 2090 in
2458 2035 2644 2090 diebus
2690 2031 2889 2086 silentii
2944 2030 3046 2084 mei
3093 2028 3309 2096 (Esther
3357 2026 3487 2095 xxv).
3525 2043 3542 2075 t
3594 2023 3658 2076 lli

2091 2129 2309 2196 quidem
2338 2124 2516 2179 sancti
2546 2108 2796 2177 desiderii
2833 2121 3027 2175 ardore
3077 2120 3424 2181 fervescunt,
3484 2115 3660 2169 adhuc

2091 2227 2267 2270 tamen
2327 2214 2609 2268 adversum
2667 2211 2982 2280 passionum
3046 2223 3265 2261 suarum
3332 2213 3657 2260 tentamenta

2088 2308 2396 2376 confligunt.
2426 2303 2531 2358 Alii
2562 2311 2741 2356 autem
2770 2302 2836 2356 ad
2890 2311 3050 2354 tanta:
3097 2297 3528 2352 tuortificationis
3551 2295 3654 2347 cel-

2085 2396 2372 2451 situdinem
2402 2399 2776 2464 pervenerunt,
2801 2391 2942 2459 quod
2977 2389 3089 2457 jam
3138 2388 3204 2441 ad
3257 2395 3482 2453 utraque
3514 2384 3656 2436 velut

2087 2485 2421 2542 insensibiles
2448 2483 2595 2545 facti,
2625 2482 2765 2536 sicut
2799 2481 2997 2533 vilibus
3044 2478 3189 2531 indui
3235 2474 3654 2529 consuetudina.

2085 2576 2212 2629 liter
2241 2581 2524 2643 expetunt,
2565 2571 2638 2624 ita
2684 2570 2849 2622 etiam
2895 2567 2986 2621 ubi
3025 2580 3111 2620 res
3157 2565 3361 2633 exigit,
3417 2564 3653 2632 pretiosa

2085 2677 2332 2733 qumque,
2366 2661 2450 2715 vel
2478 2659 2646 2713 nitida
2672 2657 2977 2711 nullatenus
3021 2656 3482 2725 perhorrescunt:
3509 2661 3655 2703 utra-

2082 2769 2189 2823 que
2226 2750 2430 2805 scilicet
2465 2764 2572 2802 uno
2601 2744 3025 2814 contemplantes
3052 2751 3287 2812 aspectu,
3316 2755 3452 2810 quos
3496 2739 3654 2792 nimi-

2084 2858 2200 2896 rum
2228 2839 2386 2912 263
2425 2836 2607 2892 mollia
2635 2851 2742 2892 non
2776 2834 3067 2899 resolvunt,
3095 2841 3150 2888 et
3177 2846 3369 2901 aspera
3411 2845 3519 2884 non
3574 2828 3652 2882 af-

2082 2932 2292 3002 ﬂigunt.

2151 3024 2377 3077 Istorum
2405 3035 2619 3091 quoque
2641 3017 2812 3073 forma
2835 3015 3017 3071 Judith
3043 3015 3236 3080 fuerat,
3261 3030 3378 3084 qua:
3401 3014 3652 3069 videlicet

2081 3113 2270 3167 ciliciis
2299 3122 2523 3166 eatenus
2549 3124 2667 3173 usa,
2699 3125 2821 3163 cum
2853 3109 3150 3162 necessitas
3198 3107 3352 3176 petiit
3375 3145 3391 3171 ,
3423 3105 3650 3159 diversis

2079 3219 2138 3259 se
2200 3215 2474 3272 corporeae
2530 3199 2823 3254 venustatis
2867 3197 3054 3252 infulis
3104 3197 3434 3262 adornavit,
3494 3211 3648 3250 sacra

3763 2030 4026 2074 secretum
4058 2022 4224 2073 otium
4256 2022 4427 2074 noxim
4479 2021 4712 2088 praetulit
4740 2021 4982 2089 vagitati.

3830 2111 3896 2164 Et
3922 2121 3976 2163 tu
4008 2113 4171 2180 igitur
4199 2113 4241 2166 si
4277 2114 4359 2165 vis
4387 2113 4624 2164 animam
4652 2121 4795 2164 luant
4828 2111 4879 2164 in
4909 2126 5018 2164 sua:
5045 2111 5329 2180 virginita-

3762 2210 3830 2262 tis
3883 2210 4192 2277 integritate
4247 2210 4559 2276 persistere,
4609 2207 4652 2260 si
4705 2204 5118 2259 abominandum
5179 2207 5330 2262 ducis

3759 2301 3914 2354 fmdis
3945 2310 4001 2354 et
4029 2302 4277 2354 violentis
4309 2297 4720 2368 corruptoribus
4745 2295 5329 2364 snbjaeere,secretum

3757 2403 3966 2462 appete,
4011 2408 4287 2448 recessum
4341 2392 4739 2461 singularitatis
4788 2397 5035 2465 inquire,
5080 2409 5236 2447 aures
5276 2403 5329 2446 et

3756 2483 3940 2537 oculos
3963 2499 3991 2535 a
4017 2485 4353 2549 negotiorum
4380 2483 4719 2536 swcularium
4746 2487 4978 2538 vanitate
4993 2484 5220 2537 firmiter
5240 2485 5328 2536 ob-

3757 2583 3927 2636 strue,
3947 2574 4240 2626 carnalium
4264 2573 4539 2626 hominum
4563 2574 4826 2643 colloquia
4849 2574 5195 2628 destructioui
5218 2588 5326 2625 ma-

3758 2667 3856 2735 gis,
3876 2680 4035 2733 quam
4053 2664 4390 2718 azdiiieationi
4411 2664 4690 2733 profutura
4709 2672 5013 2719 contemne.
5032 2663 5333 2733 Namjuxta

3757 2755 4131 2808 Salomonem:
4161 2774 4176 2803 ι
4203 2752 4302 2818 Qui
4336 2755 4506 2823 tangit
4531 2755 4728 2822 picem,
4776 2753 5144 2824 inquinabitur
5166 2754 5233 2806 ab
5261 2767 5322 2806 ea

3755 2843 3944 2910 (Secti.
3969 2845 4109 2908 xm).
4127 2861 4142 2892 ι
4167 2842 4310 2895 intra
4331 2844 4674 2896 conscientia:
4689 2857 4816 2914 ergo
4833 2853 4935 2898 tua:
4959 2851 5008 2898 te
5020 2842 5322 2898 cubiculum

3753 2929 3914 3001 265
3956 2930 4161 2998 collige.
4199 2931 4417 2985 Cunctis
4467 2932 4657 2985 domus
4702 2941 4807 2985 tua:
4849 2931 5071 2996 furibus,
5121 2931 5325 2984 cunctis

3755 3020 4006 3072 videlicet
4043 3019 4287 3072 sensibus
4337 3020 4596 3073 censoria:
4627 3019 4920 3088 disciplina:
4949 3018 5220 3088 repagula,
5259 3033 5323 3071 ne

3753 3111 3872 3178 quis
3900 3111 4276 3180 .ingrcdiatnr,
4321 3125 4549 3179 appone.
4591 3110 4734 3164 Fons
4764 3110 4928 3171 enim,
4969 3109 5052 3162 cui
5089 3109 5319 3161 circum-

3753 3217 3963 3272 quaque
3999 3217 4066 3256 ne
4097 3201 4404 3256 effundatur
4433 3200 4940 3265 occluditur,,undis
4968 3201 5032 3252 ad
5077 3199 5179 3252 alta
5199 3214 5322 3267 pro-

2077 3282 2314 3349 testante
2345 3291 2644 3360 Scriptura,
2677 3305 2796 3360 quae
2825 3289 2902 3343 ait
2932 3307 2945 3342 τ
2983 3307 3002 3340 ι
3031 3287 3265 3342 Abstulit
3297 3303 3325 3341 a
3369 3301 3428 3342 se
3464 3287 3646 3341 Julii"!
3676 3292 3719 3352 C
3750 3293 4041 3348 ﬂuentibus
4085 3294 4357 3356 elevatur;
4391 3303 4634 3356 econtra,
4682 3291 4773 3361 qui
4826 3307 4921 3360 per
4959 3291 5139 3359 plures
5180 3294 5322 3350 rivos

2079 3384 2340 3446 cilicium,
2365 3392 2418 3436 et
2445 3381 2593 3435 exuit
2621 3396 2679 3434 se
2709 3379 3045 3433 vestimentis
3071 3377 3350 3432 viduitatis
3394 3392 3506 3432 sua:
3532 3417 3547 3441 ,
3597 3385 3653 3430 et

2077 3473 2205 3528 lavit
2253 3487 2450 3542 corpus
2495 3485 2677 3532 suum,
2717 3478 2772 3524 et
2821 3469 2976 3522 unxit
3017 3483 3076 3523 se
3127 3477 3304 3538 myrto
3343 3468 3567 3537 Optimo,
3597 3474 3654 3520 et

2076 3564 2468 3620 discriminavit
2498 3561 2710 3616 crinem
2747 3560 2941 3628 capitis
2983 3559 3105 3625 sui,
3155 3569 3210 3613 et
3253 3557 3511 3627 imposuit
3559 3556 3654 3610 mi-

2086 3666 2224 3710 tram
2255 3668 2418 3721 super
2439 3659 2604 3720 caput
2637 3665 2814 3713 suum,
2845 3657 2899 3702 et
2927 3647 3098 3701 induit
3125 3662 3182 3701 se
3209 3645 3544 3701 vestimentis
3564 3645 3652 3714 jn-

2075 3745 2362 3800 cunditatis
2395 3757 2521 3806 sum,
2557 3742 2834 3808 i'nduitque
2862 3723 3100 3793 sandalia
3147 3722 3382 3807 pedibus
3415 3736 3526 3790 suis
3552 3775 3566 3799 ,
3598 3742 3653 3789 et

2075 3831 2366 3899 assumpsit
2384 3827 2722 3890 destrariola,
2753 3835 2807 3881 et
2832 3826 2960 3889 lilia,
2983 3835 3038 3878 et
3067 3826 3308 3889 inaures,
3331 3823 3650 3887 etannulos,

2063 3932 2132 3973 et
2161 3919 2410 3974 omnibus
2441 3916 2773 3971 ornamentis
2801 3915 2914 3969 suis
2943 3914 3156 3968 ornavit
3183 3929 3242 3968 se
3284 3913 3490 3980 (Iudith
3516 3916 3589 3984 x).
3625 3933 3644 3964 ι

2075 4011 2210 4062 Cum
2260 4009 2342 4061 his
2382 4007 2542 4076 igitur
2564 4005 2896 4059 ornamentis
2939 4012 3124 4057 sancta
3172 4003 3369 4056 femina
3414 4012 3469 4057 et
3507 4019 3649 4058 vera:

2075 4099 2220 4152 circa
2280 4112 2338 4150 se
2405 4094 2725 4163 humilitatis
2775 4094 3074 4146 custodiam
3129 4093 3343 4155 tenuit,
3393 4103 3447 4146 et
3496 4108 3644 4157 eum,

2063 4205 2179 4258 quo
2223 4187 2542 4256 locupletata
2589 4186 2800 4248 fuerat,
2851 4183 3188 4253 paupertatis
3233 4183 3483 4252 spiritutn
3538 4201 3646 4238 non

2076 4281 2278 4333 amisit.

2667 4365 2888 4421 CAPUT
2925 4365 3042 4420 XX.

2333 4460 2544 4530 Vagatio
2573 4458 2747 4512 multis
2773 4459 2868 4526 fuit
2900 4461 3102 4512 occasio
3132 4460 3400 4525 pereundi.

2141 4554 2247 4608 Sed
2275 4555 2400 4606 dum
2428 4567 2524 4620 ego
2555 4552 2872 4605 monachum
2895 4551 3147 4620 pretiosis
3174 4551 3414 4605 indutum
3441 4567 3638 4605 exuere

3750 3382 3877 3436 hinc
3911 3383 4034 3436 inde
4084 3382 4388 3446 deducitur,
4423 3397 4545 3435 mox
4588 3390 4649 3434 ut
4690 3396 4852 3447 super
4876 3394 4997 3434 eum
5027 3389 5187 3433 aestus
5214 3378 5322 3433 fcr-

3754 3473 3964 3526 ventior
3993 3472 4321 3534 incubuerit,
4354 3473 4681 3525 exsiccatnr.
4724 3471 4964 3539 Denique
4994 3471 5038 3524 si
5066 3471 5323 3524 deambu-

3752 3562 3884 3617 lanti
3913 3562 4080 3616 David
4113 3563 4163 3615 in
4194 3562 4391 3616 salario
4419 3563 4608 3615 domus
4633 3562 4794 3631 regite
4831 3556 5027 3616 clausa:
5058 3560 5198 3615 fores
5226 3562 5321 3614 ob-

3749 3655 4032 3716 sisterent,
4077 3653 4128 3706 in
4172 3652 4403 3706 lavantis
4432 3667 4488 3706 se
4526 3652 4791 3706 Bersabee
4832 3653 5319 3721 concupiscentiam

3749 3742 4056 3797 nullatenus
4085 3743 4378 3797 exarsisset
4420 3742 4501 3811 (Il
4537 3741 4662 3811 Reg.
4695 3743 4866 3812 xvtt);
4911 3745 5001 3797 sed
5037 3743 5161 3811 quia
5187 3758 5318 3798 ocu-

3749 3834 3858 3888 lnm
3885 3835 3986 3890 sub
4009 3835 4253 3888 custodia
4279 3833 4576 3902 disciplina
4600 3850 4705 3888 non
4738 3835 4930 3900 tenuit,
4970 3835 5080 3903 ipse
5107 3849 5319 3903 quoque

3749 3932 3872 3992 post
3900 3939 4023 3977 cum
4056 3923 4108 3976 in
4142 3925 4376 3976 immane
4402 3923 4602 3977 hiantis
4636 3924 4802 3978 ruina:
4830 3924 5141 3978 barathrum
5175 3931 5318 3979 totus

3748 4012 3802 4064 in
3846 4026 4080 4080 przeceps
4129 4013 4255 4064 ruit.
4299 4011 4603 4065 Lubricatis
4639 4013 4783 4065 enim
4819 4011 5120 4081 gressibus,
5154 4013 5317 4068 totius

3748 4101 3826 4154 sui
3860 4111 4116 4168 expertus
4149 4110 4235 4153 est
4268 4101 4493 4168 lapsum,
4523 4099 4648 4153 dum
4675 4100 4840 4155 solius
4863 4099 5068 4155 frenum
5103 4098 5312 4154 relaxa-

3745 4191 3824 4245 vit
3865 4190 4119 4253 obtutus;
4164 4190 4250 4242 eui
4303 4188 4548 4242 videlicet
4577 4188 4708 4241 illud
4757 4186 5000 4244 Jeremia‘.
5037 4189 5315 4256 aptissime

3745 4279 4028 4348 congruit:
4081 4296 4096 4328 ι
4137 4279 4478 4346 Οερτωώιιιιε
4524 4286 4626 4341 est,
4677 4276 4881 4346 inquit,
4928 4274 5112 4330 oculus
5159 4293 5312 4332 meus

3745 4373 3982 4425 animam
4035 4385 4206 4422 meam
4239 4369 4453 4435 (Tltrcn.
4489 4371 4592 4436 tu).
4626 4385 4642 4417 ι
4682 4366 4736 4421 Si
4769 4380 4896 4436 ergo
4924 4378 5030 4420 tam
5064 4367 5309 4421 sublimis

3745 4464 3864 4516 ent-li
3895 4463 4142 4515 columna
4182 4471 4400 4530 propter
4443 4461 4610 4513 solam
4650 4459 4927 4514 oculorum
4972 4462 5309 4528 vagationcm

3741 4553 4057 4622 gravissime
4084 4550 4309 4613 corruit,
4335 4549 4462 4617 quid
4495 4550 4558 4603 de
4597 4549 4749 4602 nobis
4780 4547 5005 4602 infirmis
5035 4555 5089 4601 et
5113 4563 5310 4615 patve-

2072 4645 2242 4716 geslio
2269 4650 2578 4712 vagantem,
2614 4656 2770 4710 quem
2817 4641 3160 4708 .arripueram
3188 4678 3201 4701 ,
3232 4639 3296 4692 de
3336 4656 3492 4693 manu
3520 4656 3639 4708 pro-
3670 4621 3712 4676 ί)
3742 4621 3806 4694 lis
3836 4642 4190 4699 sentiendum,
4226 4639 4315 4706 qui
4367 4655 4462 4708 per
4490 4638 4744 4694 saeculum
4788 4639 5170 4702 discurrentes,
5204 4654 5307 4692 nos

2072 4738 2200 4805 pris:
2221 4732 2600 4802 disputationis
2626 4733 2815 4785 amitto
2839 4748 2852 4784 :
2883 4731 3061 4798 etiam
3085 4730 3268 4798 procul
3297 4731 3633 4799 clongantem

2072 4826 2162 4880 vix
2190 4824 2412 4892 aspicio,
2446 4823 2572 4875 dum
2603 4821 2744 4877 solas
2769 4820 2897 4874 mihi
2929 4821 2980 4873 itt
3023 4820 3270 4872 manibus
3319 4829 3496 4873 vestes
3544 4835 3633 4872 rc-

2071 4918 2332 4969 mausisse
2363 4915 2652 4982 perpendo.
2694 4911 2932 4978 Abjectis
2957 4913 3134 4980 itaque
3168 4910 3425 4976 vestibus,
3459 4913 3631 4979 ipsam

2073 5006 2363 5074 perniciter
2390 5006 2751 5072 insequamur,
2789 5013 2843 5056 ct
2867 5005 3398 5071 comprehendentes,
3443 5005 3487 5056 si
3518 5004 3633 5057 fieri

2073 5095 2264 5163 possit,
2294 5095 2485 5147 sistere
2531 5093 2855 5146 laboremus.
2889 5091 3109 5146 Noverit
3159 5109 3285 5164 ergo
3339 5096 3632 5148 monachus

2074 5185 2205 5237 vitio
2226 5183 2524 5252 vagatiouis
2557 5183 2825 5250 addictus,
2854 5185 2976 5252 quia
3009 5185 3110 5238 nisi
3149 5201 3178 5239 a
3219 5187 3414 5242 saaculo
3443 5189 3630 5256 pedem

2075 5274 2336 5336 retrahat,
2367 5281 2422 5324 et
2446 5272 2512 5324 ad
2533 5272 2873 5326 serviendum
2902 5274 3010 5326 Deo
3058 5273 3110 5326 in
3158 5273 3276 5330 loco
3321 5277 3634 5331 remotiunis

2076 5378 2135 5417 se
2163 5371 2564 5432 perseveranter
2589 5363 2852 5431 accingat,
2903 5379 3000 5418 nec
3045 5365 3390 5433 perfectionis
3423 5368 3634 5422 culmen

2079 5457 2364 5524 attingere,
2390 5469 2489 5510 nec
2510 5454 2710 5508 ordinis
2729 5455 2812 5507 sui
2851 5454 3010 5524 digne
3033 5457 3225 5523 poterit
3245 5458 3423 5511 munia
3452 5468 3635 5516 ρυεῖσ-

2079 5544 2215 5598 tiire.
2247 5543 2374 5594 Dina
2404 5542 2596 5610 quippe
2624 5540 2788 5596 Iacob
2820 5541 2924 5594 ﬁlia
2947 5583 2960 5605 ,
2989 5543 3222 5610 quandiu
3269 5561 3325 5598 se
3362 5547 3517 5604 intra
3563 5554 3615 5598 ta

2076 5630 2363 5685 bernacula
2429 5639 2652 5698 paterna
2718 5631 2979 5695 cohibuit,
3045 5629 3261 5687 illibata:
3319 5634 3643 5704 virginitatis

2074 5722 2195 5788 jura
2236 5721 2465 5774 servavit
2493 5737 2507 5783 ;
2545 5730 2818 5788 pustquam
2847 5737 2974 5777 vero
3012 5723 3078 5776 ad
3105 5725 3362 5779 videndas
3391 5727 3643 5780 mulieres

2081 5812 2476 5881 tegiouis‘illius
2511 5827 2748 5883 egressa,
2774 5815 3042 5883 publicum
3067 5817 3245 5885 petiit,
3275 5817 3482 5872 hostem
3511 5833 3639 5888 pro-

3739 4740 3908 4784 cxtra-
3947 4731 4306 4798 nosmetipsos
4353 4745 4573 4798 prorsus
4637 4729 4950 4794 educimus;
5008 4736 5064 4782 et
5107 4730 5299 4791 visunt,

3737 4834 3897 4890 atque
3928 4824 4188 4887 auditum,
4223 4837 4514 4890 omnesque
4541 4838 4731 4876 sensus
4755 4829 4966 4876 nostros
4989 4823 5303 4876 hauriendis

3738 4916 3918 4968 mundi
3950 4915 4273 4968 vanitatibus
4298 4915 4662 4982 occupamus?

4315 5022 4538 5076 CAPUT
4578 5022 4720 5078 ΧΧῘ.

3742 5117 3892 5185 Quod
3940 5115 4084 5168 Esau
4138 5118 4339 5184 vagatio
4386 5117 4600 5195 dejccit,
4648 5115 4810 5169 Iacob
4854 5117 5104 5170 stabit’t'tas
5153 5120 5304 5171 exul-

4456 5195 4599 5238 tavit.

3810 5276 3940 5338 Qua:
3971 5285 4149 5345 autem
4179 5275 4432 5327 distantia
4480 5275 4550 5328 sit
4597 5275 4738 5329 inter
4763 5275 5070 5338 monachos,
5096 5275 5184 5343 qui
5215 5289 5302 5329 se-

3741 5366 3872 5418 creti
3909 5366 4263 5419 rcmotionem
4305 5363 4532 5432 diligunt
4559 5382 4572 5416 :
4614 5373 4668 5417 et
4696 5379 4788 5418 eos
4820 5364 4909 5433 qui
4939 5377 4997 5417 se
5027 5378 5123 5433 per
5145 5374 5304 5418 cxte-

3742 5457 3886 5508 riora
3925 5454 4257 5519 diffundunt,
4294 5454 4347 5508 in
4375 5453 4584 5510 duobus
4611 5454 4758 5508 Isaac
4788 5453 4910 5507 ﬁliis
4947 5455 5062 5508 luce
5101 5451 5302 5526 clarius

3743 5544 4050 5597 ederentur.
4083 5545 4351 5611 Scriptum
4382 5560 4615 5613 namque
4638 5553 4756 5597 est:
4805 5562 4822 5594 ι
4861 5543 4992 5608 Quia
5016 5543 5186 5596 factus
5215 5555 5302 5598 est

3744 5631 3882 5686 Esau
3916 5634 3998 5687 vir
4026 5649 4223 5703 gnatus
4266 5635 4517 5696 venandi,
4548 5645 4602 5686 et
4641 5635 4800 5686 homo
4827 5631 5053 5700 agricola
5075 5671 5088 5696 ,
5131 5630 5299 5686 .lacob

3745 5735 3918 5779 autem
3943 5727 4164 5795 simplex
4191 5726 4465 5780 habitabat
4492 5727 4542 5779 itt
4569 5727 4923 5780 tabernaculis
4950 5723 5093 5794 (Cm.
5112 5737 5290 5790 nn.»

3747 5814 3849 5867 Sed
3880 5817 3976 5870 istc
4013 5817 4303 5884 prudenter
4332 5815 4549 5884 simplex
4581 5815 4765 5869 fratris
4811 5815 5157 5884 prinzogenda
5179 5852 5195 5879 ,
5245 5823 5298 5865 et
