5514 6658
2753 189 3018 204 ...ᾗ-*ὧ
3077 191 3116 210 '_

2409 215 2428 220 .-
2479 221 2486 228 ,
2573 229 2576 232 ,
2885 209 2972 216 ⁸*-
3049 209 3062 214 ”

493 579 592 636 275
1368 587 1611 647 OPUSC.
1644 592 1754 648 Xll.
1789 627 1859 637 —-
1888 595 1975 651 DE
2004 595 2429 659 CONTEMPTU
2467 603 2761 663 SECULI.
3653 616 3760 670 ΞΝ

491 695 916 755 benedictionem
941 701 1130 770 patris,
1158 714 1446 770 provectus
1473 707 1556 762 sui
1578 719 1767 765 cautus
1787 723 2075 768 exsecutor
2103 718 2151 774 Α
2181 715 2418 772 comedit
2439 728 2494 772 et
2527 719 2680 784 bibit,
2705 730 2760 776 et
2785 721 2938 790 abiit,
2967 724 3366 796 parvipcndens
3393 729 3533 798 quod
3565 731 3767 801 primo-

489 793 725 862 accepit;
755 791 842 847 ille
869 793 1120 849 fatuitate
1147 812 1371 865 gnarus,
1396 801 1519 868 quia
1555 800 1608 856 in
1632 802 1810 872 gladio
1839 805 2064 870 viveret,

487 892 536 938 et
571 881 722 937 fratri
750 899 848 939 suo
874 885 1019 939 velut
1046 886 1269 941 domino
1301 889 1533 945 famulus
1572 893 1873 950 serviturus
1900 906 2064 962 esset,

485 973 703 1028 audivit.
733 975 985 1029 Attamen
1016 976 1119 1031 istc
1147 977 1248 1032 nisi
1278 979 1328 1032 in
1365 982 1727 1038 tabernaculis
1751 988 2063 1053 resedisset,

483 1063 665 1130 procul
707 1064 869 1118 dubio
902 1065 1188 1132 primitiva:
1219 1068 1618 1127 benedictionis
1657 1073 1914 1129 immunis
1951 1078 2066 1130 cxi-

483 1162 676 1219 steret;
712 1153 800 1207 ille
839 1155 941 1208 nisi
973 1171 1240 1227 pervagus
1277 1174 1336 1213 se
1364 1161 1414 1214 in
1452 1163 1727 1217 exteriora
1754 1165 2060 1235 projiceret,
2090 1231 2094 1236 _

482 1244 740 1311 primatus
767 1245 848 1298 sui
880 1245 1163 1315 privilegio
1212 1263 1315 1301 non
1343 1262 1577 1304 careret.
1618 1253 1722 1308 Iste
1750 1254 2064 1310 domestica:

482 1331 669 1399 quietis
699 1331 872 1385 Otium
919 1334 1088 1388 tenuit
1116 1344 1172 1389 et
1220 1337 1402 1391 divina
1457 1337 1719 1408 largiente
1765 1345 1957 1413 gratia,
2008 1346 2062 1400 in

481 1421 646 1474 aliena
669 1421 794 1491 jura
825 1423 1104 1489 subsiluit;
1147 1425 1236 1480 ille
1274 1429 1506 1482 venandi
1540 1430 1727 1486 labore
1757 1431 2059 1502 confectus,

480 1510 677 1577 ethoc,
705 1512 849 1580 quod
878 1513 1116 1582 sibijure
1141 1518 1503 1587 competehat,
1534 1521 1737 1576 amisit.

546 1646 615 1702 Ut
635 1656 818 1702 autem
850 1652 1236 1720 supersedeant
1264 1664 1474 1727 scutum
1498 1659 1869 1716 excusationis
1894 1676 2060 1732 oppo-

474 1751 617 1802 nere,
647 1740 737 1807 qui
764 1741 1018 1795 saeculum
1049 1745 1454 1812 perlustrantes,
1479 1747 1691 1818 jactant
1717 1767 1774 1806 se
1796 1755 2057 1809 obedien-

474 1828 556 1880 tize
593 1828 800 1900 legibus
825 1833 1116 1899 deservire,
1152 1853 1256 1890 non
1304 1840 1584 1908 ignorent,
1629 1843 1755 1912 quia
1813 1853 1866 1899 et
1919 1846 2056 1901 Esau

471 1925 716 1971 venatum
761 1921 1047 1988 prodieus,
1086 1927 1331 1992 paternis
1368 1928 1709 1996 jussionibus
1750 1935 1957 2000 paruit;
2003 1946 2058 1991 et

472 2014 640 2062 tamen
687 2025 790 2064 nec
837 2014 975 2078 patri
1017 2015 1164 2067 eTbos
1193 2017 1410 2083 offerre,
1462 2036 1563 2075 nec
1593 2033 1790 2092 optatae
1834 2027 2054 2082 benedi-

468 2105 517 2148 ct
538 2097 653 2150 onis
717 2101 920 2154 meruit
972 2104 1241 2169 primitias
1284 2107 1550 2165 obtinere.
1603 2112 1860 2183 Quisquis
1907 2119 2050 2171 enim

469 2201 575 2255 rem
624 2205 746 2258 qua:
788 2193 854 2246 ad
897 2195 1084 2249 vitium
1125 2199 1390 2266 pertinet,
1421 2208 1810 2261 consuetudine
1834 2209 2047 2277 ductus,

467 2280 688 2347 prepriae
747 2283 1044 2338 voluntatis
1107 2288 1364 2344 instinctu
1425 2293 1660 2350 libenter
1711 2302 2047 2369 exsequitur,

465 2379 639 2430 peccat
665 2372 832 2426 etiam
864 2376 908 2428 si
935 2376 1126 2432 alienis
1169 2381 1414 2450 imperiis
1461 2389 1804 2456 specietenus
1832 2395 2045 2449 obtem-

463 2471 644 2524 perare
683 2463 949 2520 videatur.
1007 2468 1143 2522 Nam
1193 2487 1316 2527 cum
1349 2477 1593 2532 dicitur:
1657 2500 1675 2535 ι
1708 2484 1844 2548 Qtia
1896 2486 2047 2541 lsaac

461 2549 666 2603 amabat
695 2552 860 2617 Esau,
892 2572 955 2610 eo
991 2559 1133 2627 quod
1171 2562 1237 2616 de
1265 2567 1643 2624 venationibus
1684 2571 1822 2628 illius
1859 2591 2044 2630 vesce-

464 2642 601 2688 retur
628 2637 783 2707 (Gen.
838 2649 1004 2708 xxvii)
1033 2664 1046 2710 ;
1081 2667 1099 2700 ι
1156 2661 1370 2708 constat
1398 2656 1676 2723 nimirum,
1709 2662 1833 2730 quia
1881 2663 2040 2728 Esau,

461 2738 513 2776 ut
541 2731 672 2792 patri
703 2732 774 2784 cii
795 2747 857 2787 os
888 2737 1068 2793 studio
1103 2743 1404 2799 venationis
1432 2750 1766 2815 acquireret,
1789 2768 1894 2808 non
1929 2771 2043 2808 ma-

459 2814 533 2881 gis
562 2830 799 2884 raterme
838 2823 1067 2890 jussioni
1113 2844 1210 2897 per
1239 2833 1599 2891 obedientiam
1634 2842 1834 2909 paruit,
1878 2858 2040 2912 quam

457 2905 647 2961 inolitm
673 2918 1059 2971 consuetudini
1089 2923 1492 2988 quodammodo
1523 2930 1724 2984 tributa
1757 2935 2036 3001 persolvit.

457 2994 548 3058 Qui
577 3015 704 3068 ergo
736 3003 1094 3060 discurrendo
1124 3025 1224 3077 per
1267 3015 1522 3070 saeculum
1564 3022 1798 3087 propria:
1828 3023 2038 3078 libidini

455 3089 726 3155 Sat'sfacit,
763 3103 817 3148 et
858 3103 1033 3151 tamen
1059 3101 1284 3158 obedire
1307 3106 1468 3177 265
1517 3124 1574 3163 se
1611 3110 1877 3178 majorum
1917 3115 2035 3183 jus-

454 3175 683 3234 sionibus
737 3186 974 3251 asserit,
1030 3193 1241 3245 noverit
1290 3175 1460 3249 Deum
1507 3210 1746 3254 nontam
1782 3203 2036 3260 coloratis

453 3268 868 3329 verbositatihus
907 3280 1155 3345 credere,
1185 3298 1348 3350 quam
1379 3286 1444 3341 de
1481 3290 1710 3345 occultis
1750 3293 2027 3350 hominum

449 3355 589 3423 juxta
617 3365 1010 3420 conscientiam
1030 3368 1299 3437 judicare.

513 3490 814 3552 Notandum
846 3510 1023 3556 autem
1053 3506 1196 3573 quod
1245 3509 1486 3565 nonnulli
1536 3515 1774 3582 quandiu
1818 3517 1870 3570 in
1913 3518 2027 3587 ipsa

453 3586 718 3652 vagatione
741 3599 871 3642 sunt
898 3593 1080 3658 positi,
1112 3611 1218 3649 non
1246 3601 1486 3668 graviter
1511 3615 1772 3661 corruunt
1805 3624 1818 3671 ;
1846 3625 2026 3666 rever-

452 3677 612 3728 tentes
659 3685 842 3732 autem
895 3684 1049 3749 quasi
1107 3689 1338 3754 quodam
1408 3695 1746 3763 negotiorum
1803 3703 2028 3756 sarcula-

450 3761 575 3816 rium
603 3776 804 3823 temeto
855 3773 1015 3839 ebrii,
1066 3776 1119 3830 in
1169 3779 1405 3836 immane
1450 3787 1807 3856 praecipitium
1839 3793 2023 3848 devol-

448 3863 647 3911 vuntur.
678 3859 968 3917 Actionum
1018 3869 1212 3938 quippe
1261 3875 1597 3932 smcularium
1654 3879 1803 3936 fumo
1833 3886 2019 3943 suffusi

449 4028 550 4094 (liti,
577 4037 660 4090 ubi
707 4041 900 4108 pedem
947 4047 1127 4113 operis
1159 4028 1362 4117 ponere
1417 4028 1670 4122 debeant,
1705 4077 1810 4115 non
1840 4073 2017 4120 atten-

448 4119 583 4178 dunt.
615 4127 767 4194 Quod
817 4135 1062 4201 profecto
1091 4139 1230 4194 idem
1262 4143 1400 4198 Esau
1453 4158 1702 4216 patenter
1756 4155 2013 4225 insinuat,

447 4213 526 4316 qui
573 4217 696 4276 dum
741 4224 809 4278 de
843 4241 977 4297 agro
1025 4231 1264 4299 rediens,
1311 4213 1508 4306 oppido
1556 4257 1614 4296 se
1667 4213 2015 4316 conqueritur

445 4301 646 4376 lassum,
691 4314 1014 4372 damnosum
1060 4323 1216 4378 valde
1249 4327 1448 4398 pepigit
1485 4346 1606 4386 cum
1655 4301 2014 4397 f't'atrle‘com-

445 4399 725 4468 mercium;
762 4407 998 4476 dumque
1038 4410 1092 4465 in
1142 4427 1199 4466 se
1247 4415 1659 4477 immoderatam
1719 4426 1877 4484 famis
1926 4449 2011 4486 ra-

443 4480 568 4540 biem
588 4493 777 4548 saevire
828 4499 1096 4565 permisit,
1123 4517 1374 4572 magnum
1403 4511 1882 4582 primogenitorum
1911 4522 2006 4578 dc-

443 4586 523 4680 :us
543 4580 627 4633 vili
653 4597 836 4650 parvae
858 4585 1124 4644 lenticulas
1146 4595 1390 4649 coctione
1410 4580 1661 4656 distraxit
1679 4603 1831 4674 (Ceu.
1855 4616 2003 4680 xxv).

444 4659 523 4759 §ic
562 4669 840 4738 nimirum,
875 4676 954 4730 sic
997 4680 1088 4748 qui
1123 4684 1486 4743 exterioribus
1536 4690 1766 4760 deditus,
1809 4659 2006 4753 semei-

443 4748 594 4818 ipsum
643 4755 907 4830 deseruit,
956 4776 1012 4822 et
1065 4784 1160 4824 sua
1216 4778 1560 4842 postmodum
1597 4797 1847 4854 corpore,
1897 4805 2002 4844 non

441 4847 582 4901 corde
607 4851 656 4904 in
692 4854 948 4912 interiora
978 4872 1264 4919 revocatus
1289 4869 1488 4924 amisit.
1521 4872 1796 4947 Contingit
1836 4882 2001 4936 etiam

441 4941 720 5032 vagationis
742 4947 879 5002 vitio
907 4948 1302 5023 laborantibus,
1354 4970 1410 5015 ut
1448 4941 1747 5032 pulveratis
1775 4971 1999 5029 interio-

439 5024 570 5080 ribus
590 5035 779 5101 oculis,
830 5037 970 5094 sicut
998 5057 1102 5098 non
1142 5061 1450 5115 prmeavent
1500 5070 1567 5111 ne
1615 5057 1668 5112 in
1716 5069 1896 5116 reatus
1927 5063 2002 5118 fo-

440 5125 573 5212 veam
604 5136 884 5194 corruant,
939 5130 1017 5186 ita
1048 5135 1211 5190 etiam
1260 5145 1596 5208 postmodum
1648 5165 1754 5219 quo
1782 5154 1991 5209 cecide-

441 5203 528 5257 rint
567 5224 668 5265 non
716 5215 1046 5276 advertant:
1099 5226 1282 5296 itaque
1325 5231 1452 5286 dum
1483 5203 1714 5293 admissa
1767 5257 1992 5314 qumque

437 5301 759 5403 considerare
787 5311 1067 5369 subtiliter
1097 5319 1398 5392 negligunt,
1423 5329 1682 5398 quidquid
1715 5301 1842 5389 illud
1884 5301 1988 5403 est,

437 5389 558 5450 (ξιιοά
585 5393 942 5469 deliquerant,
990 5407 1215 5464 confuso
1259 5417 1456 5471 mentis
1505 5425 1756 5479 examine
1805 5431 1986 5497 parvi-

437 5481 672 5580 pendunt,
710 5490 942 5546 culicem
967 5495 1231 5566 siquidem
1280 5520 1386 5559 non
1436 5508 1727 5580 liquyites,
1762 5481 1861 5572 etsi
1892 5537 1985 5574 ca-

2172 803 2347 871 genita
2374 807 2722 863 vendidisset.
2750 828 2767 862 ι

2749 921 2978 979 CAPUT
3017 925 3184 983 XXII.

2170 1003 2236 1056 In
2265 1006 2470 1062 duobus
2491 1009 2572 1065 Itis
2604 1010 2856 1092 fratribus
2902 1025 3065 1092 pater,
3114 1018 3240 1092 quid
3285 1020 3423 1073 inter
3470 1038 3624 1092 rogos
3654 1040 3765 1080 mo-

2599 1083 2795 1137 nar/tos
2823 1095 2870 1138 ct
2905 1083 3135 1141 islabiles'
3157 1090 3334 1142 distet.

2200 1182 2203 1185 '
2238 1166 2293 1222 In
2328 1169 2413 1224 his
2445 1171 2608 1241 igitur
2636 1173 2848 1231 duobus
2897 1176 3162 1234 fratribus
3211 1179 3364 1252 (Gen.
3391 1191 3563 1252 xxv")
3593 1187 3765 1240 mani-
3793 1229 3800 1234 .

2165 1259 2302 1315 [este
2354 1263 2786 1332 deprehenditur
2829 1279 3031 1339 quanta
3086 1272 3231 1328 inter
3267 1274 3570 1331 residentes
3600 1289 3766 1355 atque

2165 1354 2512 1423 vagahundus
2537 1360 2833 1414 monachos
2875 1376 2997 1416 esse
3023 1363 3281 1419 distantia
3329 1367 3618 1422 sentiatur.
3673 1369 3765 1424 lllc

2163 1443 2308 1497 enim
2349 1446 2452 1500 nisi
2501 1461 2560 1501 se
2595 1446 2926 1517 instabilem,
2964 1460 3020 1506 et
3067 1453 3148 1508 sui
3200 1455 3484 1525 prodigum
3534 1473 3631 1525 per
3666 1475 3766 1512 ex-

2165 1533 2367 1589 teriora
2416 1535 2764 1604 diffunderet,
2819 1555 3163 1612 nequaquam
3218 1545 3619 1601 benedictionis
3668 1564 3766 1617 pa-

2167 1633 2336 1679 ternze
2359 1628 2682 1697 mysterium
2715 1645 2817 1684 una
2862 1647 2983 1686 cum
3036 1635 3412 1704 primogenitis
3443 1640 3715 1695 amisisset
3745 1657 3759 1704 ;

2161 1714 2265 1769 iste
2289 1716 2389 1771 nisi
2416 1720 2558 1772 intra
2591 1719 2876 1776 domestici
2919 1739 2977 1777 se
3013 1724 3142 1778 laris
3172 1736 3321 1796 septa
3347 1731 3757 1799 comprimeret,

2162 1805 2305 1862 infra
2356 1813 2739 1883 praescriptum
2794 1818 3195 1875 subsecutionis
3242 1838 3354 1877 sum
3402 1823 3628 1878 limitem
3673 1824 3760 1893 ju—

2159 1899 2281 1952 nior
2302 1901 2578 1957 humiliter
2600 1905 2914 1960 desedisset.
2942 1906 3032 1962 Ille
3061 1925 3262 1980 gnarus
3288 1921 3344 1968 et
3371 1913 3543 1969 solers
3573 1931 3600 1967 a
3637 1931 3752 1969 sua:

2157 1993 2532 2062 praerogativae
2565 1995 2688 2064 jure
2713 1998 2999 2064 dilabitur;
3035 2001 3136 2056 iste
3177 2005 3395 2072 quietus
3423 2016 3471 2059 et
3503 2007 3753 2076 simplex,

2083 2059 2130 2116 Β
2159 2059 2402 2136 subactis
2444 2059 2723 2151 fratribus,
2773 2089 3035 2159 singulari
3081 2059 3363 2164 privilegio
3391 2096 3754 2166 principatur.

2153 2170 2308 2223 Alter
2353 2172 2526 2229 saltus
2576 2185 2631 2230 et
2681 2176 2848 2233 lustra
2903 2184 3240 2251 peragrando
3268 2184 3533 2253 defessus,
3572 2203 3603 2242 a
3643 2189 3755 2257 pri-

2154 2274 2331 2317 matus
2383 2268 2467 2320 sui
2529 2268 2792 2339 dignitate
2842 2272 3097 2343 dejicitur
3149 2292 3163 2339 ;
3213 2276 3351 2331 alter
3406 2279 3456 2331 in
3503 2279 3750 2334 conclavi

2155 2367 2373 2409 ιλιι-ταξιιο
2429 2353 2616 2413 fruens
2669 2360 2822 2422 otio,
2872 2362 2938 2415 ad
2995 2365 3387 2434 capessendam
3445 2382 3611 2437 super
3657 2383 3754 2438 po-

2150 2445 2348 2512 pulos,
2411 2446 2692 2518 tribusque
2746 2453 3118 2509 monarchiam
3173 2456 3432 2513 divinitus
3488 2459 3750 2514 sublima-

2151 2545 2202 2589 ιιι
2213 2553 2254 2589 r.

2221 2625 2440 2681 Desinat
2466 2643 2596 2700 ergo
2642 2634 2962 2701 monachus,
3011 2637 3261 2709 quisquis
3303 2648 3409 2705 est,
3438 2657 3561 2697 cum
3596 2644 3740 2700 Esau

2147 2731 2212 2770 ex
2244 2720 2563 2776 remotionis
2607 2738 2718 2776 suae
2763 2722 3018 2780 claustris
3065 2727 3378 2797 frequenter
3411 2748 3741 2803 erumpere;

2145 2806 2358 2860 desinat
2404 2824 2526 2863 cum
2578 2826 2642 2866 eo
2690 2811 2790 2868 sub
2841 2814 3168 2871 obedientize
3220 2820 3402 2887 specie
3453 2824 3632 2879 causis
3685 2838 3744 2879 se

2145 2899 2499 2956 stecnlarihus
2551 2901 2867 2970 implicare;
2918 2921 2989 2960 ne
3017 2909 3345 2979 quandoque
3375 2927 3433 2966 se
3474 2929 3597 2968 cum
3625 2916 3744 2985 ipso

2145 2987 2324 3057 lugeat
2350 2990 2546 3046 divinae
2586 2992 2982 3051 benedictionis
3020 3007 3316 3067 extorrem,
3369 3018 3528 3073 quem
3565 3007 3741 3062 noxiae

2142 3078 2449 3147 vagationis
2500 3081 2730 3135 sortitur
2756 3092 3057 3140 auctorem.
3108 3087 3242 3143 Cum
3273 3089 3442 3145 Jacob
3471 3093 3634 3161 igitur
3679 3111 3740 3150 se

2141 3162 2500 3217 domesticum
2550 3166 2825 3234 praebeat,
2880 3185 3003 3224 cum
3048 3169 3214 3229 Jacob
3264 3175 3318 3230 in
3373 3177 3738 3234 tabernaculis

2140 3256 2461 3327 simpliciter
2507 3259 2672 3322 vivat,
2715 3271 2987 3328 quatenus
3033 3265 3225 3332 Deum,
3276 3270 3368 3339 qui
3405 3286 3529 3326 vere
3580 3281 3737 3352 pater

2138 3357 2219 3402 cst
2248 3335 2566 3416 electorum,
2602 3353 2768 3424 266
2793 3353 2918 3408 boni
2968 3359 3148 3426 Operis
3192 3363 3338 3414 vesci
3380 3347 3613 3432 dapibus
3640 3381 3735 3420 cu—

2134 3439 2399 3507 pientem,
2451 3457 2556 3495 non
2601 3442 2934 3498 silvestrium
2989 3447 3252 3514 ferarum,
3303 3449 3396 3504 sed
3448 3453 3732 3508 domestici

2133 3528 2311 3598 gregis
2339 3533 2690 3600 apparatione
2735 3534 2964 3601 reficiat,
2998 3543 3215 3606 quando
3247 3557 3350 3595 non
3389 3542 3455 3596 de
3486 3553 3730 3599 externa:

2130 3620 2436 3675 sanctitatis
2475 3623 2789 3691 superficie,
2828 3625 2922 3680 sed
2981 3644 3148 3684 suave
3187 3632 3291 3686 sibi
3334 3633 3400 3687 de
3443 3637 3736 3691 conscien-

2130 3708 2218 3763 tiae
2241 3725 2352 3764 suae
2380 3712 2671 3768 virtutibus
2707 3715 2944 3770 edulium
2991 3731 3166 3788 parat.
3197 3711 3386 3792 Neque
3409 3727 3552 3780 enim
3582 3728 3725 3784 Deus

2127 3800 2432 3856 hostiarum
2488 3804 2655 3874 pelles
2697 3806 2752 3860 in
2793 3809 3065 3864 sacrificio
3110 3813 3330 3870 sibimet
3375 3811 3597 3874 mandat
3639 3821 3726 3876 of-

2125 3890 2278 3958 ferri,
2308 3894 2402 3948 sed
2436 3894 2696 3950 interiora
2727 3899 2909 3966 potius
2949 3900 3220 3957 viscerum
3248 3919 3370 3960 cum
3412 3908 3544 3977 ipsis
3583 3926 3719 3980 quo-

2123 3999 2228 4053 que
2268 3986 2520 4042 medullis
2564 3989 2809 4060 praecipit
2850 3994 3115 4048 exhiberi.
3153 3995 3309 4070 Unde
3349 4009 3404 4055 et
3446 4002 3497 4055 in
3539 4014 3719 4059 osten-

2122 4077 2298 4132 dendo
2339 4078 2454 4148 ipso
2502 4081 2897 4138 sacrificiorum
2938 4085 3044 4139 ritu
3093 4073 3304 4158 Moyses
3334 4093 3596 4162 prtecipit,
3629 4096 3716 4150 di-

2121 4187 2248 4227 cens
2303 4191 2314 4226 :
2372 4191 2391 4225 ‹
2441 4174 2731 4231 Subtracta
2784 4179 2944 4248 pelle,
2994 4182 3184 4238 hostia:
3231 4196 3382 4240 artus
3440 4188 3491 4243 in
3543 4188 3712 4246 frusta

2118 4263 2412 4319 concidant
2445 4265 2631 4336 (Leuit.
2664 4267 2704 4338 ι)
2731 4286 2746 4334 ;
2780 4289 2798 4322 ι
2856 4272 2940 4326 cui
2971 4274 3226 4331 mandato
3255 4279 3419 4333 etiam
3451 4283 3716 4353 mysticus

2120 4351 2430 4409 intellectus
2480 4349 2659 4413 inesse
2712 4359 3156 4431 deprehenditur,
3189 4368 3233 4423 si
3271 4349 3525 4428 subtilius
3558 4375 3711 4430 inda-

2115 4449 2294 4511 gelur.
2327 4443 2529 4500 Pellem
2578 4463 2815 4520 namque
2865 4451 3054 4508 hostia:
3091 4458 3485 4528 subtrahimus,
3531 4479 3652 4519 eum
3681 4483 3714 4520 ει

2115 4535 2317 4587 mentis
2347 4544 2549 4591 nostra:
2573 4539 2745 4594 oculis
2766 4542 3109 4611 superficiem
3133 4549 3352 4605 virtutis
3373 4568 3708 4612 amovenms.

2114 4623 2279 4690 Cujus
2320 4637 2473 4682 artus
2529 4629 2583 4682 in
2653 4629 2822 4685 frusta
2885 4638 3256 4703 concidimus,
3324 4659 3449 4697 etnn
3515 4645 3708 4701 distin-

2041 4737 2087 4795 ι)
2114 4726 2342 4785 gnentes
2372 4719 2646 4777 subtiliter
2677 4723 2793 4791 ejus
2821 4725 3036 4788 intima.
3060 4734 3518 4806 membratimque
3560 4741 3708 4809 cogi-

2112 4819 2330 4890 tamus,
2387 4819 2445 4865 ut
2497 4829 2618 4882 qua:
2667 4814 2799 4870 foris
2853 4821 3065 4874 sincera
3119 4824 3369 4880 videntur
3414 4839 3467 4882 et
3512 4831 3703 4897 solida,

2110 4899 2255 4954 intus
2304 4916 2411 4955 non
2457 4903 2763 4960 habeantur
2815 4909 3102 4967 latebrosa:
3149 4916 3410 4971 vanitatis
3448 4920 3579 4974 vitio
3611 4938 3702 4976 ea-

2107 5005 2360 5045 vernosa.
2423 4991 2595 5049 David
2650 5005 2828 5052 autem
2893 5016 2993 5071 pro
3055 5019 3254 5075 magno
3309 5023 3536 5064 munere
3588 5028 3704 5068 mc-

2104 5079 2309 5135 dullata
2357 5097 2416 5138 se
2471 5083 2584 5140 Deo
2638 5089 2905 5144 sacrificia
2955 5092 3266 5149 oblaturum
3317 5112 3437 5153 esse
3483 5101 3702 5169 pollice-

2105 5177 2236 5236 tur,
2289 5172 2477 5228 dicens
2523 5193 2534 5227 :
2591 5194 2609 5226 ι
2663 5177 2990 5235 Holocausta
3022 5223 3035 5248 ,
3106 5185 3328 5254 inquit,
3391 5190 3686 5245 medullata

2101 5259 2326 5317 offeram
2395 5264 2537 5330 tibi,
2592 5282 2716 5322 cum
2779 5269 3000 5326 incenso
3073 5283 3129 5327 et
3181 5277 3440 5332 arietibus
3501 5278 3697 5352 (Psal.

2099 5355 2311 5423 uvm).
2336 5374 2354 5406 ι

2170 5443 2426 5516 Quisquis
2466 5459 2645 5505 autem
2691 5468 2750 5506 se
2810 5469 2906 5522 per
2954 5459 3294 5528 negotiorum
3345 5463 3689 5520 saecularium

2099 5536 2358 5590 exercitia
2409 5538 2802 5597 delectabiliter
2851 5544 3047 5613 ftitttlit,
3102 5549 3402 5605 holocausti
3446 5554 3529 5608 sui
3577 5571 3692 5609 nte—-

1493 5567 1510 5578 .
1553 5567 1589 5580 ν
1662 5567 1670 5568 κ
1694 5567 1727 5579 τι
1770 5567 1861 5572 ----
1897 5567 1955 5574 ο-
2099 5567 2358 5590 υλτιιιιιιι
2409 5567 2614 5594 υυιευιυ

437 5567 607 5664 {Delum
634 5575 938 5644 glutientes.
967 5582 1130 5656 Cujus
1161 5603 1375 5660 quoque
1406 5599 1662 5655 caecitatis
1691 5604 1830 5660 Esau
1881 5626 1985 5663 non
2095 5624 2271 5684 dullas
2301 5643 2424 5681 cum
2475 5632 2615 5685 pisce

438 5665 659 5700 Ifllmnnia
689 5673 964 5700 ονοιῖοτηηιι
1013 5691 1174 5700 Δρ---
1194 5699 1201 5700 ,
1227 5685 1281 5700 κε.
1435 5688 1446 5700 ο
1763 5698 1772 5700 4
1805 5699 1811 5700 ,

1509 5574 1510 5577 η
1553 5567 1589 5580 ν
1770 5567 1861 5572 ----
1897 5567 1955 5574 --ι
2099 5567 2358 5590 υιὶτιιιιιιι
2409 5567 2801 5597 uctcctumtlter
2851 5567 3047 5613 ttltttltl,
3102 5567 3402 5605 ltOlocallSll
3446 5569 3529 5608 Slll
3577 5571 3687 5609 me~

1509 5599 1662 5655 είωιίδ
1691 5604 1830 5660 E53“
1881 5626 1985 5663 ιιοη
2095 5624 2271 5684 dullas
2301 5643 2424 5681 cum
2475 5632 2776 5688 visceribus
2814 5635 3103 5700 subtrahit,
3139 5648 3194 5694 et
3235 5642 3406 5696 solam
3455 5645 3687 5700 victimae

619 5667 630 5676 _
2096 5667 2271 5684 ..μυμυ
2302 5667 2424 5681 ω...-
2485 5667 2776 5688 "acu-uua
2814 5667 3103 5700 aur-uultu,
3139 5667 3194 5694 ct.
3235 5667 3406 5696 δυιὶιιυ
3457 5667 3686 5700 νιυυηιξιξ

437 5667 660 5794 ignauia
689 5673 966 5794 exs'ti'tisse
1009 5685 1372 5752 οοεζηοεείιυνν
1405 5688 1546 5745 δῖειιι
1571 5708 1722 5748 δαοτῖι
1762 5698 1985 5756 historia
2093 5715 2284 5782 pellem
2337 5717 2469 5783 Deo,
2516 5721 2647 5788 'quae
2694 5721 2876 5777 offerri
2915 5726 3254 5794 prohibetur,
3287 5732 3506 5788 adolere
3551 5750 3686 5789 cou-

525 5764 639 5794 anfn
681 5775 775 5794 nnn-
799 5763 831 5794 ιζ
858 5775 996 5794 ma..-
1062 5772 1149 5794 ..ιε
1183 5791 1207 5794 _
1228 5791 1241 5794 -
1262 5793 1267 5794 ,
1288 5787 1298 5794 .
1526 5785 1558 5794 ..
1602 5786 1612 5794 .
1868 5793 1871 5794 ,

1857 5752 1985 5756 ,-._--
2114 5752 2284 5769 ,υιιιιιι
2338 5752 2448 5772 ιιιυ
2568 5752 2617 5775 llr

439 5752 639 5848 testante
679 5761 1014 5831 perhibetur,
1062 5772 1149 5826 ubi
1183 5787 1469 5848 postquam
1508 5785 1742 5842 dicitur:
1800 5811 1818 5842 (
1849 5793 1982 5859 Quia
2093 5752 2301 5870 ltendit;
2336 5808 2424 5876 qni
2455 5752 2591 5862 veto

439 5849 603 5879 itu-ouis
645 5852 784 5879 ι’----
865 5869 911 5879 -ι
963 5875 1016 5879 -λ-
1083 5865 1190 5879 ’⁵⁸η
1321 5873 1330 5879 ·

2093 5752 2284 5782 ,νυ-ιω..
2338 5752 2469 5783 ιιινυ,
2527 5752 2647 5788 qua;
2694 5752 2876 5777 um:th
2915 5752 3254 5794 pt‘uuluuur,
3287 5752 3506 5788 auorere
3551 5752 3680 5789 0011-

1508 5785 1742 5842 dicm”:
1800 5811 1818 5842 (
1849 5793 1982 5859 Quia
2094 5805 2301 5870 tendit;
2336 5808 2424 5876 qui
2461 5823 2591 5862 vero
2620 5826 2784 5866 suave
2817 5813 2926 5870 Deo
2975 5817 3304 5874 sacrificium
3348 5821 3546 5878 oﬂ‘erre
3585 5826 3680 5879 de-

572 5849 583 5860 ο
1860 5849 1892 5859 η,
2094 5849 2263 5857 --.μη-
2289 5849 2301 5870 ,
2337 5849 2424 5876 ιι..-
2471 5849 2590 5862 -υσν
2620 5849 2784 5866 υυιυυ
2818 5849 2926 5870 υυυ
2975 5849 3304 5874 δαιιιιιωυιη
3348 5849 3546 5878 UllCt‘l‘t:
3585 5849 3677 5879 UU'

433 5853 608 5960 “tam
645 5852 807 5920 Εδίων
860 5869 916 5912 εί
963 5865 1198 5922 "maid"
1251 5873 1606 5944 Prim0303’i'3
1646 5897 1658 5944 ;
1711 5903 1728 5935 ο
1792 5885 1985 5943 deinde
2092 5894 2316 5960 siderat,
2355 5913 2604 5954 recessus
2647 5912 2816 5972 petat,
2847 5903 3105 5962 interiora
3133 5921 3395 5977 sectetur,
3441 5917 3677 5970 animam

438 5946 667 5977 “him-mlh
699 5965 710 5976 .
743 5968 758 5977 .
793 5950 856 5977 ι’.
892 5952 968 5977 ..2-
1024 5971 1140 5977 -___
1188 5969 1198 5977 .
1574 5972 1586 5977 _
1691 5974 1698 5977 .

1253 5939 1261 5940 ί
1430 5939 1452 5944 _
1647 5939 1655 5944 ,
1904 5939 1909 5940 ,
1943 5939 1974 5943 .,
2092 5939 2316 5960 ...υμυη
2358 5939 2603 5954 “Humum,
2648 5939 2816 5972 γυ-«ιι,
2847 5939 3105 5962 num-una
3133 5939 3395 5977 auctctur,
3441 5939 3677 5970 :tllltllalil

438 5939 758 6003 Inbncctitu
790 5950 862 6006 Et
891 5952 970 6008 sic
1021 5969 1238 6031 accepto
1283 5980 1421 6035 pauc
1469 5978 1521 6025 et
1574 5972 1734 6030 lentis
1783 5979 1980 6048 edulio,
2091 6001 2241 6042 suam
2276 5988 2566 6062 integram,
2612 5993 2982 6070 illibatamque
3034 6001 3088 6058 in
3117 6005 3335 6074 propria
3367 6007 3679 6080 virginitate

4761 6408 5222 6658 ἑ
