5514 6660
2030 533 2135 592 275

276 46 1579 274 ‘-

2496 540 2550 594 S.
2580 540 2778 594 PETRI
2814 540 3091 596 DAMIANI
3129 539 3278 597 OPP.
3307 543 3540 598 'I'OMUS
3582 543 3715 600 ΒΖΗ
3756 544 3933 600 PARS
3973 546 4057 600 IlI.
4087 576 4148 586 —
4175 545 4538 603 OPUSCULA
4585 546 4810 602 VABIA.
5161 549 5222 602 ΞΤ

2033 646 2341 710 custodiat;
2391 661 2489 700 nec
2533 648 2887 702 discurrendo
2937 664 3035 716 per
3084 650 3357 719 lupanaria
3415 652 3592 705 saeculi
3625 660 3672 718 Α
3701 658 3806 710 lum
3840 658 4134 726 appellatur
4176 659 4317 727 quod
4348 658 4466 712 fuit.
4511 660 4608 713 Cui
4645 671 4766 729 apte
4804 675 4899 728 per
4946 661 5260 730 increpatio-

2038 737 2326 790 immundis
2375 738 2801 805 corruptoribus,
2834 741 3109 808 prostibuli
3157 756 3323 804 more,
3354 744 3600 796 subster-

2035 835 2147 877 nat.
2201 823 2269 878 Ut
2316 839 2443 894 ergo
2499 825 2695 878 interni
2747 829 2927 894 sponsi
2985 829 3291 895 conspectui
3345 829 3595 895 placeat,

2035 931 2144 971 non
2176 916 2360 977 oculos
2407 931 2534 970 suos
2583 917 2746 971 stibio
2786 933 2907 972 cum
2939 917 3183 972 Jezabele
3215 919 3464 987 depingat
3495 920 3599 989 (IV

2026 1005 2155 1074 Reg.
2184 1006 2286 1075 Ix),
2316 1006 2367 1060 id
2398 1015 2498 1070 est,
2529 1023 2637 1060 non
2679 1023 2738 1062 se
2783 1009 2919 1062 fucis
2969 1023 3172 1077 pompae
3209 1009 3478 1062 saecularis
3509 1011 3602 1064 ob-

2032 1102 2214 1162 ducat,
2269 1097 2359 1152 sed
2392 1114 2513 1152 cum
2549 1098 2729 1153 Iudith
2775 1109 2953 1170 myrto
2996 1100 3194 1167 optimo
3233 1114 3326 1153 sua
3358 1103 3600 1154 membra

2031 1197 2294 1260 perungat
2325 1187 2532 1257 (Iudith
2563 1190 2615 1258 χ)
2654 1207 2666 1243 :
2716 1205 2899 1243 omnes
2949 1189 3200 1243 videlicet
3252 1191 3445 1244 mentis
3489 1205 3600 1243 suae

2033 1294 2223 1332 sensus
2251 1279 2570 1332 immortalis
2595 1279 2827 1348 unguine
2876 1278 3144 1332 castitatis
3183 1279 3424 1342 oblimat,
3456 1293 3521 1331 ne
3545 1280 3598 1331 in

2033 1379 2261 1423 mortem
2303 1384 2400 1438 per
2429 1367 2867 1423 incontinentiam
2909 1382 3188 1434 corruens,
3224 1370 3274 1423 in
3325 1369 3491 1423 fetore
3520 1369 3599 1422 lu-

2032 1460 2198 1513 xuria:
2227 1468 2636 1528 computrescat.

2102 1549 2159 1604 In
2197 1551 2435 1606 conclavi
2491 1553 2650 1621 igitur
2701 1562 2897 1607 sanctze
2926 1552 3176 1608 Ecclesiae
3215 1553 3391 1606 anima
3421 1567 3476 1606 se
3502 1567 3596 1621 pu-

2030 1639 2146 1694 dica
2168 1641 2468 1703 concludat,
2505 1642 2689 1710 sicque
2723 1643 2775 1696 in
2817 1644 3002 1697 azterni
3052 1642 3211 1711 Regis
3257 1643 3486 1696 thalamo
3510 1643 3597 1711 ju-

2028 1728 2167 1798 giter
2195 1730 2512 1798 requiescat.
2551 1729 2664 1783 Non
2695 1731 2986 1784 carnalium
3015 1731 3451 1799 propinquorum,
3487 1745 3595 1782 non

2029 1817 2368 1886 complicium
2403 1817 2767 1887 quorumlibet
2799 1819 3040 1885 requirat
3083 1817 3322 1879 affectus,
3373 1817 3465 1870 scd
3509 1831 3596 1870 so-

2027 1907 2132 1962 lius
2157 1909 2268 1962 veri
2295 1907 2488 1978 Sponsi
2523 1909 2816 1964 delectetur
2847 1907 3198 1976 amplexibus.
3241 1907 3423 1976 Neque
3450 1908 3591 1962 enim

3704 767 3827 804 nem
3860 751 4058 805 dicitur
4081 751 4260 806 divina
4314 768 4444 807 voce
4476 770 4492 807 :
4523 753 4802 808 Descende.
4835 755 4888 808 ln
4941 755 5048 810 alto
5072 756 5259 825 quippe

3704 842 3968 894 humanus
4014 843 4224 898 animus
4261 851 4386 907 stat,
4418 844 4632 912 quando
4684 844 4929 911 supernis
4957 845 5243 900 retributio-

3703 930 3861 983 nibus
3891 930 4082 983 inhiat.
4116 930 4222 985 Sed
4273 932 4340 985 ab
4386 933 4488 986 hoc
4515 941 4656 985 statu
4685 933 4976 997 descendit,
5002 949 5121 987 cum
5153 943 5236 988 tus

3699 1019 3839 1085 piter
3863 1019 4033 1072 victus
4063 1034 4180 1077 sese
4216 1019 4566 1075 deﬂuentibus
4593 1023 4775 1075 mundi
4816 1023 5094 1078 desideriis
5138 1023 5243 1077 sub

3695 1109 3832 1178 jicit.
3873 1108 3968 1162 Cui
4001 1109 4138 1165 bene
4191 1125 4315 1164 mox
4346 1110 4596 1164 additur:
4649 1111 4783 1166 Sede
4816 1115 4870 1166 in
4896 1113 5117 1182 pulvere.
5160 1113 5258 1166 De-

3699 1198 3960 1252 scendens
4014 1198 4159 1251 enim
4215 1197 4267 1250 in
4321 1197 4541 1268 pulvere
4581 1199 4801 1264 residet,
4847 1202 4970 1270 quia
5021 1201 5257 1256 coelestia

3699 1287 3971 1351 deserens,
4005 1287 4233 1342 terrenis
4261 1287 4676 1358 COgitationibus
4702 1305 4953 1360 aspersus
4975 1292 5029 1346 in
5059 1291 5259 1347 inlimis

3696 1376 3924 1430 vilescit.

3769 1466 3868 1519 L'bi
3919 1467 4093 1522 adhuc
4143 1468 4522 1539 ingeminando
4567 1473 4910 1544 subiungitur
4958 1490 4973 1529 :
5021 1473 5153 1530 Sede
5203 1477 5257 1528 iu

3697 1567 3856 1609 terra.
3905 1556 3982 1610 Ac
4011 1558 4056 1610 si
4095 1568 4282 1627 aperte
4308 1562 4643 1629 exprobrans
4671 1563 4812 1616 dicat
4844 1581 4858 1617 :
4898 1563 5030 1630 Quia
5055 1564 5256 1619 caelesti

3697 1648 4106 1700 conversatione
4130 1649 4344 1703 noluisti
4377 1659 4426 1702 te
4456 1666 4661 1719 regere,
4706 1653 4804 1705 sub
4833 1654 5107 1722 temetipso
5137 1669 5258 1723 pro-

3696 1745 3898 1788 stratus
3935 1736 3986 1788 in
4021 1737 4246 1790 terrenis
4298 1739 4506 1793 actibus
4559 1740 4860 1793 humiliare.
4914 1741 5061 1795 Unde
5091 1750 5142 1793 et
5169 1757 5256 1795 ne-

3695 1826 3936 1878 cessario
3989 1826 4231 1892 protinus
4279 1826 4544 1880 additur:
4600 1827 4723 1881 Non
4778 1839 4855 1881 est
4899 1828 5083 1881 solium
5133 1828 5257 1895 ﬁlia

3696 1909 4084 1963 C/ialda'orum.
4123 1911 4360 1966 Chaldaei
4404 1929 4632 1982 namque
4661 1915 4856 1980 feroces
4909 1917 5258 1983 interpretan-

2027 1997 2145 2054 sine
2184 2013 2344 2053 causa
2399 1999 2656 2068 scriptum
2697 2009 2821 2053 est:
2867 2017 2883 2048 ι
2913 1999 3071 2063 Audi,
3106 1997 3309 2063 ﬁlia,et
3355 1999 3494 2060 vide,
3546 2004 3600 2050 et
3629 1991 3675 2050 Β
3704 2007 3807 2050 tur.
3867 1997 4031 2053 Valde
4088 2009 4267 2053 autem
4322 2000 4532 2056 feroces
4586 2015 4728 2068 sunt,
4786 2005 4908 2072 quia
4964 2006 5258 2060 voluntates

2030 2084 2231 2140 inclina
2261 2101 2445 2140 aurem
2479 2095 2646 2149 tuam,
2694 2094 2748 2139 et
2784 2085 3104 2139 obliviscere
3143 2085 3392 2153 populum
3423 2093 3594 2148 tuum,

2030 2183 2084 2228 ct
2109 2176 2322 2229 domum
2348 2176 2519 2242 patris
2564 2175 2660 2238 tui,
2699 2175 2948 2242 quoniam
2979 2174 3284 2242 concupivit
3314 2173 3424 2226 Rex
3471 2187 3594 2240 spe-

2031 2267 2169 2320 ciem
2219 2274 2361 2318 tuam
2418 2264 2589 2335 (Psal.
2635 2263 2800 2334 xuv).
2829 2284 2848 2316 ι
2900 2265 2957 2318 In
2999 2264 3153 2332 hujus
3207 2264 3368 2331 igitur
3403 2262 3595 2331 Sponsi

2029 2353 2274 2407 cubiculo
2314 2353 2492 2406 anima
2519 2363 2702 2406 sancta
2742 2353 2810 2406 ab
2837 2353 2980 2406 omni
3026 2353 3297 2406 saecularis
3341 2351 3596 2420 strepitus

2030 2445 2244 2498 turbine
2272 2445 2544 2506 dormitat,
2577 2459 2736 2512 super
2759 2445 2861 2498 hoc
2887 2459 2996 2497 suae
3026 2443 3348 2512 virginitatis
3373 2450 3592 2497 auctore

2037 2536 2170 2588 casti
2200 2535 2396 2588 amoris
2424 2534 2629 2588 facibus
2670 2534 2974 2588 inardescat
3003 2549 3016 2596 ;
3062 2541 3287 2586 cantans
3317 2533 3596 2594 nimirum,

2036 2631 2091 2675 et
2119 2621 2304 2676 dicens
2346 2639 2359 2672 :
2414 2640 2432 2670 ‹
2473 2621 2775 2675 Introduxit
2822 2635 2909 2674 me
2954 2619 3068 2673 Rex
3117 2619 3167 2672 in
3217 2619 3433 2672 cellaria
3478 2633 3596 2680 sua,

2031 2711 2438 2773 exsultabimus,
2487 2719 2541 2763 et
2590 2710 2889 2764 laetabimur
2941 2709 2995 2762 in
3048 2718 3100 2762 te
3145 2707 3321 2767 (Cant.
3355 2710 3414 2776 t).
3461 2727 3475 2759 ι
3535 2707 3599 2760 Et

2031 2804 2224 2854 iterum
2261 2817 2274 2852 :
2313 2817 2329 2848 ι
2360 2798 2669 2852 Fasciculus
2711 2799 2944 2868 myrrha:
2994 2798 3219 2851 dilectus
3266 2811 3416 2849 meus
3444 2795 3590 2859 mihi,

2030 2892 2173 2946 later
2218 2890 2380 2945 ubera
2426 2904 2542 2942 mea
2593 2889 3014 2942 commorabitur
3064 2886 3258 2955 (ib.'d.).
3304 2904 3322 2936 ι
3373 2884 3426 2938 Si
3471 2897 3598 2938 vero

2027 2978 2310 3047 cujuslibet
2361 2977 2660 3032 occasionis
2712 2977 2968 3052 articulus
3031 2975 3275 3040 accidat,
3337 2983 3394 3027 ut
3443 2987 3595 3042 egre-

2026 3071 2210 3125 diendi
2270 3071 2564 3124 necessitas
2602 3069 2881 3122 imminere
2927 3067 3191 3130 videatur,
3224 3083 3326 3120 non
3369 3082 3491 3119 mox
3537 3066 3602 3120 ad

2026 3162 2330 3228 vagandum
2363 3175 2419 3214 se
2467 3160 2655 3213 leviter
2691 3166 2938 3228 proruat,
2987 3171 3094 3212 non
3145 3158 3412 3226 colloquio
3464 3173 3598 3210 con-

2029 3250 2407 3320 sanguinitatis
2463 3249 2736 3318 aggliscat,
2789 3263 2891 3301 non
2941 3247 3008 3300 ad
3063 3246 3241 3300 saeculi
3304 3246 3593 3298 vanitatem

3699 2089 3943 2156 proprias
3976 2099 4278 2158 sequentes,
4305 2103 4404 2144 nec
4427 2094 4540 2145 suis
4563 2107 4786 2161 parcere
4809 2095 5042 2148 moribus
5063 2095 5255 2148 sciunt.

3699 2179 3919 2232 Ferocia
3975 2189 4099 2232 sunt
4157 2189 4367 2232 terrena
4428 2181 4714 2247 desideria,
4767 2197 4885 2250 qua:
4935 2198 5037 2236 non
5085 2182 5262 2236 solum

3696 2277 3880 2322 contra
3914 2277 4179 2336 praecepta
4216 2269 4545 2333 Conditoris,
4589 2271 4684 2325 sed
4723 2286 4862 2340 smpe
4885 2271 5044 2325 etiam
5073 2280 5259 2326 contra

3696 2359 4106 2426 percussionum
4163 2359 4387 2412 verbera
4444 2361 4632 2414 duram
4690 2372 4849 2429 atque
4900 2359 5258 2422 insensibilem

3697 2455 3930 2500 mentem
3995 2447 4246 2500 reddunt.
4288 2446 4392 2501 Sed
4444 2447 4549 2501 ﬁlia
4606 2447 4860 2502 ferocium
4911 2447 5100 2501 solium
5154 2461 5258 2499 non

3697 2537 3881 2600 habet,
3913 2537 4036 2605 quia
4067 2552 4238 2601 mens,
4262 2552 4380 2606 quae
4409 2538 4475 2592 ad
4503 2553 4740 2592 amorem
4791 2539 4966 2591 mundi
4990 2552 5056 2591 ex
5083 2537 5259 2605 pravis

3697 2627 3982 2679 desideriis
4014 2626 4279 2688 nascitur,
4323 2635 4484 2693 atque
4511 2626 4714 2679 eisdem
4766 2625 5046 2679 desideriis
5092 2623 5259 2677 obdu-

3698 2724 3868 2777 ratur,
3903 2715 3956 2767 in
3989 2730 4053 2767 co
4090 2715 4229 2782 quod
4285 2730 4342 2768 se
4390 2716 4616 2768 terrenis
4646 2713 5089 2782 concupiscentiis
5135 2712 5260 2765 sub-

3696 2793 3839 2872 jicit,
3873 2807 4052 2859 sedem
4087 2803 4273 2871 judicii
4321 2805 4539 2868 amittit,
4578 2803 4814 2871 nullique
4842 2803 4988 2872 apud
5030 2817 5088 2856 se
5126 2801 5258 2855 solio

3697 2898 3964 2964 praesidet,
4015 2897 4138 2963 quia
4189 2895 4436 2949 examine
4478 2895 4816 2948 discretionis
4869 2903 5055 2948 caret:
5107 2893 5255 2962 quasi

3701 3001 3730 3037 a
3766 2984 3956 3051 judicii
3991 2985 4069 3037 sui
4099 2983 4336 3040 sessione
4361 2983 4656 3051 repellitur,
4687 2983 4812 3052 quia
4843 2998 4938 3051 per
4983 2981 5258 3036 exterioris

3699 3072 3954 3126 desiderii
4009 3071 4499 3139 concupiscentiam
4562 3080 4804 3140 vagatur.
4860 3069 5050 3138 Liquet
5092 3070 5255 3132 enim,

3699 3165 3838 3231 quod
3890 3178 4040 3217 mens
4094 3178 4213 3231 qua:
4259 3163 4400 3216 intus
4453 3161 4664 3214 consilii
4715 3159 4893 3214 sedem
4951 3158 5256 3229 perdiderit,

3701 3251 3848 3306 foras
3888 3267 3945 3306 se
3980 3267 4074 3320 per
4110 3251 4379 3305 desideria
4422 3249 4886 3303 innumerabiliter
4921 3249 5157 3318 spargit;
5204 3255 5258 3300 et

2027 3342 2167 3401 ﬁxus
2229 3343 2424 3395 mundo
2474 3345 2685 3395 animus
2739 3339 3030 3394 incalescat
3058 3379 3074 3402 ,
3132 3340 3225 3393 sed
3277 3352 3487 3392 morose
3531 3352 3594 3390 ac
3623 3319 3664 3377 (ἶ
3697 3343 3820 3413 quia
3853 3357 4010 3412 agere
4046 3342 4312 3396 intellecta
4361 3341 4686 3404 dissimulat,
4734 3349 4967 3395 czecatur
5002 3339 5161 3392 ctiam
5201 3346 5259 3390 ιη

2023 3432 2260 3502 graviter
2311 3431 2451 3486 inter
2495 3445 2552 3484 se
2597 3429 2874 3492 deliberet,
2929 3429 3163 3482 dicens:
3210 3447 3226 3478 ε
3285 3426 3593 3494 Exslioliavi

2026 3537 2114 3577 me
2144 3523 2321 3575 tunica
2346 3537 2486 3585 mea,
2519 3520 2785 3588 quomodo
2819 3518 3015 3572 induar
3054 3516 3242 3571 illam?
3268 3516 3392 3570 Lavi
3433 3516 3594 3587 pedes

2027 3626 2197 3677 meos,
2222 3611 2487 3681 quomodo
2515 3610 2802 3680 inquinabo
2826 3608 2942 3663 illos
2968 3608 3145 3678 (Cant.
3171 3607 3258 3677 v)?
3289 3627 3306 3657 ›

2485 3725 2644 3794 267
2684 3723 2909 3778 CAPUT
2947 3723 3129 3776 XXIII.

2029 3818 2180 3883 Quod
2225 3819 2400 3871 divina
2447 3816 2716 3883 dispositio
2753 3819 2882 3868 sicut
2936 3818 3079 3868 bonis
3129 3815 3396 3884 spirituale
3434 3819 3593 3868 otium

2101 3891 2308 3952 tribuit,
2357 3888 2430 3940 sic
2484 3896 2529 3938 et
2576 3902 2760 3954 prauus
2808 3885 3033 3953 iii/fundi
3073 3887 3124 3938 in
3169 3888 3424 3938 exteriora
3479 3902 3598 3953 ρει·-

2100 3969 2277 4012 mrtttt.

2099 4064 2156 4119 Si
2203 4065 2363 4134 igitur
2405 4065 2689 4136 singularis
2738 4064 2824 4119 ille
2863 4065 3100 4132 Sponsus
3144 4065 3247 4120 hoc
3275 4065 3594 4119 desiderium

2029 4159 2223 4212 animae
2250 4167 2446 4213 sancta:
2469 4160 2642 4212 inesse
2667 4158 3014 4227 perspexerit,
3056 4157 3180 4225 quia
3212 4155 3400 4226 procul
3435 4156 3596 4208 dubio

2027 4248 2279 4316 princeps
2307 4255 2389 4301 est
2435 4247 2603 4318 pacis,
2655 4247 2876 4300 liberam
2910 4247 3008 4299 sibi
3057 4246 3352 4314 spiritualis
3377 4246 3471 4299 Otii
3513 4262 3597 4298 re-

2030 4342 2210 4409 quiem
2271 4342 2492 4404 tribuit,
2551 4350 2605 4394 et
2645 4355 2832 4393 oumes
2881 4339 3266 4406 emergentium
3317 4352 3600 4390 causarum

2035 4432 2227 4484 tluctus
2256 4429 2463 4502 placida
2511 4430 2653 4482 circa
2700 4430 2842 4482 illam
2895 4429 3273 4498 tranquillitate
3310 4429 3596 4497 componit.

2033 4517 2172 4570 llinc
2201 4528 2280 4571 est
2327 4518 2467 4570 enim
2517 4519 2656 4589 quod
2699 4519 2750 4570 in
2794 4516 3027 4570 Canticis
3074 4517 3406 4572 canticorum
3433 4515 3597 4568 dicit:

2044 4629 2061 4659 ‹
2097 4608 2294 4676 Adjuro
2331 4624 2440 4667 vos,
2492 4609 2611 4662 ﬁliae
2639 4609 2953 4671 Jerusalem,
2993 4624 3058 4661 ue
3097 4608 3388 4670 suscitetis,
3428 4621 3599 4674 neque

2037 4699 2289 4768 evigilare
2344 4698 2549 4750 faciatis
2580 4697 2851 4760 dilectam,
2879 4698 3048 4752 donec
3097 4699 3208 4766 ipsa
3237 4697 3365 4750 velit
3417 4694 3593 4764 (Cant.

2041 4789 2120 4857 tt).
2150 4809 2165 4839 ι
2220 4788 2335 4854 Quo
2384 4799 2565 4840 contra
2613 4789 2771 4840 menti
2822 4788 3078 4856 reprobat,
3128 4788 3457 4855 negotiisque
3501 4802 3598 4839 Ste-

2041 4879 2315 4932 cularibus
2363 4877 2606 4940 inhianti,
2661 4878 2757 4930 sub
2799 4878 3081 4946 Babylonis
3123 4877 3300 4945 specie
3347 4891 3443 4943 per
3478 4890 3598 4943 pro-

2047 4968 2259 5033 phetam
2287 4966 2481 5019 dicitur
2507 4983 2518 5018 :
2553 4985 2572 5016 ι
2598 4965 2888 5029 Descende,
2937 4967 3060 5019 sede
3091 4967 3143 5019 in
3189 4966 3427 5033 pulvere,
3451 4966 3597 5031 virgo

1948 5065 1954 5071 '
2041 5058 2150 5108 tilia
2176 5054 2475 5122 Babylonis,
2532 5055 2655 5108 sede
2689 5056 2738 5107 in
2787 5064 2948 5117 terra,
2998 5071 3098 5109 non
3130 5064 3208 5108 est
3256 5054 3446 5107 Selium
3478 5055 3596 5107 ﬁlia:

2045 5142 2412 5195 Chaldaeorum
2438 5141 2569 5210 (Isa.
2605 5144 2834 5208 xcvu).:
2886 5142 2997 5195 Iloc
3025 5144 3164 5196 enim
3207 5143 3324 5197 loco
3367 5144 3600 5195 humana

2048 5247 2222 5293 mens,
2256 5231 2420 5298 virgo,
2453 5247 2556 5284 non
2613 5231 2936 5297 incorrupta,
2979 5242 3033 5283 ut
3075 5233 3326 5294 arbitror,
3386 5232 3598 5292 dicitur,

2048 5325 2140 5374 scil
2209 5321 2510 5375 infecunda.
2568 5321 2632 5373 Et
2693 5322 2813 5389 quia
2869 5323 3097 5391 Babylon
3147 5323 3382 5390 confusio
3441 5323 3603 5374 inter-

2045 5419 2306 5479 pretatur,
2339 5420 2480 5464 recte
2529 5411 2809 5464 infecunda
2857 5427 3003 5464 naeus
3043 5411 3328 5480 Babylonis
3376 5411 3479 5462 tilia
3511 5425 3601 5462 vo-

2047 5510 2220 5562 catur,
2250 5515 2366 5568 qtnn
2399 5501 2450 5554 in
2478 5516 2541 5555 eo
2575 5503 2714 5569 quod
2757 5515 3087 5569 nequaquam
3117 5501 3254 5554 bona
3297 5515 3455 5568 opera
3482 5515 3600 5568 ger-

2048 5590 2237 5651 minat,
2287 5588 2410 5642 dum
2459 5589 2601 5643 nullo
2648 5589 2833 5642 ordine
2884 5600 3041 5642 recta:
3073 5592 3192 5643 vita:
3239 5591 3596 5658 componitur,

2052 5680 2206 5747 quasi
2238 5678 2547 5732 confusione
2580 5689 2749 5733 matre
2788 5687 3092 5748 generatur.
3125 5677 3217 5732 Sin
3253 5692 3426 5734 autem
3453 5682 3600 5746 virgo

2056 5789 2163 5825 non
2209 5771 2488 5827 infecunda
2541 5773 2752 5837 dicitur,
2804 5775 2893 5828 sed
2943 5774 3268 5841 incorrupta,
3319 5783 3601 5842 postquam

2059 5870 2252 5922 statum
2296 5863 2480 5920 salutis
2506 5863 2754 5934 perdidit,
2792 5867 2856 5920 ad
2881 5865 3227 5921 confusionis
3269 5878 3375 5919 suzc
3420 5879 3604 5918 cumu-

3697 3435 3898 3487 nesciat
3929 3434 4055 3501 quid
4098 3442 4220 3502 agat
4247 3451 4258 3485 :
4297 3442 4350 3487 et
4385 3448 4525 3501 stupe
4549 3433 4694 3500 justo
4734 3433 4823 3486 Dei
4849 3430 5051 3499 judicio
5083 3431 5133 3484 in
5163 3445 5258 3483 sua

3693 3526 3969 3578 voluntate
4013 3523 4364 3592 relinquitur,
4403 3533 4457 3578 et
4487 3523 4589 3577 sub
4633 3537 4694 3576 ca
4729 3538 4846 3590 qua:
4876 3522 5032 3575 anxie
5057 3522 5258 3590 appetit

3693 3620 3958 3675 laboriosa
3996 3619 4178 3673 mundi
4206 3619 4505 3672 ministeria
4537 3617 4827 3672 relaxatur.
4863 3616 5010 3675 Unde
5037 3625 5090 3669 et
5131 3625 5254 3682 apte

3695 3711 3802 3767 illic
3830 3711 4108 3764 subditur:
4152 3729 4171 3760 ‹
4218 3708 4355 3774 Quia
4395 3707 4534 3760 ultra
4578 3722 4683 3760 non
4734 3705 5014 3759 vocaberis
5060 3703 5254 3762 mollis.

3695 3810 3747 3853 et
3766 3809 3975 3852 tenera:
4003 3798 4126 3850 tolle
4151 3795 4586 3859 molam,etmole
4607 3794 4832 3846 farinam
4851 3793 5069 3861 (ibid.).r
5098 3791 5260 3862 268

3696 3887 3918 3943 Constat
3943 3888 4219 3950 nimirum,
4259 3886 4402 3953 quod
4446 3894 4643 3938 tenera:
4681 3899 4791 3937 sure
4842 3883 4961 3936 lilia:
5009 3891 5258 3951 parentes

3695 3988 3952 4048 parcunt,
3996 3994 4096 4034 nec
4133 3978 4281 4032 duris
4322 3986 4483 4046 atque
4520 3976 4802 4031 servilibus
4843 3975 4978 4030 hanc
5010 3973 5259 4043 operibus

3696 4070 3950 4138 allliguut.

3767 4160 4122 4227 Omnipotens
4167 4172 4296 4226 ergo
4336 4157 4474 4212 Deus
4519 4154 4669 4224 quasi
4697 4163 4930 4209 teneram
4983 4151 5142 4206 ﬁliam
5170 4168 5260 4206 vo-

3699 4257 3806 4304 cat,
3849 4246 4061 4314 quando
4085 4244 4330 4298 dilectatn
4377 4245 4790 4313 uniuscujusque
4835 4242 5064 4296 animam
5109 4257 5140 4294 a
5178 4241 5259 4294 la-

3702 4337 3933 4390 boriosis
3964 4333 4120 4401 hujus
4157 4335 4338 4388 mundi
4369 4335 4604 4389 servitiis
4641 4342 4876 4397 revocat,
4916 4349 4980 4385 ne
5005 4333 5130 4385 dum
5160 4347 5259 4385 ex-

3702 4426 3990 4478 terioribus
4041 4426 4246 4478 actibus
4291 4424 4550 4488 adicitur,
4601 4425 4668 4477 ab
4713 4423 4936 4476 internis
4984 4420 5261 4474 desideriis

3703 4514 3998 4566 iudurctur.
4057 4511 4159 4565 Sed
4211 4511 4583 4564 Chaldzeorum
4631 4509 4737 4562 ﬁlia
4773 4507 4960 4572 mollis,
4994 4517 5047 4561 et
5075 4515 5259 4560 tenera

3705 4621 3806 4658 non
3841 4611 4081 4663 vocatur,
4111 4603 4234 4670 quia
4267 4617 4416 4656 mens
4462 4601 4642 4670 pravis
4685 4599 4962 4654 desideriis
5003 4597 5175 4651 dedita
5205 4597 5259 4649 in

3701 4710 3785 4756 eo,
3817 4710 3976 4762 quem
4007 4694 4164 4746 anxie
4210 4694 4432 4759 appetit,
4478 4689 4634 4758 hujus
4679 4688 4856 4743 saeculi
4890 4687 5065 4740 labore
5092 4685 5257 4738 relin-

3704 4786 3924 4854 quitur:
3968 4792 4024 4835 ut
4074 4782 4203 4836 foris
4253 4782 4450 4836 nmndo
4484 4781 4626 4834 velut
4666 4778 4857 4832 ancilla
4888 4778 5103 4837 serviat,
5141 4790 5258 4842 quae

3704 4876 3849 4927 intus
3911 4873 4079 4926 Deum
4144 4882 4199 4923 ut
4249 4871 4352 4922 ﬁlia
4413 4883 4746 4937 nequaquam
4797 4875 4957 4917 amat.
5009 4863 5156 4916 Unde
5205 4875 5259 4917 et

3706 4965 3898 5017 ttzolam
3935 4965 4138 5024 tollere,
4170 4977 4231 5013 ac
4280 4960 4505 5013 farinam
4550 4957 4746 5010 molere
4770 4954 5000 5022 jubettu'.
5040 4951 5173 5004 Mola
5205 4952 5259 5005 in

3706 5068 3836 5122 gyro
3871 5053 4100 5114 ducitur,
4126 5059 4179 5102 et
4219 5049 4389 5102 farina
4435 5046 4723 5116 profertur.
4779 5043 5120 5110 Unaquaeque
5155 5054 5256 5092 au-

3707 5154 3809 5194 tem
3848 5142 4026 5194 tnundi
4065 5139 4220 5206 hujus
4249 5139 4388 5191 actio
4436 5135 4572 5189 mola
4623 5143 4722 5196 est,
4772 5146 4889 5200 quae
4915 5132 5035 5183 dum
5065 5127 5258 5182 multas

3704 5248 3862 5285 curas
3905 5232 4163 5299 congerit,
4195 5232 4452 5282 humanas
4497 5233 4706 5278 mentes
4743 5221 4894 5290 quasi
4937 5234 5031 5287 per
5069 5233 5258 5287 gyrum

3704 5325 3862 5374 vertit
3910 5340 3922 5385 ;
3967 5331 4125 5387 atque
4186 5335 4249 5371 ex
4303 5334 4359 5371 se
4396 5316 4548 5386 quasi
4609 5313 4808 5365 farinas
4849 5309 5074 5378 projicit,
5135 5307 5261 5373 quia

3704 5414 3924 5464 Scitin-to
3990 5411 4139 5504 θοι-ψ
4210 5422 4423 5477 semper
4482 5402 4868 5457 minutissimas
4914 5396 5260 5492 cogitationes

3706 5502 3889 5570 gignit.
3925 5484 4313 5565 Nonnu'nquam
4348 5509 4472 5547 vero
4497 5491 4588 5560 qui
4641 5490 4850 5556 quietus
4892 5484 5113 5550 alicujus
5142 5496 5260 5535 esse

3704 5591 3879 5646 meriti
3929 5588 4268 5649 credebatur,
4312 5584 4518 5654 positus
4553 5583 4605 5634 in
4653 5579 4890 5647 qualibet
4917 5576 5126 5629 actione
5169 5571 5259 5625 de-

3703 5682 3952 5733 nudatur.
3992 5678 4137 5731 L'nde
4175 5677 4278 5728 illic
4305 5675 4548 5742 protinus
4583 5666 4950 5724 subinlertur:
4989 5684 5007 5713 ι
5043 5664 5257 5716 Deuuc'a

3706 5773 4085 5840 turpitudinem
4113 5779 4276 5828 tuam,
4302 5762 4599 5832 discooperi
4619 5762 4914 5818 humerum,
4943 5755 5115 5808 revela
5139 5769 5261 5807 cru-

3709 5879 3783 5930 ra,
3818 5864 3981 5917 transi
4007 5860 4221 5914 ﬂumina
4242 5857 4434 5927 (ibid.).
4461 5873 4478 5905 ›
4505 5852 4560 5906 In
4584 5847 5044 5906 administratione
5067 5844 5264 5914 quippe
