5514 6662
487 635 576 691 ΞΠ

1403 627 1647 684 OI-‘L'SC.
1687 625 1797 680 ΧΠ.
1825 656 1893 664 -
1918 625 2003 678 ΒΕ
2041 619 2458 678 (ΖΟΝΤΕΜΡΊἩ
2503 615 2795 674 S£CCLL

3629 603 3734 660 9.78

483 753 646 822 upcris
677 749 950 820 turpitudo
993 749 1315 807 denutatur,
1362 744 1488 797 dum
1547 743 1664 798 vilis
1697 756 1867 802 mens,
1898 739 2046 807 aliic-
2075 746 2121 798 Λ
2150 737 2334 792 oculos
2364 749 2458 804 per
2485 733 2738 786 diuturna
2769 723 3068 798 vagationis
3097 723 3268 792 spatia
3305 721 3372 775 ab
3407 721 3555 775 omni
3598 737 3752 774 inuu-

485 855 663 913 ctaqne
709 842 761 894 in
814 838 1044 892 actionis
1086 835 1448 890 ostentatione
1496 831 1837 901 CDgIIOSt'iLlIr
1875 845 1887 892 ;
1928 842 2048 896 quae

486 936 648 1004 quieta
707 933 854 1003 prius
921 946 1111 1000 magna
1168 930 1477 999 putabatur.
1543 927 1836 981 llumerum
1897 938 2051 976 mens

486 1024 820 1091 discooperit,
876 1019 1094 1088 quando
1146 1033 1280 1086 Opus
1332 1031 1510 1079 suum,
1567 1013 1710 1083 quod
1759 1012 2049 1082 ignoraba-

486 1127 582 1178 tur,
627 1111 881 1168 ostendit.
930 1111 1100 1165 Crura
1158 1109 1379 1171 revelat,
1441 1108 1565 1176 quia
1612 1107 1808 1175 quibus
1839 1104 2053 1158 deside-

487 1211 677 1264 riorum
733 1204 1076 1274 passionibus
1124 1203 1289 1256 lucris
1336 1201 1522 1254 mundi
1577 1200 1770 1262 inhiet,
1824 1197 2052 1252 manife—

482 1307 596 1352 stat.
634 1295 880 1349 Flumina
939 1294 1102 1347 etiam
1157 1291 1372 1353 transit,
1427 1289 1553 1358 quia
1611 1289 1854 1342 actiones
1895 1286 2053 1354 hujus

483 1387 683 1450 seculi,
735 1400 854 1454 quae
901 1384 1140 1452 quotidie
1187 1381 1255 1435 ad
1312 1381 1598 1434 terminum
1657 1377 1918 1438 deﬂuunt.
1972 1377 2054 1430 iu-

481 1462 780 1534 dcsineiiter
834 1474 1036 1544 appetit
1090 1491 1106 1539 ;
1169 1473 1403 1540 dumque
1458 1471 1561 1524 alia
1625 1469 1901 1538 relinquit,
1949 1467 2051 1521 alia

483 1568 742 1637 sequitur,
772 1565 925 1635 quasi
973 1578 1189 1634 semper
1233 1563 1296 1618 dc
1346 1562 1565 1618 ﬂumine
1612 1561 1678 1616 ad
1709 1559 1906 1614 flumen
1939 1573 2055 1614 teu-

480 1656 568 1709 dit.

548 1745 667 1800 llaec
692 1752 872 1800 autem
898 1743 1154 1805 diximus,
1188 1751 1248 1796 ut
1297 1758 1449 1796 mens
1479 1758 1508 1797 a
1539 1741 1674 1796 solio
1719 1750 1920 1798 sanctae
1969 1742 2054 1795 in—

481 1836 728 1888 tentionis
785 1850 1035 1898 excussa,
1097 1843 1151 1888 et
1211 1834 1510 1901 vagationis
1566 1833 1696 1887 vitio
1744 1833 1946 1894 dedita,
1999 1832 2053 1884 in

479 1939 578 1991 quo
620 1924 819 1992 jaceat,
877 1933 1302 1977 monstraremus
1353 1940 1367 1988 ;
1422 1924 1548 1992 quia
1607 1923 1649 1976 si
1697 1924 1762 1977 ad
1813 1937 1877 1976 ea
1935 1936 2056 1990 quae

478 2030 701 2082 superna
734 2023 882 2079 sunt,
933 2014 1140 2068 inhiare
1186 2015 1506 2079 cessaverit,
1559 2014 1659 2069 sub
1706 2015 2050 2083 semetipsum

2151 828 2306 880 danze
2353 821 2583 877 actionis
2636 819 2752 872 labe
2801 831 3072 886 purgare;
3129 826 3196 868 ne
3242 812 3367 867 dum
3419 812 3487 865 ad
3540 827 3753 865 summa

2153 914 2474 984 speculanda
2527 911 2712 966 oculos
2765 908 2982 967 elevat,
3042 917 3276 958 terrente
3325 899 3754 956 conversationis

2154 1009 2328 1078 pulvis
2378 1006 2642 1065 obsistat,
2704 1010 2759 1057 et
2815 999 2986 1069 magis
3030 996 3284 1051 tenebras
3335 1009 3470 1062 quas
3523 993 3756 1062 relique—

2157 1107 2270 1161 rat,
2312 1096 2528 1161 videat,
2581 1107 2742 1164 quam
2790 1089 2971 1144 lumen
3013 1087 3078 1142 ad
3123 1085 3265 1155 quod
3305 1085 3527 1149 nititttr,
3565 1097 3758 1152 appre-

2158 1188 2377 1244 heudat.

2717 1272 2947 1330 CAPUT
3012 1271 3178 1326 XXV.

2228 1369 2382 1436 Quod
2419 1367 2601 1423 cellam
2635 1364 2959 1436 consuetudo
2984 1362 3222 1436 dulcem,
3259 1361 3465 1431 vagatio
3503 1360 3688 1414 reddat

2793 1433 3118 1488 horribilem.

2228 1555 2346 1610 llue
2378 1551 2607 1614 accedit,
2637 1547 2781 1619 quod
2818 1547 2885 1601 iis
2916 1547 3006 1616 qui
3035 1545 3201 1599 vitam
3233 1559 3386 1600 suam
3420 1544 3520 1599 sub
3548 1543 3650 1598 hac
3677 1541 3763 1597 in-

2155 1642 2463 1700 constantia
2494 1637 2816 1694 mutationis
2852 1635 3123 1689 alternant
3144 1673 3159 1698 ,
3187 1647 3251 1686 eo
3283 1632 3340 1686 lit
3370 1633 3478 1686 vita
3507 1631 3764 1686 remetio-

2157 1736 2242 1791 nis
2272 1733 2572 1796 austerior,
2601 1744 2709 1799 quo
2749 1726 2933 1782 inolita
2973 1724 3203 1795 vagandi
3245 1723 3638 1780 consuetudine
3678 1737 3766 1777 re-

2161 1825 2479 1886 trahuntur;
2510 1821 2584 1874 ita
2617 1827 2670 1872 ut
2697 1815 2977 1871 eremitica
3004 1813 3275 1868 dictrictio
3302 1812 3640 1883 gravissimae
3663 1810 3765 1864 dif-

2159 1914 2408 1975 ficultati,
2432 1911 2570 1966 cella
2598 1909 2710 1978 ipsa
2746 1907 2851 1960 illis
2879 1906 3128 1959 videatur
3154 1903 3388 1966 horrori.
3416 1901 3764 1955 Consuetudo

2159 2009 2305 2059 enim
2343 2004 2474 2058 facit
2504 1999 2773 2054 monacho
2801 1995 3048 2051 cellulam
3080 1992 3291 2048 dulcem
3312 2033 3325 2056 ,
3352 1991 3567 2062 vagatio
3597 1990 3766 2046 videri

480 2103 636 2154 etiam
692 2103 1062 2156 indesinenter
1131 2103 1256 2156 ruit.
1321 2103 1374 2156 lu
1430 2103 1537 2156 alto
1590 2112 1771 2157 autem
1827 2103 2008 2172 ﬁgitur
2034 2143 2048 2169 ,
2083 2086 2125 2144 Β
2160 2097 2287 2151 facit
2316 2094 2655 2149 horribilem.
2686 2089 3019 2160 Vaganliblts
3043 2088 3235 2144 cellula
3265 2101 3455 2141 carcer
3480 2093 3562 2139 (εει
3586 2125 3599 2148 ι
3637 2098 3766 2154 Per'

477 2193 518 2244 si
575 2207 814 2246 amorem
868 2193 1243 2262 temporalium
1308 2195 1608 2259 deserens,
1658 2195 1724 2248 ad
1773 2211 1924 2265 spem
1977 2195 2058 2250 in-

477 2283 871 2339 comnutabilis
948 2284 1271 2337 :ctcraitatis
1341 2283 1560 2353 ligatur.
1638 2283 1750 2339 Nec
1823 2300 1922 2339 nos
1974 2286 2057 2340 his

483 2375 658 2429 verbis
714 2375 845 2430 illud
912 2375 1253 2438 astruimus,
1309 2383 1367 2428 ut
1431 2375 1728 2430 monachus
1784 2377 2058 2444 pervicaci

484 2464 757 2532 praposito
807 2463 860 2516 in
921 2478 1016 2517 sua
1065 2461 1274 2531 jugiter
1335 2465 1636 2517 remotione
1699 2474 2056 2532 permaneat,

476 2567 570 2607 nec
624 2554 915 2622 aliquando
965 2554 1255 2622 progredi,
1309 2553 1400 2608 ubi
1461 2554 1690 2608 violenta
1751 2556 2062 2625 poposcerit

477 2644 786 2704 necessitas,
840 2646 1191 2713 acquiescat;
1230 2646 1322 2699 sed
1368 2645 1471 2698 hoc
1518 2645 1695 2713 potius
1743 2646 2056 2710 suademus,

477 2744 742 2800 quatenus
779 2734 832 2787 id
883 2743 1032 2789 tanto
1088 2736 1326 2805 parcius,
1375 2742 1634 2802 tantoque
1691 2735 1870 2789 rarius
1915 2742 2059 2804 agat,

478 2833 674 2888 quanto
739 2824 862 2887 scit,
917 2825 1040 2893 quia
1093 2823 1335 2892 vagando
1396 2838 1492 2892 per
1539 2822 1830 2883 steculntn,
1885 2837 2062 2890 neque

477 2912 828 2981 spiritUaIiter
896 2914 1078 2968 vivere
1112 2953 1128 2978 ,
1185 2928 1358 2981 neque
1422 2910 1518 2966 ad'
1552 2912 1901 2981 perfectionis
1951 2913 2064 2966 cul-

487 3019 603 3057 men
663 3004 865 3071 valeat,
911 3005 1076 3059 etiam
1131 3005 1176 3060 si
1231 3005 1516 3076 diligenter
1566 3005 1821 3076 invigilet,
1881 3020 2066 3076 perve-

479 3106 610 3147 llll‘e.

1046 3187 1274 3242 CAPUT
1315 3188 1502 3244 XXIV.

655 3277 736 3332 De
767 3278 1016 3341 eremitis,
1051 3278 1142 3342 qui
1169 3281 1221 3330 in
1262 3281 1532 3347 rogatione
1561 3291 1682 3332 sunt
1715 3280 1889 3348 positi.

549 3368 652 3423 Sed
698 3371 843 3424 inter
876 3369 1058 3422 omnia
1108 3369 1386 3422 hominum
1433 3384 1460 3421 a
1507 3384 1604 3422 suo
1641 3370 1917 3439 proposito
1967 3369 2062 3422 de-

2158 2185 2506 2242 manentibus
2558 2197 2727 2236 suave
2779 2179 3132 2243 cubiculum;
3183 2176 3460 2231 silentium
3517 2187 3771 2243 perseve-

2159 2286 2370 2332 rantem
2413 2273 2744 2330 monachum
2784 2270 3001 2340 vigilem
3050 2269 3259 2334 reddit,
3307 2266 3650 2321 extrinsecus
3680 2279 3772 2319 ve-

2159 2374 2397 2427 nientem
2438 2384 2604 2439 seper
2646 2365 2946 2437 deprimit,
2989 2374 3268 2421 assuetum
3310 2362 3532 2433 jejnuiis
3573 2373 3775 2428 corpus

2161 2463 2426 2518 sobrietas
2456 2461 2693 2524 roborat,
2729 2457 3062 2512 amuentium
3092 2456 3375 2526 epularum
3408 2453 3584 2506 ﬂuxus
3614 2465 3772 2505 ener—

2161 2561 2270 2606 vat.
2300 2551 2493 2622 Vigilia
2519 2549 2795 2603 moderata
2825 2548 2995 2602 aciem
3027 2547 3278 2600 humanae
3297 2544 3503 2600 mentis
3529 2541 3770 2602 exacuit.

2160 2641 2457 2712 grminatio
2512 2639 2724 2708 repetiti
2782 2637 2993 2706 soporis
3053 2635 3324 2691 obtundit.
3387 2633 3773 2689 Confabulatio

2163 2732 2352 2786 crebra
2386 2733 2436 2784 in
2471 2738 2652 2783 mente
2681 2727 2931 2783 monachi
2965 2727 3202 2782 esuriem
3235 2727 3408 2795 parit,
3444 2733 3653 2780 secreta
3687 2737 3776 2778 re-

2164 2823 2332 2876 motio
2363 2821 2600 2875 animam
2649 2821 2703 2874 in
2742 2829 2972 2874 assuetie
3007 2817 3353 2872 continentiae
3383 2816 3559 2886 rigore
3589 2821 3777 2868 custo-

2166 2911 2260 2966 dit.
2293 2909 2647 2966 Szeeularium
2678 2909 3019 2978 negotiorum
3053 2905 3246 2963 relatio
3283 2905 3521 2958 animam
3567 2903 3776 2972 passio-

2167 3001 2326 3056 uibus
2357 2999 2608 3055 desiderii
2641 2998 2769 3053 facit
2795 2997 3085 3053 obnoxiam
3109 3037 3122 3059 ,
3150 2996 3291 3051 sacri
3325 2994 3523 3065 eloquii
3550 2993 3772 3047 assidua

2170 3091 2448 3145 meditatio
2479 3089 2680 3143 mundo
2712 3087 2890 3142 reddit
2916 3087 3268 3142 exstinctam.
3314 3085 3616 3153 Paupertas
3659 3097 3775 3135 mo-

2170 3186 2329 3240 nachi
2358 3184 2624 3240 securitas
2652 3191 2736 3238 est
2763 3181 2979 3246 mentis,
3008 3179 3275 3236 securitas
3308 3185 3484 3233 mater
3512 3186 3594 3231 est
3625 3175 3777 3244 puri-

2171 3277 2318 3331 tatis.
2355 3277 2588 3330 Eeontra
2630 3288 2812 3328 rerum
2844 3271 3172 3326 abundantia
3201 3269 3419 3324 aculeos
3458 3267 3602 3337 parit
3628 3264 3780 3318 solli-

2169 3370 2444 3433 citudinis,
2471 3368 2775 3423 sollicitudo
2800 3367 2955 3422 radix
2979 3375 3061 3421 est
3079 3365 3388 3420 anxietatis.
3413 3363 3585 3418 Pedes
3617 3361 3776 3426 illoti,

482 3460 744 3513 viantium
795 3474 1018 3530 genera,
1078 3459 1205 3511 illud
1239 3473 1342 3512 non
1393 3460 1737 3513 mediocriter
1794 3457 2062 3528 displicet,
2094 3441 2137 3500 (ἶ
2173 3482 2364 3521 manus
2407 3466 2705 3536 neglecta},
2745 3465 2949 3520 inculta
2993 3463 3286 3525 caesaries,
3336 3459 3488 3530 quasi
3527 3457 3774 3528 quaedam

483 3552 622 3617 quod
656 3552 824 3606 etiam
867 3551 996 3620 ipsis
1045 3550 1403 3604 sanctissimis
1443 3550 1686 3603 eremitis
1721 3549 1940 3618 quidam
1988 3551 2069 3602 vi-

481 3642 673 3698 dentur
697 3643 935 3705 admisti,
963 3658 1098 3712 quos
1129 3642 1266 3697 idem
1291 3642 1562 3711 pestiferae
1593 3642 1901 3711 vagatiouis
1923 3658 2068 3697 mor-

484 3731 582 3786 tius
617 3734 905 3802 exagitat:
941 3741 994 3787 et
1045 3732 1113 3800 (si
1169 3731 1351 3785 dicere
1391 3728 1572 3799 liceat)
1624 3731 1774 3799 quasi
1820 3732 2070 3786 Vertum-

484 3837 599 3884 nus,
628 3824 904 3893 quoddam
962 3823 1169 3877 scilicet
1213 3822 1605 3876 daemoniorum
1662 3836 1849 3891 genus,
1881 3830 2066 3875 vexat.

488 3907 771 3967 Vertumni
804 3913 1066 3982 siquidem
1118 3911 1260 3980 apud
1309 3911 1564 3979 antiquos
1608 3911 1930 3966 dicebantur
1959 3914 2069 3966 da:-

487 4017 692 4070 niones,
716 4019 952 4073 quorum
979 4003 1234 4056 instincm
1264 4001 1511 4056 homines
1539 4001 1591 4055 in
1621 4002 1888 4072 vertigine
1909 4003 2072 4073 pOsiti

485 4095 853 4149 reddebantur
883 4094 1178 4148 instabiles.
1211 4091 1419 4159 Quibus
1450 4093 1703 4147 nimirum
1733 4095 1807 4148 illi
1843 4111 1948 4150 non
1973 4097 2077 4150 im-

487 4185 677 4238 merito
695 4185 949 4238 videntur
969 4181 1315 4250 obnoxii,qui
1341 4181 1455 4236 solo
1475 4181 1925 4252 quadragesimali
1945 4193 2077 4240 tem-

486 4285 610 4336 pore
637 4272 810 4342 269
845 4273 897 4324 in
927 4270 1132 4325 cellulis
1158 4279 1551 4326 cemmorantes
1574 4312 1589 4336 ,
1628 4279 1740 4328 toto
1773 4288 1908 4342 pene
1949 4275 2076 4329 anni

487 4361 685 4416 circulo
708 4364 820 4417 huc
853 4361 1085 4431 illucque
1126 4360 1463 4424 discurrunt,
1497 4370 1553 4415 et
1593 4363 1672 4418 sic
1713 4364 1878 4419 vitam
1925 4381 2079 4421 suam

489 4451 717 4509 inaniter
756 4454 1038 4524 spatiando
1083 4465 1425 4508 consumunt.
1471 4453 1572 4521 Qui
1621 4442 1877 4511 nimirum
1921 4459 2080 4514 dum-

488 4543 642 4597 modo
691 4552 1068 4598 summotenus
1115 4541 1405 4597 remotiora
1455 4552 1768 4611 sectantes,
1820 4548 1978 4602 modo
2027 4547 2081 4603 in

487 4630 759 4697 publicum
786 4633 1032 4687 crebrius
1058 4631 1406 4701 prodeuntes,
1426 4633 1476 4686 in
1500 4644 1787 4705 utramque
1810 4651 1868 4691 se
1893 4638 2079 4701 vitam,

490 4723 966 4792 contemplativam
988 4723 1188 4780 scilicet
1211 4737 1265 4781 et
1298 4728 1548 4792 activam,
1575 4726 1873 4796 gloriantur
1893 4736 2082 4781 exten-

489 4817 640 4882 dere,
673 4819 727 4873 in
758 4829 1009 4874 neutram
1037 4821 1250 4890 plenum
1293 4823 1485 4877 salutis
1516 4821 1746 4876 fructum
1787 4822 2084 4890 probantur

491 4903 675 4963 aﬁezre
705 4926 718 4961 ε
761 4923 994 4978 cumque
1021 4910 1120 4964 sibi
1148 4910 1472 4980 applaudant
1497 4925 1619 4965 cum
1647 4908 1814 4964 Jacob
1853 4911 2080 4964 duarum

489 4999 794 5068 coniugium
829 4998 1047 5068 speciali
1079 5003 1310 5068 quadam
1337 5000 1527 5070 capula
1558 4999 1811 5054 foederari
1837 5040 1852 5065 ,
1885 4997 2078 5070 depre-

490 5084 741 5142 henditur
768 5087 877 5142 illis
901 5090 1130 5158 propria:
1157 5091 1424 5160 opinionis
1456 5090 1720 5145 sententia
1764 5091 1815 5143 in
1864 5099 2081 5144 contra-

490 5173 623 5228 rium
651 5177 822 5232 verti.
866 5177 1066 5243 Quibus
1104 5179 1358 5234 nimirum
1400 5191 1588 5235 contra
1634 5182 2078 5235 consuetudinem

490 5273 542 5316 et
569 5264 778 5321 Rachel
826 5268 1004 5337 lippa,
1047 5277 1100 5324 et
1140 5269 1233 5324 Lia
1277 5272 1517 5325 redditur
1548 5271 1870 5336 infecunda;
1910 5272 2080 5326 altera

491 5358 754 5425 siquidem
789 5359 1134 5414 hcbetatione
1159 5363 1306 5417 visus
1333 5363 1676 5429 obtunditur,
1719 5365 1887 5418 altera
1920 5365 2077 5418 steri-

493 5444 651 5502 litatis
688 5450 1166 5507 animadversione
1211 5452 1433 5519 feritur;
1470 5455 1596 5524 quia
1626 5456 1872 5510 videlicet
1901 5455 2083 5523 hujus-

492 5538 626 5591 modi
659 5539 941 5601 homines,
969 5547 1022 5592 et
1051 5556 1145 5610 per
1170 5543 1438 5609 publicum
1471 5544 1857 5606 discurrentes,
1897 5553 2082 5612 utputa

491 5623 717 5679 sinistra:
744 5626 1020 5696 opinionis
1048 5631 1184 5697 apud
1223 5631 1475 5699 populum
1521 5632 1708 5695 habiti,
1745 5645 2081 5702 nequaquam

493 5724 713 5778 possunt
760 5716 1077 5785 spiritualcs
1123 5719 1229 5772 Deo
1261 5719 1397 5774 ﬁlios
1429 5721 1670 5789 gignere,
1693 5732 1751 5774 et
1779 5722 1924 5775 velut
1951 5722 2086 5777 ebrii

491 5802 552 5854 de
589 5807 792 5861 sreculo
848 5807 1158 5873 redeuntes,
1208 5809 1395 5864 intima
1452 5820 1724 5880 nequeunt
1777 5825 2083 5882 penetrare.

492 5888 745 5963 Quisquis
768 5894 922 5949 enim
955 5894 1218 5953 desiderat
1253 5900 1317 5952 ad
1351 5900 1477 5954 illud
1511 5902 2086 5957 inaccessibile'lnmcn

493 5982 600 6038 acie
625 5986 832 6040 mentis
863 5985 1147 6056 attingere,
1178 5991 1540 6045 necessarium
1567 5993 1666 6048 sibi
1694 6002 1776 6048 cst
1806 5993 2088 6050 interiores

2114 4786 2159 4844 [ν

2169 3557 2406 3610 anchora
2448 3564 2532 3610 est
2575 3557 2828 3611 monachi
2870 3556 2924 3608 in
2969 3554 3103 3609 cella
3141 3553 3345 3622 jugiter
3381 3552 3774 3618 permanendi;

2169 3663 2200 3701 e
2235 3648 2448 3700 diverso
2489 3639 2744 3700 accurata
2785 3644 3002 3699 delicati
3047 3643 3292 3708 corporis
3337 3641 3658 3710 compositio
3697 3643 3779 3694 to-

2173 3752 2288 3792 mes
2315 3744 2419 3798 est,
2449 3744 2503 3789 et
2529 3734 2744 3790 occasio
2773 3735 2824 3787 in
2855 3733 3131 3804 publicum
3164 3731 3488 3804 prodeundi.

2244 3827 2501 3896 Quisquis
2543 3841 2672 3896 ergo
2697 3825 2846 3893 vult,
2893 3834 2952 3878 ut
2995 3825 3098 3879 sibi
3129 3823 3412 3879 ercmitica
3444 3823 3552 3876 vita
3597 3819 3786 3875 dulce-

2174 3925 2310 3981 scat,
2342 3915 2588 3985 profecto
2631 3928 2852 3968 necesse
2893 3921 2998 3978 est,
3030 3923 3090 3967 ut
3120 3913 3172 3967 in
3202 3927 3263 3964 ea
3295 3911 3563 3966 constanti
3595 3911 3781 3964 animo

2169 4009 2370 4081 jngiter
2395 4022 2748 4077 perseverare
2783 4005 3109 4070 contendat;
3154 4017 3254 4058 nec
3277 4003 3513 4058 alternet
3542 4002 3777 4062 vicibus,

2176 4101 2220 4156 si
2269 4114 2437 4154 suave
2481 4099 2673 4168 jugum
2721 4097 2934 4152 Domini
2975 4095 3088 4150 vult
3128 4104 3348 4165 portare
3389 4095 3625 4164 quietus.
3658 4092 3784 4147 Vita

2177 4207 2414 4261 namque
2457 4191 2737 4245 eremitica
2781 4190 3096 4245 continuata
3147 4188 3365 4257 quidem
3420 4196 3504 4242 est
3554 4186 3784 4256 refrige-

2180 4284 2320 4340 rium
2346 4323 2360 4348 ,
2405 4284 2712 4338 intermissa
2753 4282 3024 4352 quoddam
3071 4281 3237 4351 27o
3278 4279 3491 4334 videtur
3519 4294 3640 4334 esse
3672 4289 3785 4334 tor-

2180 4383 2442 4430 mentum.
2502 4373 2823 4428 Remotione
2871 4388 3088 4444 quoque
3137 4372 3395 4457 continsua
3450 4371 3787 4425 illuminatur

2184 4466 2384 4530 anima,
2414 4466 2545 4519 vitia
2591 4466 2939 4536 deteguntur,
2986 4472 3039 4519 et
3087 4463 3348 4532 quidquid
3395 4462 3667 4516 hominem
3717 4461 3787 4514 de

2185 4555 2476 4624 semetipso
2503 4555 2758 4617 latuerat,
2795 4554 3055 4624 aperitur.
3093 4553 3230 4608 Cum
3277 4568 3416 4621 aqua
3453 4553 3518 4607 de
3549 4553 3784 4616 vivario,

2187 4646 2413 4702 remotis
2447 4661 2568 4715 quae
2617 4645 3047 4714 opponebantur,
3079 4644 3338 4714 egeritur,
3371 4644 3548 4714 pisces
3581 4644 3632 4696 in
3680 4643 3787 4697 sic-
3817 4668 3820 4672 ί

2186 4750 2308 4790 eum
2341 4742 2707 4799 remanentes,
2738 4735 3004 4788 humanos
3032 4734 3314 4802 patiuntur
3343 4741 3594 4804 aspectus
3625 4750 3636 4785 :
3669 4741 3723 4786 et
3755 4747 3820 4795 a,

2187 4823 2342 4877 nobis
2365 4838 2487 4876 cum
2517 4831 2743 4877 terrenae
2771 4822 3000 4875 actionis
3028 4820 3220 4876 ﬂuctus
3245 4821 3488 4876 elabitur.
3525 4822 3787 4891 quidquid

2187 4917 2241 4970 in
2299 4914 2566 4986 profundo
2620 4913 2978 4984 procellarum
3039 4915 3431 4984 emergentiutn
3491 4915 3788 4968 subnatare

2186 5013 2576 5068 consueverat,
2625 5005 2946 5059 denudatur.
2994 5003 3228 5059 Venator
3276 5019 3490 5074 quoque
3536 5005 3786 5072 uppilatis

2185 5094 2540 5158 anfractibus,
2566 5093 2746 5147 densis
2773 5093 3125 5162 circumsepit
3157 5093 3389 5146 saltuum
3426 5093 3595 5146 lustra
3628 5091 3786 5146 fruti-

2185 5185 2360 5248 cibus,
2406 5197 2678 5250 unumque
2724 5198 2824 5252 pro
2862 5183 3044 5236 multis
3083 5183 3287 5235 aditum
3335 5183 3464 5236 feris
3504 5180 3790 5251 fugacibus

2189 5293 2254 5330 ex
2286 5286 2400 5329 arte
2440 5274 2733 5342 relinquit,
2771 5283 2934 5341 atque
2980 5273 3087 5325 illic
3127 5288 3185 5326 se
3219 5273 3430 5327 vibrata
3469 5273 3790 5341 stringendu

2190 5367 2454 5422 venabula
2486 5367 2536 5419 in
2567 5365 2779 5419 insidiis
2810 5364 2988 5432 ponit;
3031 5364 3217 5433 sicque
3263 5365 3641 5432 compendium
3683 5365 3787 5418 silui

2191 5458 2471 5512 laboriosae
2499 5455 2804 5509 venationis
2843 5455 3125 5520 attribuit,
3153 5455 3277 5508 dum
3311 5455 3610 5523 pernicium
3646 5456 3789 5508 fera-

2193 5565 2312 5602 rum
2343 5547 2588 5616 vestigia,
2623 5562 2743 5614 qua:
2785 5545 3033 5614 persequi
3076 5561 3172 5614 per
3203 5544 3411 5598 infinita
3445 5545 3783 5614 nequiverat,

2193 5639 2245 5692 in
2291 5636 2619 5706 egressionis
2665 5635 2779 5690 solo
2819 5635 3084 5690 vestibulo
3114 5635 3393 5703 negotioso
3429 5635 3540 5689 otio
3571 5635 3785 5703 quietus

2189 5737 2491 5798 exspectat.
2523 5727 2588 5780 Et
2618 5742 2715 5781 nos
2739 5742 2861 5780 cum
2891 5726 3037 5779 vitiis
3067 5727 3133 5780 ad
3166 5727 3313 5795 pravi
3346 5727 3524 5795 operis
3561 5726 3781 5781 liberta-

2194 5826 2299 5871 tem
2349 5818 2564 5886 prodire
2615 5818 2954 5880 nitentibus,
3017 5825 3244 5871 terrenm
3293 5817 3520 5871 actionis
3574 5827 3786 5873 meatus

2189 5907 2543 5970 occludimus,
2570 5907 2724 5976 quasi
2753 5922 2856 5961 uno
2887 5907 2940 5960 iu
2971 5906 3090 5961 loco
3120 5906 3224 5961 illis
3253 5907 3478 5962 insidias
3508 5909 3781 5977 ponimus,

2191 5998 2317 6067 quia
2365 6013 2484 6053 cum
2541 5998 2672 6054 solis
2722 5997 3139 6069 cogitationibus
3189 6000 3389 6068 jugitcr
3436 5999 3776 6059 dim'camus.
