5514 6638
25 6383 806 6638 Ξ

1987 469 2091 526 979

1990 583 2187 652 Sicque
2231 580 2478 634 vitiorum
2525 587 2828 631 nostrorum
2883 571 3123 628 heszialis
3171 568 3354 622 feritas
3399 563 3553 618 facile
3582 565 3627 622 Α
3659 559 3860 612 falsitas
3889 555 4187 609 IIerodiana
4220 560 4480 613 tenuerat,
4515 551 4564 602 iu
4597 565 4752 617 quem
4783 546 4991 600 tandem
5019 554 5221 599 exitum

1990 673 2216 742 capitur,
2259 669 2383 722 dum
2429 668 2601 721 solum
2647 665 2988 742 cogitationis
3034 664 3279 716 humana:
3310 656 3550 725 pervium

1988 740 2330 830 singulariter
2356 757 2673 810 custoditur.
2713 740 2924 822 Auceps
2959 753 3120 806 etiam
3151 756 3370 804 cunctos
3399 746 3555 798 undi-

1987 863 2093 918 que
2122 847 2360 917 gurgites
2385 842 2668 898 ramalium
2699 841 3052 896 densitatibus
3079 837 3267 907 aperit,
3301 844 3463 902 atque
3488 832 3554 884 ad

1985 952 2154 992 unum
2199 935 2504 989 haurienda
2531 933 2700 986 dulcis
2725 947 2876 1000 aqua:
2919 932 3090 984 locum
3116 926 3384 982 confluere
3410 924 3558 976 votu-

1991 1041 2114 1081 eres
2141 1025 2457 1095 praescripta
2485 1023 2808 1079 necessitate
2832 1019 3133 1088 compellit;
3157 1018 3389 1084 dumque
3413 1013 3559 1066 solus

1989 1115 2080 1170 ille
2109 1115 2177 1169 ad
2207 1113 2495 1169 bibendum
2530 1112 2680 1167 locus
2707 1109 3008 1179 exponitur,
3036 1105 3414 1173 circumposita
3442 1117 3560 1155 mu-

1987 1206 2315 1278 scipularnm
2369 1214 2680 1273 argumenta
2729 1201 2898 1254 felicis
2947 1196 3156 1266 aucupii
3211 1193 3560 1262 proventione

1991 1294 2250 1348 ditantur.
2287 1292 2355 1347 Ut
2399 1307 2528 1361 ergo
2555 1291 2779 1344 diversis
2821 1287 2987 1343 animi
3021 1285 3362 1353 passionibus
3403 1283 3560 1337 facile

1988 1385 2259 1452 possimus
2304 1383 2521 1451 laqueos
2551 1379 2812 1449 captionis
2855 1376 3094 1446 injicere,
3123 1375 3358 1430 obtrusis
3395 1389 3560 1442 uego-

1989 1473 2185 1525 tiorum
2221 1471 2556 1525 smcularium
2588 1469 2792 1528 rivulis.
2829 1468 3086 1522 adversus
3115 1468 3258 1521 solos
3282 1466 3563 1534 cogitatio-

1991 1575 2118 1615 num
2152 1561 2381 1629 impetus
2421 1562 2733 1614 studramus
2761 1557 2987 1612 viriliter
3022 1557 3316 1618 decertare,
3349 1565 3406 1608 ut
3437 1556 3562 1608 dum

1988 1651 2114 1703 vitia
2147 1661 2328 1704 nostra
2362 1652 2428 1719 ab
2456 1651 2668 1704 actione
2698 1649 2950 1703 deterrita
2972 1689 2986 1709 ,
3019 1649 3144 1700 solis
3177 1645 3561 1713 cogitationum

1990 1741 2428 1794 fluctuat'onibus
2464 1740 2732 1798 advolant,
2766 1738 2922 1792 facile
2955 1738 3007 1790 in
3041 1746 3239 1790 sanctae
3270 1735 3564 1802 prudentia:

1992 1830 2213 1899 laqueos
2239 1833 2452 1886 cadant.

2552 1919 2775 1975 CAPUT
2821 1917 3009 1972 XXVI.

2035 2009 2182 2074 Quod
2213 2027 2344 2078 πρε
2382 2012 2662 2063 monachus
2695 2009 2828 2075 falsa
2868 2006 3155 2059 carnalium
3195 2003 3530 2071 promissione

2641 2080 2911 2145 decipitur.

2065 2187 2366 2240 Notandum
2393 2197 2594 2248 autem,
2626 2187 2748 2255 quia
2777 2200 2916 2254 $.1th
2948 2201 3135 2238 servus
3163 2185 3255 2238 Dei
3286 2200 3382 2251 per
3411 2184 3568 2249 huius

1996 2277 2179 2357 mundi
2208 2278 2444 2330 membra
2477 2277 2758 2345 decipitur,
2787 2279 2910 2330 dum
2945 2277 3010 2329 ad
3045 2276 3372 2329 dirimendas
3408 2276 3567 2327 dissi-

1997 2370 2234 2424 dentium
2263 2369 2402 2433 lites,
2432 2368 2515 2422 vcl
2540 2370 2604 2422 ad
2635 2368 2808 2435 aliqua
2839 2367 3156 2437 peragenda,
3187 2366 3567 2422 ecclesiasticis

1997 2459 2200 2514 scilicet
2232 2461 2414 2512 usibus
2439 2458 2738 2528 profutura,
2764 2457 3120 2526 importunius
3144 2458 3399 2510 invitatur
3427 2469 3439 2506 :
3471 2457 3570 2508 im-

1999 2553 2211 2606 minens
2249 2566 2478 2619 namque
2522 2550 2812 2619 periculum
2857 2549 3251 2616 multorumque
3287 2563 3569 2601 commune

2001 2643 2321 2704 discrimen,
2369 2641 2470 2694 nisi
2512 2641 2904 2710 progrediatur,
2949 2649 3294 2709 exaggerant.
3336 2638 3485 2704 Quod
3525 2638 3569 2690 si

2002 2733 2310 2795 accesserit,
2333 2740 2521 2786 cuncta
2546 2733 2612 2784 ad
2642 2746 2752 2784 sua:
2773 2731 3062 2784 voluntatis
3085 2729 3388 2792 arbitrium,
3413 2737 3572 2797 atque

2000 2823 2068 2872 ad
2112 2821 2292 2874 felices
2341 2821 2518 2874 exitus
2560 2829 2917 2890 proventura,
2957 2817 3322 2888 multipliciter
3359 2830 3569 2869 asseve—

2000 2918 2147 2964 rant.
2194 2910 2461 2976 Antiquos
2501 2911 2643 2964 enim
2692 2909 2860 2964 hostis
2888 2909 3076 2962 videns
3114 2907 3335 2961 militem
3371 2905 3569 2959 Christi

2006 3002 2058 3053 in
2089 3001 2364 3070 procinctu
2399 3001 2568 3055 sancti
2625 3000 2932 3053 certaminis
2973 3000 3240 3067 positum,
3281 3012 3385 3050 non
3420 2996 3573 3048 aliter

2003 3104 2162 3158 posse
2188 3105 2217 3142 a
2248 3091 2326 3144 sui
2365 3089 2622 3160 propositi
2653 3088 2861 3142 fervore
2895 3097 3195 3156 tepescere,
3239 3085 3572 3138 machinatur

2004 3179 2271 3233 uberioris
2314 3181 2590 3246 cujusdam
2641 3179 2846 3232 fructus
2889 3176 3330 3244 superficictenus
3375 3175 3568 3228 bonum

2005 3268 2344 3328 adumbrare,
2369 3278 2425 3321 ut
2449 3269 2572 3322 dum
2597 3268 2801 3323 lucrum
2829 3268 2997 3335 majus
3018 3267 3329 3328 attenditur,
3352 3264 3572 3326 bonum,

2006 3357 2152 3425 quod
2182 3358 2232 3410 in
2263 3358 2509 3426 praesenti
2536 3367 2652 3424 est,
2675 3359 2739 3412 ad
2771 3367 2974 3426 tempus
3009 3356 3160 3425 quasi
3187 3354 3574 3424 dispensatorie

2007 3455 2380 3516 postponatur.
2430 3446 2532 3501 Sed
2576 3447 2665 3516 qui
2713 3447 2984 3501 mendacis
3014 3445 3195 3499 mundi
3234 3443 3576 3498 consuetudi-

2008 3547 2132 3609 nem
2180 3533 2484 3602 frequenter
2525 3544 2778 3603 expertus
2819 3543 2934 3594 est,
2989 3535 3277 3603 prudenter
3326 3532 3473 3585 novit
3523 3540 3576 3584 et

2011 3636 2151 3675 vana
2181 3623 2588 3700 suggerentium
2605 3630 2901 3676 commenta
2935 3636 3206 3691 respuere,
3232 3630 3285 3673 et
3303 3636 3374 3689 .se
3401 3621 3467 3674 ab
3496 3619 3576 3672 in-

2010 3712 2268 3767 fructuosi
2313 3712 2510 3767 laboris
2550 3713 2807 3767 exercitio
2837 3712 3068 3783 graviter
3092 3711 3378 3764 custodire.
3422 3711 3577 3777 Apud

2010 3803 2270 3872 quosdam
2317 3817 2547 3871 namque
2589 3803 2826 3856 absentis
2860 3803 3104 3856 monachi
3136 3804 3426 3856 auctoritas
3458 3818 3579 3872 gra-

2013 3894 2097 3946 vis
2127 3901 2241 3955 est;
2276 3893 2317 3945 si
2351 3902 2525 3945 autem
2551 3907 2784 3960 praesens
2809 3892 3062 3955 adfuerit,
3088 3891 3284 3945 nullius
3307 3891 3580 3959 judicatur

2018 3996 2140 4036 esse
2166 3983 2437 4036 momenti.
2467 3981 2619 4058 saepe
2647 3981 3104 4050 enim.cujuspiam
3132 3981 3452 4035 venerabilis
3478 3981 3579 4034 viri

2015 4073 2211 4127 litteris
2241 4073 2551 4127 reverentia:
2585 4073 2757 4125 honor
2781 4073 3120 4140 impenditur,
3149 4073 3306 4142 271
3339 4071 3430 4139 qui
3459 4087 3582 4139 per—

2018 4177 2180 4216 sonae.
2212 4162 2255 4214 si
2285 4161 2446 4225 adsit,
2472 4161 2764 4213 indevotius
2789 4148 3090 4214 exhibetur.
3118 4159 3273 4228 Apud
3301 4159 3582 4213 saeculares

2018 4263 2212 4318 nempe
2243 4246 2519 4317 religiosus
2547 4249 2774 4316 quisque
2804 4247 2963 4302 veluti
3002 4248 3203 4316 pictura
3235 4255 3335 4300 est.
3370 4246 3583 4299 Pictura

2021 4340 2284 4408 siquidem
2317 4339 2360 4391 si
2391 4339 2572 4407 procul
2607 4339 2841 4403 assistat,
2872 4339 3157 4403 inhiantcr,
3187 4348 3243 4392 ct
3268 4354 3386 4392 cum
3419 4341 3587 4392 avidi-

2021 4440 2130 4482 tate
2160 4430 2510 4498 prospicitur;
2550 4430 2592 4483 si
2627 4427 2778 4496 juxta
2814 4430 2903 4494 sit,
2934 4429 3346 4498 contemptibilis
3377 4429 3588 4495 judicao

2023 4531 2131 4573 tur.
2163 4520 2227 4573 Et
2255 4519 2543 4589 spiritualis
2571 4521 2793 4588 quisque
2821 4519 3124 4574 carnalibus
3150 4520 3344 4574 absens
3371 4521 3584 4588 quidem

2445 465 2501 520 S.
2532 446 2733 519 PETRI
2771 457 3052 515 DAMIANI
3086 455 3238 513 OPP.
3266 451 3500 511 TOMUS
3536 448 3666 506 SEU
3707 448 3884 503 PARS
3923 445 4006 500 III.
4031 469 4102 484 εσ-
4129 441 4486 499 OPIJSCULA
4532 439 4755 493 \‘ARIA.

142 36 331 71 “av
386 84 469 101 ,η
506 32 625 93 ρέα-
1372 64 1389 69 ~
2586 66 2677 72 Η

5115 435 5219 490 280

3652 649 3827 702 oblata
3856 645 4066 698 vivendi
4097 643 4348 697 facultate
4390 638 4731 693 concluserit.
4778 635 4930 701 Quod
4969 635 5222 688 nimirum

3656 737 3939 791 manifeste
3971 733 4304 794 declaratur,
4340 744 4459 783 cum
4492 728 4646 797 paulo
4678 725 4900 780 inferius
4936 725 5180 779 subditur
5208 737 5223 774 :

3662 845 3680 877 ι
3712 824 3924 893 Sprevit
3957 831 4132 874 autem
4171 834 4291 873 eum
4334 817 4568 871 Herodes
4597 831 4716 869 cum
4748 815 4986 868 exercitu
5025 827 5140 878 suo,
5173 821 5227 866 et

3658 915 3822 970 illusit
3871 914 4112 965 indutum
4155 919 4302 963 veste
4351 908 4470 961 allia
4497 948 4511 972 ,
4543 915 4596 960 ct
4639 906 4846 959 remisit
4891 903 4954 958 ad
5002 902 5225 956 Pilatum

3659 1007 3851 1077 (iLid.).
3883 1023 3901 1056 ι
3940 1004 4075 1056 Ecce
4119 1017 4276 1070 quem
4308 1000 4490 1068 vulpes
4535 999 4619 1052 illa
4658 999 4922 1053 malitiosa
4957 997 5228 1053 desidera-

3658 1107 3810 1149 vera:
3835 1135 3848 1157 ,
3896 1093 4096 1165 sprevit
4144 1112 4157 1146 :
4205 1109 4363 1162 quem
4402 1092 4586 1145 videre
4623 1091 4905 1160 cupiebat,
4944 1090 5133 1150 illusit;
5175 1096 5230 1142 et

3657 1195 3781 1261 quia
3817 1194 3976 1244 vitam
4011 1206 4113 1243 non
4160 1203 4256 1258 pro
4287 1188 4493 1239 vivendi
4529 1202 4710 1240 amore
4738 1183 5012 1253 quaesivit,
5045 1180 5228 1236 remit—

3659 1289 3778 1334 tens
3820 1296 3941 1333 rum
3985 1278 4049 1332 ad
4084 1277 4311 1332 Pilatum
4344 1316 4358 1341 ,
4400 1277 4452 1329 in
4488 1275 4777 1344 impietatis
4799 1289 4911 1328 sua:
4939 1281 5109 1326 morte
5143 1282 5230 1324 rc-

3661 1374 3877 1428 mansit.

4218 1460 4300 1514 CA
4313 1460 4442 1514 PUT
4482 1459 4691 1514 XXVII.

3735 1553 3802 1605 ι’(
3835 1555 4116 1606 monac/tus
4154 1569 4205 1602 se
4236 1570 4265 1602 (ι
4297 1551 4477 1602 miunli
4517 1550 4863 1617 implicatione
4891 1547 5162 1603 custodiat.

3734 1647 3984 1712 Quisquis
4012 1658 4138 1706 ergo
4172 1644 4219 1694 in
4250 1642 4523 1709 procinctu
4551 1640 4788 1692 cmlestis
4816 1639 5015 1692 militiae
5033 1638 5238 1707 positus

3665 1739 3729 1790 ad
3771 1752 4011 1802 superna:
4055 1735 4242 1802 patriae
4293 1731 4636 1798 municipium
4689 1737 4979 1798 prrperat,
5030 1727 5238 1781 studeat

3665 1826 3802 1879 male
3829 1825 4145 1878 blaml'cutis
4172 1822 4350 1874 mundi
4378 1819 4636 1887 promissa
4661 1834 4929 1886 respuere,
4955 1815 5240 1869 abhorreat

3619 1909 3636 1962 ἲ
3667 1934 3723 1969 se
3753 1918 3849 1969 sub
3881 1917 4115 1982 qualibet
4152 1914 4329 1980 specie
4358 1912 4626 1965 actionum
4673 1909 5007 1964 satcularium
5040 1905 5242 1973 laqueis

3668 2009 3899 2062 irretire.
3962 2004 4132 2057 liabet
4187 2005 4494 2070 deputatum
4551 2001 4648 2054 sibi
4699 2000 4926 2069 propria!
4970 1996 5242 2051 servitutis

3669 2099 3894 2150 oliicium
3930 2115 3939 2146 :
3980 2096 4223 2148 sullicere
4270 2094 4368 2146 sibi
4418 2091 4621 2154 credat,
4656 2092 4696 2144 si
4733 2091 4942 2143 indictae
4984 2087 5082 2141 sibi
5113 2087 5240 2139 obe-

3671 2187 3881 2240 dientim
3914 2186 4280 2253 praescriptum
4318 2198 4508 2235 munus
4538 2182 4703 2248 p0ssit
4733 2180 4971 2248 implere.
5011 2176 5139 2231 Illud
5173 2178 5239 2228 ad

3671 2279 3984 2332 memoriam
4016 2284 4225 2327 revocet
4262 2273 4400 2340 quod
4439 2274 4697 2340 scriptum
4727 2280 4803 2323 est
4839 2287 4850 2321 :
4884 2288 4902 2319 ι
4934 2267 5072 2321 Cave
5099 2280 5162 2319 ne
5189 2267 5250 2317 in.

3672 2369 3850 2420 multis
3883 2368 3989 2419 sint
4025 2376 4175 2418 actus
4206 2365 4276 2416 tui
4313 2363 4503 2431 (iiccli.
4532 2362 4627 2430 χι).
4655 2379 4672 2412 ι
4706 2357 5059 2412 Sa-cnlaribus
5084 2355 5251 2409 relin-

3669 2468 3866 2526 quatur
3902 2454 4176 2508 swcularia
4214 2453 4334 2520 jura
4379 2465 4721 2520 componere.
4773 2449 4915 2502 Satis
4964 2448 5034 2500 sit
5076 2446 5248 2500 servis

3671 2551 3763 2603 Dei
3796 2548 4032 2616 perituro
4063 2545 4185 2598 huic
4211 2544 4408 2596 mundo
4439 2557 4496 2595 se.
4527 2550 4768 2594 mortuos
4792 2536 5066 2592 exhibere.
5098 2534 5246 2588 Sicut

3671 2641 3812 2694 enim
3843 2637 4130 2691 absurdum
4157 2643 4239 2688 est
4262 2676 4274 2692 ,
4304 2633 4457 2686 bonis
4485 2631 4619 2685 mala
4653 2630 4935 2699 prteterre;
4975 2626 5043 2678 ita
5085 2625 5245 2678 etiam

3673 2730 3915 2788 fatuum,
3967 2728 4225 2795 Optimum
4281 2725 4421 2778 bono
4471 2722 4693 2775 inferius
4737 2719 5002 2788 judicare.
5057 2715 5248 2778 Maria,

3671 2820 3793 2888 quia
3832 2819 4086 2886 optimam
4127 2825 4334 2884 partem
4363 2815 4541 2881 elegit,
4573 2812 4815 2867 sufﬁcere
4854 2809 4951 2863 sibi
4986 2807 5243 2870 credidit;

3674 2924 3769 2961 nec
3798 2924 3853 2961 se
3894 2908 3956 2959 ad
3987 2906 4126 2958 bona
4159 2905 4398 2965 Martbze,
4433 2905 4683 2970 frequens
4728 2900 4974 2954 videlicet
5009 2898 5250 2951 ministe-

3676 2996 3854 3057 rium,
3889 2994 4165 3047 reclinavit
4188 2991 4336 3061 (an.
4375 2995 4450 3059 χ).
4502 2992 4726 3060 Moyses,
4769 2990 4891 3058 quia
4922 2988 4988 3041 ab
5018 2987 5248 3040 humana

3676 3085 4083 3139 conversatione
4119 3092 4358 3136 remotus
4386 3123 4399 3145 ,
4445 3082 4527 3133 bis
4574 3076 5000 3147 quadragenario
5044 3076 5250 3130 dierum

3680 3189 3902 3227 numero
3945 3172 4205 3242 jejunavit
4233 3212 4245 3234 ,
4296 3173 4377 3224 bis
4420 3172 4581 3224 etiam
4623 3169 4788 3236 legem
4835 3165 5042 3220 Domini
5086 3165 5252 3234 digito

3680 3266 3932 3334 scriptam
3965 3263 4236 3329 suscipere
4268 3260 4464 3313 meruit
4503 3258 4699 3324 (Exod.
4728 3256 4914 3324 xxxv);
4954 3253 5129 3308 Aaron
5159 3267 5253 3305 au-

3679 3362 3785 3407 tem
3811 3393 3823 3412 .
3851 3353 3939 3419 qui
3975 3352 4039 3404 ad
4069 3350 4366 3403 custodiam
4396 3346 4571 3417 populi
4600 3346 4886 3402 derelictus
4911 3352 5027 3411 est,
5058 3355 5254 3412 cogno-

3679 3445 3845 3500 scitur
3876 3442 4014 3496 idola
4052 3440 4344 3493 fabricatus
4376 3436 4571 3506 (Exod.
4601 3437 4798 3504 xxxtt).

3750 3534 3838 3587 Sic
3887 3533 4179 3595 nimirum,
4230 3531 4307 3583 sic
4350 3528 4663 3597 plerumque
4711 3525 5007 3594 contingit,
5055 3532 5114 3577 ut
5157 3521 5251 3591 qui

3677 3622 3890 3691 propria
3938 3635 4046 3675 non
4101 3628 4424 3679 contentus,
4481 3616 4667 3670 alienae
4715 3614 5052 3684 progreditur
5094 3611 5254 3665 saluti

3680 3711 3990 3772 consulere,
4023 3709 4103 3762 sui
4146 3709 4323 3776 potius
4360 3715 4583 3774 cogatur
4611 3703 4903 3773 periculum
4947 3703 5250 3763 sustinere;

3681 3815 3909 3868 cumque
3941 3800 4053 3862 alii,
4083 3797 4225 3851 velut
4267 3797 4404 3849 inter
4436 3793 4724 3864 procellosa
4758 3791 5033 3861 naufragia
5079 3790 5252 3859 palpi-

3684 3891 3854 3952 tanti,
3901 3902 4117 3940 manum
4163 3885 4424 3953 porrigit,
4478 3883 4646 3951 ipsum
4688 3895 4898 3951 quoque
4927 3880 5252 3948 pmcipitem

3680 3996 3843 4034 vorax
3873 3978 4064 4033 fluctus
4093 3977 4330 4030 involvit.
4358 3976 4546 4029 Tutius
4573 3988 4700 4040 ergo
4727 3982 4808 4026 cst
4830 3973 4927 4025 sub
4951 3969 5105 4036 hujus
5131 3971 5253 4022 vita:

3681 4081 3941 4127 nocturna
3971 4068 4196 4137 caligine
4216 4108 4229 4131 ,
4264 4082 4360 4118 nos
4386 4065 4545 4133 272
4574 4065 4624 4116 in
4668 4064 4844 4116 littore
4871 4060 5073 4129 positos
5115 4076 5250 4112 nau-

3684 4160 4017 4229 fragantibus
4048 4157 4222 4209 lumen
4267 4157 4533 4224 ingerere.
4571 4167 4731 4218 quam
4771 4151 4836 4203 ad
4878 4165 4968 4203 eos
5006 4163 5250 4215 compos-

3686 4251 3850 4305 sionis
3881 4249 4050 4318 gratia
4079 4261 4197 4300 cum
4232 4245 4458 4313 propria!
4497 4243 4621 4296 vitm
4659 4241 4892 4311 periculo
4919 4247 5204 4309 'pcrnatare
5234 4258 5247 4299 ;

3685 4349 3949 4408 quatenus
3995 4337 4091 4404 ipsi
4147 4349 4244 4402 per
4290 4348 4387 4387 nos
4436 4333 4561 4386 dato
4611 4331 4745 4385 recti
4795 4343 4983 4383 cursus
5031 4327 5247 4390 indicio,

3687 4432 3861 4483 sinum
3890 4427 3985 4480 tuti
4016 4433 4199 4494 portus
4229 4424 4524 4492 attingant,
4547 4437 4653 4474 non
4693 4429 4870 4474 autem
4917 4433 5013 4472 nos
5056 4417 5122 4470 ad
5157 4432 5250 4473 eos

3690 4517 4101 4572 transfretantes
4124 4528 4320 4581 vorago
4348 4511 4580 4580 spumosi
4631 4509 4794 4563 maris
4838 4509 5141 4563 absorbent.
5189 4508 5246 4561 In

2021 4609 2233 4673 timori,
2279 4624 2514 4678 przesens
2556 4617 2732 4663 autem
2760 4611 2968 4663 videtur
3005 4609 3294 4676 despectui.
3342 4581 3490 4675 Quod
3535 4617 3589 4662 et
3615 4581 3664 4639 θ
3690 4607 3889 4660 vertice
3924 4605 4121 4659 montis
4151 4602 4431 4670 Raphidim
4464 4600 4670 4669 Moyses
4693 4600 4898 4661 orabat,
4925 4609 4977 4653 et
5007 4597 5140 4652 duce
5161 4596 5250 4650 Jo-

2026 4697 2310 4765 Apostolus
2357 4699 2569 4752 sil-imet
2624 4700 2908 4768 contigisse
2962 4709 3226 4765 testatur,
3275 4716 3394 4754 cum
3444 4700 3521 4754 ait
3571 4719 3583 4753 :

2033 4807 2051 4836 ι
2081 4786 2327 4855 Epistolze
2359 4803 2546 4856 graves
2576 4798 2732 4847 sunt.
2773 4799 2823 4843 et
2856 4789 3051 4853 Fortes,
3083 4791 3364 4858 praesentia
3410 4801 3590 4844 autem

2028 4877 2267 4944 corporis
2289 4877 2517 4940 infirma,
2539 4887 2593 4931 et
2611 4894 2785 4933 sermo
2806 4881 3220 4949 contemptibilis
3239 4881 3288 4950 (1
3295 4879 3321 4933 Ι
3341 4881 3461 4935 Cor.
3479 4884 3584 4950 x)»

2032 4965 2176 5030 Quos
2212 4967 2351 5018 enim
2382 4967 2734 5034 Epistolarqu
2765 4969 3076 5023 fortitudine
3110 4980 3163 5025 et
3189 4972 3450 5041 gravitate
3481 4983 3588 5025 ter-

2030 5063 2247 5113 ruerat.
2282 5056 2364 5109 his
2389 5058 2649 5125 corporali
2687 5062 2965 5128 praesentia
2995 5063 3338 5131 despicabilis
3369 5079 3591 5131 appare-

2034 5146 2142 5198 hat.
2176 5143 2310 5209 Quid
2355 5147 2529 5200 autem
2577 5149 2802 5214 mirum,
2847 5151 2889 5204 si
2929 5149 3089 5217 justis
3117 5153 3242 5220 quib
3264 5152 3436 5207 nl'bet
3463 5154 3591 5207 viris

2034 5236 2134 5289 isra
2166 5236 2508 5304 contingant,
2543 5252 2659 5290 cum
2705 5248 2763 5292 et
2804 5239 2867 5292 de
2913 5242 3026 5309 ipso
3064 5241 3350 5295 electorum
3396 5245 3588 5309 Cﬂj‘iEC,

2035 5325 2391 5392 lledcmptore
2436 5326 2680 5380 videlicet
2731 5337 2954 5392 nostro,
3007 5344 3111 5383 non
3163 5331 3415 5384 dissimile
3466 5332 3612 5398 quid»

2035 5415 2341 5482 evangelica
2387 5417 2553 5469 series
2590 5419 2828 5470 asserat?
2864 5437 2880 5467 ι
2909 5418 3144 5474 Herodes
3167 5461 3180 5483 ,
3227 5420 3397 5488 inquit
3422 5461 3435 5484 ,
3480 5422 3594 5473 viso

2036 5502 2187 5564 Jcsn,
2221 5505 2432 5572 gavisus
2461 5517 2540 5560 est
2569 5506 2749 5572 valde;
2783 5518 2897 5562 erat
2925 5509 3064 5562 enim
3093 5510 3308 5580 cupiens
3339 5528 3398 5565 ex
3432 5511 3598 5564 multo

2041 5601 2280 5661 tempore
2306 5594 2486 5649 videre
2508 5612 2650 5659 eum,
2677 5613 2742 5651 eo
2778 5599 2916 5666 quod
2943 5599 3182 5652 audierat
3221 5601 3384 5654 multa
3418 5601 3479 5653 de
3513 5600 3601 5652 illo

2043 5679 2192 5750 (Luc.
2225 5684 2401 5748 χχιιι).
2431 5703 2449 5735 ι
2489 5685 2589 5738 Sed
2617 5685 2886 5740 videamus
2915 5688 3017 5741 hoc
3045 5697 3149 5739 tam
3188 5703 3458 5756 maguum,
3495 5698 3600 5741 tam

2047 5772 2347 5827 diuturnum
2378 5775 2697 5829 desiderium
2723 5816 2734 5842 ,
2766 5779 2904 5845 quod
2935 5779 2986 5832 in
3020 5777 3290 5834 absentem
3321 5777 3601 5832 Dominum

3689 4713 3805 4771 sue,
3836 4696 3996 4750 Israel
4048 4695 4098 4746 in
4130 4693 4368 4747 convalle
4407 4691 4697 4761 pugnabat.
4730 4689 4832 4743 Sed
4867 4690 4910 4742 si
4954 4688 5160 4758 Moyses
5197 4688 5248 4740 in

3693 4785 4014 4855 adjutorium
4058 4782 4234 4852 populi
4282 4781 4360 4833 sui
4410 4781 4473 4832 ad
4519 4780 4835 4848 campestria
4872 4777 5246 4837 descendisset,

3691 4877 3943 4932 Amalech
3976 4874 4158 4944 procul
4191 4874 4348 4927 dubio
4380 4872 4737 4926 lsraelitarum
4769 4871 5079 4925 etedentium
5104 4878 5250 4938 terga

3691 4976 4013 5040 percuteret.
4066 4967 4120 5020 Si
4167 4965 4252 5018 ille
4291 4979 4478 5018 manus
4513 4963 4578 5016 ad
4610 4962 4941 5030 corripienda
4972 4974 5114 5013 arma
5161 4960 5253 5013 de-

3695 5068 3953 5131 poneret,
4004 5057 4141 5111 facta
4193 5070 4411 5109 suorum
4461 5063 4676 5121 strage,
4722 5052 4931 5106 facilem
4976 5050 5252 5104 victoriam

3697 5148 4018 5203 adversariis
4062 5144 4514 5219 triumphantibus
4553 5141 4879 5211 prtehuisset.
4918 5138 5064 5204 Quod
5095 5137 5254 5191 nimi-

3696 5255 3815 5294 rum
3854 5247 4096 5306 patenter
4124 5235 4447 5304 agnoscitur,
4481 5233 4524 5286 si
4571 5235 4680 5300 ipsa
4711 5247 4875 5286 sacrae
4904 5229 5135 5284 historia:
5178 5242 5261 5281 se—

3698 5328 3806 5380 ries
3834 5327 4100 5381 subtiliter
4131 5324 4436 5378 attendatur
4463 5362 4476 5386 ,
4515 5321 4602 5373 ubi
4644 5320 4834 5373 dicitur
4863 5336 4876 5370 ;
4911 5337 4928 5369 ι
4955 5316 5085 5382 Quia
5134 5331 5256 5369 cum

3698 5417 3897 5470 levaret
3939 5415 4145 5485 Moyses
4182 5428 4370 5466 manus
4395 5452 4409 5475 ,
4449 5411 4693 5463 vincebat.
4734 5407 4924 5469 Israel;
4956 5406 5035 5459 sin
5079 5413 5257 5457 autem

3697 5504 3968 5576 paululum
4023 5501 4354 5563 dimisisset,
4409 5499 4698 5566 superabat
4748 5495 5000 5551 Amalech
5060 5491 5255 5561 (Exod.

3703 5595 3856 5660 xvii).
3897 5613 3913 5644 ι
3963 5592 4182 5647 Orantis
4227 5605 4353 5660 ergo
4400 5605 4628 5651 manus,
4675 5602 4861 5640 manus
4911 5582 5259 5653 privliantium

3702 5685 4062 5745 roborabant;
4102 5692 4155 5735 ct
4185 5682 4306 5751 quia
4348 5681 4462 5735 ista:
4508 5677 4744 5733 imbelles
4785 5675 4850 5729 ad
4895 5674 5082 5728 (telum
5114 5683 5264 5742 pate-

3705 5775 3855 5843 bant,
3889 5775 4085 5830 idcirco
4110 5773 4210 5828 illa:
4235 5772 4550 5828 dimicantes
4570 5769 4842 5824 victoriam
4861 5767 5010 5821 cmsis
5027 5763 5279 5828 hostibus,
