5514 6524
530 380 624 434 281
1218 376 1219 379 “
1513 377 1754 435 ΟΡΕΞΟ.
1799 376 1911 432 XII.
1944 406 2014 416 ——
2046 375 2133 429 DE
2173 374 2596 433 CONTEMPTU
2636 377 2929 434 SJECULI.

3716 376 3826 431 Q82

531 493 868 548 obtinebant.
905 489 1120 545 Illarum
1150 492 1367 561 quidem
1398 490 1496 546 fuit
1526 507 1727 563 pugna,
1758 491 1851 545 sed
1897 491 2122 545 istarum
2156 488 2203 546 Α
2232 486 2405 541 stolus
2460 470 2703 559 gentium
2734 530 2747 551 ,
2807 489 3167 544 ministerium
3222 505 3403 544 meum
3452 488 3827 544 honorificabo

534 600 639 638 non
683 584 977 650 ambigitur
1005 582 1173 638 fuisse
1196 584 1459 645 victoria;
1509 584 1633 653 quia
1668 592 1724 640 ut
1770 582 1879 636 illis
1906 580 2130 635 daretur

533 674 791 735 vincere,
842 674 959 728 ista:
1018 682 1333 728 meruerunt
1380 675 1639 729 divinitus
1690 674 2001 742 impetrare.
2058 672 2130 726 At

533 772 745 829 contra,
771 764 987 818 Balaam
1020 763 1162 818 filius
1190 764 1349 831 Bcor,
1378 766 1467 834 qui
1498 767 1564 820 ad
1590 765 1830 833 praelium
1858 780 1981 820 cum
2020 764 2130 818 Ma-

534 858 753 912 dianitis
785 856 1087 925 egreditur,
1122 873 1243 911 cum
1276 858 1392 924 his,
1420 873 1555 928 quos
1589 857 1837 928 jugulare
1868 858 2129 921 δοεηνερ

535 954 639 1009 rat,
671 946 845 1013 gladio
875 946 1174 1001 trucidatur
1198 947 1389 1016 (Num.
1416 950 1591 1017 aut);
1625 948 1691 1001 Et
1712 948 1857 1017 jure,
1887 950 1977 1018 qui
2006 963 2131 1018 pro-

532 1034 654 1105 prio
694 1050 796 1088 non
838 1044 924 1091 est
967 1046 1255 1091 contentus
1300 1036 1503 1104 ofﬁcio,
1540 1039 1839 1094 discrimini
1887 1039 2129 1093 redditur

533 1128 799 1184 obnoxius
829 1130 1024 1185 alieno.
1060 1132 1247 1188 Infelix
1286 1136 1484 1188 meruit
1523 1137 1665 1190 inter
1693 1135 2007 1191 bellantium
2035 1152 2127 1191 eu-

534 1232 669 1272 neos
707 1219 988 1276 hostilibus
1024 1220 1217 1293 gladiis
1254 1222 1539 1279 confossus
1569 1226 1908 1289 occumbere,
1942 1210 2125 1299 quiin

531 1323 668 1378 pace
710 1311 917 1379 positus
963 1328 1057 1383 per
1102 1315 1400 1384 prophetia:
1447 1318 1727 1373 oraculum
1787 1318 1955 1389 ipsius
1998 1318 2125 1373 belli

531 1400 797 1468 potuisset
832 1402 1039 1458 exitum
1080 1407 1414 1461 renuntiare.

1083 1494 1310 1550 CAPUT
1349 1497 1585 1552 XXVIII.

804 1579 881 1634 De
918 1581 1182 1649 libertate,
1223 1596 1271 1638 et
1311 1588 1624 1649 discretione
1667 1586 1846 1642 Elisei.

603 1666 960 1738 Nequaquam,
986 1673 1063 1728 sic
1105 1674 1311 1729 Eliseus
1337 1717 1349 1739 ,
1394 1678 1484 1744 qui
1529 1678 1784 1731 nimirum
1826 1675 2006 1731 Joram
2040 1692 2125 1733 re—

530 1772 652 1823 gem
676 1758 837 1812 Israel
868 1762 1126 1817 adversus
1146 1765 1300 1819 Moab
1327 1780 1723 1835 preperautem,
1759 1785 1863 1823 non
1888 1770 1953 1823 ad
1983 1770 2119 1824 bella

531 1858 753 1904 secutus
781 1860 896 1916 est,
938 1856 1031 1907 sed
1079 1864 1286 1909 tantum
1319 1833 1565 1913 salii-cere
1610 1860 1859 1924 credidit,
1891 1862 2034 1929 quod
2072 1862 2118 1915 ei
2155 1833 2196 1890 Β

529 1956 838 1997 successum
859 1935 980 1999 belli
1010 1956 1063 2000 et
1085 1949 1390 2005 adfuturam
1418 1953 1651 2007 concisis
1677 1954 1923 2009 hostibus
1953 1955 2121 2009 victo-

530 2034 670 2086 riam
720 2037 969 2103 prredixit
997 2039 1105 2105 (IV
1132 2040 1260 2111 Reg.
1290 2046 1395 2103 ιιι).
1444 2044 1548 2099 Sed
1582 2060 1681 2100 cur
1712 2047 1963 2111 dicimus,
1996 2050 2120 2117 quia

530 2126 870 2195 ne‘qnaquam
903 2129 954 2183 io
986 2132 1225 2199 praelium
1256 2137 1400 2203 rcg'a
1430 2144 1605 2189 castra
1636 2148 1855 2193 secutus
1882 2139 1973 2202 sit,
1999 2155 2119 2193 cum

528 2221 583 2265 et
632 2212 869 2268 Naaman
917 2218 983 2271 de
1031 2221 1250 2275 remotis
1294 2221 1465 2293 Syria:
1515 2222 1712 2279 ftnfhus
1754 2227 2024 2292 veniente,
2068 2236 2123 2283 et

528 2302 670 2357 ostio
702 2305 893 2360 domus
922 2322 1033 2363 suae
1062 2324 1182 2364 cum
1219 2314 1374 2382 equis
1399 2354 1412 2376 ,
1460 2324 1514 2368 et
1556 2317 1807 2370 curribus
1847 2318 2124 2373 humiliter

529 2390 848 2454 assistente,
879 2409 985 2447 non
1017 2396 1177 2451 limen
1207 2401 1388 2469 egredi
1419 2402 1637 2471 dignum
1672 2405 1859 2469 duxit,
1899 2422 2003 2461 non
2038 2406 2123 2475 ja-

527 2497 690 2535 uuam
723 2492 779 2536 ut
808 2484 1177 2554 ingrede'etur
1205 2494 1413 2560 aperuit
1446 2511 1459 2546 :
1490 2495 1583 2548 sed
1619 2510 1716 2563 per
1746 2497 1995 2552 nuntium
2027 2514 2122 2569 po-

528 2571 637 2624 tius
667 2588 784 2640 quze
825 2575 1023 2630 fuerint
1057 2579 1324 2647 facienda,
1353 2585 1671 2639 mandavit?
1708 2588 1775 2643 Et
1806 2599 1952 2645 certe
1983 2591 2121 2645 Naa-

526 2676 655 2715 man
698 2665 781 2717 isti
820 2668 1096 2737 multiplex
1146 2674 1539 2731 mundanarum
1571 2680 1754 2735 dolum
1802 2688 2121 2753 suppetebat

525 2753 706 2822 copia,
730 2758 923 2824 quibus
951 2759 1299 2839 honorandus
1325 2782 1444 2822 esse
1469 2770 1758 2828 videretur.
1794 2774 1945 2830 Sicut
1974 2779 2117 2833 enim

525 2852 759 2900 testatur
785 2848 1003 2904 historia
1029 2869 1041 2905 :
1075 2872 1092 2903 ε
1124 2854 1379 2925 Princeps
1408 2870 1526 2914 erat
1551 2863 1774 2927 militia),
1800 2868 1883 2919 vir
1906 2884 2120 2941 quoque

527 2951 758 3030 magnus
782 2941 920 3010 apud
948 2944 1220 3000 dom'num
1251 2964 1407 3004 suum
1429 2993 1442 3016 ,
1472 2961 1526 3006 ct
1550 2955 1844 3012 honoratus
1874 2960 2067 3030 (ibid).
2096 2982 2112 3011 ι

526 3024 630 3080 Per
655 3026 799 3081 illum
831 3032 975 3085 enim
1013 3035 1158 3090 dedit
1186 3036 1443 3095 Dominus
1484 3044 1711 3099 salutem
1757 3046 1944 3117 Syrius.
1990 3024 2119 3104 Erat

524 3118 768 3185 insuper,
802 3122 945 3176 sicut
984 3126 1244 3194 scriptum
1287 3139 1397 3194 est,
1440 3133 1525 3185 vir
1569 3133 1726 3190 fortis
1764 3150 1817 3191 ct
1857 3138 2027 3193 dives.
2060 3141 2113 3195 In

523 3205 643 3273 ipsa
698 3210 861 3263 etiam
908 3216 1247 3280 expeditione
1296 3221 1537 3287 positus,
1592 3226 1907 3281 substantiae
1951 3229 2117 3284 facul-

524 3305 637 3350 tate
672 3312 775 3352 nou
807 3294 931 3353 erat
962 3304 1183 3358 omnino
1211 3322 1433 3364 vacuus.
1465 3308 1685 3366 Tulerat
1727 3315 1869 3369 enim
1908 3331 2116 3380 secum,

520 3386 671 3439 sicut
717 3386 944 3455 legitur,
983 3391 1167 3447 decem
1215 3395 1413 3451 talenta
1458 3401 1711 3467 argenti,
1756 3411 1809 3456 et
1848 3418 1941 3458 sex
1973 3405 2117 3459 mille

522 3493 761 3542 aureos,
810 3482 995 3536 decem
1041 3485 1391 3543 nihilominus
1432 3493 1724 3546 mutatoria
1766 3494 2117 3559 vestimento-

523 3587 645 3627 rrm
684 3591 696 3603 ·
733 3589 850 3643 quze
897 3578 1000 3631 ctsi
1047 3578 1345 3646 cuiusmodi
1392 3581 1633 3648 fuerint,
1686 3586 1965 3656 Scriptura
2010 3605 2115 3643 non

520 3664 711 3727 dicat,
770 3666 1024 3735 gravibus
1076 3678 1251 3725 tamen
1315 3673 1476 3736 auri,
1537 3677 1855 3746 argentique
1914 3694 2117 3732 connu-

519 3764 735 3808 merata
784 3757 1107 3825 ponderibus
1153 3764 1391 3829 pretiosa
1443 3764 1607 3819 fuisse
1657 3768 1778 3834 quis
1837 3768 2117 3839 ambigat?

518 3846 720 3911 Quanti
750 3859 873 3903 sunt
901 3851 1058 3905 hodie
1085 3853 1173 3921 qui
1194 3857 1505 3911 monastica:
1530 3858 1883 3913 institutionis
1907 3860 2114 3929 profes-

516 3939 680 3994 sione
703 3950 1010 4001 censentur.
1039 3946 1233 4014 quibus
1269 3949 1312 4002 si
1340 3958 1445 4001 tam
1462 3960 1676 4018 potens,
1703 3963 1918 4022 tamque
1944 3953 2113 4010 famo-

516 4042 612 4080 sus
653 4029 742 4082 vir
778 4045 874 4098 pro
910 4033 1116 4089 foribus
1143 4036 1754 4107 dignaretnrassistcre,
1782 4058 1905 4097 mox
1945 4046 2111 4098 etiam

515 4118 691 4188 273
739 4118 1054 4177 festinantes
1114 4141 1425 4182 reverenter
1476 4143 1866 4197 occurrerent,
1923 4144 1980 4187 ut
2034 4137 2107 4189 in-

513 4210 865 4298 grederetur
897 4212 1172 4268 humiliter
1206 4217 1582 4285 obsecrarcnt,
1626 4230 1682 4275 et
1712 4237 1815 4277 non
1857 4232 1963 4276 tam
1984 4240 2113 4294 qua:

514 4299 733 4354 utiliter
756 4301 1134 4371 implerentur,
1163 4323 1327 4377 quam
1356 4326 1476 4380 qum
1506 4312 1737 4368 libenter
1770 4316 2107 4379 audirentur,

514 4391 909 4447 assentationis
940 4394 1101 4449 verba
1134 4398 1476 4465 proferrent?
1518 4401 1615 4467 Qui
1655 4404 1819 4456 etiam
1853 4406 1895 4457 si
1929 4413 2107 4460 tanto-

2234 578 2412 649 (Rom.
2474 581 2608 651 κὴ.»
2680 579 2931 648 Nunquid
2986 582 3131 635 enim
3187 580 3436 635 minister
3504 580 3829 635 humilitatis

2230 672 2627 727 existimandus
2652 682 2755 738 est,
2790 672 3033 729 Naaman
3075 674 3309 743 superbe
3341 672 3523 727 ﬁxisse
3550 686 3652 741 pro
3698 670 3829 725 fori-

2230 760 2350 823 bus,
2385 762 2475 831 qui
2510 761 2575 816 de
2616 772 2800 816 monte
2832 761 3067 817 Carmeli
3121 763 3175 817 in
3213 776 3321 832 quo
3370 763 3655 825 manebat,
3690 776 3717 812 a
3750 760 3829 814 fe-

2230 853 2377 906 mina
2407 869 2466 908 se
2492 868 2685 923 passus
2716 863 2799 909 est
2846 854 3114 925 pertrahi,
3171 864 3227 909 et
3285 853 3624 908 Sunamitem
3677 850 3827 906 illam

2208 958 2334 997 non
2362 944 2539 999 solum
2569 946 2882 1010 comitatus,
2934 960 3124 999 verum
3178 944 3402 1013 insuper
3446 952 3527 997 est
3568 938 3829 996 secutus?

2228 1032 2361 1087 Nam
2391 1049 2514 1089 cum
2566 1034 2654 1087 illa
2691 1034 2898 1090 diceret
2939 1033 3047 1105 (ιγ
3080 1032 3207 1103 Reg.
3242 1033 3315 1105 tv)
3348 1051 3360 1087 :
3410 1051 3429 1085 ε
3453 1032 3601 1087 Vivit
3644 1030 3828 1086 Domi-

2228 1140 2350 1189 nus,
2398 1133 2453 1179 ct
2490 1126 2621 1179 vivit
2656 1127 2835 1180 anima
2871 1134 2983 1189 tua,
3040 1141 3147 1181 non
3179 1125 3448 1180 dimittam
3499 1132 3586 1188 te;
3636 1143 3654 1174 ι
3700 1137 3829 1177 mox

2228 1218 2475 1285 sequitur
2506 1214 2790 1285 Scriptura
2820 1257 2835 1281 ,
2892 1216 3083 1275 dicens
3109 1233 3123 1269 :
3180 1233 3198 1266 ι
3221 1214 3493 1277 Surrexit,
3524 1220 3579 1269 et
3606 1222 3829 1268 secutus

2228 1315 2312 1360 est
2360 1294 2537 1359 eam.»
2591 1304 2845 1375 Nunquid
2892 1309 3058 1360 etiam
3093 1306 3312 1375 copiosa
3357 1317 3583 1359 munera
3636 1300 3828 1356 tumidi

2230 1394 2402 1449 fastus
2456 1395 2748 1465 supercilio
2784 1397 3012 1464 respuit,
3070 1398 3162 1467 qui
3224 1410 3253 1449 a
3301 1394 3420 1449 viro
3476 1393 3710 1463 quodam
3761 1393 3829 1447 de

2225 1488 2487 1543 Balsalisa
2516 1489 2789 1555 veniente,
2839 1490 2975 1543 viles
3010 1489 3347 1543 bordeaceos
3378 1500 3549 1558 panes
3588 1484 3828 1540 charita-

2230 1582 2337 1635 live
2364 1582 2639 1650 suscipere
2670 1598 2780 1636 non
2811 1582 3098 1651 despexit?

2300 1671 2406 1725 Sed
2454 1672 2542 1725 hic
2572 1672 2699 1726 dum
2740 1672 3019 1741 prephcta:
3067 1671 3439 1731 obstaculum,
3492 1683 3559 1724 ne
3603 1666 3828 1722 tumida

2227 1762 2476 1816 elationis
2508 1771 2771 1830 arguatur
2795 1803 2808 1825 ,
2841 1762 3189 1831 apponintus,
3223 1763 3274 1814 in
3306 1760 3669 1829 nosmetipsos
3690 1773 3827 1812 exa-

2227 1852 2412 1907 ctoria:
2465 1852 2782 1921 qumstionis
2829 1852 3035 1905 aditum
3085 1852 3381 1920 aperimus.
3442 1850 3626 1904 Potest
3678 1848 3827 1902 enim

2229 1945 2489 1998 adversus
2516 1944 2632 1998 htt‘c
2659 1960 2780 2014 qua:
2824 1944 3201 2013 preponimus,
3241 1946 3471 2013 quaestio
3514 1940 3826 2011 huiusmodi

2229 2034 2385 2089 fieri:
2431 2036 2486 2089 Si
2540 2044 2725 2090 tantus
2770 2037 3072 2106 propheta,
3131 2045 3181 2089 et
3234 2052 3405 2105 panes
3456 2036 3523 2090 de
3576 2035 3828 2089 manibus

2226 2126 2508 2183 offerentis
2552 2126 2765 2198 accepit
2792 2168 2807 2191 ,
2846 2138 2901 2182 et
2929 2128 3081 2181 exire
3108 2126 3172 2181 de
3199 2142 3384 2181 eremo
3426 2125 3659 2180 feminea
3690 2140 3823 2194 sup-

2226 2219 2515 2289 plicatione
2561 2220 2877 2284 consensit;
2927 2234 3032 2288 qua
3076 2218 3288 2272 ratione
3337 2218 3682 2281 monachus,
3738 2215 3825 2269 vel

2225 2310 2481 2364 sarculum
2506 2310 2852 2378 frequentare
2883 2325 2989 2362 non
3023 2310 3240 2373 audeat,
3281 2308 3366 2362 vel
3397 2308 3675 2376 suscipere
3706 2322 3827 2360 mu-

2225 2411 2355 2454 nera
2388 2400 2658 2455 dillicilius
2685 2400 3032 2469 acquiescat?
3080 2400 3163 2454 Ad
3212 2400 3355 2468 quod
3400 2414 3499 2453 nos
3532 2398 3632 2453 sub
3674 2412 3825 2452 com-

2224 2491 2419 2558 pendio
2468 2491 2895 2560 respondentes,
2948 2504 3293 2559 nequaquam
3339 2489 3469 2558 quid
3522 2487 3820 2559 accipiendi

2225 2583 2498 2637 licentiam
2543 2584 2810 2637 monacho
2856 2592 3105 2652 prorsus’
3128 2582 3483 2646 abscidimus,
3509 2580 3603 2635 sed
3631 2579 3818 2648 quo'id

2225 2675 2603 2743 temperatius,
2633 2684 2686 2729 et
2731 2691 2856 2730 cum
2902 2675 3232 2730 discretione
3276 2672 3387 2735 fiat,
3423 2689 3543 2728 cum
3578 2670 3820 2726 fraterna

2222 2767 2437 2821 devotio
2461 2767 2717 2837 postulat,
2750 2770 3079 2823 suademus:
3123 2767 3379 2821 nimirum
3413 2777 3469 2820 ut
3510 2764 3817 2820 necessaria

2221 2862 2640 2928 qureque,-sieut
2668 2861 2928 2931 propheta
2962 2875 3130 2928 panes
3164 2860 3361 2929 quibus
3404 2857 3698 2925 indigebat,
3728 2870 3819 2910 ac-

2222 2950 2408 3017 cipiat,
2434 2958 2490 3003 et
2514 2966 2633 3019 qua:
2660 2950 2931 3019 superﬂua
2954 2950 3303 3020 judicaverit,
3352 2949 3492 3003 sicut
3536 2946 3625 3001 ille
3655 2961 3818 3015 pecu-

2222 3043 2390 3107 niam,
2419 3059 2525 3096 non
2555 3042 2825 3096 admittat.

2294 3130 2447 3195 Quod
2494 3140 2672 3185 autem
2710 3130 2925 3184 Eliseus
2950 3130 3016 3183 ad
3048 3131 3480 3185 rcsuscitandum
3516 3126 3818 3181 Sunamitis

2170 3224 2187 3241 ‘
2222 3221 2414 3285 lilium,
2450 3222 2515 3274 de
2540 3231 2793 3275 montana
2828 3223 3130 3276 remotione
3154 3221 3455 3282 descendit,
3491 3218 3648 3286 hujus
3682 3227 3819 3271 tem-

2219 3312 2368 3378 poris
2402 3312 2682 3365 monachis
2713 3312 2893 3381 potius
2931 3320 3013 3365 est
3064 3310 3403 3365 venerationi
3458 3308 3767 3362 habendum
3800 3348 3813 3369 ,

2218 3418 2378 3470 quam
2413 3403 2755 3456 imitandum.
2788 3404 2975 3458 Liceat
3005 3420 3136 3458 sane
3163 3404 3433 3457 monacho
3463 3402 3529 3455 ad
3559 3401 3814 3454 sarculum

2219 3510 2286 3548 ex
2315 3493 2591 3547 voluntate
2617 3508 2921 3558 recurrere,
2968 3495 3185 3563 quoties
3217 3503 3491 3545 mortuum
3537 3488 3812 3543 hominem

2218 3587 2284 3638 ad
2312 3585 2478 3638 vitam
2511 3586 2749 3653 potuerit
2778 3586 3065 3639 suscitare.
3096 3584 3228 3637 Illud
3272 3598 3505 3651 namque
3532 3582 3813 3651 propheti-

2218 3691 2339 3729 cum
2372 3676 2472 3728 iter
2501 3675 2726 3729 omnino
2749 3675 3117 3744 cognoscitur,
3150 3682 3205 3727 et
3240 3674 3442 3726 virtute
3470 3672 3687 3740 plenum
3718 3686 3817 3739 per

2216 3764 2637 3819 resurrectionis
2669 3765 2921 3818 humanae
2949 3763 3296 3826 miraculum,
3342 3772 3396 3817 et
3432 3765 3670 3832 typicum
3717 3778 3815 3831 per

2217 3856 2631 3925 signiﬁcationis
2654 3855 2879 3909 interna:
2902 3856 3243 3925 mysterium.
3274 3854 3411 3921 Quid
3442 3864 3623 3907 autem
3650 3854 3816 3922 signi-

2218 3948 2340 4000 ficet
2368 3963 2471 4000 non
2505 3946 2738 4000 otiosum
2767 3947 3009 4000 creditur
3034 3987 3048 4010 ,
3094 3946 3135 3999 si
3194 3945 3435 3999 breviter
3485 3954 3806 4014 apponatur.

2218 4038 2515 4091 Sunamitis
2547 4052 2739 4105 nempe
2773 4037 2940 4090 filium
2977 4052 3112 4105 puer
3145 4035 3213 4089 ab
3242 4036 3421 4091 Eliseo
3453 4038 3650 4090 missus
3680 4051 3805 4089 cum

2216 4130 2404 4184 baculo
2463 4145 2567 4183 non
2630 4130 2973 4184 resuscitavit
3034 4147 3047 4183 :
3112 4144 3208 4198 per
3265 4130 3619 4198 semetipsum
3684 4143 3814 4181 vero

2216 4223 2428 4289 Eliseus
2478 4222 2732 4289 veniens,
2777 4237 2942 4289 seque
2990 4236 3153 4290 super
3208 4228 3480 4274 mortuum
3537 4228 3810 4280 sternens,

2216 4324 2379 4380 atque
2427 4312 2495 4365 ad
2538 4311 2659 4379 ejus
2711 4312 2953 4365 membra
2986 4326 3043 4365 se
3073 4312 3365 4381 colligens,
3420 4311 3525 4363 huc
3579 4309 3815 4378 illucque

2214 4401 2583 4465 deambulans,
2612 4410 2666 4454 et
2694 4402 2746 4454 in
2784 4418 2878 4454 ore
2906 4402 3103 4455 mortui
3135 4402 3335 4469 septies
3365 4400 3635 4468 aspirans,
3667 4400 3817 4453 hunc

511 4496 647 4550 pere
676 4495 1021 4553 rogarentur,
1047 4504 1386 4559 nequaquam
1410 4494 1684 4553 suscipere
1703 4496 1880 4549 oblata
1912 4513 2105 4552 rcuue-
2141 4526 2187 4585 π)
2216 4496 2281 4547 ad
2335 4496 2629 4549 redivivam
2676 4496 2851 4550 lucem
2882 4496 3046 4566 274
3073 4498 3320 4565 protinus
3362 4511 3459 4564 per
3490 4494 3811 4563 mysterium

512 4581 661 4636 rent,
696 4577 1002 4643 prmscrtim
1026 4579 1070 4631 si
1095 4579 1489 4647 aliquantulum
1518 4586 1859 4640 numerosior
1886 4587 2107 4643 alendo-

511 4677 635 4716 rum
671 4662 907 4720 fratrum
936 4666 1036 4722 sTbi
1068 4680 1370 4727 conventus
1412 4676 1640 4731 adesset.
1675 4678 1886 4734 Eliseus
1926 4692 2105 4735 autem

512 4754 763 4822 Spiritus
792 4758 962 4811 sancti
988 4758 1315 4829 discipulus,
1365 4780 1460 4833 spe
1489 4767 1658 4832 dives,
1696 4770 1949 4824 thesauro
1986 4774 2105 4826 fidei

512 4848 790 4917 locuples,
826 4848 952 4903 licet
979 4863 1197 4906 centum
1227 4858 1612 4926 prophetarum
1648 4859 1785 4915 filios
1812 4863 1912 4918 sub
1948 4864 2108 4918 disci-

509 4936 676 5003 plinac
710 4952 827 4992 sua:
850 4938 1161 5009 magisterio
1184 4955 1536 5013 sustentaret,
1567 4952 1849 5017 pecuniam
1881 4956 2105 5021 sprevit,

511 5042 748 5081 intmera
803 5028 1021 5097 repulit,
1066 5039 1123 5086 et
1165 5035 1421 5104 impensa:
1449 5040 1635 5108 gratiae
1666 5042 1836 5095 vicem
1867 5045 2110 5113 recipere

510 5116 871 5172 laudabiliter
902 5120 1191 5186 recusavit,
1221 5138 1287 5178 ne
1310 5125 1562 5182 videlicet
1589 5131 1731 5197 quod
1758 5132 1927 5200 gratis
1957 5148 2109 5188 accc-

508 5216 685 5273 perat,
747 5206 819 5260 ad
868 5206 1049 5265 dantis
1087 5211 1339 5282 iniuriam
1386 5220 1621 5273 vendere
1670 5221 1970 5277 videretur.
2004 5227 2110 5279 Ve.-

511 5298 685 5352 nicnti
748 5306 936 5352 autem
990 5298 1229 5357 Naaman
1282 5322 1626 5377 nequaquam
1685 5316 1956 5383 superbe,
2014 5318 2107 5372 sed

509 5390 821 5455 prudenter
849 5403 956 5444 non
988 5396 1305 5456 assurrexit.
1347 5412 1417 5451 ne
1459 5400 1713 5456 videlicet
1758 5404 2105 5475 alienigenae,

511 5490 564 5533 et
589 5482 658 5536 de
685 5490 915 5535 terrena
944 5482 1120 5537 adhuc
1157 5486 1324 5555 gloria
1367 5495 1710 5558 prtesumenti
1744 5500 2105 5554 reverentiam

508 5572 847 5626 exhiberet:
889 5570 1143 5627 nimirum
1168 5575 1280 5645 jam
1323 5585 1449 5633 tunc
1491 5584 1798 5651 apostolicae
1830 5588 2107 5655 dignitatis

512 5658 816 5733 imaginem
862 5659 1176 5731 prtcferens,
1213 5680 1372 5735 quam
1407 5669 1601 5726 Paulus
1648 5678 1985 5743 postmodum
2014 5692 2107 5731 cx-

513 5770 763 5825 pressam
799 5765 1175 5824 repnrscutat,
1217 5761 1439 5818 dicens:
1486 5765 1773 5832 «Quartum
1815 5784 1931 5825 sum
1978 5786 2105 5842 apo-

2218 4590 2613 4656 compassionis
2668 4589 2945 4642 animavit.
2997 4590 3201 4644 Auctor
3257 4590 3525 4659 siquidem
3583 4590 3809 4643 humani

2218 4679 2434 4746 generis
2468 4680 2609 4732 Deus
2637 4680 2792 4747 quasi
2838 4689 3113 4733 mortuum
3155 4695 3381 4747 puerum
3432 4678 3634 4741 doluit,
3687 4694 3810 4731 cum

2218 4771 2514 4824 cvstinctos
2544 4786 2640 4825 nos
2671 4771 2976 4838 iniquitatis
3005 4772 3194 4825 aculeo
3245 4773 3533 4826 miseratus
3574 4772 3809 4839 aspexit.

2218 4861 2285 4914 Et
2316 4862 2439 4930 quia
2468 4878 2564 4929 per
2594 4862 2810 4932 Moysen
2862 4871 3125 4917 terrorem
3170 4863 3301 4932 legis
3342 4863 3600 4932 protulit,
3652 4864 3808 4930 quasi

2220 4967 2314 5020 per
2346 4969 2567 5022 puerum
2600 4954 2805 5023 virgam
2849 4954 3015 5007 misit.
3066 4953 3170 5008 Per
3214 4954 3385 5024 legem
3436 4957 3636 5024 quippe
3664 4955 3810 5009 Deus

2214 5042 2421 5111 virgam
2461 5052 2737 5107 tenuerat,
2785 5058 2907 5096 eum
2949 5044 3206 5097 dicebat:
3270 5062 3287 5094 ι
3312 5044 3367 5098 Si
3423 5046 3546 5113 quis
3577 5046 3692 5099 haec
3724 5044 3810 5099 vel

2214 5130 2300 5184 illa
2335 5130 2546 5197 fecerit,
2578 5132 2752 5187 'mortc
2785 5134 3049 5187 moriatur
3080 5132 3275 5204 (Exod.
3309 5151 3402 5198 xx,
3434 5134 3603 5203 xm.»

2285 5222 2324 5273 A
2359 5224 2566 5289 peccati
2603 5224 2764 5293 igitur
2792 5236 2966 5278 morte
3010 5224 3096 5278 lex
3139 5241 3240 5279 nos
3271 5226 3540 5280 suscitare
3574 5241 3681 5279 non
3708 5241 3807 5278 va~

2216 5309 2333 5373 luit,
2366 5310 2456 5363 sed
2491 5312 2555 5365 ad
2584 5322 2782 5366 statum
2814 5314 2940 5367 vita:
2968 5314 3112 5368 Deus
3144 5314 3382 5383 aspirata
3430 5316 3807 5368 mansuetudi-

2214 5401 2299 5453 nis
2336 5402 2508 5468 gratia
2559 5403 2855 5457 ciemcnter
2900 5406 3095 5458 erexit.
3127 5404 3231 5459 Sed
3270 5419 3403 5473 puer
3450 5420 3572 5459 cum
3613 5406 3809 5461 bacuh»

2216 5502 2489 5548 mortuum
2520 5498 2785 5551 suscitare
2814 5513 2918 5552 non
2959 5496 3144 5562 valuit,
3178 5500 3307 5567 quia
3338 5498 3504 5551 Paulo
3535 5508 3803 5552 attestan—

2214 5596 2301 5640 tc:
2342 5588 2525 5642 tl\ihil
2578 5592 2643 5645 ad
2688 5590 2989 5660 perfectum
3035 5592 3259 5645 adduxit
3309 5592 3394 5645 Iex
3426 5590 3613 5659 (Hebr.
3650 5592 3799 5660 VII)J

2213 5680 2304 5734 Ille
2334 5691 2512 5736 autem
2539 5698 2637 5753 per
2657 5686 3009 5754 semetipsum
3036 5686 3281 5749 veniens,
3306 5694 3360 5739 ct
3388 5700 3550 5755 super
3573 5686 3806 5741 cadaver

2214 5785 2273 5827 se
2305 5772 2584 5830 humiliter
2625 5785 2897 5844 sternens,
2951 5778 3016 5833 ad
3070 5778 3401 5849 exaequanda
3452 5779 3554 5834 sibi
3604 5780 3803 5834 mortui

4722 6196 5224 6386 Δ
