5514 6650
262 44 4548 281 "——

1935 510 2040 567 285

1941 729 2048 771 non
2071 713 2311 782 rapinam
2334 709 2628 763 arbitratus
2647 716 2732 762 est
2757 721 2816 760 se
2837 719 2958 760 esse
2979 701 3235 772 aequalem
3265 698 3394 757 Deo.
3418 695 3512 749 sed

1939 805 2285 872 semetipsum
2325 797 2901 855 exinanivit‘formam
2955 796 3092 850 servi
3136 792 3429 861 accipiens,
3459 789 3511 842 in

1939 894 2344 950 similitudinem
2378 893 2652 947 hominum
2699 891 2893 953 factus,
2935 899 2990 943 et
3041 887 3225 942 habitu
3261 885 3512 937 inventus

1944 994 2000 1037 ut
2035 985 2197 1037 homo
2229 981 2448 1052 (Philip.
2477 981 2594 1049 11).)
2629 981 2742 1036 lluc
2771 981 3002 1048 illucque
3031 975 3354 1036 deambulat,
3387 974 3513 1044 quia

1942 1083 1998 1126 et
2023 1071 2260 1126 Judzeam
2302 1072 2456 1142 juxta
2494 1087 2569 1136 se,
2610 1082 2664 1126 et
2704 1072 2856 1141 longe
2885 1070 3087 1139 positas
3116 1075 3304 1137 gentes
3333 1074 3510 1119 vocat.

1948 1163 2122 1231 Super
2151 1170 2420 1216 mortuum
2451 1162 2650 1231 septies
2678 1163 2910 1229 aspirat,
2945 1157 3070 1227 quia
3117 1157 3184 1210 ad
3205 1154 3515 1225 perceptio-

1945 1267 2069 1307 nem
2110 1253 2271 1307 divini
2321 1253 2559 1307 muneris
2603 1252 2774 1322 gratia
2823 1249 3150 1320 septiformis
3196 1248 3429 1317 Spiritus
3461 1246 3513 1298 in

1945 1345 2150 1414 peccati
2197 1353 2369 1398 morte
2405 1343 2643 1412 jacentes
2690 1341 3005 1396 inﬂammat.
3061 1341 3289 1408 Moxque
3331 1340 3515 1392 vivens

1945 1433 2190 1502 erigitur,
2225 1434 2349 1501 quia
2386 1433 2450 1496 is,
2492 1446 2646 1500 quem
2675 1431 2898 1485 terroris
2925 1431 3074 1499 virga
3118 1429 3384 1483 suscitare
3411 1441 3515 1480 non

1944 1521 2138 1588 potuit,
2184 1535 2280 1588 per
2325 1519 2524 1574 amoris
2569 1519 2817 1588 spiritum
2867 1532 3004 1588 puer
3057 1517 3124 1570 ad
3167 1516 3332 1569 vitam
3379 1513 3519 1567 redit

1946 1606 2054 1677 (IV
2085 1608 2212 1678 Reg.
2254 1609 2349 1680 tv).

2016 1698 2146 1765 Quis
2173 1714 2301 1769 ergo
2330 1697 2703 1768 prOpbeticum
2745 1695 3045 1752 discursum
3079 1695 3203 1764 jure
3239 1695 3435 1748 audeat
3463 1693 3519 1747 in

1943 1787 2249 1855 exemplum
2299 1788 2552 1853 trahere,
2605 1786 2757 1855 cujus
2809 1787 3065 1838 nimirum
3115 1792 3346 1847 constat,
3395 1783 3518 1851 quia

1945 1890 2121 1944 neque
2147 1875 2420 1937 virtutem,
2472 1889 2646 1941 neque
2689 1873 3017 1947 mysterium
3050 1872 3217 1940 possit
3263 1871 3518 1938 requare?

2393 505 2450 560 S.
2483 503 2681 559 PETRI
2721 499 3000 555 DAMIANI
3040 497 3189 554 OPP.
3217 490 3452 550 TOMUS
3492 488 3621 544 SEU
3663 485 3838 540 PARS
3876 483 3963 538 ill.
3991 515 4055 523 —-
4091 475 4450 537 OPUSCUIA
4497 468 4720 526 VARIA.

1941 597 2180 678 membra
2209 616 2543 690 seyollegit:
2594 612 2768 680 «Quia
2793 625 2913 665 cum
2947 609 3000 663 in
3027 607 3196 663 forma
3226 605 3318 658 Dei
3346 609 3508 663 esset,
3545 601 3589 660 Α
3617 598 3987 665 acquiescunt.
4041 591 4173 659 Quis
4222 588 4394 686 etiam.
4452 598 4554 685 non
4603 578 4943 678 Obstupescat
4975 611 4990 634 ,

5078 454 5172 512 εει

5040 568 5172 637 quod

3613 701 3802 741 omnes
3833 684 3931 738 viri
3975 683 4112 738 Juda
4171 689 4225 734 et
4268 675 4546 745 Benjamin
4575 711 4589 735 ,
4642 668 4946 738 quicunque
4989 675 5174 714 uxores

3614 776 3942 846 alienigenas
3978 774 4262 833 duxerant,
4313 767 4377 820 ad
4411 761 4848 835 przcdieatiouem
4888 753 5068 809 Esdra:
5096 766 5172 806 sa-

3612 866 3844 924 cerdotis
3871 880 3973 918 non
4025 865 4194 917 solum
4255 859 4437 913 illicita
4483 851 4748 909 connubia
4793 845 5174 904 dissolverant,

3613 959 3704 1016 sed
3735 968 3789 1013 et
3827 972 4038 1010 omnem
4064 953 4309 1008 sobolem
4362 964 4480 1017 qua:
4529 960 4593 999 ex
4635 943 4714 996 eis
4757 939 4932 1011 genita
4981 935 5178 998 fuerat,

3613 1049 3920 1116 abjecernnt
3951 1043 3999 1113 (1
4041 1043 4196 1095 Esdr.
4224 1039 4319 1106 x)?
4360 1038 4492 1103 Quis
4530 1033 4735 1088 nesciat
4783 1035 5012 1098 quantus
5042 1024 5171 1076 viro-

3614 1154 3732 1192 rum
3785 1152 3942 1190 amor
3992 1135 4136 1189 circa
4189 1145 4380 1185 uxores
4427 1125 4672 1196 proprias
4720 1123 4924 1190 vigeat,
4985 1122 5182 1186 quanta

3615 1230 3758 1283 circa
3793 1227 3930 1280 ﬁlios
3965 1226 4138 1294 pietas
4186 1230 4467 1291 paternum
4519 1224 4705 1284 pectus
4736 1209 5028 1279 astringat?
5055 1205 5184 1272 Quis

3617 1324 3827 1392 ignoret
3854 1319 3919 1372 ad
3951 1314 4347 1371 dissolvendum
4373 1308 4563 1378 duplex
4593 1306 4751 1373 hujus
4777 1297 5185 1356 necessitudinis

3615 1412 3906 1474 vinculum,
3937 1425 4042 1477 quo
4079 1420 4329 1466 maerore,
4364 1417 4466 1472 qua
4512 1393 4871 1452 amaritudine
4909 1405 4965 1445 se
5002 1397 5170 1458 potue

3617 1511 3741 1555 runt
3779 1501 3983 1554 viscera
4034 1499 4267 1550 humana
4315 1488 4642 1546 concutere?
4682 1484 4798 1550 Quo
4833 1477 5187 1536 vehementis-

3619 1593 3738 1648 simi
3767 1591 3966 1644 doloris
4006 1585 4252 1640 incendio
4304 1590 4562 1651 paternus
4607 1574 4855 1632 affectus,
4888 1565 5188 1635 conjngalis

3620 1685 3832 1738 animus
3882 1678 4191 1748 compulsus
4230 1682 4313 1726 est
4361 1666 4627 1724 aestuare?
4689 1662 4957 1716 Habentes
5005 1666 5188 1710 tamen

3622 1790 3806 1828 veram
3836 1772 3979 1826 circa
4020 1769 4186 1822 Deum
4215 1765 4490 1834 pietatem,
4517 1757 4582 1810 ad
4614 1753 4838 1808 nihilum
4869 1748 5191 1817 redegerunt

3624 1867 3767 1921 falsae
3801 1864 4017 1934 pietatis
4061 1859 4387 1928 imaginem;
4431 1862 4590 1922 atque
4627 1858 4684 1902 ut
4710 1853 4890 1902 essent
4920 1845 4970 1898 in
5002 1841 5192 1910 spiritu

1949 1963 2191 2016 Excnhet
2219 1963 2382 2032 igitur
2416 1962 2630 2016 assidue
2660 1932 2885 2015 bellator
2926 1932 3125 2014 Christi
3154 1960 3206 2014 in
3235 1932 3516 2028 procinctu
3549 1935 3594 1993 Β
3622 1932 3886 2012 veraciter
3934 1953 4028 2023 pii,
4075 1951 4201 2003 facti
4242 1957 4365 2002 sunt
4393 1954 4581 1998 contra
4626 1953 4842 1994 carnem
4877 1943 4932 1990 et
4978 1932 5194 2032 sangui-

1949 2053 2182 2108 cmlcsﬁs
2212 2054 2416 2108 militia:
2439 2053 2606 2108 lorica
2635 2053 2872 2106 munitus
2901 2051 3020 2106 fidei
3048 2068 3062 2116 ;
3087 2067 3184 2120 pro
3213 2051 3406 2104 castris
3433 2049 3514 2102 sui

1953 2144 2290 2212 imperatoris
2313 2144 2376 2197 ad
2398 2144 2759 2196 dimicandum
2790 2151 3008 2210 paratus
3032 2155 3241 2209 semper
3277 2140 3516 2203 assistat,

1953 2247 2021 2288 ne
2049 2233 2290 2296 fortassis
2337 2243 2489 2287 extra
2535 2241 2712 2286 castra
2767 2241 3044 2302 vagantem
3095 2231 3368 2299 reperiens
3397 2245 3518 2283 eum

1951 2322 2158 2391 gladius
2207 2321 2419 2375 hostilis
2461 2321 2724 2374 absumat.
2770 2322 2949 2374 Donec
2987 2321 3171 2374 Abner
3202 2317 3520 2373 commilito-

1954 2426 2080 2464 num
2104 2410 2300 2464 castris
2325 2408 2588 2474 interfuit,
2607 2409 3034 2462 adversariorum
3061 2407 3245 2460 cuneis
3269 2405 3522 2460 terribilis

1953 2502 2190 2565 exstitit;
2253 2510 2531 2571 postquam
2582 2515 2710 2554 vero
2757 2515 2910 2554 arma
2958 2499 3236 2569 deposuit,
3291 2498 3522 2551 rudiaris

1957 2591 2132 2646 adhuc
2158 2593 2343 2645 militis
2371 2592 2567 2662 gladio,
2595 2592 2718 2646 οωδί
2751 2606 2920 2660 nuper
2949 2591 3105 2644 Asael
3133 2605 3317 2658 poenas
3346 2587 3524 2642 exsol-

1959 2682 2036 2734 vit
2088 2680 2170 2748 (11
2218 2681 2343 2751 Reg.
2395 2681 2475 2748 tt).
2528 2681 2670 2736 Uria:
2714 2697 2928 2750 quoque
2971 2681 3017 2734 si
3069 2681 3297 2750 propria:
3335 2680 3524 2732 domus

1963 2769 2251 2836 ImSpitium
2282 2769 2590 2836 placuisset,
2617 2771 2937 2824 sententiam
2967 2769 3153 2838 procul
3177 2768 3336 2822 dubio
3369 2769 3527 2834 regite

1961 2857 2362 2926 indignationis,
2393 2873 2454 2912 ac
2487 2857 2691 2912 fraudis
2727 2860 2999 2912 evaderet.
3033 2858 3136 2912 Sed
3163 2859 3287 2927 quia
3317 2858 3526 2912 extrin-

1955 2959 2116 3000 secus
2163 2945 2217 2999 in
2244 2945 2454 3012 alienis,
2490 2962 2652 3016 quam
2680 2947 2732 3000 in
2767 2949 2984 3017 proprio
3012 2948 3249 3002 dormire
3283 2947 3530 3002 cubiculo

1959 3037 2185 3101 maluit,
2226 3048 2475 3092 auctores
2505 3053 2614 3093 sua:
2651 3039 2839 3094 mortis
2866 3039 3073 3092 litteras
3103 3038 3168 3091 ad
3229 3046 3529 3092 castrorum

1962 3125 2146 3180 urbem
2170 3126 2527 3181 obsidentium
2549 3129 2841 3198 principem
2863 3128 3154 3196 reportavit
3180 3125 3263 3197 (11
3283 3125 3408 3195 Reg.
3428 3127 3526 3196 xi).

2513 3264 2740 3320 CAPUT
2777 3265 2966 3320 XXIX.

2032 3378 2184 3443 Quod
2215 3380 2311 3431 hoc
2357 3388 2581 3445 tempore
2627 3378 2931 3444 prmdicatio
2965 3394 3086 3442 non,
3137 3376 3272 3429 sicut
3311 3375 3460 3441 olim,

2384 3449 2448 3500 sit
2499 3448 2781 3500 admodum
2817 3447 3110 3516 fructuosa.

2032 3585 2100 3639 Et
2122 3585 2337 3656 quidem
2365 3585 2462 3638 fuit
2492 3585 2622 3639 olim
2651 3593 2879 3653 tempus,
2913 3601 3017 3655 quo
3045 3585 3182 3639 bona
3211 3587 3536 3640 annuntian-

1967 3679 2112 3732 tibus
2138 3677 2368 3731 mundus
2405 3677 2616 3746 egebat,
2663 3677 2755 3730 sed
2803 3677 2977 3746 elapsa
3023 3688 3166 3742 sunt,
3219 3693 3282 3732 ac
3323 3678 3537 3732 evoluta

1968 3780 2233 3839 tempora,
2277 3771 2473 3839 quibus
2520 3769 2804 3840 religiosus
2830 3770 3055 3839 quisque
3088 3771 3324 3838 potuerit
3367 3785 3537 3822 δαίου-

1969 3860 2170 3913 laribus
2201 3859 2473 3914 fructuose
2503 3859 2806 3922 consulere,
2845 3869 2899 3912 et
2942 3860 2994 3912 in
3038 3869 3216 3914 mente
3243 3860 3540 3913 carnalium

1967 3947 2267 4017 spiritualia
2320 3963 2425 4002 non
2474 3948 2735 4001 inutiliter
2775 3948 3060 4002 seminare.
3107 3947 3258 4000 Nunc
3303 3947 3543 4002 infelices

1971 4037 2171 4104 quique
2200 4035 2358 4089 verba
2404 4035 2526 4089 vitae
2570 4035 2778 4088 fabulas
2817 4035 3093 4103 deputant,
3139 4043 3190 4087 et
3217 4035 3541 4090 salutaribus

1973 4124 2191 4180 monitis
2215 4124 2340 4178 licet
2365 4140 2523 4178 aures
2552 4103 2862 4188 adhibeant,
2894 4140 2955 4177 ea
2995 4134 3172 4176 tamen
3203 4138 3419 4178 servare
3447 4125 3539 4177 de-

1972 4217 2192 4270 clinant.
2225 4215 2390 4269 Porro
2420 4216 2464 4269 si
2499 4215 2617 4269 fidei
2647 4215 2840 4270 'oeulos
2887 4216 2953 4270 ad
3005 4224 3276 4269 transacta
3328 4216 3543 4270 reduci-

1975 4323 2119 4372 mus,
2143 4307 2285 4361 velut
2315 4308 2614 4360 fructuosos
2644 4321 2821 4360 ramos
2851 4307 2901 4359 in
2949 4305 3157 4360 sterilia
3191 4305 3546 4373 degenerasse

1975 4399 2314 4460 vitulamina,
2353 4399 2682 4468 praateritum
2713 4399 2764 4451 in
2793 4398 2892 4450 hoc
2917 4411 3153 4465 praesens
3185 4395 3436 4450 szceultun
3470 4396 3548 4449 in-

1977 4505 2241 4544 venimus.

2047 4581 2176 4647 Quis
2203 4582 2344 4635 enim
2376 4597 2479 4635 non
2509 4582 2750 4643 miretur,
2791 4581 2932 4649 quod
2956 4579 3164 4642 Ninivc,
3201 4580 3430 4647 spatiosa
3468 4579 3549 4631 ni-

3620 2065 3741 2104 nem
3784 2044 4124 2099 laudabiliter
4157 2037 4336 2108 rigidi.
4379 2036 4742 2088 Armaverunt
4766 2042 4824 2081 se
4850 2034 5034 2080 contra
5067 2023 5192 2091 ju-ra

3620 2148 3848 2200 naturae,
3887 2144 3944 2188 ut
3997 2142 4313 2186 naturarum
4346 2123 4566 2179 Anctori
4618 2119 4848 2175 ﬁdeliter
4876 2115 5190 2168 militarent.

3622 2228 3782 2284 Obliti
3808 2235 3931 2281 sunt
3956 2239 4080 2292 erga
4106 2221 4261 2281 filios,
4295 2217 4434 2286 quod
4462 2215 4670 2267 fuerant
4695 2209 4979 2280 genitores,
5003 2214 5059 2258 ut
5080 2203 5194 2257 veri

3624 2320 3794 2389 patris
3848 2316 3947 2386 ipsi
3998 2313 4403 2368 ascriberentur
4454 2304 4738 2365 lnercdes;
4790 2309 4950 2368 atque
5002 2305 5061 2348 ut
5110 2309 5198 2348 su-

3626 2383 3806 2481 pernae
3831 2383 3977 2477 pacis
4011 2406 4108 2460 sibi
4142 2403 4342 2457 fmdera
4387 2395 4731 2456 resarcirent,
4769 2387 5062 2458 conjugalis
5094 2383 5193 2438 tori

3626 2501 3871 2568 copulam
3899 2497 4255 2551 resciderunt.
4296 2490 4552 2543 Nesciunt
4581 2495 4797 2537 servare
4840 2474 5198 2532 matrimoniis

3627 2567 3809 2654 fidem,
3836 2589 3925 2642 ubi
3968 2588 4098 2640 fides
4130 2583 4320 2636 melior
4365 2581 4430 2634 ad
4477 2577 4749 2647 proprium
4798 2567 5070 2624 recalcscit
5098 2581 5195 2618 an-

3627 2693 3852 2737 etorem.
3886 2677 4089 2743 Quibus
4135 2673 4321 2741 utique
4372 2668 4756 2724 convenienter
4804 2666 5018 2729 aptatur
5056 2655 5197 2725 quod

3628 2790 3722 2843 per
3767 2771 3982 2840 Moysen
4020 2766 4255 2821 dicitur:
4303 2782 4319 2812 ι
4347 2762 4445 2828 Qui
4479 2758 4612 2813 dixit
4653 2753 4791 2825 patri
4823 2766 4922 2807 suo
4947 2757 5000 2804 et
5039 2744 5197 2800 matri

3631 2878 3757 2924 sum,
3793 2859 3976 2914 nescio
4021 2871 4153 2920 vos;
4204 2863 4258 2909 et
4299 2851 4555 2906 fratribus
4594 2847 4727 2909 suis,
4781 2845 4966 2913 ignoro
4995 2853 5108 2899 vos,
5145 2845 5200 2890 et

3634 2951 3942 3005 nescierunt
3997 2947 4134 3000 filios
4191 2959 4362 3005 suos,
4423 2942 4455 2994 ii
4513 2935 4880 2992 custodierunt
4931 2927 5198 2996 eloquium

3635 3049 3806 3103 luunt,
3832 3048 3884 3092 et
3911 3045 4125 3106 pactum
4158 3044 4303 3088 tuum
4335 3034 4683 3085 servaverunt
4711 3022 4887 3093 (D.ut.
4917 3015 5134 3084 xum.)
5174 3034 5192 3066 ι

3703 3129 3853 3196 Quis,
3913 3105 4076 3196 rogo,
4153 3137 4295 3178 nunc
4361 3120 4529 3189 possit
4595 3117 4895 3170 incestuosa
4954 3105 5199 3176 conjugia

3634 3221 3980 3290 quantumvis
4025 3214 4411 3271 instantissima
4443 3207 4819 3281 prredicatione
4861 3195 5202 3256 rescindere?

3637 3311 3767 3377 Quis
3799 3310 4008 3371 valeat,
4058 3323 4161 3360 non
4211 3307 4385 3358 dicam
4430 3301 4714 3371 populum,
4765 3296 4857 3350 scd
4907 3292 4989 3347 vel
5039 3303 5202 3343 unum

3637 3401 3910 3454 hominem
3937 3399 4001 3451 ad
4032 3397 4195 3450 illiciti
4229 3392 4552 3448 matrimonii
4580 3389 4855 3457 repudium
4879 3380 5206 3453 provocare?

3638 3490 3884 3545 Clamant
3927 3490 4064 3542 sacri
4111 3500 4368 3547 canones,
4400 3485 4648 3537 humana:
4695 3480 4746 3532 in
4797 3485 4999 3530 tantum
5032 3471 5206 3528 scelus

3638 3581 3911 3633 vindicant
3941 3579 4122 3648 leges,
4177 3576 4446 3630 obsistunt
4489 3571 4866 3648 praedicatores
4910 3564 5202 3622 Ecclesia:

3637 3677 3691 3721 et
3756 3676 3951 3721 cuncta
4014 3667 4125 3719 hme
4189 3663 4414 3733 perditis
4477 3638 4784 3715 hominibus
4845 3656 4988 3710 velut
5039 3653 5208 3707 aniles

3639 3756 3826 3811 naenia:
3856 3757 4024 3809 risum
4073 3755 4251 3823 potius
4297 3761 4545 3814 movent,
4598 3764 4758 3818 quant
4801 3747 4865 3801 ad
4906 3744 5206 3814 corrigendi

3641 3845 3836 3915 piaculi
3865 3847 4097 3899 lamenta
4124 3851 4506 3911 compungunt.
4535 3841 4671 3894 Ecce
4696 3841 4910 3906 insuper
4927 3837 5025 3889 hoc
5045 3849 5206 3896 anno,

3644 3937 3783 3990 sicut
3813 3934 4003 3998 nostis,
4055 3949 4149 4002 per
4188 3931 4443 3984 Romana:
4473 3929 4612 3983 sedis
4639 3927 4934 3981 antistitem
4965 3924 5046 3977 bis
5085 3938 5210 3977 cou-

3643 4035 3920 4098 gregatum
3946 4033 4028 4078 est
4054 4022 4313 4093 synodale
4346 4020 4654 4080 concilium,
4707 4018 4794 4071 ubi
4825 4016 5000 4070 denuo
5028 4027 5214 4066 omnes

3646 4117 3934 4171 tucestuosi
3961 4115 4115 4182 juxta
4143 4126 4411 4168 canonum
4441 4111 4681 4173 decreta,
4701 4104 5062 4163 ecclesiastica
5088 4111 5214 4157 sunt

3646 4207 4023 4262 communione
4055 4203 4268 4274 privati.

3723 4295 3825 4348 Sed
3867 4293 3987 4362 quis
4014 4308 4077 4346 ex
4112 4301 4187 4346 tot
4233 4291 4465 4345 millibus
4510 4287 4784 4343 hominum
4829 4284 5018 4340 saltem
5045 4298 5208 4336 unum

3650 4387 3783 4440 vidit
3819 4385 3886 4438 ab
3936 4384 4151 4438 infausti
4202 4382 4425 4436 foederis
4462 4381 4860 4433 abominatione
4905 4375 5214 4431 divulsum?

3652 4481 3760 4533 lmo
3791 4493 3856 4530 ne
3896 4475 4225 4545 profundiori
4277 4475 4419 4542 juste
4470 4471 4798 4525 clamitantis
4841 4467 5215 4522 absorberetur

3649 4572 3823 4631 hiatu,
3856 4569 3975 4637 quis
4005 4581 4190 4620 eorum
4222 4574 4341 4633 post
4374 4564 4506 4626 luec,
4550 4560 4800 4615 Ecclesia:
4847 4559 5005 4612 limen
5046 4566 5216 4610 terere

1936 4701 1938 4703 >
1977 4674 2081 4726 mis
2118 4680 2172 4726 et
2218 4671 2652 4741 incomparabilis
2700 4672 2905 4733 civitas,
2941 4670 3006 4723 ad
3046 4684 3230 4723 vocem
3265 4669 3420 4721 unius
3452 4668 3549 4720 ho-
3579 4634 3629 4692 ι)
3653 4659 3892 4713 destitit?
3926 4660 4032 4710 Aut
4078 4655 4197 4724 quis
4241 4656 4458 4722 insuper
4498 4654 4597 4705 ista
4631 4650 4997 4711 considerans,
5030 4646 5095 4698 ab
5121 4658 5215 4698 eo-

1981 4764 2142 4818 minis
2169 4773 2275 4815 tam
2303 4763 2456 4815 facile
2488 4779 2516 4815 a
2545 4778 2637 4814 sua
2663 4761 2920 4829 pravitate
2936 4759 3094 4828 275
3109 4760 3468 4822 convertitur;
3494 4767 3548 4811 et

1982 4853 2388 4906 innumerabilis
2420 4853 2672 4920 pOpqus,
2713 4867 2813 4904 non
2847 4851 3016 4904 solum
3048 4865 3166 4903 eum
3223 4850 3456 4917 parvulis
3495 4858 3547 4901 et

1984 4942 2322 5005 mulieribus,
2349 4941 2440 4994 sed
2467 4941 2626 4995 etiam
2650 4956 2768 4994 cum
2788 4937 3047 5005 jumentis
3077 4939 3142 4990 ad
3176 4939 3545 5006 pmizitentiam

1987 5044 2274 5087 revocatur
2317 5031 2462 5102 (Jou.
2499 5032 2613 5101 In)?
2667 5031 2795 5097 Quis
2839 5032 2940 5085 hoc
2980 5039 3250 5096 tempore,
3311 5045 3412 5081 non
3473 5028 3549 5080 tli-

1985 5139 2100 5179 eam
2133 5123 2357 5176 infirma:
2384 5123 2548 5183 :etati,
2584 5121 2664 5174 vel
2706 5121 2874 5181 sexui,
2925 5120 3017 5173 sed
3064 5120 3193 5189 ipsis
3231 5121 3392 5172 etiam
3426 5119 3554 5170 viris

1988 5224 2277 5283 pratsumat
2331 5213 2530 5281 jejunia
2592 5214 2836 5265 triduana
2900 5211 3290 5280 prmscribme,
3345 5220 3401 5262 ut
3459 5225 3555 5261 nec

1991 5319 2186 5373 aquam
2240 5304 2459 5364 bibere,
2513 5319 2608 5355 nec
2653 5303 2940 5370 quidquam
2985 5303 3204 5355 omnino
3249 5303 3351 5354 cibi
3401 5303 3558 5354 liceat

1990 5394 2312 5459 degustare?
2355 5393 2490 5445 Ecce
2527 5393 2664 5460 apud
2704 5393 2926 5460 gentiles
2973 5392 3126 5445 bruta
3173 5393 3334 5446 etiam
3362 5406 3556 5462 pecora

1990 5486 2055 5535 ad
2087 5482 2355 5548 propheta:
2385 5496 2567 5535 vocem
2597 5483 2868 5534 triduanos
2905 5482 3054 5535 cibos
3100 5482 3306 5545 levant;
3342 5497 3463 5534 cum
3503 5488 3560 5532 et

1996 5572 2094 5640 ipsi
2128 5572 2372 5624 homines
2400 5573 2498 5625 sub
2533 5573 2840 5641 evangelica
2881 5572 3160 5638 disciplina
3188 5614 3201 5636 ,
3249 5572 3382 5624 ultra
3416 5573 3559 5625 diem

1996 5663 2236 5730 jejunare
2267 5673 2630 5715 contemnunt.
2659 5664 2733 5716 illi
2782 5664 2844 5716 at]
2895 5665 3261 5730 paenitentiam
3294 5679 3396 5716 uno
3429 5679 3562 5731 ptan—

1999 5753 2212 5804 dicnnte
2271 5753 2592 5806 unanimiter
2648 5753 2955 5817 conﬂuunt;
3023 5754 3105 5806 isti
3153 5755 3561 5822 prtc..liratorttm

2006 5841 2188 5896 turbas
2235 5844 2597 5900 intlcsincnter
2628 5845 2863 5912 audiunt,
2909 5853 2960 5900 et
2995 5843 3211 5899 obedire
3263 5844 3564 5898 nullatenus

261 6431 782 6552 μ

3656 4765 3772 4802 rum
3827 4763 3882 4801 se
3931 4746 4295 4799 familiaritate
4361 4741 4634 4796 removit”!
4685 4739 4740 4792 ln
4803 4751 4990 4792 omnes
5037 4735 5218 4804 itaque

3654 4838 3864 4894 lethalis
3920 4836 4079 4906 lcptm
4141 4833 4448 4902 contagium
4511 4830 4720 4899 serpit,
4778 4827 4900 4896 quia
4969 4823 5216 4876 nimirum

3655 4948 3842 4987 omnes
3878 4944 4065 4984 eorum
4116 4926 4404 4992 complices
4449 4920 4752 4990 apostolicae
4792 4913 5219 4971 excommunica-

3659 5023 3816 5076 tionis
3864 5036 4033 5074 nexus
4084 5017 4352 5085 astringit.
4398 5015 4697 5067 .linitnvcro
4751 5009 4990 5078 quisquis
5035 5005 5221 5074 conju-

3661 5115 3792 5183 galis
3822 5111 4086 5181 prosapiae
4109 5109 4271 5177 276
4299 5106 4465 5159 titulis
4492 5103 4795 5170 insignitnr,
4819 5099 5061 5168 quisquis
5086 5097 5220 5152 male

3663 5204 3981 5257 blandientis
4023 5201 4206 5254 form-.1:
4253 5198 4393 5250 avita
4446 5203 4722 5249 venustate
4773 5190 5051 5245 mulcetur.
5087 5204 5223 5257 prte-

3663 5297 3848 5347 sertim
3896 5293 3938 5344 si
3990 5291 4237 5360 largioris
4289 5286 4600 5342 substantia:
4650 5284 4861 5337 dotibus
4905 5280 5104 5340 adluit,
5141 5279 5222 5332 vel

3664 5383 4055 5438 subcrescentis
4081 5380 4278 5434 sobolis
4307 5376 4511 5432 indoles
4533 5390 4678 5443 spem
4703 5373 4802 5426 sibi
4831 5371 5020 5423 futura:
5049 5379 5223 5436 poste.

3664 5475 3836 5528 ritatis
3868 5473 4130 5534 infundit;
4172 5469 4464 5540 consultius
4490 5467 4695 5534 jndicat
4731 5479 4760 5516 a
4802 5463 4908 5516 Deo
4944 5457 5224 5514 manifeste

3667 5564 3937 5625 recedere,
3970 5579 4131 5631 quam
4173 5562 4304 5613 adeo
4349 5557 4546 5612 Μαι-θεῖ
4594 5552 4916 5608 matrimonii
4966 5550 5224 5619 glutinum

3667 5655 3989 5723 disgrcgare.
4038 5652 4093 5706 Si
4145 5665 4268 5704 vero
4315 5651 4395 5702 his
4439 5645 4707 5701 contra-ria
4747 5642 5042 5704 evenerint,
5073 5650 5227 5706 atque

3668 5745 3894 5798 lnxurim
3931 5741 4258 5796 calamitatis
4287 5735 4721 5792 incommoditate
4750 5729 5087 5801 perecllatur,
5120 5728 5228 5794 ipse

3672 5839 3752 5894 vir
3806 5836 3949 5888 falsa:
4001 5829 4476 5902 consanguinitatis
4509 5828 4700 5881 lineam
4733 5824 4881 5887 texit,
4906 5831 4958 5875 et
4996 5817 5230 5874 inaudita
