5514 6656
3166 156 3177 159 ν
3256 154 3261 155 ν
3405 153 3432 160 ς.

2606 184 2689 193 ,__.
2728 180 2837 193 ,4-
2874 162 3017 191 Mt‘
3069 167 3072 170 ’
3155 183 3160 186 -
3255 173 3292 192 4*
3319 175 3346 190 «'-
3417 171 3422 178 '
3523 181 3526 184 ~
3653 177 3656 180 ~

2466 206 2515 213 _‘
2530 188 2579 209 "-
2638 208 2643 209 7
2750 202 2763 207 ν,
2812 196 2865 207 με
2920 186 3063 209 ...ικνειί
3084 190 3177 207 utro)
3273 193 3410 216 σῃ-
3429 195 3518 208 ...ρ-
3559 199 3572 204 -
3697 199 3706 202 -

2330 230 2339 231 κ
2370 230 2383 231 κ
2478 224 2641 233 -ιι-σ-ι
2672 212 3093 233 ΗΜ*
3239 213 3262 226 ·.
3297 213 3466 230 ...υ-έν·
3511 217 3520 220 -
3703 213 3728 220 η·-
3775 213 3790 216 -

2174 244 2185 247 ν
2430 226 2509 253 ἒέῗ
2534 240 2593 253 η-.
2622 238 2817 253 ιζέῖ-λ
2849 239 2876 248 -ο
2895 239 2930 246 -'~
2957 243 2962 248 ο
3013 241 3042 248 σ-
3065 239 3106 246 ια
3147 219 3290 248 ξένε’.
3387 235 3412 246 ’ν

3614 262 3619 263 ,
3763 263 3766 266 ,
3799 254 3830 264 α-
3851 257 3854 260 ~
3877 257 3890 264 ,-

3020 276 3025 277 γ
3046 280 3051 281 7
3188 276 3191 277 ν
3278 280 3285 281 7
3314 278 3355 283 λη
3406 280 3473 283 ῨΪ,
3539 270 3581 280 .-
3609 273 3634 282 vr
3805 275 3818 288 ι
4003 285 4010 287 .
4105 285 4110 289 ς

599 621 700 679 9.85

595 750 914 809 proavorum
949 736 1166 791 nomina
1196 751 1292 807 per
1331 735 1498 790 multa
1547 748 1860 807 argumenta
1893 737 2173 807 conllngit,
2204 739 2254 797 Α
2283 733 2490 789 futuras
2543 734 2832 804 Apostolus
2881 741 3250 798 enumeraret,
3304 736 3550 804 protinus
3576 744 3633 788 ut
3663 736 3870 790 devita-

599 839 756 898 atque
785 841 941 882 senes
963 828 1224 896 quosdam
1265 828 1318 881 in
1361 827 1518 896 huius
1559 828 1895 897 allegationis
1926 829 2174 882 testimo-

599 921 745 974 nium
801 919 1061 983 advocat,
1122 934 1257 987 quos
1322 928 1501 975 tamen
1557 934 1654 987 per
1705 919 1826 972 vita:
1883 919 2173 973 terminum

597 1011 837 1068 sublatos
887 1026 917 1066 e
959 1010 1136 1066 medio
1177 1026 1280 1064 non
1325 1012 1557 1081 ignorat.
1591 1010 1708 1079 lpse
1749 1012 1930 1078 itaque
1958 1010 2177 1064 sibimet

595 1111 894 1164 accusator,
925 1110 976 1155 et
1019 1115 1142 1154 reus
1183 1102 1387 1156 crimen
1438 1101 1706 1170 impingit,
1738 1101 1915 1154 scelus
1944 1114 2174 1169 exagge-

595 1201 702 1258 rat,
727 1205 885 1263 atque
915 1191 1320 1256 adminiculum,
1344 1207 1449 1260 quo
1478 1208 1541 1245 ex
1577 1203 1685 1246 tam
1709 1190 2011 1262 periculoso
2040 1205 2173 1246 nau-

591 1287 768 1356 fragio
798 1296 1015 1341 enatare
1048 1285 1237 1355 possit,
1270 1285 1507 1353 inquirit.

666 1378 766 1431 Eat
795 1393 923 1446 ergo
954 1391 1094 1429 nunc
1127 1377 1421 1430 monachus
1445 1417 1458 1441 ,
1510 1375 1847 1444 salutiferum
1893 1378 2016 1430 vitae
2063 1391 2174 1431 suat

592 1447 1022 1526 otium'deserat,
1057 1465 1327 1533 vitamque
1371 1481 1524 1518 suam
1563 1465 1665 1519 sub
1712 1467 1891 1534 specie
1929 1466 2174 1520 lucrandi

593 1555 846 1617 animas,
898 1555 1078 1608 inania
1136 1555 1432 1617 sectando,
1485 1565 1786 1610 consumat.
1843 1555 1974 1621 Quis
2027 1557 2172 1610 enim

595 1643 934 1697 Simoniacus
980 1653 1179 1698 nostra:
1221 1646 1657 1700 commonitionis
1696 1646 1952 1700 instinctu
1985 1662 2081 1700 sua
2115 1661 2173 1700 se

593 1730 885 1798 aliquando
913 1739 1102 1801 sponte
1133 1733 1420 1803 deposuit?
1459 1733 1590 1800 Quis
1615 1735 1933 1804 alienijnris
1965 1735 2172 1790 violen-

593 1829 677 1873 ter
726 1820 961 1882 invasor,
1010 1831 1236 1891 paterno
1288 1823 1402 1877 solo
1450 1823 1703 1891 depulsos
1739 1825 1789 1878 iu
1845 1825 2172 1894 patrimonia

592 1908 806 1962 sublata
846 1910 1120 1965 restituit?
1154 1911 1285 1978 Quis
1315 1913 1368 1967 in
1400 1929 1590 1984 campo
1620 1915 1892 1970 bellicosis
1934 1926 2174 1971 armato-

591 2015 712 2052 rum
739 2001 921 2054 cuneis
939 2003 1298 2068 constipatus,
1331 2004 1375 2057 si
1407 2021 1470 2059 ex
1503 2021 1659 2074 arquo
1688 2008 1939 2076 congredi
1973 2006 2171 2076 potuit,

590 2089 870 2144 obstaculo
893 2103 1185 2161 sequestra:
1213 2095 1360 2162 pacis
1398 2095 1463 2149 ad
1503 2097 1719 2164 propria
1762 2097 1864 2152 nisi
1904 2097 2024 2151 fuso
2051 2113 2177 2151 san-
2210 2078 2250 2135 Β

590 2181 755 2250 gnine
786 2183 1102 2249 repedavit?
1131 2183 1262 2249 Quis
1287 2193 1512 2239 exactor
1540 2199 1711 2254 egeno
1736 2186 1964 2240 debitori
1994 2185 2176 2255 praefi-

592 2285 721 2322 xum
791 2270 1149 2340 chirographo
1214 2272 1369 2327 fenus
1431 2273 1704 2327 indulsit?
1775 2272 1907 2339 Quis
1963 2274 2178 2330 debitor

590 2359 882 2415 creditoris
911 2361 1212 2418 bmredibus
1238 2363 1391 2417 bona:
1422 2363 1542 2417 fidei
1585 2364 1710 2434 jura
1750 2365 2020 2419 servavit?
2049 2363 2180 2420 Om-

590 2451 680 2502 nia
711 2452 763 2503 in
790 2451 922 2506 orbe
949 2453 1194 2518 confusa,
1229 2463 1425 2508 cuncta
1457 2454 1677 2524 pietatis
1705 2469 1770 2509 ac
1801 2455 1924 2508 fidei
1956 2455 2176 2510 decreta

590 2540 871 2595 convulsa.
912 2543 954 2595 A
995 2543 1269 2612 judieibus
1315 2544 1525 2614 justitia
1556 2545 1825 2600 venditur.
1858 2546 1901 2598 A
1947 2547 2177 2616 legispe-

593 2631 716 2684 ritis
743 2633 944 2687 veritas
975 2634 1260 2688 tenebroso
1305 2635 1652 2690 cavillatorire
1691 2637 2176 2706 argumentationis

591 2723 777 2777 colore
809 2723 1072 2799 fuscatur.
1103 2724 1334 2780 Venales
1358 2735 1480 2779 sunt
1507 2726 1771 2795 siquidem
1802 2727 1968 2798 leges,
2000 2736 2056 2782 et
2085 2743 2177 2797 pe-

593 2816 752 2870 cunia
785 2816 1048 2885 justiflcat
1091 2815 1486 2888 delinquentes.
1527 2818 1731 2871 Aurum
1763 2833 1910 2873 nunc
1936 2818 2067 2887 ipsis
2093 2833 2178 2873 se-

593 2906 875 2960 natoribus
908 2905 1201 2974 praesidens
1231 2907 1286 2960 in
1311 2907 1669 2961 tribunalibus
1688 2907 1916 2976 judicat,
1948 2915 2002 2962 et
2033 2907 2177 2962 velut

594 2995 891 3062 imperator
946 2994 1164 3063 quidam
1223 2997 1570 3066 pragmaticae
1637 2997 1934 3051 sanctionis
1993 2998 2173 3053 edicta

592 3083 920 3154 promulgat.
961 3084 1112 3139 Sicut
1154 3087 1298 3140 enim
1352 3102 1446 3142 rex
1499 3088 1552 3141 in
1608 3087 1968 3144 secretalibus
2001 3089 2177 3160 adytis

593 3176 664 3230 de
699 3173 846 3243 regni
874 3182 1038 3240 statu,
1065 3175 1130 3230 de
1151 3190 1328 3229 rerum
1355 3191 1563 3230 summa
1592 3177 1884 3244 deliberat;
1916 3183 2176 3248 quodam-

593 3265 756 3320 modo
797 3266 875 3320 sic
921 3281 1110 3320 aurum
1149 3277 1204 3323 et
1231 3267 1358 3323 latet
1404 3269 1456 3322 in
1494 3269 1737 3334 occulto,
1767 3280 1822 3324 et
1850 3273 2175 3327 sententiam

592 3354 861 3424 depromit
884 3355 934 3408 in
963 3355 1196 3425 publico.
1227 3356 1284 3410 In
1309 3358 1528 3414 sudario
1549 3368 1776 3428 angusto
1803 3361 2172 3427 concluditur,

593 3455 652 3500 et
693 3446 887 3500 decisis
929 3446 1156 3515 negotiis
1199 3447 1433 3502 calculos
1467 3448 1754 3516 judiciales
1793 3453 2030 3520 apponit.
2056 3451 2176 3507 Ple-

595 3551 824 3606 rumque
855 3539 996 3590 enim
1024 3554 1162 3606 quos
1187 3555 1349 3594 causa
1385 3543 1726 3607 condemnat,
1754 3545 1984 3597 mendax
2013 3561 2173 3614 pecu-

594 3626 686 3681 nia
722 3629 940 3695 pratmio
981 3628 1170 3698 dignos
1216 3629 1518 3699 procaciter
1566 3641 1881 3698 asseverat;
1929 3643 2172 3698 econtra,

592 3730 734 3786 quos
771 3718 1100 3773 conscientia
1141 3727 1372 3773 testatur
1411 3719 1660 3776 innoxios
1689 3761 1703 3786 ,
1762 3723 1950 3776 statuit
2007 3723 2170 3792 impia

594 3821 777 3862 coram
818 3808 1092 3878 judicibus
1143 3826 1283 3864 reos.
1337 3809 1601 3866 Nummus
1658 3827 1851 3882 nempe
1906 3822 2176 3868 momenta

595 3894 802 3965 legibus
828 3897 1034 3961 tribuit,
1071 3907 1232 3968 atque
1259 3900 1324 3953 ad
1356 3915 1509 3953 suum
1560 3901 1886 3955 intellectum
1913 3905 2178 3958 obscuras

596 3987 894 4040 sententias
919 3987 1086 4043 falsus
1109 3989 1493 4057 interpretator
1523 3990 1766 4046 inflectit.
1793 3992 2053 4048 Nummus
2083 4009 2180 4048 cor

592 4075 834 4146 judicurn
865 4077 1010 4131 circa
1057 4077 1251 4132 divites
1279 4079 1399 4133 oleo
1446 4080 1741 4149 impietatis
1774 4083 2006 4146 emollit;
2049 4097 2176 4151 erga

599 4183 861 4238 pauperes
892 4185 1019 4225 vero
1066 4170 1136 4225 ad
1182 4173 1540 4227 exercendum
1571 4173 1808 4243 vigorem
1838 4175 2024 4242 rigida)
2062 4177 2178 4229 ani-

597 4259 989 4314 madversionis
1013 4260 1255 4335 impellit.
1285 4261 1434 4316 Nunc
1463 4263 1623 4333 igitur
1653 4264 1878 4317 avaritia
1911 4265 2176 4319 malorum

599 4351 838 4405 omnium
885 4352 1058 4416 radix,
1086 4353 1304 4408 uberius
1343 4353 1584 4422 pullulat,
1623 4363 1676 4408 et
1705 4363 1959 4423 tanquam
1986 4355 2178 4409 virosa:

597 4443 905 4522 propaginis
926 4457 1107 4497 ramos
1128 4457 1224 4514 per
1250 4452 1416 4499 totum
1441 4445 1629 4499 urbem
1653 4443 1897 4499 feralium
1925 4446 2177 4500 vitiorum

598 4540 844 4601 pertenta
876 4532 1082 4588 dilatat.

1169 4624 1395 4680 CAPUT
1435 4625 1579 4680 XXX

1584 626 1822 684 OFIJSC.
1865 625 1974 683 XII.
2007 659 2075 667 —
2099 625 2186 682 DE
2213 623 2630 682 CONTEMPTU
2672 623 2968 682 SECULI.

3761 626 3870 682 2‘56

2281 835 2364 879 ret
2409 824 2637 892 adjecit?
2671 842 2738 879 an
2787 825 2968 894 potius
3015 824 3068 878 in
3118 824 3276 878 unius
3326 841 3556 894 persona
3595 825 3872 894 discipuli,

2279 918 2382 971 illis
2418 918 2729 971 mandatum
2764 919 2866 972 hoc
2896 917 3259 972 communiter
3289 919 3508 980 indidit,
3533 932 3669 986 quos
3692 918 3872 972 adhuc

2273 1009 2561 1076 deputatos
2593 1007 2950 1078 officiojuxta
2994 1006 3156 1062 finem
3193 1007 3374 1062 smculi
3430 1007 3545 1062 fore
3586 1007 3874 1076 praevidit?

2275 1098 2442 1168 lgitur
2470 1098 2595 1151 dum
2627 1113 2732 1153 non
2763 1097 2894 1172 dicit
2926 1115 2939 1150 :
2973 1097 3069 1151 His
3114 1097 3370 1168 praedica,
3419 1097 3504 1151 his
3539 1097 3701 1150 verba
3751 1097 3876 1150 vita:

2227 1199 2230 1204 '
2277 1187 2551 1248 denuntia,
2577 1186 2670 1241 sed
2699 1203 2717 1236 ε
2749 1186 2846 1240 bos
2879 1185 3080 1250 devita,
3119 1204 3136 1236 ι
3174 1185 3417 1255 profecto
3473 1186 3747 1240 moderna:
3797 1191 3875 1237 te-

2278 1276 2549 1331 meritatis
2587 1275 2932 1330 insolentiam
2958 1275 3157 1346 arguit,
3211 1282 3376 1345 atque
3425 1277 3494 1330 ab
3535 1275 3874 1332 infructuosa

2279 1369 2517 1423 tumidos
2542 1384 2788 1438 quosque
2815 1368 3201 1440 praedicatione
3231 1371 3550 1436 compescit.

2346 1457 2486 1524 Quid
2525 1459 2591 1511 ad
2617 1459 2732 1514 haec
2767 1474 2863 1514 nos
2906 1459 3158 1514 monachi
3187 1459 3439 1523 dicimus,
3473 1461 3566 1528 qui
3592 1475 3866 1516 mensurae

2276 1557 2478 1603 nostra:
2501 1558 2674 1605 metas
2695 1549 3034 1617 excedimus,
3066 1559 3229 1619 atque
3253 1549 3344 1617 jus
3367 1553 3527 1606 nobis
3558 1552 3721 1606 alieni
3755 1567 3877 1606 mu-

2276 1642 2427 1695 neris
2468 1643 2815 1710 usurpatorie
2851 1641 3298 1696 vindicarnus?Si
3318 1643 3518 1698 Paulus
3549 1644 3874 1713 discipulum

2282 1731 2336 1785 in
2375 1732 2478 1787 hoc
2517 1733 2633 1801 ipso
2675 1733 2984 1801 specialiter
3021 1735 3382 1788 constitutum
3427 1735 3496 1788 ab
3529 1735 3876 1803 incorrigibi-

2275 1823 2404 1876 lium
2443 1825 2836 1892 praedicatione
2867 1826 3162 1894 prohibuit,
3198 1842 3306 1896 qua
3343 1843 3441 1882 nos
3470 1828 3711 1881 audaciae
3747 1835 3876 1882 nota

2274 1915 2618 1982 eorripimur,
2659 1915 2755 1984 qui
2781 1929 3118 1985 nequaquam
3153 1917 3310 1972 nobis
3339 1918 3586 1985 delegato
3614 1919 3876 1985 praedica-

2277 2006 2438 2061 tionis
2467 2005 2664 2073 officio,
2692 2009 2999 2076 importune
3033 2011 3393 2078 nosmetipsos
3426 2010 3748 2078 ingerimus,
3813 2019 3879 2065 et.

2281 2106 2474 2150 nostra
2511 2096 2683 2151 salute
2734 2098 3059 2167 postposita,
3095 2097 3287 2153 alienis
3324 2101 3478 2168 quasi
3535 2098 3876 2168 profectibus

2281 2186 2517 2240 inaniter
2549 2187 2908 2242 insudamus?

2351 2275 2519 2342 Cedat
2569 2293 2736 2346 ergo,
2787 2279 2944 2332 cedat
2993 2277 3195 2332 sterilis
3230 2294 3360 2333 cura
3406 2279 3632 2348 negotii.
3667 2278 3876 2348 Super-

2282 2365 2448 2420 tluum
2493 2366 2769 2435 judicetur
2823 2365 3161 2424 infructuoso
3231 2369 3511 2437 indulgere
3563 2369 3758 2423 labori.
3818 2368 3878 2421 In

2280 2458 2568 2528 semetipsa
2621 2474 2776 2512 mens
2826 2459 2955 2513 totis
2997 2458 3227 2513 collecta
3277 2460 3484 2512 viribus
3534 2458 3740 2522 redeat,
3777 2459 3875 2511 ad-

2281 2561 2476 2601 versus
2504 2545 2871 2616 infatigabiles
2899 2545 3245 2601 adversarios
3267 2545 3494 2615 pervigil
3519 2561 3577 2599 se
3604 2546 3670 2598 ad
3697 2556 3879 2600 certa-

2279 2653 2400 2691 men
2451 2637 2717 2706 accingat.
2783 2636 3081 2691 Charitatis
3135 2638 3356 2706 quidem
3405 2637 3705 2691 visceribus
3747 2651 3878 2706 erga

2277 2741 2468 2782 omnes
2493 2727 2821 2780 intrinsecus
2847 2724 3052 2788 affluat,
3077 2727 3144 2780 ad
3172 2725 3446 2778 exteriora
3470 2712 3599 2780 vero
3621 2741 3680 2780 se
3707 2740 3877 2780 causa

2280 2819 2468 2874 aliena:
2496 2817 2686 2872 salutis
2714 2817 3006 2872 extendere
3039 2832 3434 2886 supervacuum
3472 2818 3654 2872 ducat.
3695 2817 3778 2871 Ad
3817 2831 3877 2870 se

2278 2908 2621 2962 venientibus
2649 2907 2851 2961 monita
2883 2905 3072 2961 salutis
3095 2907 3395 2976 impendat,
3421 2905 3622 2960 nullius
3652 2907 3877 2961 hortatu

2280 2997 2474 3052 leviter
2507 2997 2738 3067 propriae
2771 2996 2973 3066 quietis
3011 2995 3162 3051 lucra
3213 3003 3524 3065 postponat.
3578 2993 3877 3066 lmperialis

2279 3089 2442 3144 edicti
2473 3088 2667 3158 pagina
2717 3087 3004 3142 veredario
3043 3087 3387 3142 discurrente
3424 3085 3698 3148 defertur;
3749 3084 3874 3139 bul-

2281 3178 2402 3233 lataa
2429 3179 2584 3233 nobis
2614 3178 2832 3248 apochas
2861 3178 2928 3232 ab
2956 3187 3180 3233 auctore
3225 3177 3371 3232 sedis
3410 3175 3721 3245 apostolicaa
3745 3173 3878 3227 diri-

2280 3279 2508 3342 guntur;
2557 3271 2793 3341 synodus
2821 3277 3205 3340 congregatur,
3239 3266 3511 3338 religiosis
3542 3265 3678 3320 viris
3709 3264 3876 3318 totius

2280 3361 2492 3416 conci-lii
2525 3376 2735 3414 summa
2767 3362 3145 3415 committitur.
3187 3359 3475 3414 Solotenus
3500 3357 3641 3412 illico
3673 3372 3732 3411 se
3761 3371 3877 3410 mo-

2282 3453 2486 3505 nachus
2530 3451 2756 3515 flectat,
2809 3451 3070 3505 honorem
3118 3450 3290 3503 sacris
3337 3448 3533 3502 litteris
3565 3454 3877 3501 reverenter

2278 3539 2556 3602 exhibeat;
2591 3538 2750 3606 hujus
2774 3549 2951 3592 tamen
2975 3538 3335 3608 expeditionis
3367 3551 3560 3590 munus
3590 3551 3622 3589 a
3652 3551 3710 3590 se
3738 3535 3874 3589 alie-

2280 3643 2408 3682 num
2435 3629 2904 3683 irretractabiliter
2929 3629 3112 3691 ducat,
3144 3638 3400 3696 reputans
3430 3627 3573 3681 intra
3597 3642 3655 3680 se
3691 3644 3704 3678 :
3733 3625 3873 3692 Quid

2280 3718 2412 3771 mihi
2457 3732 2578 3771 cum
2626 3717 2844 3786 regibus
2893 3717 3094 3770 terrm?
3139 3718 3269 3786 quid
3309 3717 3596 3770 mihicum
3627 3715 3874 3785 synodali

2279 3807 2587 3863 conventu?
2638 3805 2883 3860 Suﬂiciat
2919 3806 3058 3860 mihi
3103 3806 3342 3874 peccatis
3390 3806 3527 3859 meis
3569 3803 3761 3858 flendis
3793 3804 3876 3858 in-

2279 3901 2504 3965 sistere;
2543 3899 2678 3954 satis
2704 3897 2836 3952 mibi
2864 3897 2935 3950 sit
2961 3911 3048 3951 me
3074 3897 3201 3951 huic
3242 3895 3443 3950 mundo
3473 3903 3746 3950 mortuum
3774 3909 3874 3950 ex-

2280 3992 2488 4046 bibere.

2350 4084 2546 4150 Nolite,
2574 4100 2780 4154 qumso,
2815 4081 3088 4145 monachi,
3136 4080 3304 4136 nolite
3348 4081 3449 4136 sub
3483 4078 3874 4136 ecclesiastica

2279 4175 2672 4246 compassionis
2700 4172 2878 4244 specie
2911 4186 3097 4242 regum
3129 4171 3284 4224 aulas
3331 4171 3666 4239 irrumpere;
3708 4167 3875 4223 nolite

2280 4280 2439 4319 aures
2470 4265 2771 4334 principum
2813 4261 2960 4316 velut
2991 4260 3249 4314 salutaria
3298 4259 3634 4329 suggerendo
3659 4299 3672 4324 ,
3717 4255 3877 4310 fasti-

2282 4356 2430 4410 diosa
2478 4353 2886 4423 importunitatc
2934 4351 3181 4422 pulsare;
3228 4350 3434 4404 credite
3475 4357 3721 4419 experto,
3754 4361 3876 4402 cre-

2281 4446 2392 4500 dite
2431 4446 2481 4498 in
2537 4445 2695 4514 hujus
2748 4445 2939 4515 gratiae
2989 4444 3182 4499 studiis
3231 4459 3339 4499 non
3390 4443 3583 4498 leviter
3626 4440 3872 4512 fatigato.

2249 4557 2256 4562 ·
2279 4535 2650 4605 Imperatoriae
2670 4549 2909 4603 namque
2931 4535 3203 4604 majestati
3226 4551 3366 4604 saepe
3387 4550 3506 4603 qua:
3532 4533 3874 4604 suggerenda

2280 4629 2603 4684 videbantur
2629 4629 3024 4697 expressimus;
3059 4643 3086 4681 a
3114 4629 3340 4682 summis
3367 4625 3709 4696 pontificibus
3737 4625 3876 4678 invi-

601 4717 755 4783 Quod
813 4733 948 4770 nunc
1003 4717 1178 4771 omnia
1239 4719 1475 4770 riu‘orrrm
1533 4729 1766 4772 monstra
1824 4718 2042 4787 feralia:
2096 4720 2169 4774 υἱ·
2209 4749 2256 4809 D
2285 4721 2406 4784 tati,
2439 4718 2786 4788 synodalibus
2817 4717 3060 4771 conciliis
3107 4716 3485 4779 interfuimus;
3528 4715 3621 4769 sed
3649 4714 3739 4781 qui
3771 4714 3876 4768 hoc

1310 4799 1460 4858 ge.an
1469 4827 1482 4840 .

673 4897 794 4952 Haec
815 4898 1063 4952 nimirum
1092 4907 1330 4968 tempora
1349 4900 1642 4969 apostolico
1655 4900 2037 4954 denuntiantur
2050 4916 2174 4956 ora-

599 4989 742 5053 culo,
759 4991 880 5042 dum
914 4989 1193 5045 Timotheo
1222 4990 1400 5045 futura
1431 4994 1701 5061 praedicit:
1725 5012 1741 5044 r
1766 4993 1819 5046 ln
1846 4994 2176 5059 novissimis,

599 5080 794 5148 inquit,
811 5081 993 5134 diebus
1007 5092 1158 5134 erunt
1180 5089 1415 5150 tempora
1431 5083 1750 5150 periculosa,
1765 5093 1988 5136 eterunt
2006 5085 2178 5138 horni-

600 5185 698 5224 nes
721 5169 921 5237 seipsos
945 5179 1207 5233 amantes,
1224 5171 1421 5239 cupidi,
1439 5173 1584 5234 elati,
1601 5173 1837 5242 superbi,
1857 5173 2176 5240 blasphemi,

598 5257 910 5329 parentibus
947 5261 1330 5324 inobedientes,
1359 5263 1575 5332 ingrati,
1613 5264 1847 5328 scelesti,
1874 5265 1989 5317 sine
2016 5263 2178 5332 277

603 5349 904 5413 affectione,
921 5353 1034 5403 sine
1052 5366 1200 5419 pace,
1216 5353 1613 5416 criminatores,
1638 5355 2054 5419 incontinentes,
2075 5371 2179 5408 nn-

602 5437 781 5501 mitos,
814 5439 929 5492 sine
953 5439 1641 5510 benignitate,proditores,
1676 5445 1936 5513 protervi,
1965 5444 2174 5510 tumidi,

602 5527 931 5596 voluptatum
963 5540 1228 5587 amatores
1256 5533 1426 5601 magis
1448 5550 1608 5602 quam
1640 5536 1752 5601 Dei,
1771 5535 2030 5589 habentes
2057 5548 2175 5606 Spe-

601 5620 734 5672 ciem
759 5620 977 5687 quidem
1011 5619 1246 5687 pietatis,
1274 5624 1525 5678 virtutem
1559 5634 1737 5679 autem
1758 5624 1872 5693 ejus
1902 5627 2173 5695 abnegau-

603 5719 682 5762 tes
711 5707 794 5777 (II
823 5708 955 5762 Tim.
990 5713 1070 5778 nr)
1100 5727 1113 5774 ;
1159 5730 1176 5762 ι
1207 5722 1368 5781 atque
1399 5709 1482 5768 his
1526 5717 1839 5783 prmmissis,
1871 5717 2013 5771 illico
2053 5719 2172 5773 sub-

595 5799 768 5870 jungit
798 5817 810 5850 :
842 5819 858 5850 r
895 5800 960 5853 Et
987 5800 1086 5853 hos
1117 5803 1290 5856 devita
1316 5805 1464 5871 (ibid.
1491 5806 1529 5872 ).
1567 5827 1584 5856 ι
1615 5805 1862 5874 Nunquid
1893 5823 2062 5878 usque
2104 5807 2170 5861 ad

597 5890 778 5944 numin
803 5889 962 5957 hujus
991 5892 1276 5947 terminum
1311 5894 1624 5951 Timotheus
1654 5909 2010 5966 perventurus
2030 5909 2169 5964 erat,

596 5983 681 6045 cui
712 5997 834 6038 cum
864 5981 1156 6050 pravitates
1188 5986 1460 6042 hominum
1507 5987 1560 6043 in
1621 5990 1927 6046 rrovis.;imis
1981 5991 2170 6048 diebus

2284 4821 2523 4879 tempore
2567 4808 2668 4862 ista
2716 4808 3083 4877 prosequitur,
3120 4816 3376 4875 tanquam
3428 4808 3472 4861 si
3505 4805 3710 4866 semina
3751 4818 3873 4858 cre-

2283 4902 2436 4956 deret
2463 4899 2707 4955 areuosis
2733 4899 3005 4954 littoribus
3032 4897 3296 4953 videatur.

2847 5009 3073 5065 CAPUT
3111 5009 3304 5064 XXXI.

2287 5103 2439 5170 Quod
2482 5104 2536 5157 in
2580 5103 2778 5173 synodo
2804 5103 3092 5173 monac/rus
3131 5101 3199 5152 ad
3227 5101 3584 5173 episcoporum
3623 5097 3872 5150 invidiam

2715 5172 2872 5226 libere
2907 5171 3047 5240 loqui
3090 5187 3192 5222 non
3226 5172 3436 5222 audeat.

2359 5263 2510 5333 Sa‘pe
2561 5277 2793 5332 namque
2848 5262 2900 5314 in
2966 5258 3213 5314 conciliis
3275 5257 3624 5327 synodalibus
3684 5255 3870 5324 positi,

2286 5357 2546 5424 quosdam
2598 5355 2700 5408 sibi
2749 5351 2993 5408 feraliter
3028 5351 3276 5405 conscios
3304 5349 3595 5419 praesidere
3622 5347 3789 5417 278
3819 5349 3871 5402 in

2284 5459 2508 5500 nmnero
2535 5444 2876 5498 sacerdotum
2900 5443 3154 5505 vidimus,
3181 5456 3286 5494 non
3321 5440 3481 5492 modo
3513 5437 3594 5491 sui
3626 5445 3866 5499 securos,

2284 5539 2377 5589 sed
2431 5536 2575 5588 ultro
2622 5535 2786 5588 etiam
2847 5533 2912 5586 ad
2953 5533 3182 5585 aliorum
3247 5531 3478 5583 crimina
3525 5527 3862 5581 defendenda

2282 5625 2624 5693 impudenter
2645 5624 2915 5678 accinctos
2942 5639 2955 5674 :
2989 5623 3079 5690 qui
3105 5621 3380 5686 nimirum,
3409 5628 3466 5672 ut
3490 5618 3786 5678 ferebatur,
3812 5626 3867 5669 et

2281 5733 2401 5770 cum
2454 5716 2673 5769 Simone
2716 5716 2864 5785 prius
2907 5722 3151 5769 emerant
3179 5714 3315 5782 (Act.
3346 5713 3432 5778 ll),
3481 5720 3535 5763 ct
3567 5725 3688 5762 cum
3715 5709 3866 5762 Giezi

2279 5807 2617 5876 postmodum
2645 5808 3030 5860 charismatum
3047 5806 3182 5858 dona
3210 5803 3558 5856 vendiderant
3601 5799 3649 5868 (1
3669 5799 3705 5850 V
3732 5799 3862 5866 Reg.

2279 5898 2614 5968 \).Quorum
2665 5907 2814 5953 tanta
2868 5899 2947 5950 vis
2998 5902 3117 5951 erat
3153 5897 3218 5950 ad
3260 5893 3597 5950 excusandas
3632 5905 3862 5943 excusa-

2281 5991 2452 6046 tiozzcs
2484 5991 2533 6045 in
2561 5993 2818 6060 peccatis,
2848 5999 2901 6044 ut
2937 5991 3078 6046 inter
3112 5997 3308 6046 caetera
3351 5986 3514 6054 mala,
3562 5985 3730 6037 etiam
3772 5979 3857 6036 Si-

4689 6433 5230 6656 ‘
