5514 6670
1922 511 2026 566 287

270 51 4566 293 τ--έ--η--υπ

2389 514 2450 569 S.
2479 513 2682 569 PETRI
2723 512 3003 568 DAMIASI
3042 513 3190 568 OPP.
3241 509 3476 567 TOML'S
3516 510 3648 566 SL‘U
3691 510 3869 565 PARS
3908 508 4459 567 lll.—OPUSCULA
4497 510 4724 566 V'ARIA.

5079 513 5179 568 238

1923 627 2186 682 ιιιοιιῑαοω
2222 627 2487 681 luercseos
2521 642 2625 681 non
2654 627 2810 681 modo
2839 626 3176 690 defensores,
3221 625 3313 680 sed
3353 625 3501 678 vide-
3536 626 3579 682 Α
3682 622 4029 692 Roprimatur
4069 640 4196 694 ergo
4226 624 4447 692 quilibet
4484 624 4654 679 frater
4686 640 4824 680 nunc
4871 641 4924 679 tn
4953 639 5179 696 angusto

1925 727 2114 772 rentur
2143 717 2316 785 potius
2356 726 2674 776 assertores.
2707 717 2838 784 Quis
2874 719 2939 770 ad
2985 720 3207 772 istorum
3240 717 3499 769 invidiam

1923 808 2222 861 monachus
2269 807 2464 860 mutire
2512 809 2910 876 praesumeret?
2938 808 3067 874 Quis
3111 807 3176 858 ad
3228 806 3498 874 arguenda

1921 900 2174 963 crimina,
2211 902 2293 954 vel
2335 899 2602 968 justitiam
2635 903 3038 962 declarandam,
3069 900 3356 955 vcndicare
3396 898 3499 950 sibi

1916 988 2007 1056 jtts
2033 989 2309 1043 libertatis
2352 991 2608 1045 auderet?
2643 991 2786 1046 Illico
2829 991 3100 1054 szcvireut,
3154 989 3295 1042 illico
3321 991 3370 1040 in
3403 1004 3500 1041 nos

1921 1078 2073 1136 dura:
2099 1081 2491 1149 suggillationis
2531 1099 2681 1136 arma
2728 1085 3085 1150 corriperent,
3135 1089 3190 1135 et
3219 1079 3498 1148 praemisso

1917 1168 2117 1239 jurgio,
2157 1171 2432 1225 silentium
2480 1172 2828 1241 imperarent,
2873 1172 3014 1225 inter
3061 1185 3119 1224 se
3161 1169 3365 1223 scilicet
3396 1168 3498 1221 hoc

1924 1262 2086 1314 modo
2113 1261 2343 1315 invicem
2375 1270 2770 1329 conquerentes
2800 1279 2813 1314 :
2843 1261 2924 1315 Ad
2965 1259 3256 1316 concilium
3289 1259 3387 1313 hoc
3409 1258 3497 1328 ju-

1929 1348 2159 1403 dicaturi
2199 1350 2568 1404 convenimus.

1997 1439 2122 1500 Sed,
2156 1454 2190 1492 ο
2233 1454 2366 1492 nova
2410 1439 2782 1506 prtesuazptio!
2835 1449 3165 1493 mortuorum
3215 1437 3497 1492 sententiis

1923 1528 2285 1597 subjacemus,
2315 1537 2369 1582 et
2409 1527 2781 1597 episcoporum
2814 1539 2938 1582 sunt
2975 1530 3182 1597 judices
3223 1526 3370 1588 facti,
3405 1527 3496 1595 qui

1921 1615 2166 1686 legalitcr
2207 1617 2305 1670 sub
2351 1630 2539 1669 eorum
2567 1615 2780 1670 fuerant
2809 1616 3012 1685 legibus
3041 1616 3338 1670 constituti.
3369 1615 3498 1681 Qui-

1921 1707 2022 1761 bus
2047 1707 2336 1777 aliquando
2367 1707 2719 1775 respondetur
2750 1725 2763 1760 :
2809 1705 3151 1760 Venerabiles
3192 1706 3400 1769 Patres,
3444 1714 3499 1759 et

1922 1798 2148 1860 domini,
2180 1797 2316 1851 sicut
2361 1797 2512 1850 vobis
2542 1797 2849 1864 specialiter
2873 1807 3231 1866 praerogatum
3259 1806 3337 1849 est
3357 1796 3496 1863 judi-

1923 1903 2071 1952 care,
2116 1889 2188 1941 ita
2243 1887 2403 1940 etiam
2436 1886 2736 1939 minoribus
2765 1886 3020 1939 Ecclesia:
3068 1887 3324 1939 membris
3356 1901 3496 1938 cout-

1919 1979 2214 2048 petitqttod
2257 1978 2498 2032 sentiunt
2529 1977 2581 2031 in
2612 1994 2897 2032 commune
2944 1978 3225 2041 conferre;
3258 1993 3356 2030 nec
3388 1977 3492 2029 ulla

1921 2085 2186 2123 canonum
2217 2070 2511 2123 auctoritas
2537 2069 2787 2137 prohibet
2812 2069 3053 2136 juniores
3081 2084 3199 2137 quae
3241 2068 3494 2120 Ecclesia:

1926 2163 2128 2214 ducunt
2176 2160 2458 2230 profutura
2511 2161 2849 2228 depromere,
2879 2160 3003 2212 dum
3038 2169 3211 2213 tamen
3243 2159 3494 2210 ventilata

1926 2250 2142 2317 negotia
2159 2241 2687 2317 pontificalisjudicii
2711 2250 2902 2304 debeat
2927 2250 3165 2304 clausula
3182 2250 3493 2302 terminare.

1922 2337 1978 2392 Si
2003 2337 2216 2405 quando
2237 2351 2365 2407 ergo
2387 2337 2509 2403 hoc,
2544 2346 2638 2390 aut
2668 2338 2875 2405 aliquid
2904 2339 3205 2404 hujusmodi
3242 2339 3345 2391 illis
3374 2355 3494 2392 cum

1925 2426 2232 2481 humilitate
2259 2426 2584 2494 suggeritur,
2616 2440 2955 2494 nequaquam
3002 2427 3269 2493 patienter
3300 2427 3495 2481 admit-

1923 2519 2056 2571 titur
2087 2535 2102 2572 :
2139 2525 2231 2572 sed
2263 2518 2523 2587 quidquid
2555 2532 2583 2570 a
2611 2519 2767 2572 nobis
2800 2519 2850 2571 in
2891 2518 3096 2587 synodo
3126 2520 3328 2572 dietum
3370 2528 3452 2572 est
3477 2561 3491 2580 ,

1924 2614 2096 2659 totum
2132 2606 2199 2659 ad
2230 2606 2484 2660 inriliam
2525 2618 2764 2662 nostram
2797 2610 3030 2676 superbo
3061 2606 3321 2661 vocabulo
3352 2608 3496 2676 judi-

1924 2713 2067 2750 ctum
2096 2707 2457 2765 nuncupatur.

1995 2789 2120 2842 Hrec
2142 2788 2377 2842 breviter
2405 2789 2606 2844 idcirco
2626 2790 3059 2858 perstrinxerim,
3106 2801 3164 2844 ut
3191 2793 3239 2844 in
3268 2808 3352 2847 me
3379 2795 3495 2863 qui-

1919 2876 2050 2932 libet
2100 2878 2408 2947 inexpertus
2443 2886 2636 2942 discat,
2666 2879 2882 2933 sibimet
2917 2883 3078 2935 etiam
3110 2899 3140 2936 a
3183 2886 3374 2939 talibus
3405 2887 3497 2939 de—

1919 2967 2123 3022 clinare
2149 2983 2307 3036 quam
2338 2968 2624 3036 diligenter
2654 2971 2922 3038 expediat.
2977 2971 3032 3023 ln
3087 2987 3191 3025 uno
3230 2976 3494 3044 siquidem

1918 3057 2265 3127 praevadante
2291 3058 2581 3128 colligitur,
2610 3068 2788 3113 utrum
2819 3077 2848 3112 a
2879 3062 3227 3129 subsequenti
3253 3067 3496 3118 exercitu

1920 3149 2120 3218 ignota.-
2148 3164 2298 3217 aqtt:e
2330 3158 2444 3203 tuto
2468 3150 2599 3204 fides
2626 3151 2906 3205 habeatur.
2935 3152 3184 3207 Protinus
3215 3170 3270 3209 se
3303 3158 3369 3210 ab
3397 3157 3496 3209 iut-

1919 3250 2047 3309 petu
2091 3241 2293 3312 proprii
2334 3257 2526 3296 cursus
2557 3241 2830 3297 institores
2860 3244 3125 3298 venalium
3177 3247 3492 3314 reprimunt,

1919 3346 2042 3384 cum
2071 3331 2151 3383 vel
2185 3348 2346 3386 unttm
2369 3348 2433 3385 ex
2462 3333 2573 3387 suis
2604 3333 2780 3388 redire
2815 3349 2843 3386 a
2871 3335 3125 3388 nundinis
3149 3351 3493 3391 vacuumnon

1919 3419 2195 3474 distractis
2228 3422 2501 3476 mercibus
2531 3432 2780 3476 cernunt.
2833 3423 3002 3488 Quem
3054 3425 3322 3480 ruralibus
3353 3429 3499 3480 curis

1919 3510 2186 3565 intentum
2225 3511 2536 3580 frequenter
2561 3528 2711 3584 seges
2751 3525 2940 3585 negata
2971 3517 3186 3581 delusit,
3212 3520 3498 3587 quamplu-

1918 3615 2008 3653 res
2042 3615 2072 3653 a
2098 3601 2298 3656 sterilis
2327 3603 2438 3655 arvi
2470 3603 2675 3657 cultura
2693 3609 3040 3674 compescuit.
3069 3609 3202 3662 Cum
3222 3620 3498 3664 scrutator

1919 3688 2173 3743 ﬂuctuum
2217 3690 2398 3744 lal.ore
2442 3690 2752 3757 frustratus,
2780 3710 2946 3748 vacua
2975 3696 3145 3751 lassus
3174 3698 3278 3751 liua
3314 3715 3498 3767 repor-

1925 3788 2022 3841 tat,
2059 3778 2216 3832 facile
2251 3778 2361 3846 jam
2391 3781 2623 3834 nudatos
2652 3798 2678 3832 a
2712 3783 3103 3846 perlustrandis
3141 3789 3315 3854 inopis
3345 3804 3498 3856 aqua:

1921 3869 2118 3922 finibus
2148 3881 2384 3923 revocat.
2419 3869 2511 3922 Sic
2545 3871 2800 3923 nimirum
2828 3888 2933 3934 me,
2967 3889 3068 3925 non
3098 3875 3226 3926 mihi
3261 3876 3379 3939 soli,
3407 3877 3499 3930 sed

1920 3970 1977 4013 et
2026 3962 2238 4014 cunctis
2275 3960 2530 4014 fratribus
2560 3961 2692 4014 meis
2732 3960 2856 4013 talia
2892 3971 3125 4018 tentasse
3158 3964 3406 4028 sulliciat,
3440 3978 3498 4020 ut

1927 4051 2053 4102 dum
2085 4049 2243 4102 unius
2270 4049 2420 4101 labor
2445 4049 2645 4102 inutilis
2671 4047 2833 4102 fuisse
2864 4053 3229 4118 perpenditur,
3255 4069 3357 4106 non
3385 4056 3497 4114 uni.

1925 4139 2018 4191 sed
2046 4138 2228 4192 multis
2282 4154 2311 4191 a
2361 4140 2674 4208 supervacui
2719 4140 2920 4194 laboris
2966 4141 3235 4211 impendio
3292 4145 3497 4198 cautela

1924 4229 2133 4298 pnebea
2144 4239 2195 4283 tu
2205 4245 2246 4282 r.

2477 4319 2702 4375 CAPUT
2730 4321 2944 4377 XXXII.

1925 4409 2078 4476 Quod
2101 4412 2384 4489 monachus
2411 4428 2464 4464 se
2484 4429 2514 4462 a
2536 4413 2729 4465 mundo
2752 4416 3021 4489 cohibeat,
3049 4428 3097 4470 et
3130 4417 3221 4472 Dei
3235 4421 3495 4489 judicium

2286 4481 2394 4534 suis
2421 4497 2618 4549 semper
2643 4482 2808 4536 oculis
2830 4495 3128 4553 anteponat.

1994 4589 2248 4658 Quisquis
2271 4605 2398 4659 ergo
2427 4593 2721 4645 monachus
2753 4593 3100 4662 perfectionis
3136 4599 3344 4678 culmen
3389 4601 3497 4656 fes-
3525 4633 3568 4690 υ

1925 4681 2066 4736 tiuat
2091 4683 2370 4751 attingere,
2421 4681 2561 4734 intra
2594 4684 2903 4740 remotionis
2933 4703 3042 4741 sum
3065 4703 3124 4742 se
3142 4671 3373 4744 claustra
3406 4707 3496 4746 co-

1926 4771 2130 4833 hibeat,
2157 4771 2434 4840 spirituale
2463 4771 2638 4836 _otium
2663 4773 2878 4844 diligat;
2913 4777 3220 4835 discurrere
3249 4796 3374 4836 vero
3405 4798 3498 4853 per

1925 4861 2202 4926 arculum,
2229 4861 2373 4916 velut
2398 4877 2634 4917 mersare
2662 4879 2721 4919 se
2743 4865 2796 4919 in
2830 4866 3004 4921 lacum
3042 4872 3340 4941 sanguinis,
3374 4888 3496 4942 per-

1926 4951 2226 5006 horrescat.
2266 4951 2366 5005 Tot
2402 4953 2545 5005 enim
2582 4954 2869 5008 criminum
2909 4959 3075 5026 magis
3121 4975 3186 5014 ac
3225 4962 3394 5030 magis
3445 4963 3496 5017 in

1926 5038 2044 5092 dies
2092 5039 2322 5092 murulus
2359 5041 2816 5098 eontaminatione
2844 5045 3117 5114 polluitur,
3168 5051 3497 5118 utquarlibet

1925 5136 2110 5183 sancta
2146 5142 2297 5183 mens
2325 5129 2436 5184 sola
2458 5128 2574 5198 ejus
2593 5133 3019 5190 consideratione
3049 5137 3299 5194 foedetur.
3331 5141 3496 5210 279

1927 5220 1994 5274 Et
2016 5222 2141 5274 dum
2179 5223 2450 5275 veteribus
2488 5237 2627 5276 nova
2657 5237 2870 5293 semper
2897 5235 3173 5295 augentur,
3199 5230 3325 5296 quid
3355 5229 3497 5284 aliud

1928 5312 2127 5382 agitur,
2151 5325 2311 5380 quam
2344 5312 2657 5366 Antichristi
2693 5317 2774 5368 via
2819 5317 3001 5384 procul
3027 5317 3186 5373 dubio
3213 5321 3494 5385 sternitur,

1928 5399 2116 5465 utjam
2147 5401 2286 5454 ultra
2335 5400 2495 5454 finem
2525 5401 2702 5455 sreculi
2737 5404 2790 5455 in
2829 5406 3085 5459 mundum
3110 5409 3350 5473 veniens,
3382 5408 3497 5462 siue

1929 5490 2250 5545 offendiculo
2272 5493 2406 5547 liber
2444 5493 2811 5563 ingrediatur?
2854 5495 3060 5551 Etcum
3087 5498 3226 5554 illius
3249 5502 3333 5553 via
3368 5499 3500 5553 nihil

1930 5580 2073 5633 aliud
2123 5597 2341 5650 prorsus
2370 5600 2531 5653 quam
2560 5595 2739 5640 nostra
2768 5587 3093 5658 sintabsque
3142 5591 3302 5646 dubio
3343 5609 3501 5647 scau-

1932 5668 2084 5732 dala,
2131 5672 2320 5724 eadem
2363 5675 2534 5728 causa
2576 5675 2734 5730 debet
2783 5678 3004 5748 vestigia
3041 5689 3224 5734 nostra
3254 5697 3502 5750 compes-

1933 5776 2075 5825 cere,
2113 5777 2231 5831 qttte
2258 5763 2332 5818 illi
2362 5765 2584 5834 spondet
2612 5765 2796 5822 liberis
2817 5783 2973 5838 posse
3002 5771 3271 5838 gressibus
3301 5774 3501 5828 adven-

1936 5857 2067 5907 ture.

3606 729 3714 766 sua:
3748 714 4066 768 remotionis
4112 714 4404 783 ergastulo,
4446 725 4505 768 ut
4551 715 4772 769 infinita:
4799 715 5178 786 magnitudinis

3602 805 3788 859 domus
3831 805 3932 859 sibi
3964 817 4181 874 paretur
4215 809 4264 860 in
4306 807 4465 860 curio.
4519 806 4781 862 Jeremias
4822 810 4894 861 ait
4926 826 4939 861 :
4974 827 4992 858 ‹
5026 807 5070 863 0
5100 808 5176 862 ls-

3602 893 3735 956 rael,
3785 909 3944 961 quam
3997 910 4188 963 magna
4222 905 4303 949 est
4327 895 4518 948 domus
4551 895 4666 960 Dei,
4713 906 4765 951 et
4797 897 4983 968 ingens
5031 897 5178 952 locus

3598 985 3954 1053 possessionis
4004 983 4117 1050 ejus
4148 1004 4159 1038 :
4193 1002 4417 1055 magnus
4447 1026 4460 1050 ,
4501 996 4552 1040 et
4591 1003 4693 1040 non
4725 988 4884 1043 habet
4929 1005 5176 1043 consum-

3600 1075 3912 1136 mationem,
3940 1075 4208 1136 excelsus,
4255 1083 4308 1128 et
4361 1076 4688 1129 immensus!
4732 1096 4750 1128 ι
4789 1076 5038 1145 (Baruch.
5068 1081 5172 1146 tu.)

3599 1162 3752 1216 Nune
3801 1180 3859 1217 se
3903 1164 4117 1217 vinculo
4161 1164 4328 1216 divini
4363 1166 4571 1217 timoris
4598 1165 4914 1235 obstringat,
4943 1177 4998 1220 ut
5028 1175 5177 1236 post-

3598 1253 3814 1305 modum
3841 1253 3930 1321 jus
3970 1266 4108 1305 vene
4136 1252 4402 1307 libertatis
4424 1252 4683 1305 obtineat.
4719 1253 5078 1321 Requiescens
5123 1255 5176 1308 in

3597 1340 3836 1404 Christo,
3866 1351 4078 1409 reputet
4109 1341 4181 1393 nil
4209 1341 4312 1394 sibi
4342 1356 4628 1393 commune
4652 1357 4770 1395 esse
4798 1357 4919 1396 cum
4953 1342 5170 1406 mutulo;

3596 1440 3656 1485 ut
3684 1434 3823 1500 quod
3854 1430 4088 1485 Joannes
4129 1429 4403 1498 apostolus
4442 1432 4614 1501 jubet,
4647 1447 4749 1484 non
4791 1430 4963 1485 solum
4989 1431 5173 1494 corde,

3599 1523 3690 1577 sed
3722 1531 3777 1576 et
3813 1538 4038 1592 corpore
4070 1523 4183 1589 ipso
4215 1534 4501 1577 conservet
4533 1539 4546 1575 :
4585 1542 4602 1573 ι
4640 1522 4834 1587 Nolite,
4865 1522 5057 1592 inquit,
5091 1523 5172 1576 di-

3599 1615 3765 1683 ligcre
3797 1615 4075 1677 mundum,
4108 1628 4208 1668 nec
4235 1629 4296 1667 ea
4333 1630 4450 1683 qua:
4492 1616 4543 1667 in
4579 1614 4778 1668 mundo
4807 1624 4950 1668 sunt.
4977 1614 5030 1668 Si
5056 1614 5177 1683 quis

3599 1705 3773 1773 diligit
3800 1705 4079 1768 mundum,
4132 1720 4238 1759 non
4265 1715 4346 1758 est
4396 1705 4633 1758 charitas
4677 1704 4851 1758 Patris
4899 1707 4952 1759 in
4992 1720 5055 1759 eo
5087 1704 5174 1771 (11

3597 1795 3756 1849 Ιοαη.
3783 1797 3866 1864 ιι).
3902 1816 3919 1848 ι
3955 1796 4226 1851 Clarescat
4256 1813 4470 1851 servum
4499 1797 4720 1860 Christi,
4747 1797 4888 1851 nulla
4914 1799 5167 1852 mundum

3599 1884 3883 1938 affectione
3916 1887 4094 1939 cordis
4125 1887 4367 1954 diligere,
4401 1897 4563 1956 atque
4604 1889 4670 1941 ad
4702 1889 4803 1942 hoc
4843 1889 5174 1958 probandum

3528 1957 3571 2015 Β
3601 1972 3971 2038 corporalibus
4004 1974 4165 2025 etiam
4206 1976 4344 2027 hunc
4374 1975 4614 2028 fastidiat
4638 1977 5178 2045 gressibusl'tequen-

3599 2071 3736 2115 tare.
3787 2063 3902 2132 Ipsa
3949 2080 4110 2132 porro
4138 2069 4434 2134 corporalis
4462 2068 4787 2121 abstinentia
4833 2072 4932 2136 pia:
4981 2070 5177 2123 meritis

3598 2155 3775 2208 odium
3793 2159 4123 2224 comprobet,
4150 2166 4207 2210 ut
4235 2174 4340 2226 quo
4364 2160 4591 2225 quisque
4619 2175 4646 2211 a
4678 2160 4835 2212 noxia
4866 2161 5045 2213 mundi
5075 2176 5174 2212 no-

3601 2248 3717 2300 titia
3768 2248 3936 2314 magis
3984 2249 4269 2312 alienatus,
4316 2265 4381 2305 eo
4422 2252 4640 2303 aretiori
4671 2250 4781 2304 Deo
4809 2251 5174 2305 familiaritate

3593 2334 3868 2402 jungatur.
3907 2336 4052 2389 Nunc
4077 2338 4284 2400 ﬂebilis,
4321 2348 4373 2390 et
4405 2353 4639 2392 mmrens
4664 2339 4866 2393 deliros
4893 2340 4944 2392 in
4974 2349 5172 2394 terram

3596 2426 3782 2478 oculos
3808 2437 4005 2486 teneat,
4042 2442 4175 2494 quos
4205 2429 4269 2480 ad
4303 2442 4423 2480 cum
4459 2428 4769 2493 videndum,
4795 2429 4885 2496 qui
4920 2437 5176 2481 venturus

3595 2523 3677 2567 est
3701 2515 3751 2565 in
3786 2515 4018 2567 nubibus
4053 2517 4171 2567 cmli
4203 2533 4324 2568 cum
4364 2525 4627 2584 potestate
4667 2532 4878 2585 magna,
4904 2526 4955 2569 et
4981 2517 5173 2584 majes-

3599 2615 3707 2658 tate
3744 2603 3955 2674 (Matth.
3991 2606 4102 2669 2m,
4129 2614 4255 2659 tunc
4289 2608 4439 2661 laetus
4463 2605 4688 2669 attollat,
4734 2608 4873 2660 sicut
4914 2608 5174 2674 scriptum

3597 2707 3679 2748 est
3716 2711 3728 2745 :
3768 2712 3784 2744 ι
3834 2694 4138 2762 Respicite,
4185 2706 4237 2750 et
4279 2696 4454 2749 levate
4481 2698 4654 2766 capita
4689 2708 4889 2762 vestra,
4919 2701 5172 2767 quoniam

3599 2786 3820 2854 piuquat
3852 2787 4144 2855 redemptio
4172 2798 4348 2840 vest..-
4380 2787 4527 2848 (Luc.
4563 2787 4694 2856 ut).
4734 2807 4751 2838 ι

3668 2963 3712 3017 Ο
3767 2978 3927 3031 quam
3972 2965 4037 3016 ad
4088 2963 4546 3031 pronuntiandum
4594 2963 4918 3017 brevissima
4962 2964 5124 3017 verba
5156 3004 5170 3028 ,

3600 3054 3869 3120 quam.ad
3917 3056 4359 3122 pertractandum
4393 3055 4702 3108 medullitus
4726 3054 4930 3107 infinita
4956 3065 5174 3109 senten-

3585 3146 3672 3196 'tia
3704 3148 3715 3197 !
3751 3144 4002 3198 videlicet
4025 3161 4145 3199 cum
4173 3148 4387 3214 reprobi
4417 3146 4679 3214 ejulantes
4709 3148 5034 3202 tremefactis
5063 3148 5174 3201 vis-

3601 3236 3814 3287 ceribus
3831 3237 4007 3289 dicent
4029 3254 4039 3287 :
4061 3256 4077 3285 ‹
4098 3234 4141 3290 Ο
4165 3245 4393 3300 montes,
4421 3236 4592 3289 caditc
4613 3252 4905 3304 supernos,
4921 3239 5170 3305 etcolles,

3599 3325 3804 3392 Operite
3833 3341 3930 3378 nos
3958 3341 3986 3378 a
4026 3324 4162 3380 facie
4181 3327 4430 3379 Sedentis
4459 3328 4512 3379 in
4542 3328 4736 3381 throno
4763 3326 4913 3397 (Luc.
4946 3329 5123 3392 mu).
5147 3348 5166 3382 ι

3600 3417 3732 3468 Cum
3763 3418 3993 3484 denique
4027 3437 4044 3468 ‹
4078 3418 4153 3471 sol
4186 3419 4549 3483 uscuralntur,
4600 3428 4653 3472 et
4704 3419 4824 3472 luna
4874 3436 4976 3474 non
5025 3422 5175 3476 dabit

3603 3503 3778 3556 lumen
3797 3520 3973 3567 suum,
3996 3517 4047 3558 ct
4074 3508 4238 3560 stellae
4262 3508 4454 3559 cadent
4477 3509 4543 3561 tle
4565 3509 4702 3560 curio
4727 3509 4935 3577 (Matth.
4963 3508 5109 3578 utv)
5147 3531 5165 3562 ι

3603 3592 3752 3646 Tunc
3792 3595 4046 3646 nimirum
4095 3611 4214 3647 eum
4269 3597 4467 3648 videbit
4502 3612 4623 3649 eum
4673 3599 4848 3650 omnis
4878 3598 5084 3662 oculus,
5118 3607 5175 3652 et

3599 3685 3688 3754 qui
3721 3701 3842 3737 eum
3873 3697 4229 3755 pupugerunt,
4259 3696 4312 3740 et
4343 3688 4598 3755 plangent
4628 3703 4684 3741 se
4711 3703 4868 3757 super
4893 3705 4948 3742 se
4978 3703 5169 3743 omnes

3601 3774 3974 3827 tribustcrrcc.
4016 3776 4143 3840 Qua:
4189 3787 4365 3828 autem
4411 3791 4562 3830 meus
4609 3778 4836 3830 humana
4868 3780 5169 3848 concipere,

3602 3880 3720 3932 qua:
3746 3865 3920 3933 lingua
3953 3867 4127 3918 valeat
4152 3866 4422 3934 explicare
4450 3877 4710 3934 quantum
4752 3868 4851 3921 erit
4893 3878 5014 3921 tunc
5062 3869 5171 3923 ele-

3601 3963 3808 4007 ctorum
3842 3954 4113 4022 gaudium,
4142 3969 4302 4021 quam
4351 3954 4725 4008 inenarrabilis
4770 3955 4950 4009 ltetitia
4991 3958 5146 4011 brato

3601 4058 3740 4102 rum,
3772 4058 3893 4094 cum
3923 4044 4260 4110 periclitante
4293 4044 4508 4105 mundo,
4544 4044 4644 4111 ipsi
4677 4045 4741 4098 de
4766 4057 4963 4098 caetero
4994 4045 5172 4113 subja-

3599 4147 3720 4185 cere
3741 4132 3991 4200 periculis
4021 4133 4291 4195 desinunt,
4319 4142 4371 4185 et
4397 4133 4628 4185 venienti
4649 4134 4934 4187 immortali
4965 4135 5171 4203 Sponso

3599 4223 3842 4276 accensis
3866 4223 4198 4290 lampadibus
4226 4224 4583 4292 tripudiantes
4598 4227 4917 4279 occurrunt!
4953 4226 5167 4293 (Matth.

3598 4315 3749 4382 xxv.)
3780 4313 3912 4368 Cum
3953 4316 4190 4368 membra
4224 4301 4406 4368 mundi
4448 4316 4511 4368 ad
4555 4315 4871 4385 perferenda
4922 4327 5170 4373 tartareae

3598 4406 3984 4460 combustionis
4017 4407 4273 4474 supplicia
4299 4417 4580 4471 corruunt,
4614 4409 4710 4474 ipsi
4740 4408 4803 4461 ad
4828 4409 5166 4478 percipienda

3599 4498 3984 4552 inacccssibilis
4029 4499 4213 4568 glorite
4239 4500 4455 4566 praemia
4483 4499 4663 4553 felices
4688 4502 5000 4569 assurgunt!
5032 4499 5165 4554 Cum

3599 4591 3809 4645 illorum
3851 4591 3960 4642 vita
4007 4599 4227 4657 repente
4257 4605 4403 4643 mors
4433 4590 4749 4644 immortalis
4772 4591 5054 4658 intercipit,
5091 4593 5165 4645 is-

3599 4691 3774 4734 torum
3794 4679 4176 4732 mortalitatem
4195 4679 4390 4733 virtute
4409 4681 4820 4734 resurrectionis
4835 4679 5136 4748 absorptatu
5150 4722 5164 4743 ,

3598 4770 3932 4838 iucorruptio
3979 4770 4211 4839 gloriosa
4240 4771 4537 4824 consumit!
4581 4770 4694 4826 lloc
4728 4772 4935 4826 cunctis
4959 4774 5168 4827 saeculis

3599 4858 3974 4912 admirandum
4002 4858 4275 4928 singulare
4306 4858 4668 4926 spectaculum
4702 4860 5034 4915 incessanter
5060 4863 5162 4915 sibi

3600 4965 3751 5004 ruens
3795 4958 3978 5003 saneta
4020 4958 4302 5019 proponat.
4355 4950 4503 5004 llattc
4547 4953 4879 5007 tremendam
4929 4962 5166 5008 ventura:

3599 5038 3952 5092 discussionis
4003 5039 4290 5108 imaginem
4332 5040 4548 5095 assidua
4577 5056 4687 5110 prze
4730 5041 4896 5096 oculis
4943 5043 5164 5097 medita-

3600 5131 3744 5184 tione
3766 5131 4035 5199 depingal.
4071 5128 4187 5184 Jam
4227 5145 4285 5185 se
4327 5131 4409 5184 vir
4431 5132 4635 5186 electus
4665 5133 4728 5186 ad
4780 5133 5009 5188 tribunal
5039 5150 5162 5205 rap-

3603 5229 3711 5274 tum
3738 5221 3941 5275 Judicis
3967 5221 4202 5289 deputet,
4232 5223 4340 5292 jam
4364 5237 4422 5276 se
4463 5223 4516 5276 in
4543 5224 4789 5278 examine
4826 5225 5052 5292 positum
5097 5226 5162 5279 ad

3601 5314 3926 5368 reddendam
3958 5313 4220 5368 rationem
4251 5315 4444 5368 divinis
4475 5314 4858 5384 quaestionibus
4889 5316 5164 5384 perurgcri

3601 5404 4013 5459 formidabilitcr
4058 5416 4264 5473 penset.
4299 5405 4493 5460 Mundo
4519 5422 4576 5461 se
4601 5416 4913 5462 extraneum
4955 5408 5164 5472 reddat,

3602 5506 3659 5550 ut
3683 5499 3788 5549 Deo
3812 5497 4174 5566 propensioris
4198 5499 4383 5569 gratia:
4409 5498 4654 5568 largitate
4684 5498 4963 5552 familiaris
4983 5497 5164 5550 adhazv

3601 5597 3737 5642 rcat.
3791 5588 3900 5641 lloc
3941 5588 4122 5656 itaque
4152 5589 4310 5642 modo
4342 5599 4585 5644 mortuus
4619 5589 4781 5653 vivat,
4811 5604 4840 5642 a
4871 5589 5031 5658 230
5052 5598 5162 5642 ter-

3604 5680 3747 5733 renis
3777 5680 4157 5734 vexationibus
4207 5696 4267 5734 se
4291 5679 4595 5745 subtrahat,
4629 5695 4693 5735 ac
4719 5680 4860 5733 velut
4903 5682 4952 5732 iu
4988 5679 5166 5748 sepul-

3602 5786 3693 5823 cro
3715 5771 3824 5838 jam
3854 5772 4081 5838 positus,
4115 5771 4165 5823 iu
4202 5770 4313 5824 solo
4340 5769 4613 5839 Creatoris
4629 5769 4725 5824 ‘sui
4753 5768 5018 5823 desiderio
5043 5782 5166 5822 sua-

3605 5864 3738 5918 viter
3769 5864 4088 5933 requiescat.
4117 5863 4313 5935 Sicque
4338 5864 4390 5918 in
4419 5865 4528 5920 Deo
4559 5863 4663 5919 vita
4691 5861 4802 5933 ejus
4831 5861 5167 5928 abscondita,
