5514 6654
3029 147 3048 156 Δ
3169 145 3212 152 .-.
3294 135 3350 149 ’⁵-
3394 148 3405 151 π
3454 144 3477 149 -’

2573 171 2616 178 -α
2669 171 2678 174 -
2779 155 3096 196 κεδθΞ-’ἑι
3195 179 3198 182 -
3226 150 3341 183 ⁷ι-³“τ·ῖ
3360 170 3427 197 ειη
3460 168 3463 171 ·
3532 170 3613 193 χι-
3722 168 3747 195 μι

2365 207 2408 216 ,.
2469 187 3070 216 ..._.-.:'_:_.._':..:...:....._...._.—..
3184 210 3243 225 ..μ
3270 190 3379 217 ι““
3406 194 3417 217 ς
3442 186 3523 215 ;-κ““έ
3694 214 3701 215 κ
3748 204 3765 209 η
3806 206 3825 209 -ν

2345 221 2354 228 υ
2527 219 2558 228 ιυ-
2609 221 2632 228 ι·-
2707 219 2738 230 -
2777 219 2804 228 ιο
2849 223 2858 230 ι
3203 237 3210 240 _
3229 235 3240 240 '_
3287 231 3334 238 _-
3413 231 3438 256 τ’
3489 230 3582 256 ν
3700 230 3713 233 Ὗ
3752 238 3861 255 Μ-ν
3894 246 3919 251 ΔΜ

3091 257 3096 260 .
3205 255 3210 260 .
3377 257 3408 260 -.
3611 265 3614 268 _
3709 263 3726 268 __
3745 261 3768 264 ..
3808 260 3893 271 επ..
3914 264 3917 265 ,

630 634 732 690 289

630 847 903 893 mereatur
934 835 986 888 in
1016 833 1188 904 gloria
1222 830 1443 902 (Coloss.
1475 831 1578 901 tu).
1606 830 1799 887 Amen.

1171 943 1398 1000 CAPUT
1434 944 1669 998 XXXlll.

630 1037 727 1090 His
757 1036 981 1105 scriptor
1018 1033 1647 1153 alloquitur‘dguerabiles
1680 1033 1961 1087 monac/tos
1988 1030 2208 1086 Petrum

736 1125 743 1130 ·
1216 1113 1260 1153 et
1391 1118 1613 1153 nonem.

736 1125 743 1130 '
1216 1113 1260 1154 et
1288 1113 1613 1154 Albtzonem.

697 1198 1061 1265 Nnncigitur,
1088 1195 1285 1249 fratres
1308 1195 1632 1258 charissimi,
1666 1196 1801 1249 alter
1831 1196 2035 1250 scilicet
2068 1205 2210 1252 teres

625 1290 799 1347 forma
867 1288 1301 1349 cmnohitarum,
1348 1286 1485 1339 alter
1538 1286 1854 1340 imitandum
1913 1288 2227 1365 eremiticzc.

626 1378 1054 1434 conversationis
1083 1376 1407 1443 exemplum,
1439 1376 1503 1429 ad
1544 1391 1637 1430 vos
1667 1376 1786 1446 styli
1821 1377 1978 1445 hujus
2006 1380 2208 1432 articu-

625 1470 737 1522 lum
770 1484 978 1529 revoco,
1006 1476 1065 1519 ut
1094 1466 1287 1533 quibus
1316 1466 1670 1533 primordium
1702 1465 2010 1533 incipientis
2032 1466 2210 1520 inten-

625 1560 788 1616 ditur.
836 1559 886 1609 in
935 1572 1027 1610 eos
1076 1557 1237 1610 etiam
1274 1564 1668 1623 consequenter
1713 1556 1919 1624 peracti
1964 1556 2203 1624 opusculi

626 1646 868 1702 clausula
920 1644 1255 1698 terminetur.
1310 1642 1514 1697 Videtis
1553 1646 1735 1714 igitur,
1765 1660 1924 1713 quam
1955 1646 2206 1700 celeriter

622 1738 805 1792 brevis
834 1737 948 1789 hinc
977 1737 1085 1788 vita
1132 1744 1491 1803 pertranseat,
1537 1736 1757 1799 videtis,
1802 1736 1927 1803 quia
1972 1736 2206 1789 mundus

623 1827 712 1880 hic
742 1826 975 1877 vicinum
1010 1825 1088 1876 sui
1118 1824 1406 1878 terminum
1452 1823 1664 1877 indiciis
1706 1821 1818 1890 jam
1849 1824 2203 1877 evidentiori-

622 1915 724 1969 bus
748 1914 961 1966 clamat.
988 1913 1168 1966 Tellus
1200 1913 1341 1965 enim
1384 1913 1708 1981 genitalibus
1754 1911 1909 1966 effeta
1957 1914 2201 1967 liumori-
2244 1928 2247 1931 ·

620 2005 743 2068 bus,
770 2003 1165 2073 quodammodo
1193 2003 1355 2055 invita
1391 2013 1635 2055 aratrum
1664 2002 1877 2067 tolerat,
1902 2003 2028 2054 dum
2060 2001 2203 2057 ferre

1577 630 1820 687 OPUSC.
1864 630 1975 684 ΧΠ.
2017 630 2194 684 —-DE
2232 623 2647 684 CONTEMPTU
2692 626 2983 685 SAECELI.

628 758 899 819 quatenus
920 750 1217 814 apparente
1242 742 1477 807 Christo,
1501 750 1555 795 et
1578 743 1690 811 ipse
1712 757 1835 795 cum
1865 756 1929 796 eo
1951 756 2211 811 apparere
2241 746 2291 801 Α
2318 748 2415 793 tat.
2443 740 2681 807 Quisque
2701 738 2814 808 jam
2846 738 2912 791 ad
2939 740 3203 808 promissa
3231 756 3454 797 munera
3486 745 3820 814 perspicacis
3848 747 3906 798 ti-

3804 630 3911 693 Ξῧο

2317 832 2401 885 dei
2449 830 2636 884 oculos
2670 830 2889 897 dirigat,
2925 839 2979 883 et
3009 846 3037 883 a
3089 833 3262 885 brutis
3291 832 3355 903 [Ι.
3394 833 3643 905 ίιὶῄἑριίρ]
3679 836 3909 905 ignavia:

2313 919 2542 974 vinculis
2580 919 2852 973 obviantia
2886 935 3111 989 qumque
3140 932 3371 978 terrenae
3398 925 3682 992 pravitatis
3727 928 3912 982 obsta-

2314 1011 2430 1063 cula
2464 1012 2697 1064 robusta:
2727 1011 2837 1077 spei
2864 1025 3040 1079 penna
3075 1012 3442 1066 transcendat.
3476 1014 3616 1068 Ecce
3647 1017 3789 1069 enim
3815 1018 3905 1087 qui

2311 1100 2377 1153 de
2415 1100 2710 1167 longinquo
2740 1108 3047 1163 VOCaVCI‘ul,
3083 1116 3304 1153 manum
3323 1102 3434 1170 jam
3468 1106 3907 1174 appropinquan-

2257 1180 2261 1184 ’
2312 1189 2455 1243 tibus
2495 1190 2755 1257 porrigit;
2809 1198 2863 1241 et
2912 1191 3065 1257 quasi
3101 1200 3315 1244 teneros
3347 1191 3487 1245 filios
3530 1194 3910 1251 vacillantilxus

2310 1289 2566 1332 nutantes
2596 1278 2887 1347 poplitibus
2919 1279 3117 1343 firmat,
3166 1278 3469 1350 blandeque
3501 1298 3565 1337 ac
3612 1284 3804 1339 leniter
3852 1287 3906 1340 in

2310 1368 2573 1437 gremium
2603 1383 2713 1421 sua:
2742 1369 3026 1421 charitatis
3054 1368 3265 1422 invitat.
3880 1390 3883 1393 ‘

2336 1464 2343 1471 ’ν
2377 1456 2650 1509 Adeamus
2674 1472 2803 1524 ergo
2834 1471 2956 1510 cum
2993 1456 3185 1509 fiducia
3219 1460 3472 1514 thronum
3507 1461 3692 1531 gloriae
3716 1463 3903 1535 (Hebr.

2312 1544 2408 1615 tv),
2444 1546 2769 1615 arripiamus
2811 1556 2973 1601 tanta:
3007 1549 3237 1618 insignia
3266 1551 3523 1619 pietatis;
3571 1563 3625 1607 et
3651 1556 3791 1623 quod
3827 1566 3908 1609 te.

2308 1636 2575 1689 meritatis
2621 1635 2797 1689 fuerat
2840 1652 3083 1706 quaerere
3135 1655 3240 1692 non
3280 1644 3633 1709 promissum,
3683 1648 3907 1715 pudoris

2305 1726 2377 1779 sit
2411 1726 2551 1779 nolle
2601 1727 2882 1795 suscipere
2926 1728 3013 1781 vel
3043 1729 3305 1783 oblatum.
3367 1731 3736 1803 Dedignemur
3789 1735 3906 1803 jam

2306 1821 2513 1875 cmnosi
2571 1820 2732 1887 hujus
2764 1823 2948 1874 mundi
2980 1822 3162 1883 .lntnm
3201 1824 3399 1892 smpius
3431 1827 3791 1893 corporaliter
3828 1838 3908 1882 tc-

2306 1923 2449 1971 rere,
2480 1909 2635 1978 Cujus
2659 1924 2898 1962 antorem
2929 1908 3039 1964 Deo
3082 1912 3382 1979 inspirante
3419 1914 3705 1970 didicimus
3733 1918 3907 1972 libero

2306 2000 2505 2053 mentis
2535 2001 2671 2069 pede
2693 2001 2931 2055 calcare.
2974 2003 3056 2055 Ab
3081 2017 3146 2056 eo
3178 2004 3378 2073 itaque,
3414 2022 3573 2075 quem
3600 2024 3705 2063 non
3735 2011 3927 2080 d.ligit‘

622 2097 830 2162 fructus
866 2097 975 2150 suis
1020 2095 1317 2149 cultoribus
1365 2106 1550 2164 negat;
1586 2104 1641 2149 et
1664 2096 1809 2147 velut
1838 2095 1995 2148 anilis
2026 2095 2196 2160 alvus,
2228 2082 2275 2140 Β
2304 2091 2540 2154 animus,
2574 2092 2687 2160 ipse
2726 2093 2891 2146 etiam
2934 2108 3235 2164 corporeus
3263 2099 3590 2166 t'cpritnatur
3622 2103 3903 2159 incessus;

621 2186 748 2240 dum
780 2187 998 2252 sanguis
1032 2186 1083 2239 in
1127 2200 1375 2255 corpore,
1407 2186 1562 2237 vulva
1613 2196 2004 2250 marcescente,
2036 2186 2201 2257 frige-

620 2278 745 2339 scit,
783 2276 995 2329 etiamsi
1049 2276 1367 2344 procreandi
1419 2274 1651 2328 studium
1698 2290 1804 2327 non
1852 2273 2100 2338 defuerit,
2135 2276 2202 2329 ad

618 2367 942 2437 gignendam
973 2375 1149 2419 tamen
1176 2366 1413 2419 sobolem
1445 2380 1548 2418 non
1577 2367 1830 2434 assurgit.
1858 2367 2009 2434 Aqua
2040 2368 2200 2421 etiam

616 2456 970 2508 nihilominus
1003 2456 1337 2509 sterilitatem
1366 2457 1590 2525 patitur,
1621 2466 1680 2509 ut
1701 2458 1813 2525 jam
1842 2458 2081 2526 piscator
2110 2474 2198 2513 re—

617 2545 762 2599 tibus
790 2546 1112 2613 impendium
1144 2546 1391 2615 deneget,
1423 2546 1547 2599 dum
1587 2546 1761 2615 in0pis
1788 2555 2028 2615 captura:
2052 2562 2203 2617 qum-

616 2635 911 2688 stnsduris
959 2651 1055 2703 per
1083 2636 1408 2689 elementum
1461 2636 1719 2704 liquidum
1766 2637 2043 2693 laboribus
2089 2655 2197 2693 non

616 2724 931 2793 respondet.
976 2723 1085 2778 Nec
1136 2734 1221 2790 te,
1268 2740 1362 2779 aer
1393 2726 1517 2779 olim
1550 2726 1813 2792 facunde,
1856 2738 2195 2797 prmtcrcam,

611 2815 705 2881 qui
740 2830 897 2878 nunc,
928 2815 1053 2867 dum
1083 2816 1310 2870 diversis
1341 2817 1731 2870 tendicularum
1780 2822 2109 2888 argumentis
2140 2823 2194 2877 in

611 2906 894 2959 volucrum
933 2907 1178 2977 captione
1223 2922 1326 2961 non
1375 2908 1646 2975 provenis,
1677 2908 1930 2963 nimirum
1959 2926 2195 2984 aucupes

611 3000 771 3052 casso
798 2997 980 3053 labore
1004 2998 1311 3062 frustratos,
1344 3000 1409 3052 ad
1438 3000 1755 3054 exercitium
1804 3002 1983 3057 rnrale
2011 3004 2196 3058 remit-

612 3088 717 3153 tis;
771 3098 824 3142 et
857 3105 991 3157 quos
1020 3090 1218 3143 dudum
1253 3093 1317 3142 ad
1348 3089 1598 3143 sublimia
1631 3092 1915 3160 captandis
1942 3093 2051 3146 tuis
2080 3109 2197 3146 mu-

609 3179 835 3233 neribus
866 3179 1101 3234 faciebas
1155 3181 1410 3245 intentos,
1444 3181 1554 3249 jam
1606 3191 1663 3234 ut
1710 3184 2078 3246 meminerint,
2107 3188 2191 3240 cui

608 3270 988 3324 sustcndanda:
1031 3270 1155 3325 vitae
1218 3271 1605 3325 adminiculum
1658 3284 1935 3341 acceptum
1992 3276 2193 3331 referre

610 3359 886 3423 debeant,
934 3360 1163 3413 alumna:
1214 3369 1369 3414 terrae
1420 3362 1598 3416 reddis
1647 3364 1910 3419 obnoxios
1947 3380 1961 3416 :
1996 3366 2193 3435 quique

2305 2179 2590 2249 indignum
2619 2196 2940 2237 censeamus
2976 2185 3313 2241 visitationis
3337 2176 3538 2244 nostra:
3575 2190 3903 2260 frequentia,

2304 2269 2396 2336 qui
2434 2272 2499 2323 de
2526 2280 2709 2325 nostra
2750 2272 2933 2341 gliscit
2979 2275 3316 2343 triumphare
3355 2280 3535 2333 ruina.
3590 2280 3907 2338 Inimicitias

2303 2357 2503 2410 mentis
2528 2358 2642 2427 ipsa
2666 2375 2887 2429 quoque
2917 2370 3147 2416 lestetnr
3177 2365 3424 2420 absentia
3448 2370 3773 2437 corporalis,
3802 2387 3907 2426 nec

2303 2446 2499 2502 crebro
2543 2458 2762 2504 nostros
2792 2463 3070 2506 mereatur
3094 2453 3182 2509 ille
3209 2456 3511 2521 discursus,
3546 2475 3775 2528 quorum
3809 2462 3904 2517 fm-

2303 2535 2433 2588 dare
2456 2540 2740 2590 consuevit
2761 2540 3019 2605 obtutus;
3055 2538 3310 2612 solusq‘ue
3336 2546 3388 2598 in
3435 2546 3753 2601 insidiarum
3780 2566 3905 2603 sua-

2303 2640 2422 2680 rum
2450 2626 2635 2681 foveas
2665 2628 2890 2694 incidat,
2919 2631 3009 2700 qui
3038 2635 3241 2687 nostris
3260 2635 3477 2689 assidue
3503 2638 3785 2704 gressibus
3811 2644 3907 2695 dc-

2302 2718 2611 2783 ceptionum
2643 2716 2865 2785 laqueos
2889 2730 3066 2788 parat.
3100 2721 3189 2775 Sic
3216 2725 3297 2777 sic
3328 2723 3527 2779 frustra
3542 2737 3619 2779 tas
3651 2727 3903 2784 fraudum

2302 2820 2525 2858 suarum
2554 2808 2811 2862 excubias
2845 2810 3043 2880 lugeat,
3078 2813 3206 2866 dum
3259 2816 3417 2869 nobis
3450 2818 3503 2869 in
3536 2834 3671 2885 pace
3722 2822 3905 2888 quies-

2303 2894 2553 2947 centibus
2581 2904 2865 2951 nocturnas
2895 2908 3093 2953 nostrtu
3131 2900 3485 2969 profectionis
3516 2906 3723 2961 aditum
3750 2910 3903 2967 calli-

2302 2983 2408 3038 dus
2429 2984 2716 3039 insidiator
2740 2988 3007 3054 explorat.

2373 3073 2615 3128 Suﬂiciat
2644 3087 2827 3130 autem
2859 3088 3059 3133 nostrre
3102 3080 3425 3137 discursioni
3468 3086 3635 3141 divini
3676 3104 3905 3159 campus

2299 3164 2520 3233 eloquii.
2552 3166 2655 3220 Per
2678 3169 2819 3222 hunc
2853 3185 3103 3240 campum
3128 3173 3336 3244 jugiter
3364 3179 3699 3246 gradiantur,
3754 3184 3804 3237 in
3837 3200 3904 3239 eo

2299 3254 2695 3310 delectabiliter
2739 3260 3057 3325 spatiemur.
3086 3260 3237 3316 Licet
3267 3266 3377 3318 illic
3404 3267 3592 3321 liberis
3622 3273 3902 3337 gressibus

2298 3360 2394 3415 per
2424 3347 2650 3415 parilem
2682 3365 2961 3404 sacrarum
2995 3354 3343 3410 historiarum
3360 3358 3637 3428 planitiem
3656 3379 3899 3419 currere.

609 3458 741 3501 “me
785 3448 963 3518 largus
990 3448 1238 3518 quaelibet
1266 3452 1539 3519 grossiom
1582 3451 1760 3505 edulia
1816 3454 1921 3506 luis
1964 3434 2194 3521 iubes“
2223 3441 2267 3502 ς
2298 3434 2593 3491 Possumus
2624 3440 2787 3492 etiam
2812 3455 2907 3509 per
2947 3446 3191 3511 mystica:
3220 3446 3588 3518 intelligentia:
3618 3453 3901 3521 profundi.

605 3539 815 3593 deliciis
860 3540 1068 3604 cedere,
1096 3540 1207 3609 jam
1240 3555 1381 3594 nunc
1415 3539 1480 3592 ad
1530 3548 1580 3594 te
1631 3557 1849 3595 manum
1881 3543 2189 3606 retrahess,

604 3628 735 3682 vilia
766 3628 897 3682 facis
921 3628 1181 3695 olnsenla,
1210 3629 1357 3683 velut
1406 3640 1694 3683 accuratas
1738 3631 1945 3700 epulas,
1978 3646 2192 3686 mensas

602 3720 836 3772 divitum
869 3718 1139 3773 infercire.

680 3808 909 3863 Mundus
936 3810 1134 3878 itaque,
1160 3818 1217 3865 ut
1245 3809 1557 3879 praedictum
1588 3817 1694 3871 est,
1719 3808 1870 3879 quasi
1902 3808 2062 3879 longo
2086 3808 2192 3863 las-

607 3909 759 3952 satus
782 3899 891 3967 jam
918 3900 1068 3955 senio
1096 3915 1194 3970 per
1230 3910 1419 3954 cuneta
1448 3915 1543 3953 sna
1572 3902 1810 3953 membra
1842 3899 2192 3967 probabiliter

610 3990 819 4042 indicat
850 3990 974 4056 quia
994 3982 1198 4043 cursus
1235 3990 1317 4043 sui
1366 3989 1626 4044 terminos
1670 3989 1875 4044 diutius
1908 4006 2012 4044 non
2042 3990 2192 4044 elon-

607 4090 719 4149 gat.
770 4080 882 4133 llnc
912 4080 1120 4133 accedit
1149 4080 1290 4148 quod
1338 4079 1585 4134 homines
1616 4094 1761 4133 nunc
1810 4080 1865 4132 in
1906 4079 2190 4146 iuventute

606 4180 918 4231 senescunt,
947 4178 999 4222 et
1027 4162 1249 4238 juvenili
1282 4169 1457 4222 adlmc
1485 4168 1678 4223 decore
1709 4178 1969 4223 vernante
1997 4171 2191 4223 intem-

602 4257 833 4325 pcstivis
876 4258 1026 4310 canis
1090 4258 1349 4311 verticem
1402 4265 1687 4325 spargunt.
1738 4256 2002 4311 Nimirum
2055 4274 2190 4328 quos

605 4350 825 4419 proliria
857 4348 1024 4403 dictat
1047 4358 1178 4403 mtas
1209 4350 1506 4403 immaturae
1534 4349 1832 4403 venustatis
1857 4351 2032 4403 adhuc
2056 4350 2205 4411 ﬂore.

602 4444 900 4505 virescere,
928 4455 1089 4495 senex
1125 4445 1354 4495 mundus
1398 4442 1630 4511 quodam
1670 4440 1920 4495 violentae
1951 4441 2187 4499 aucwri-

603 4533 729 4587 tatis
760 4532 985 4601 imperio
1032 4548 1214 4587 secum
1258 4534 1506 4602 principii
1550 4534 1853 4604 decrepitos
1904 4548 2184 4603 apparere.

601 4622 721 4689 Quo
754 4624 899 4677 titul
941 4625 1077 4679 sicut
1124 4638 1432 4680 cavernosa:
1477 4624 1687 4679 arboris
1736 4640 1894 4694 poma
1946 4641 2072 4680 mox
2128 4636 2187 4681 nt

601 4714 866 4785 producta
915 4713 1111 4769 fuerint
1135 4758 1150 4781 ,
1202 4726 1326 4771 ante
1366 4717 1735 4771 maturitatem
1765 4726 2025 4772 corruunt
2061 4735 2075 4771 :
2110 4719 2183 4773 ita

2302 3533 2465 3579 tatem
2497 3529 2898 3596 quodammodo
2922 3542 3319 3605 pra-ruptorum
3353 3538 3461 3593 illic
3492 3544 3756 3597 montium
3789 3547 3899 3599 celo

2296 3615 2588 3670 situdinem
2622 3633 2829 3687 repere.
2875 3621 2987 3676 illic
3030 3627 3377 3692 perfruentur
3425 3629 3662 3685 fidelium
3695 3636 3901 3691 amico-

2297 3722 2416 3759 rum
2450 3702 2592 3763 dnlei
2626 3712 2921 3782 colloquio,
2960 3716 3071 3771 illic
3116 3706 3315 3773 diversi
3348 3732 3660 3792 apparatus,
3710 3730 3901 3798 epula-

2296 3811 2525 3866 rumque
2556 3800 2858 3853 caelestium
2890 3803 3019 3873 juge
3068 3807 3397 3862 convivium.
3432 3810 3529 3864 His
3561 3814 3791 3881 dapibus
3816 3820 3892 3872 in-

2296 3890 2454 3944 hians
2484 3890 2655 3946 fidelis
2695 3892 2901 3957 anima,
2954 3895 3185 3949 assidmc
3215 3898 3465 3958 lectionis
3518 3900 3777 3959 alimento
3811 3921 3898 3961 ve-

2295 3988 2475 4050 getata
2508 3982 2674 4036 robur
2719 3984 2968 4051 accipiat,
3021 3992 3073 4037 et
3112 3988 3418 4052 purissimae
3452 3994 3714 4045 orationis
3740 3996 3907 4063 adipe

2294 4070 2543 4137 saginata
2575 4072 2915 4141 pirgnescat.
2948 4072 3306 4143 Relinquatur
3330 4076 3502 4132 fames
3532 4082 3712 4134 saeculi
3744 4083 3899 4139 fasti-

2294 4161 2569 4214 dientibus
2596 4163 2905 4215 convivium
2945 4165 3149 4216 mundi.
3184 4163 3293 4218 Nos
3341 4175 3523 4221 autem
3552 4168 3669 4222 illas
3705 4171 3898 4228 didici-

2293 4265 2415 4304 mus
2442 4250 2630 4319 epulas
2657 4252 2891 4316 esurire,
2925 4268 3045 4322 qna:
3081 4263 3134 4307 et
3160 4253 3427 4310 lamelieis
3456 4258 3765 4314 satietatem
3809 4280 3899 4319 asc

2292 4338 2468 4393 solent
2497 4356 2619 4393 cum
2656 4340 2998 4408 jucunditate
3046 4345 3304 4410 tribuere,
3355 4356 3410 4402 et
3458 4356 3635 4403 tamen
3681 4354 3897 4411 satiatis

2241 4459 2244 4463 -
2291 4430 2540 4484 nesciunt
2576 4431 2850 4487 fastidium
2870 4450 3154 4503 generare.
3188 4437 3320 4503 Qua:
3349 4439 3604 4497 nimirum
3631 4445 3802 4514 epula:
3830 4456 3895 4502 et

2292 4522 2492 4575 mentis
2525 4533 2724 4577 nostrae
2744 4526 3083 4579 stomachum
3110 4530 3351 4583 suaviter
3372 4532 3597 4599 replent.
3629 4545 3683 4589 et
3708 4546 3888 4594 tamen

2291 4612 2601 4667 cloacarum
2638 4615 2943 4669 secessibus
2967 4618 3101 4670 nihil
3128 4620 3347 4673 debent.
3378 4620 3525 4675 Nihil
3551 4626 3696 4679 enim
3739 4627 3892 4683 dese

2290 4717 2514 4770 prorsus
2536 4704 2797 4773 egestioni
2832 4705 3167 4776 relinquunt,
3202 4709 3295 4763 sed
3315 4712 3378 4763 ad
3407 4714 3723 4779 praebendas
3750 4718 3893 4773 vires

598 4805 861 4858 nimirum
910 4806 1153 4861 homines
1208 4809 1441 4871 acerbo,
1494 4817 1550 4861 ut
1593 4808 1668 4862 ita
1717 4808 1985 4874 dixerim,
2036 4812 2184 4864 exitu
2212 4781 2264 4842 θ
2291 4807 2389 4862 Per
2412 4794 2740 4849 οηηλίυηιδθ

1717 4808 1944 4863 ὤχει-ξω
1970 4849 1985 4874 ν
2036 4812 2184 4864 exitu
2212 4781 2264 4842 Ι)
2291 4807 2389 4862 per
2412 4794 2654 4847 omnium
2680 4809 2740 4849 se
2775 4810 3035 4849 venarum
3064 4806 3247 4867 pot'os,
3271 4810 3697 4873 cunctorumque
3718 4806 3895 4863 visce-

598 4894 921 4965 priusquam
971 4896 1036 4949 ad
1082 4899 1258 4953 artatis
1306 4898 1693 4968 plenitudinem
1752 4901 2014 4965 veniant,
2064 4918 2181 4956 mo-

600 4987 839 5041 riuntur.

671 5075 812 5130 Cum
844 5077 1025 5146 itaque
1071 5079 1300 5133 mundus
1331 5080 1660 5149 praecipitem
1706 5089 1759 5136 et
1802 5079 2027 5151 jamjam
2057 5098 2184 5152 pro-

599 5166 745 5219 tinus
773 5168 1076 5235 prameulis
1109 5170 1473 5225 imminentem
1503 5172 1587 5224 sui
1612 5186 1801 5227 cursus
1829 5174 2063 5227 minetur
2088 5193 2136 5227 υ(
2156 5203 2184 5216 -

599 5270 815 5318 casum,
846 5256 1090 5312 homines
1115 5258 1277 5312 etiam
1308 5257 1550 5327 quotidie
1596 5260 1884 5315 immaturo
1926 5265 2182 5331 pneventi

598 5348 888 5415 rapiantur
909 5347 1148 5413 interitu,
1174 5349 1299 5417 quid
1331 5358 1502 5405 restat
1529 5351 1629 5404 nisi
1657 5362 1716 5405 ut
1743 5350 1847 5405 hoc
1877 5350 2024 5406 brevi
2050 5368 2185 5421 pun-

597 5449 711 5502 cto,
737 5453 849 5508 quo
874 5436 1121 5506 vivimus,
1152 5440 1371 5511 lapsura
1404 5456 1632 5512 quaeque
1676 5443 1823 5498 velut
1870 5444 1985 5513 jam
2030 5444 2181 5513 lapsa

598 5528 883 5597 despicere
907 5567 922 5593 ,
967 5538 1023 5581 et
1050 5531 1115 5584 ad
1139 5545 1203 5585 ea
1229 5546 1350 5601 qua:
1378 5542 1698 5601 permanent
1717 5572 1732 5597 ,
1775 5533 1933 5602 pleno
1961 5531 2185 5589 fervidae

597 5617 799 5670 mentis
823 5618 1133 5672 studeamus
1154 5621 1419 5677 desiderio
1439 5620 1728 5679 festinare?
1750 5622 1889 5678 Ecce
1912 5638 2017 5677 non
2043 5623 2179 5676 levia

597 5705 951 5759 currentibus
981 5708 1200 5773 praemia
1230 5720 1623 5779 proponuntur,
1669 5721 1724 5765 et
1760 5713 1973 5765 itineris
2010 5712 2182 5766 nostri

597 5794 757 5864 283
798 5796 1035 5850 stadium
1080 5799 1317 5866 quotidie
1352 5796 1645 5855 breviatur.
1703 5801 1855 5855 Nulla
1904 5820 2033 5873 ergo
2062 5804 2183 5857 vita:

596 5887 890 5955 pl':lf:(3llil5
935 5880 1255 5942 offendicula
1296 5892 1466 5945 nostri
1495 5907 1688 5947 cursus
1733 5894 1836 5947 iter
1864 5894 2182 5963 impediant,

598 5976 776 6032 nullas
817 5979 976 6033 nobis
1011 5991 1191 6036 moras
1221 5982 1452 6039 carnalis
1496 5984 1761 6041 illecebra:
1788 5996 1974 6057 torpor
1999 5982 2183 6042 innec-

2290 4899 2409 4937 rum
2432 4886 2645 4954 penitus
2670 4886 2887 4940 interna
2911 4886 3241 4944 diﬂ'undunt.

2358 4975 2524 5045 282
2567 4976 2658 5029 llis
2708 4977 2893 5045 itaque
2924 4976 3164 5033 caelestis
3214 4994 3415 5035 mensae
3457 4983 3687 5054 dapibus
3735 5003 3893 5045 mens

2286 5066 2495 5121 intenta
2537 5067 2937 5138 inexplebiliter
2967 5080 3140 5135 vacet,
3170 5072 3256 5125 his
3301 5072 3493 5129 oculos
3521 5076 3753 5132 solerter
3802 5082 3887 5134 in-

2286 5155 2499 5225 vigilet;
2532 5155 2709 5223 lingua
2734 5158 3039 5213 anicularia
3065 5170 3137 5230 st;
3156 5162 3188 5215 li
3217 5162 3380 5217 verba
3407 5176 3730 5234 percurrat;
3765 5182 3883 5235 cor,

2289 5260 2409 5313 qua:
2444 5246 2715 5311 leguntur,
2756 5248 3035 5318 intel!igat,
3076 5260 3128 5305 et
3157 5254 3401 5323 mysterii
3437 5253 3654 5310 latentis
3679 5271 3878 5315 arcana

2288 5336 2547 5391 revolvat.
2580 5338 2693 5393 Hoc
2744 5342 2998 5409 pabulum
3037 5359 3191 5398 sacra
3240 5346 3496 5400 animalia
3524 5364 3622 5417 per
3650 5351 3884 5409 assidua

2285 5429 2685 5483 retractationis
2730 5432 2965 5485 studium
3013 5429 3212 5501 iugiter
3239 5436 3542 5504 ruminent,
3575 5441 3885 5505 quin-nimi-

2286 5532 2410 5573 rum
2437 5533 2467 5572 a
2500 5529 2690 5573 ventre
2734 5522 2976 5576 scientia:
3015 5524 3083 5575 ad
3133 5526 3408 5579 memoria:
3444 5537 3632 5597 guttur
3687 5530 3883 5598 saepius

2285 5610 2478 5664 iterata
2506 5612 2857 5668 meditatione
2900 5615 3222 5672 redundent.
3266 5617 3395 5683 Has,
3442 5619 3683 5687 inquam,
3718 5621 3883 5688 dapes

2286 5717 2438 5756 mens
2459 5699 2642 5770 jejuna
2672 5718 2888 5772 semper
2927 5706 3152 5771 esuriat,
3203 5708 3270 5762 ab
3301 5700 3385 5762 bis
3423 5724 3557 5763 vero
3601 5726 3879 5779 nunquam

2287 5794 2479 5847 satiata
2509 5795 2754 5856 recedat;
2804 5798 2896 5851 sed
2927 5812 3034 5865 quo
3070 5800 3244 5866 magis
3286 5799 3558 5869 expletur,
3587 5817 3651 5855 eo
3693 5818 3886 5857 rursus

2287 5887 2355 5939 ad
2380 5901 2568 5939 earum
2595 5889 2891 5955 appetitum
2913 5888 3123 5943 avidius
3154 5892 3483 5945 accendatur
3506 5934 3509 5939 .
3551 5893 3736 5961 sicque
3762 5906 3879 5945 oni-

2288 5992 2384 6032 nes
2408 5991 2597 6032 sensus
2626 5987 2844 6033 nostros
2870 5980 3015 6033 circa
3056 5981 3189 6036 istas
3224 5980 3411 6036 vitales
3447 5982 3631 6051 epulas
3651 5993 3883 6049 occupe-
