5514 6644
1975 529 2072 583 29!
2433 517 2489 573 s.
2518 514 2715 570 cum
2753 508 3029 566 DAMlANl
3069 506 3217 562 OPP.
3258 502 3490 559 τοιιυδ
3530 500 3660 555 seu
3697 498 3871 553 rans
3908 498 3992 552 ιιι.
4028 527 4093 537 -
4126 492 4482 550 OPL’SCL’LA
4524 490 4750 547 vanu.
5090 490 5190 545 292

1976 654 2117 705 mus,
2168 647 2224 690 ut
2263 634 2468 690 cunctis
2496 643 2776 685 causarum
2820 622 3154 678 saecularium
3196 617 3421 686 negotiis
3464 615 3539 667 in-
3568 653 3610 709 Α

1979 730 2261 788 sensibiles
2295 726 2440 787 facti,
2489 735 2617 775 vere
2656 715 2855 771 mortui
2888 712 3105 774 mundo,
3157 708 3252 762 soli
3298 706 3541 757 vivamus

1980 824 2127 882 Deo;
2168 825 2427 885 quatenus
2472 811 2583 879 ipse
2616 814 2820 866 auctor,
2846 810 2898 856 et
2924 803 3218 855 instructor
3244 792 3537 848 felicissimi

1976 910 2137 978 hujus
2163 882 2369 968 ferculi,
2399 902 2502 955 illis
2541 898 2651 951 suis
2680 890 2917 950 convivis
2948 905 3045 944 nos
3087 890 3333 957 dignetur
3372 882 3540 937 ascri-

1978 977 2126 1063 bere,
2153 998 2240 1065 qui
2271 1013 2334 1049 ex
2355 1010 2447 1048 ore
2463 989 2713 1045 Veritatis
2738 986 3088 1041 merebuntur
3112 980 3327 1033 audire:
3369 994 3387 1026 ι
3427 977 3539 1044 Ego

1982 1090 2207 1157 dispono
2236 1084 2384 1138 vobis
2410 1076 2837 1145 sicutdisposuit.
2858 1072 2983 1126 mihi
3016 1070 3171 1121 Pater
3208 1082 3377 1129 meus,
3420 1080 3537 1133 reg-

1984 1152 2132 1238 num,
2180 1183 2239 1226 ιιι
2264 1171 2432 1239 edatis
2475 1177 2529 1221 et
2567 1165 2763 1220 bibatis
2793 1175 2953 1230 super
2988 1170 3229 1211 mensam
3279 1168 3453 1208 meam
3491 1152 3545 1204 in

1982 1278 2149 1332 regno
2175 1276 2291 1315 meo
2319 1259 2466 1331 (Luc.
2493 1256 2647 1322 χιιι).
2679 1274 2699 1305 ι

2052 1330 2402 1421 Utnnipotcns
2429 1351 2587 1411 Deus,
2609 1345 2698 1413 qui
2722 1340 2955 1397 charitas
2970 1346 3050 1391 est
3074 1335 3124 1407 (1
3146 1332 3415 1401 Joan.tv),
3444 1330 3550 1385 fra—

1986 1452 2094 1497 tres
2116 1433 2439 1501 charissimi,
2470 1444 2665 1491 sancto
2686 1432 2834 1486 cordi
2862 1439 3042 1485 vestro
3067 1427 3360 1480 clementer
3387 1422 3551 1489 inspi-

1983 1545 2083 1597 ret,
2118 1544 2173 1584 ιιι
2197 1546 2292 1600 pro
2324 1542 2406 1582 me
2433 1534 2714 1596 peccatore
2738 1518 3029 1591 dignemini
3061 1529 3270 1584 semper
3297 1526 3471 1567 orare.

2727 1647 2799 1661 δ’..

2606 1727 2893 1784 SCliOLlA
2906 1764 2919 1779 .

2052 1822 2475 1879 Concludendum
2499 1833 2569 1875 cst
2597 1823 2773 1889 igitur,
2796 1820 2918 1888 quia
2936 1818 3067 1889 sicut
3083 1817 3144 1867 ab
3162 1816 3244 1889 itis
3263 1812 3542 1889 carendum

1982 1906 2079 1955 est,
2109 1911 2235 1964 quos
2261 1895 2504 1945 mederna
2527 1882 2838 1959 mundorum
2869 1885 3089 1938 concilia
3119 1886 3182 1936 ab
3201 1882 3545 1936 ecclesiastica

2646 2040 4433 2071 ___________________..__—————-

3640 614 3880 666 societate
3930 612 4207 680 repellunt;
4256 612 4400 680 ita_et
4442 609 4505 660 alt
4540 608 4654 680 illis
4674 607 5006 680 nihilominus
5031 609 5191 680 dedit

3643 684 3892 741 nandum,
3933 677 4058 749 quos
4081 681 4282 749 antiqui
4315 678 4493 749 Patres
4517 677 4854 749 eliminandos
4881 693 4987 730 esse
5014 678 5189 749 decer-

3643 761 3791 802 nunt.
3822 746 3953 803 Hoc'
3975 751 4090 802 loco
4115 748 4300 801 beatus
4325 747 4607 799 Damianus
4631 746 4771 813 loqui
4800 748 5005 799 videtur
5039 746 5191 811 juxta

3642 820 3893 872 Ecclesia‘.
3921 834 4145 877 morem,
4194 817 4283 884 qui
4335 815 4449 879 ejus
4478 825 4632 867 aetate
4677 817 5003 869 servabatur.
5058 818 5193 869 Ante

3641 888 3921 941 concilium
3954 888 4091 939 enim
4115 886 4520 939 Constantieusc
4546 885 4595 936 in
4620 887 4919 937 universum
4950 884 5196 951 prohibe-

3640 956 4051 1009 baturtidelilms
4074 954 4391 1023 participare
4418 954 5049 1023 ettmiexcommunicatis,
5075 968 5191 1021 cap.

3641 1024 3863 1077 Cautum
3892 1036 3962 1077 est
3992 1026 4081 1089 μ,
4111 1039 4201 1090 qu.
4229 1025 4281 1075 3.
4311 1032 4364 1075 et
4386 1037 4503 1089 cap.
4528 1022 4655 1073 Cum
4682 1022 4957 1075 desideres.
4982 1022 5041 1074 Et
5072 1023 5194 1074 alibi

3642 1107 3806 1160 saepe.
3830 1094 4023 1147 Verum
4047 1095 4097 1145 in
4120 1092 4349 1144 concilio
4370 1091 4779 1152 Constantiensi,
4804 1106 4895 1158 per
4920 1090 5195 1160 Martiniv

3648 1158 4121 1223 Constitutionetn,
4171 1176 4288 1226 quae
4333 1160 4513 1226 incipit
4566 1174 4580 1210 :
4627 1160 4707 1210 Ad
4752 1160 4987 1211 eritanda
5036 1158 5196 1211 multa

3647 1231 3919 1295 scandala,
3951 1247 4107 1299 quam
4153 1239 4205 1281 et
4231 1228 4337 1281 Leo
4384 1228 4426 1279 Χ
4478 1230 4529 1281 in
4575 1227 4801 1299 concilio
4836 1228 5194 1299 Lateranensi,

3650 1314 3783 1353 sess.
3814 1302 3899 1362 Η,
3931 1295 4289 1355 confirmavit,
4320 1312 4545 1361 eamque
4571 1297 4732 1350 refert
4759 1297 5012 1349 Martinus
5036 1295 5197 1347 Nava-

3650 1384 3742 1421 rus
3763 1370 3815 1422 in
3845 1367 4077 1429 Summa,
4101 1382 4217 1434 cap.
4240 1366 4328 1429 27,
4358 1381 4503 1418 num.
4525 1365 4615 1426 56,
4643 1365 4791 1431 cujus
4817 1365 4987 1419 adhuc
5014 1364 5199 1434 mentis

3650 1438 3731 1489 nit
3758 1439 4004 1499 Didacus,
4036 1430 4258 1489 Cov‘arr.
4290 1437 4341 1487 in
4373 1450 4491 1502 cap.
4522 1434 4673 1487 Alma
4698 1430 4881 1494 mater,
4912 1450 4925 1485 ι
4958 1447 5073 1502 par.
5104 1430 5198 1502 Be-

3652 1505 3766 1558 lect.
3817 1522 4031 1574 paragr.
4075 1507 4127 1567 Ξ,
4171 1500 4451 1557 decretum
4487 1514 4603 1574 est,
4665 1520 4683 1551 ι
4733 1502 4917 1574 Licere
4960 1500 5197 1574 fidelibus

3649 1568 4047 1628 communicare
4083 1573 4577 1634 excommunicatis,
4622 1572 4857 1639 exceptis
4889 1570 5105 1630 duobus,
5135 1568 5199 1621 iis

3648 1645 3916 1703 videlicet,
3947 1644 4038 1711 qui
4067 1642 4376 1695 nominatim
4404 1640 4599 1711 fuerint
4622 1640 4937 1711 denuntiati,
4986 1648 5074 1690 aut
5111 1651 5201 1689 no-

3650 1714 3770 1765 torii
3794 1708 4110 1767 clericorum
4135 1724 4493 1778 percussores.
4526 1728 4543 1759 i
4571 1708 4726 1765 Juxta
4750 1711 4887 1775 quod
4910 1710 5197 1778 decretum,

3649 1784 3821 1837 nostri
3842 1783 4077 1837 doctoris
4110 1777 4279 1833 zelum
4302 1779 4684 1831 ctsententiam
4714 1777 5199 1844 interpretabimur.

3976 1868 4050 1923 Sit
4084 1885 4268 1923 nomen
4302 1869 4504 1922 Domini
4534 1868 4870 1921 benedictum.

4439 2031 5179 2061 -—-———-——d——-—’.

2193 2202 2552 2280 “3'28"
2630 2204 3464 2334 OPUSCULUM
3550 2204 4197 2323 DECIMUM
4284 2206 4370 2315 T

2784 2204 3464 2334 ’USCULUM
3550 2204 4197 2323 DECIMUM
4284 2192 4962 2315 TERTIUM.

2184 2440 2284 2498 DE
2325 2426 2868 2498 PERFECTIONE
2912 2429 3502 2492 MONACHORUM.
3550 2426 3657 2485 AD
3683 2422 3774 2483 Ο.
3811 2463 3826 2481 .
3878 2468 3892 2482 .
3937 2464 3952 2480 .
4000 2419 4377 2482 ΑΒΒΑΤΕΜ
4425 2415 4990 2478 POMPOSIANUM

3164 2527 3497 2599 EJUSQUE
3531 2521 4046 2585 CONVENTUM.

3366 2715 3722 2727 ———-—

1985 2861 2375 2913 ABCUHENTUfI.
2421 2882 2492 2893 —
2535 2852 2592 2903 In
2639 2847 2742 2903 hoc
2785 2848 2959 2903 libello
2998 2841 3376 2918 pra-cepturis,
3402 2846 3461 2918 ut
3509 2833 3580 2891 ita
3623 2826 4329 2918 dicam,_ollicio|fungitur.
4369 2827 4501 2882 Nam
4545 2843 4665 2918 cum
4705 2825 5085 2918 monacliprtim
5133 2822 5216 2881 sui

2057 2895 2976 2994 33.7556;'eorrupi'osmnioié's'"Et
3002 2895 3267 2969 rinstituta
3308 2895 3669 2994 deplorasset,
3706 2895 3921 2957 eosdem
3953 2895 4347 2994 Isaluberrimis
4397 2898 4676 2965 praeceptis
4705 2900 4787 2978 .ad
4837 2895 5213 2994 perfecti'onem

3195 2965 3466 3060 amplecti,
3497 2984 3556 3028 ut
3584 2965 3913 3051 adoptatum
3953 2971 4211 3060 laborum.
4252 2979 4467 3027 metam,
4495 2969 4953 3060 certaminumque
4988 2965 5214 3060 palmam

2368 3034 3089 3129 ἐὸῑρὶιῖςῖἑιὲἰὶἂιῖζ
3121 3051 3185 3103 Ει
3217 3034 3431 3136 quildem
3470 3059 3603 3111 pene
3647 3034 3789 3136 totus
3813 3042 3879 3136 ri‘n
3924 3054 3988 3092 eo
4025 3048 4125 3136 esti,
4158 3046 4215 3090 ut
4259 3053 4350 3089 eos
4381 3036 4697 3136 posthabitis
4736 3036 4962 3088 terrenis
4990 3034 5213 3136 lcupidi-

2467 3128 2477 3136 .
2839 3126 2859 3136 ..
2979 3123 2988 3133 ο
3017 3124 3045 3136 ,ι
3157 3134 3167 3136 Α
3235 3132 3282 3136 _-
3356 3129 3445 3136 _---
3493 3121 3679 3136 -..---.,.
3712 3127 3755 3136 Α.
3857 3124 3973 3136 ,ιη-η.
4021 3122 4092 3136 ...Α
4120 3116 4271 3136 ηυρηι-
4303 3122 4475 3136 ηιιιηη.
4502 3121 4588 3136 ιιι-ι
4623 3106 4803 3136 inuisos
4865 3114 4912 3136 nl
4940 3119 4983 3136 σι,
5048 3106 5213 3136 incum

2057 3105 3195 3194 illiilli;ihﬁﬁiphéiiiitﬁini-inimum.
3231 3105 3323 3168 sed
3354 3105 3691 3194 sna-sponte.
3712 3113 3775 3163 ml
3813 3111 3975 3187 Deum
4020 3110 4271 3194 ardenter
4302 3106 4588 3194 amandum
4622 3106 4835 3194 invitet,I
4864 3114 4917 3157 et
4938 3105 5003 3156 ad
5048 3106 5213 3194 ipsam

3144 3172 3761 3258 Inanuj_perdtt_cat..llac
3788 3178 4104 3258 regia-velut
4133 3176 4321 3254 semita
4351 3174 4632 3253 patefacta.
4666 3177 4731 3226 ad
4764 3174 4994 3252 reliqmis
5029 3172 5220 3251 deinde

2357 3242 3201 3330 calle-svdigreditur,patientiam
3241 3242 3464 3330 scilicet,
3500 3242 3878 3329 humilitatem:
3906 3246 4288 3330 obedientiam,
4320 3244 4804 3324 compunctiouem,
4832 3242 5217 3330 ριιξιιίιιξιιιίειιιιι

2062 3312 2913 3402 Ebiiié'miiinbtféﬁi,'animi;
2944 3337 3196 3397 tanquam
3234 3319 3549 3402 clarissimis
3579 3318 3823 3399 gemmis
3844 3314 4092 3368 monachi
4145 3314 4405 3391 cujusque
4447 3314 4657 3364 animus
4696 3322 4978 3402 ὀι-μεως...
5012 3325 5113 3363 non
5155 3312 5220 3362 ad

2056 3379 2920 3463 ἐξιέἷὶἱζὲἱέἧὶἰέἶιέῐίἑίίιιέἧιῖυιὶι
2950 3379 3159 3455 oculos,
3197 3394 3288 3445 sed
3324 3390 3390 3443 ad
3437 3379 3825 3463 ipsiusinterni
3867 3384 4187 3463 spectatoris
4214 3379 4581 3447 conspectum
4624 3379 4846 3463 pulcher
4874 3389 4925 3460 et
4955 3379 5220 3463 formosus

0 6314 787 6542 μ

2059 3449 3068 3546 ’έρῖιυῖιιιῖιιιίι-ιῖοηιηρε
3100 3449 3308 3540 locutus
3337 3467 3438 3519 est,
3460 3449 3817 3546 tttmileuinutlu
3846 3449 4155 3546 singillatim
4186 3465 4622 3546 unumque-Imque
4656 3451 4737 3546 sui
4765 3449 4917 3501 ollicii
4948 3451 5217 3546 admonet,

2339 3518 3042 3610 fingisﬁnglsiadsque
3072 3518 3441 3597 cujuscunque
3470 3526 3642 3580 aetatis
3668 3526 3734 3578 ad
3780 3525 3915 3577 bene
3940 3518 4221 3586 beateque
4270 3520 4561 3571 vivendum
4599 3518 4750 3584 juxta
4798 3518 5160 3585 prtcscr‘ptam
5189 3531 5219 3568 ι

2063 3606 2356 3680 majoribus
2382 3606 2625 3664 normam
2650 3606 2967 3659 informans.

2064 3786 2269 3838 Domno
2288 3780 2350 3835 Ο.
2386 3817 2401 3833 .
2435 3814 2449 3830 .
2488 3818 2500 3829 .
2534 3774 2823 3831 venerabili
2857 3770 3059 3833 abbati,
3108 3778 3163 3822 et
3206 3776 3393 3821 sancto
3428 3780 3558 3819 con-
3586 3774 3631 3833 Β
3658 3760 4012 3832 possidemus.
4060 3758 4138 3813 Ac
4182 3759 4224 3812 si
4274 3758 4487 3827 spurius
4524 3772 4657 3827 puer
4698 3757 4864 3826 patris
4910 3758 5121 3825 quidem
5163 3773 5224 3813 se

1991 3874 2193 3933 ventui,
2226 3872 2439 3926 Pnath
2468 3874 2720 3936 peccator
2743 3862 3038 3917 monachus
3066 3858 3425 3913 devotissimm
3444 3870 3560 3909 ser-

1995 3966 2185 4018 vitutis
2212 3961 2552 4029 obsequium.

2067 4042 2396 4120 Pauperculo
2437 4046 2662 4101 debitori
2706 4045 2831 4099 licet
2868 4042 3079 4098 solvere
3132 4048 3358 4107 nequeat
3403 4049 3561 4091 omne

1997 4144 2137 4214 quod
2180 4142 2358 4202 debet,
2404 4134 2731 4192 excusationi
2762 4142 2936 4194 tamen
2984 4139 3089 4193 est,
3121 4130 3171 4183 id
3210 4128 3559 4205 perexiguum

1995 4234 2191 4287 offerre
2214 4230 2353 4299 quod
2380 4220 2557 4281 habet.
2589 4225 2743 4294 Saepe
2774 4223 3023 4275 nimirum
3050 4219 3304 4279 rusticus,
3350 4217 3438 4283 qui
3469 4230 3562 4285 pe-

1996 4324 2208 4377 cuniam
2236 4320 2508 4374 feneratus
2564 4321 2864 4382 acceperat,
2917 4308 3154 4364 exactori
3206 4322 3304 4360 suo
3353 4306 3559 4361 olerum

1998 4415 2261 4468 duntaxat
2284 4406 2500 4460 advexit
2536 4404 2773 4469 xenium,
2805 4410 2861 4454 et
2888 4415 3009 4453 mox
3032 4397 3296 4452 cantionis
3319 4411 3425 4449 sua:
3450 4394 3563 4447 chi-

1999 4499 2265 4570 rographo
2292 4496 2447 4549 rediit
2488 4492 2779 4547 absolutus.
2810 4490 2919 4557 Ego
2948 4490 3147 4555 itaque,
3174 4486 3261 4554 qui
3291 4483 3561 4538 beneficiis

1998 4588 2196 4643 vestris
2220 4598 2410 4654 magna
2439 4581 2629 4645 debeo,
2654 4579 2785 4632 viles
2816 4578 3023 4629 litteras
3064 4574 3249 4637 mitto;
3282 4572 3433 4634 viles,
3483 4572 3563 4623 in-

2000 4691 2184 4747 quam,
2215 4688 2332 4726 mea
2355 4671 2669 4732 rusticitate,
2696 4682 2800 4721 non
2823 4680 2918 4719 suo
2939 4678 3153 4733 genere,
3174 4662 3417 4715 videlicet
3444 4673 3562 4727 quae

1999 4776 2057 4820 et
2084 4765 2276 4819 divina:
2316 4758 2607 4815 voluntatis
2639 4755 2856 4818 indices,
2907 4764 2955 4806 et
2985 4762 3225 4807 veterum
3273 4765 3561 4806 novorum-

2002 4868 2108 4924 que
2131 4860 2399 4922 gestorum
2422 4846 2755 4915 depositariae
2777 4845 2883 4898 sint
2908 4842 3109 4895 fideles.

2510 4934 2732 4990 CAPUT
2771 4931 3056 4987 PRIMUM.

2186 5030 2260 5084 De
2298 5028 2598 5083 remissione
2639 5025 2850 5093 fervoris
2878 5032 3071 5078 sant-tte
3106 5020 3388 5089 religionis.

3660 3852 3866 3905 censeri
3900 3850 4114 3903 nomine
4138 3850 4385 3919 gaudeat,
4437 3851 4525 3903 sed
4552 3849 4764 3918 generis
4794 3849 4873 3901 sui
4905 3849 5223 3915 degenerata

3658 3938 3894 3995 conditio
3922 3938 4126 4015 legibus
4158 3940 4299 3990 hunc
4347 3939 4411 3990 ab
4457 3939 4769 3993 hmreditate
4820 3937 5057 4005 repellat.
5092 3936 5222 3990 Nam

3662 4040 3717 4083 et
3740 4030 3927 4083 lsmael
3965 4038 4017 4083 et
4050 4028 4141 4080 filii
4174 4027 4418 4081 Ccthura:
4456 4041 4640 4081 omnes
4677 4026 5034 4080 indifferenter
5058 4027 5222 4079 Abra-

3660 4118 3743 4171 ha:
3773 4118 3865 4170 filii
3894 4118 4227 4170 dicebantur.
4278 4116 4383 4169 Sed
4410 4132 4529 4170 cum
4573 4117 4637 4168 ad
4670 4117 5065 4170 successionum
5101 4114 5223 4181 jura

3657 4216 3978 4275 perventum
4007 4215 4107 4269 est,
4138 4205 4286 4259 Isaac
4322 4206 4561 4275 legitimo
4586 4206 4693 4259 tilio
4738 4214 4847 4258 tota
4880 4206 4930 4257 in
4962 4206 5225 4272 integrum

3659 4295 3945 4349 haereditas
3974 4297 4226 4358 traditur;
4272 4296 4687 4349 concubinarum
4722 4305 4896 4347 autem
4948 4293 5067 4345 liliis
5110 4304 5226 4344 tan-

3660 4385 3933 4439 tummodo
3956 4401 4173 4438 mnnera
4204 4386 4527 4439 tribuuntur.
4562 4406 4580 4437 ι
4616 4386 4834 4454 Spuria.
4874 4385 5041 4454 inquit
5066 4383 5223 4438 Salo-

3661 4493 3809 4541 mon,
3834 4478 4140 4530 vitulamina
4171 4494 4273 4530 non
4302 4478 4504 4531 dabunt
4528 4478 4732 4531 radices
4757 4476 4890 4529 altas
4916 4475 5065 4545 (Sap.
5090 4475 5217 4543 μὴ.»

3661 4571 3769 4625 Nec
3796 4586 3911 4632 vos,
3946 4586 4149 4640 quaeso,
4206 4570 4346 4638 quod
4394 4570 4601 4637 loquor,
4644 4570 4698 4622 in
4728 4578 4955 4621 vestram
5004 4566 5225 4619 vcrtatis

3660 4663 3931 4731 injuriam.
3984 4661 4162 4715 Nostis
4186 4662 4349 4724 enim,
4406 4662 4526 4728 auia
4559 4660 4725 4713 fontes
4748 4669 4867 4727 apte
4901 4657 5222 4727 congeritur,

3662 4754 3755 4807 ubi
3804 4752 4037 4805 scintilla
4084 4752 4273 4804 saltem
4324 4752 4463 4819 ignis
4518 4763 4793 4817 superesse
4826 4748 5064 4807 videtur;
5115 4745 5225 4798 illic

3664 4850 3841 4894 autem
3858 4838 4423 4909 quisinanitersnmat,
4456 4836 4593 4890 unde
4605 4835 4835 4891 calorem
4852 4836 5225 4903 penituscxba-

3664 4931 3803 4984 lasse
3816 4932 4147 4985 considerat?
4163 4930 4270 4997 Ego
4285 4924 4466 4991 etiam,
4484 4928 4586 4981 nisi
4605 4943 4699 4996 per
4713 4926 4906 4982 Christi
4921 4926 5142 4993 gratiam
5162 4925 5227 4975 de

3666 5024 3816 5078 vobis
3853 5024 4074 5077 meliora
4111 5024 4464 5082 conﬁderem,
4498 5020 4697 5073 relictis
4729 5019 4867 5081 aliis,
4898 5016 5225 5070 exhortatio-

2075 5121 2261 5187 ltaque
2300 5134 2406 5173 non
2435 5116 2717 5187 ignoratis,
2770 5114 2971 5168 fratres
3017 5112 3146 5176 mei,
3183 5111 3323 5179 quod
3354 5125 3568 5179 gemens
3595 5112 3641 5172 C
3674 5114 3756 5167 nis
3779 5114 3938 5183 285
3971 5113 4109 5183 stylo
4144 5127 4238 5167 vos
4267 5112 4427 5165 etiam
4457 5110 4706 5179 pnoseqni
4738 5122 5117 5180 supervacuum
5141 5107 5228 5175 ju-

2006 5208 2217 5275 loquor,
2264 5208 2330 5260 ad
2364 5216 2621 5275 quantum
2652 5204 2820 5261 sancti
2848 5202 3071 5257 fervoris
3107 5201 3289 5270 lapsus
3322 5199 3410 5263 sit,
3457 5199 3562 5250 imo

2006 5299 2296 5369 proclivius
2316 5295 2553 5365 quotidie
2576 5294 2678 5347 labi
2720 5308 2824 5347 non
2859 5292 3064 5347 desinat
3108 5298 3291 5345 noster
3312 5287 3443 5341 ordo
3475 5288 3563 5340 de-

2010 5388 2231 5448 fectum,
2262 5394 2321 5438 ut
2344 5384 2456 5453 jam
2484 5382 2721 5437 omnium
2742 5396 2878 5449 pene
2901 5378 3268 5433 mandatorum
3294 5377 3564 5446 negligen-

2011 5488 2092 5529 ter
2136 5475 2303 5538 obliti,
2344 5474 2457 5528 Snla
2506 5470 2856 5541 professionis
2892 5471 3048 5539 hujus
3093 5469 3372 5522 videamur
3418 5478 3564 5520 veste

2009 5566 2271 5619 contenti.
2305 5563 2412 5617 Sub
2437 5562 2706 5631 religionis
2740 5560 2881 5615 enim
2916 5560 3094 5627 specie
3121 5558 3451 5612 saeculariter
3490 5556 3566 5608 vi-

2009 5656 2206 5715 vimus,
2244 5662 2293 5707 ct
2322 5651 2516 5704 violato
2540 5648 2833 5719 disciplinm
2862 5648 3039 5717 genio,
3065 5649 3192 5701 dum
3221 5662 3314 5699 nos
3338 5661 3432 5714 per
3462 5646 3567 5698 Ille-

2012 5746 2290 5799 cebrarum
2316 5742 2453 5796 ﬂuxa
2471 5740 2826 5803 dissolvimus,
2859 5738 2999 5790 velut
3017 5752 3045 5790 a
3064 5738 3354 5792 nobilitatis
3370 5747 3567 5792 nostra:

2016 5833 2182 5888 titulis
2232 5833 2636 5904 degenerantes,
2684 5827 3065 5883 monachorum
3114 5841 3303 5884 nomen
3336 5828 3567 5883 inaniter

3670 5203 3926 5257 dicarem.

3741 5291 4115 5360 Quapropter,
4168 5289 4507 5354 eharissimi,
4555 5287 4607 5341 in
4657 5286 4799 5340 vires
4850 5297 4957 5338 vos.
5015 5282 5228 5336 Cliris'o

3667 5380 3976 5443 auxiliante,
4010 5379 4263 5449 colligite,
4292 5374 4509 5445 ejusque
4535 5374 4799 5438 militiam,
4827 5373 4878 5424 in
4908 5363 5056 5438 cujus
5078 5383 5225 5418 arma

3660 5470 3905 5539 jurastis,
3961 5484 4065 5522 non
4100 5470 4335 5539 segni:er
4357 5507 4371 5528 .
4418 5482 4522 5528 non
4573 5464 4842 5519 enerviter
4865 5502 4879 5523 ,
4906 5460 4996 5513 sed
5028 5456 5229 5511 fervide

3662 5560 3841 5629 potius
3868 5574 3930 5612 ac
3966 5559 4190 5613 viril.ter
4221 5558 4448 5626 bajulzte
4470 5596 4483 5619 ,
4522 5564 4580 5610 ιιι
4616 5555 4910 5609 rudimenta
4947 5562 5231 5603 conversa-

3666 5650 3825 5715 tionis
3855 5658 4063 5711 νοείτω,
4104 5663 4223 5718 qum
4252 5648 4424 5700 adhuc
4463 5647 4515 5699 in
4559 5644 4786 5713 quodam
4818 5638 5109 5694 meditullio
5135 5652 5227 5705 pp-

3665 5739 3763 5791 sita
3810 5748 3970 5801 sunt,
4012 5754 4115 5791 non
4164 5736 4229 5790 ad
4265 5735 4483 5789 nihilum
4508 5774 4522 5797 ,
4556 5732 4695 5799 quod
4726 5729 4886 5791 absit,
4916 5743 5012 5796 per
5060 5726 5226 5791 ticgli-

3665 5829 3896 5898 gentiam
3930 5828 4149 5882 redeant
4178 5867 4191 5892 ,
4223 5826 4313 5881 scd
4358 5840 4450 5896 per
4490 5822 4723 5880 continui
4757 5820 4981 5874 fervoris
5024 5816 5232 5871 instan-

5509 540 5514 601 Γ

5512 688 5514 733 |

5512 804 5514 859 |

5512 924 5514 985 ι

5512 1052 5514 1099 |

5511 1172 5514 1225 Ι

5512 1292 5514 1341 |

5512 1422 5514 1467 |

5512 1542 5514 1581 |

5512 1662 5514 1709 |
