5514 6526
528 401 644 458 293

1414 400 1655 458 OPUSC.
1690 400 1823 455 Xlll.
1854 430 1924 439 —
1954 397 2038 453 DF.-
2080 396 2557 452 PERFECTIONE
2598 397 2909 454 MONACII.

3735 394 3842 450 296

540 520 673 574 tiam
706 520 773 574 ad
805 518 1153 589 perfectionis
1184 517 1393 572 culmen
1444 523 1783 570 excrescunt.
1815 514 2140 567 Mementote
2174 524 2215 576 Α
2246 512 2471 582 gloriam
2500 513 2989 581 perhorrescimus,
3022 512 3250 565 nitorem
3304 507 3579 565 srecularis
3622 508 3841 565 habitus

543 614 689 678 quod
717 610 907 678 angelo
930 608 1117 663 Sardis
1141 607 1391 667 Ecclesizc
1416 607 1612 659 dicitur
1637 623 1648 656 :
1680 622 1697 653 ι
1730 604 1856 656 Esto
1889 602 2137 671 vigilans,

544 711 599 755 ct
626 701 887 754 confirma
932 707 1157 761 czetcra,
1197 710 1316 764 quae
1347 697 1607 749 moritura
1635 702 1817 757 erant;
1852 708 1956 745 non
1995 693 2138 743 enim

547 791 729 845 inveni
765 805 927 860 opera
961 799 1046 843 tua
1071 787 1225 857 plena
1248 801 1428 840 coram
1462 786 1569 839 Deo
1601 800 1719 838 meo
1760 783 1943 853 (Apoc.
1978 784 2081 839 ιιι).
2116 800 2133 829 ι

549 882 685 946 Quia
702 882 844 933 enim
871 880 1022 947 plena
1040 892 1223 931 coram
1250 877 1359 930 Deo
1380 874 1496 942 ejus
1519 888 1681 942 opera
1707 888 1810 926 non
1836 872 2136 932 invenerat,

550 972 811 1025 moritura
834 971 997 1023 etiam
1023 968 1126 1029 illa,
1153 967 1401 1035 qumjam
1428 966 1562 1018 bene
1586 973 1733 1032 gesta
1759 962 1992 1023 fuerant,
2021 976 2139 1029 pcr-

550 1062 788 1118 hibebat.
814 1062 867 1114 Si
887 1060 1031 1114 enim
1054 1059 1194 1128 quod
1220 1068 1489 1110 mortuum
1519 1056 1571 1108 in
1602 1055 1753 1108 nobis
1773 1062 1857 1107 est
1880 1056 1946 1106 ad
1974 1053 2135 1104 vitam

549 1169 661 1209 non
693 1152 1025 1214 accenditur,
1068 1152 1169 1205 hoc
1194 1149 1356 1203 etiam
1383 1147 1781 1215 exstinguitur,
1815 1146 1956 1213 quod
1984 1143 2137 1212 quasi

552 1246 730 1300 adhuc
752 1244 930 1296 vivum
957 1250 1186 1295 tenetur.
1214 1239 1397 1293 Perdit
1424 1238 1620 1307 quippe
1640 1236 1783 1304 quod
1807 1243 2014 1303 egerat,
2047 1231 2139 1300 qui

550 1334 693 1406 quod
746 1333 1052 1387 faciendum
1110 1338 1194 1384 est
1250 1345 1354 1382 non
1414 1334 1772 1381 consummat.
1811 1323 1948 1389 Quid
1993 1324 2137 1375 enim

550 1424 772 1496 prodest
799 1423 845 1477 si
887 1423 938 1475 in
966 1429 1213 1475 materno
1237 1429 1392 1471 utero
1420 1415 1639 1470 formari
1664 1428 1862 1483 corpus
1892 1412 2137 1479 incipiat,

550 1524 608 1568 et
638 1523 812 1568 tamen
841 1512 907 1565 ad
948 1509 1210 1564 naturalis
1250 1506 1569 1563 incrementi
1613 1501 2001 1571 plenitudinem
2034 1514 2138 1551 non

550 1604 863 1676 pertingat?
896 1602 1009 1657 Non
1039 1601 1181 1657 enim
1208 1614 1302 1653 vos
1322 1597 1451 1651 latet
1474 1597 1539 1651 de
1566 1609 1669 1664 qua
1692 1591 1874 1647 sobole
1898 1589 2096 1643 dicitur
2123 1606 2137 1641 :

557 1714 576 1744 ο
615 1694 801 1747 Mulier
830 1708 950 1747 cum
985 1690 1147 1761 parit,
1172 1688 1446 1742 tristitiam
1478 1686 1659 1745 habet,
1684 1683 1809 1752 quia
1838 1682 1985 1735 venit
2009 1682 2139 1732 hora

550 1784 699 1853 ejus;
728 1799 848 1839 cum
878 1791 1059 1837 autem
1104 1779 1313 1850 peperit
1340 1790 1587 1846 puerum,
1614 1775 1725 1844 jam
1765 1787 1868 1826 non
1898 1770 2143 1825 meminit

2248 604 2437 656 humili
2469 612 2615 656 veste
2643 613 2933 656 mutamus.
2963 602 3151 672 Magna
3176 611 3303 655 sunt
3333 602 3466 665 litec,
3493 600 3661 653 ardua
3692 610 3839 664 sunt,

2246 691 2439 755 fateor,
2487 694 2765 762 magisque
2811 708 3061 761 superna:
3107 690 3479 745 retributionis
3524 690 3844 745 muneribus

2246 786 2678 852 compensanda;
2709 783 2803 838 sed
2837 785 3014 838 adhuc
3052 793 3222 838 restat
3261 783 3404 837 unde
3440 782 3717 852 prmlixum
3749 783 3843 835 (lc-

2244 874 2369 928 beat
2422 875 2629 944 pondus
2680 874 2914 943 impleri,
2964 884 3022 928 ut
3071 875 3122 928 in
3186 874 3630 944 gazophylacium
3679 872 3845 940 Regis

2211 965 2214 969 ’
2244 966 2432 1019 aeterni
2472 973 2745 1017 mereatur
2773 965 3000 1018 admitti.
3036 963 3287 1030 Qumritis
3311 965 3439 1033 quid
3467 965 3538 1017 sit
3566 964 3666 1016 hoc
3695 981 3706 1014 :
3743 962 3843 1016 Oe-

2244 1056 2417 1109 currlt
2446 1056 2572 1111 mihi
2597 1056 2865 1123 protinus,
2891 1067 2947 1108 ut
2972 1057 3124 1110 vobis
3153 1057 3253 1110 ista
3286 1056 3637 1123 respondeam
3665 1093 3681 1107 .
3710 1052 3845 1108 Obe-

2245 1143 2465 1205 dientia,
2509 1145 2772 1207 charitas,
2814 1145 3093 1213 gaudium,
3129 1160 3257 1213 pax,
3292 1145 3573 1213 patientia,
3608 1152 3848 1197 caetem—

2244 1246 2351 1299 que
2378 1233 2630 1297 virtutes,
2687 1249 2823 1303 quas
2878 1234 3125 1301 gentium
3182 1234 3505 1301 praedicator
3558 1241 3847 1287 enumerat

2246 1318 2449 1391 (Colat.
2482 1321 2559 1390 v).
2594 1321 2700 1376 Sed
2735 1322 2856 1376 volo
2884 1322 3268 1390 compendiose
3316 1322 3705 1392 perstringere,
3738 1337 3846 1390 quo

2245 1411 2415 1465 menti
2453 1421 2646 1466 vestra:
2674 1412 2852 1467 valeat
2883 1412 3112 1475 facilius,
3148 1428 3211 1465 ac
3240 1427 3337 1480 per
3383 1413 3488 1466 hoc
3531 1414 3738 1468 arctius
3764 1414 3849 1466 in-

2245 1501 2475 1556 hterere.
2512 1502 2697 1572 ltaque
2727 1501 2859 1556 nihil
2886 1511 2971 1557 est
2996 1502 3140 1555 aliud
3168 1503 3270 1557 nisi
3305 1502 3487 1557 fervor
3510 1503 3560 1555 in
3592 1501 3762 1556 Deum
3792 1510 3849 1555 et

2246 1592 2597 1647 niortilicatio
2623 1595 2677 1647 in
2712 1595 3019 1662 temetipso.
3053 1593 3108 1648 Si
3143 1594 3288 1648 enim
3322 1594 3619 1662 apostolica
3664 1595 3716 1646 in
3746 1608 3845 1647 no-

2246 1683 2326 1737 bis
2354 1684 2623 1738 seutentia
2656 1686 2883 1749 viveret,
2913 1700 3021 1754 qua
3057 1685 3257 1739 dicitur
3284 1705 3297 1738 :
3332 1703 3351 1737 ι
3389 1684 3620 1753 Semper
3653 1684 3847 1739 morti-

2248 1773 2555 1828 ficationem
2601 1773 2727 1829 .lesu
2787 1776 2839 1829 in
2891 1789 3121 1844 corpore
3166 1776 3355 1830 nostro
3394 1774 3849 1830 circumferentes

549 1882 1068 1952 pressurrelpropter
1099 1872 1351 1941 gaudium
1379 1910 1395 1935 ,
1429 1868 1555 1938 quia
1599 1877 1759 1921 natus
1780 1873 1865 1920 est
1893 1864 2054 1919 bomo
2086 1863 2138 1916 in
2176 1871 2215 1929 Β
2248 1865 2482 1937 (llCor.
2509 1866 2620 1939 vi);
2646 1868 2807 1938 iquia
2837 1870 3073 1923 carnalis
3102 1883 3253 1922 amor
3274 1884 3381 1922 non
3410 1870 3636 1923 haberet
3666 1869 3756 1924 ubi
3788 1885 3849 1924 se

551 1966 753 2022 mundo
778 1964 960 2035 (Joan.
988 1965 1122 2034 xvi).
1158 1983 1178 2015 ›

1190 2054 1417 2112 CAPUT
1443 2054 1505 2109 ll.

553 2152 709 2219 Quod
740 2152 838 2206 nisi
860 2152 1076 2223 quisque
1100 2148 1304 2223 studeat
1331 2156 1493 2215 cwpta
1522 2142 1789 2223 perﬁcere,
1815 2140 1885 2194 ad
1910 2152 2143 2193 amorem

1012 2219 1111 2272 Dei
1152 2227 1367 2287 nequeat
1396 2219 1678 2285 pervenire.

620 2332 939 2387 Abortivum
993 2330 1152 2401 plane
1200 2343 1335 2398 opus
1368 2326 1510 2381 Deus
1554 2340 1662 2379 non
1718 2321 1999 2392 approbat,
2051 2316 2143 2386 qui

549 2437 906 2492 pcrsonarmn
949 2429 1002 2474 et
1032 2418 1330 2473 omeiorum
1355 2455 1371 2481 ,
1405 2413 1774 2468 conditionum
1818 2418 1871 2463 et
1893 2407 2142 2463 ordinum

551 2520 704 2567 actus
735 2512 786 2565 in
816 2519 1018 2564 statera
1061 2508 1299 2578 provida:
1352 2501 1707 2560 discus'sionis
1751 2500 2064 2560 examinat,
2092 2503 2146 2548 et

549 2603 792 2655 diversas
822 2600 984 2654 habet
1026 2598 1208 2652 lances
1256 2609 1351 2666 per
1384 2594 1624 2664 singulos
1675 2592 1913 2645 ordines.
1951 2589 2033 2641 An
2075 2587 2143 2640 ad

551 2691 859 2743 trutinanda
889 2688 1031 2760 regis
1061 2702 1224 2757 opera
1251 2694 1507 2740 stateram
1541 2682 1779 2737 habilem
1808 2696 1912 2735 nou
1940 2679 2146 2732 habue-

550 2787 658 2841 rat,
702 2794 873 2848 eaque
916 2789 1069 2832 actus
1100 2777 1241 2831 illius
1282 2774 1651 2846 appenderat,
1702 2772 1785 2825 cui
1819 2784 1916 2839 per
1952 2781 2142 2821 manus

548 2868 837 2922 articulum
889 2868 942 2920 in
985 2865 1189 2935 pariete
1232 2862 1620 2917 describebat:
1655 2859 1933 2928 «Regnum
1989 2865 2141 2908 tuum

550 2976 845 3030 appensum
887 2968 972 3014 est
1003 2960 1054 3012 in
1094 2968 1324 3022 statera,
1352 2964 1407 3009 et
1455 2954 1705 3008 iuventus
1743 2968 1802 3005 es
1836 2951 2013 3004 minus
2042 2949 2139 3002 ha-

550 3051 721 3107 beris?
747 3049 908 3119 (Dan.
942 3048 1019 3119 v.)
1060 3069 1079 3101 ›
1114 3048 1292 3117 Atque
1329 3046 1531 3099 idcirco
1560 3052 1758 3111 praesto
1794 3041 2140 3111 subjuuctum

548 3152 636 3195 est
666 3160 681 3195 ι
712 3161 729 3192 ι
760 3140 995 3193 Divisnm
1024 3151 1108 3193 est
1136 3151 1357 3207 regnum
1386 3147 1559 3199 tuum,
1600 3143 1653 3187 et
1683 3134 1865 3187 datum
1894 3131 2061 3185 Medis
2082 3138 2141 3183 et

547 3229 732 3285 Persis
763 3229 954 3300 (ibid.).
983 3247 1001 3279 ι

622 3318 679 3375 Si
706 3333 835 3387 ergo
869 3333 1091 3387 regnum
1123 3315 1280 3369 simul
1306 3323 1360 3368 et
1389 3314 1553 3367 vitam
1588 3312 1692 3367 illis
1723 3313 1863 3365 Deus
1888 3309 2139 3380 omnipo-

549 3422 676 3466 tens
714 3409 971 3474 abstulit,
1009 3424 1114 3462 non
1148 3408 1217 3461 ob
1265 3408 1410 3461 aliud
1452 3407 1658 3460 crimen
1687 3445 1699 3468 ,
1736 3404 1837 3458 nisi
1871 3404 1998 3471 quia
2029 3412 2137 3455 tam

536 3500 677 3555 boni
705 3500 903 3568 operis,
934 3498 1090 3567 quale
1125 3512 1303 3567 regem
1328 3497 1603 3558 decuerat,
1637 3496 1687 3547 in
1733 3508 1797 3547 eo
1849 3491 2141 3561 plenitudi-

549 3609 675 3647 nem
708 3608 811 3645 uon
848 3592 1081 3654 invenit;
1112 3590 1240 3659 quid
1297 3588 1363 3642 de
1415 3587 1571 3641 nobis
1619 3596 1701 3641 est
1752 3583 2137 3647 sentiendum,

549 3684 642 3753 qui
691 3683 789 3736 sub
816 3681 1155 3753 professione
1207 3680 1500 3734 manastica
1550 3687 1605 3733 et
1653 3678 1913 3731 scandere
1966 3673 2141 3743 perfe-

548 3776 747 3830 ctionis
795 3774 1005 3830 excelsa
1065 3772 1443 3845 promisimus,
1493 3779 1549 3825 et
1597 3770 1771 3824 adhuc
1817 3778 1997 3822 tamen
2040 3767 2141 3821 sub

549 3875 769 3933 torpore
817 3865 1037 3919 desidia:
1090 3863 1141 3916 in
1184 3861 1607 3932 imperfectiouis
1650 3868 1849 3914 nostra:
1899 3858 2141 3913 convalle

543 3956 830 4027 jatcmus?
873 3956 941 4012 Ut
994 3958 1121 4027 quid
1165 3957 1326 4009 homo
1372 3954 1498 4008 totis
1549 3953 1756 4006 nisibus
1810 3966 1915 4005 non
1943 3952 2140 4019 satagit

550 4048 777 4117 implere
844 4047 986 4117 quod
1046 4046 1256 4101 instat?
1314 4044 1394 4099 Ob
1464 4045 1515 4098 id
1573 4042 1764 4097 saltem
1832 4057 1901 4096 ne
1950 4040 2142 4109 perdat

547 4155 712 4193 omne
752 4141 891 4207 quod
923 4137 1195 4207 prmterito
1230 4136 1413 4190 labore
1441 4134 1750 4203 quaesierat.
1800 4131 1933 4185 Nam
1970 4147 2141 4199 quau-

548 4230 798 4284 tumlibct
847 4230 1057 4284 itineris
1097 4229 1325 4298 quisque
1374 4228 1677 4297 perrexerit
1704 4267 1719 4289 ,
1752 4225 1901 4293 quid,
1932 4239 2138 4294 quaeso,

548 4321 766 4393 proficit
790 4320 835 4375 si
866 4321 933 4375 ad
960 4320 1132 4375 locum
1155 4319 1493 4389 propositum
1519 4332 1626 4370 non
1652 4315 1916 4383 attingat?
1946 4315 2135 4379 Porro,

550 4413 597 4467 si
632 4412 896 4481 quispiam
930 4410 1043 4481 regi
1088 4411 1436 4464 vehementer
1490 4406 1773 4470 infensus,
1823 4422 1929 4460 non
1982 4405 2141 4459 aliter

550 4503 732 4557 redire
777 4502 828 4555 in
860 4502 1087 4571 gratiam
1116 4500 1317 4569 possit,
1354 4498 1454 4553 nisi
1488 4506 1707 4553 centum
1734 4496 1943 4568 argenti
1974 4497 2141 4551 libras

2248 1958 2387 2011 intra
2420 1967 2605 2011 nostra
2637 1956 2977 2024 diffunderet,
3009 1959 3322 2013 necessario
3348 1974 3406 2013 se
3437 1960 3617 2014 omnis
3659 1971 3847 2016 nostra

2248 2047 2538 2103 delectatio
2568 2048 2623 2101 iu
2646 2048 2817 2103 Deum
2840 2064 3102 2119 suspensa
3127 2049 3445 2104 transferret
3470 2069 3482 2103 :
3513 2060 3568 2105 et
3612 2051 3724 2107 illic
3750 2067 3849 2107 no-

2246 2149 2359 2195 ster
2382 2142 2520 2211 ignis
2544 2141 2800 2197 exsiliens
2823 2143 3046 2208 viveret,
3075 2143 3201 2211 quia
3224 2143 3366 2197 intra
3390 2159 3491 2198 nos
3514 2142 3847 2201 diﬁ‘undrndi

2246 2244 2306 2284 se
2335 2232 2567 2299 spatium
2596 2246 2704 2286 non
2736 2231 2982 2288 haberet.
3015 2232 3263 2287 Prudens
3308 2234 3510 2289 ctenim
3544 2235 3647 2300 vir,
3693 2244 3749 2289 ct
3780 2236 3850 2290 ad

2246 2321 2438 2374 salutis
2482 2335 2593 2376 suae
2632 2324 2937 2377 custodiam
2988 2325 3339 2379 vehementer
3385 2326 3644 2390 intentus,
3702 2335 3850 2380 tanta

2247 2412 2609 2479 reprimendis
2645 2413 2791 2467 vitiis
2834 2412 3197 2469 sollicitudine
3226 2430 3443 2485 semper
3492 2416 3756 2485 invigilat,
3789 2426 3849 2473 ut

2244 2500 2500 2568 perfecta:
2533 2501 2970 2556 mortificationis
3011 2503 3228 2572 cingulo
3258 2503 3471 2559 lumbos
3515 2520 3644 2561 suos
3678 2518 3733 2561 et
3764 2523 3850 2562 re-

2244 2606 2362 2658 nes,
2394 2600 2637 2646 ventrem
2670 2608 2776 2645 una
2832 2608 2955 2646 cum
3006 2594 3272 2650 lateribus
3325 2596 3564 2665 undique
3607 2599 3848 2654 circum-

2245 2684 2497 2750 stringat.
2536 2681 2690 2748 Quod
2719 2681 2979 2736 nimirum
3014 2693 3143 2737 tunc
3180 2683 3257 2750 fit,
3288 2699 3410 2738 cum
3444 2686 3695 2755 pruriens
3725 2688 3848 2757 gula

2245 2765 2595 2842 reprimitur;
2629 2789 2751 2828 cum
2782 2773 2965 2844 lingua
2994 2790 3200 2844 procax
3232 2776 3335 2832 sub
3364 2778 3584 2833 silentio
3614 2779 3843 2835 cohibe-

2246 2874 2361 2930 tur;
2396 2880 2517 2919 cum
2543 2866 2690 2920 auris
2720 2881 2750 2919 a
2774 2865 3205 2921 detractionibus
3236 2868 3541 2933 clauditur;
3569 2886 3691 2923 cum
3718 2885 3849 2924 ocn-

2243 2955 2328 3011 lus
2357 2965 2643 3026 aspectare
2668 2972 2789 3027 qua:
2813 2964 2940 3011 sunt
2970 2957 3185 3024 illicita,
3219 2960 3571 3027 prohibetur;
3607 2976 3729 3014 cum
3764 2977 3849 3015 re.

2242 3047 2451 3101 tinetur
2479 3063 2694 3111 manus,
2724 3063 2791 3102 ne
2817 3049 3109 3103 crcduliter
3138 3049 3319 3115 feriat,
3352 3066 3451 3120 pes
3479 3067 3546 3106 ne
3572 3053 3847 3123 vagabua-

2243 3136 2343 3191 dus
2372 3137 2609 3191 inaniter
2640 3147 2861 3207 pergat;
2892 3153 3015 3191 cum
3048 3139 3326 3193 resistitur
3374 3142 3546 3204 cordi,
3599 3157 3667 3197 ne
3717 3157 3845 3210 pro-

2160 3228 2204 3288 C
2238 3227 2414 3297 speris
2442 3228 2635 3283 aliena:
2676 3227 2954 3284 felicitatis
2982 3230 3239 3295 invideat,
3272 3246 3341 3285 ne
3372 3230 3515 3300 quod
3549 3247 3701 3286 suum
3737 3248 3845 3287 non

2246 3328 2351 3383 est,
2387 3334 2486 3388 per
2515 3319 2805 3373 avaritiam
2836 3322 3213 3390 concupiscat,
3249 3338 3314 3377 ne
3340 3339 3398 3376 se
3421 3324 3489 3377 ab
3519 3338 3706 3377 amore
3734 3323 3845 3376 fra-

2247 3418 2404 3463 terno
2440 3425 2539 3479 per
2571 3410 2914 3465 iracundiam
2945 3412 3174 3477 dividat,
3210 3429 3277 3467 ne
3307 3428 3364 3467 se
3408 3429 3572 3482 super
3614 3424 3843 3469 czeteros

2246 3509 2567 3569 arroganter
2593 3501 2836 3565 extollat,
2868 3516 2937 3555 ne
2964 3502 3205 3556 titillanti
3231 3504 3461 3558 luxuria:
3505 3518 3571 3558 ex
3604 3505 3844 3560 delecta-

2246 3588 2392 3643 tione
2418 3591 2745 3655 consentiat,
2775 3605 2843 3643 ne
2868 3605 2927 3644 se
2956 3592 3038 3645 vel
3092 3592 3145 3646 in
3194 3606 3487 3647 maerorem
3518 3594 3849 3649 immodera-

2244 3678 2351 3732 tius
2397 3680 2685 3747 deprimat,
2740 3682 2827 3734 vel
2876 3680 3066 3735 laetitia
3131 3682 3535 3736 lenocinantem
3587 3688 3844 3741 resolvat.

2244 3767 2381 3834 Quia
2415 3771 2579 3840 igitur
2605 3771 2841 3824 humana
2875 3786 3029 3827 mens
3056 3764 3273 3842 penitus
3299 3789 3495 3828 vacare
3541 3791 3645 3829 non
3680 3776 3843 3839 valet,

2242 3871 2304 3915 ut
2332 3862 2622 3931 cujuslibet
2654 3864 2730 3916 rei
2761 3878 2820 3917 se
2870 3879 3057 3918 amore
3104 3880 3212 3920 non
3268 3876 3520 3935 occupet,
3571 3884 3693 3922 cum
3743 3869 3846 3925 hoc

2243 3953 2506 4006 virtutum
2540 3967 2696 4007 muro
2719 3954 2959 4021 undique
2988 3955 3462 4022 circumcluditur;
3488 3975 3504 4003 t
3567 3959 3577 4010 i
3611 3974 3668 4012 se
3696 3959 3842 4014 circa

2248 4060 2306 4100 se
2336 4062 2681 4115 nequaquam
2708 4046 2936 4101 dilatare
2964 4049 3320 4117 permittitur,
3351 4064 3512 4120 supra
3541 4065 3600 4105 se
3627 4065 3845 4106 necvsse

2242 4146 2325 4191 est
2355 4138 2616 4205 rapiatur.

2860 4228 3090 4284 CAPUT
3129 4229 3216 4284 lli.

2246 4317 2399 4383 Quod
2432 4334 2637 4372 necesse
2666 4319 2730 4371 sit
2762 4330 2954 4371 (errant
2991 4323 3155 4373 nostri
3188 4322 3361 4374 cordis
3411 4324 3669 4390 excolere,
3708 4327 3753 4380 si
3779 4328 3844 4380 de

2487 4395 2664 4458 ampla
2708 4390 2947 4443 volumus
2978 4394 3301 4458 possessione
3338 4398 3581 4464 gaudere.

2318 4498 2431 4552 Hoc
2462 4501 2641 4568 itaque
2670 4502 2831 4554 modo
2855 4516 2976 4555 cum
3008 4518 3162 4557 mens
3188 4514 3370 4559 nostra
3407 4507 3458 4560 in
3492 4523 3589 4562 suo
3615 4512 3844 4579 cmperit

548 4593 884 4663 appenderit,
910 4602 1090 4647 certus
1109 4592 1233 4661 quia
1258 4599 1380 4658 post
1406 4588 1635 4645 solutum
1660 4588 1961 4643 exactionis
1982 4590 2142 4659 regite
2173 4564 2221 4623 θ
2248 4599 2471 4643 auctore
2500 4591 2813 4657 quiescere,
2847 4600 2903 4645 et
2932 4607 2997 4645 ex
3033 4593 3120 4645 illa
3149 4592 3261 4659 jam
3294 4596 3597 4653 dulcedinis
3642 4564 3844 4655 iniiune

551 4685 812 4749 debitum,
843 4698 948 4737 non
980 4683 1150 4738 solum
1197 4682 1447 4752 gratiam,
1478 4680 1570 4735 sed
1604 4687 1658 4733 et
1702 4696 1910 4749 magnae
1953 4678 2140 4746 cujus-

550 4776 677 4830 dam
705 4773 978 4844 dignitatis
1000 4774 1101 4828 crit
1142 4771 1337 4825 infulas
1363 4778 1716 4840 accepturus;
1757 4770 2003 4839 nunquid
2033 4785 2140 4824 non

550 4865 735 4920 fatuus
762 4864 867 4919 erit
909 4864 954 4919 si
994 4861 1284 4932 nonaginta
1319 4875 1510 4915 novem
1544 4860 1729 4925 libras,
1759 4876 1879 4929 qua:
1910 4861 2141 4927 publicis

550 4955 757 5011 aerariis
775 4954 934 5009 illatae
952 4955 1061 5024 jam
1080 4952 1313 5015 fuerant,
1330 4951 1511 5021 perire
1528 4952 1754 5021 patitur,
1781 4952 1884 5005 nisi
1904 4953 2015 5006 sola
2035 4966 2141 5006 una

550 5045 721 5116 286
742 5060 860 5115 quae
874 5046 941 5100 de
961 5043 1168 5098 ratione
1186 5051 1536 5105 remanserat,
1559 5042 1928 5110 persolvatur?
1950 5042 2138 5096 Nonne

548 5137 746 5192 melius
771 5145 853 5190 est
899 5143 957 5187 ut
984 5134 1249 5189 modicqu
1284 5132 1334 5186 id
1376 5132 1519 5201 quod
1550 5140 1717 5186 restat
1748 5133 1905 5202 plene
1956 5135 2136 5187 solva-

552 5240 661 5295 tur,
690 5237 744 5283 et
771 5228 1000 5298 gratiam
1042 5228 1201 5281 simul
1226 5243 1349 5283 cum
1378 5230 1638 5300 dignitate
1680 5231 1841 5283 homo
1889 5230 2134 5297 recipiat,

550 5336 712 5391 quam
740 5329 795 5375 et
819 5318 963 5387 quod
989 5318 1172 5371 datum
1202 5328 1307 5383 est,
1338 5320 1547 5388 perdat,
1578 5326 1652 5383 et,
1677 5321 1819 5389 quod
1845 5320 2137 5375 terribilius

548 5422 653 5477 est,
683 5413 734 5465 in
768 5410 938 5478 Regis
968 5407 1333 5477 indignatione
1359 5410 1711 5479 permaneat?

620 5505 898 5566 Dedimus,
933 5501 1152 5566 fratres,
1177 5510 1236 5555 ut
1264 5503 1599 5557 confidenter
1645 5502 1847 5566 dicam,
1894 5502 2140 5558 dedimus

546 5596 847 5667 nonaginta
878 5592 1048 5646 libras
1091 5593 1300 5662 argenti
1353 5595 1463 5663 regi
1518 5604 1704 5649 nostro
1752 5592 1991 5659 Christo,
2030 5597 2138 5663 ‘pro

544 5689 695 5761 cujus
716 5686 920 5742 intuitu
953 5696 1202 5751 possessa
1231 5682 1568 5751 reliquimus,
1595 5681 1903 5754 coniugium
1932 5685 2140 5753 Sprevi-

536 5797 681 5851 mus,
714 5791 879 5838 esum
912 5772 1158 5831 carnium
1203 5773 1522 5847 devitamus,
1567 5774 1752 5831 mundi
1807 5789 2033 5846 pompas
2085 5783 2141 5833 et

2245 4681 2510 4734 suavitate
2536 4689 2757 4749 gustare
2785 4698 2797 4733 :
2834 4697 2957 4733 mox
2990 4681 3250 4752 quidquid
3280 4685 3476 4739 divinae
3502 4686 3603 4757 legi
3631 4687 3844 4755 judiz-at

2244 4785 2365 4824 esse
2400 4770 2756 4832 contrarium,
2792 4773 3028 4840 respuit;
3060 4774 3325 4843 quidquid
3348 4792 3378 4828 a
3412 4792 3661 4846 superna:
3683 4780 3839 4850 jnsti«

2246 4861 2334 4915 tite
2372 4860 2557 4928 regula
2590 4861 2885 4929 discrepat,
2914 4865 3275 4919 abhorrescit.
3324 4867 3462 4923 Hinc
3507 4870 3665 4938 plane
3714 4888 3839 4927 vera

2244 4947 2793 5021 mortiﬁcatio'287
2825 4953 3102 5019 nascitur;
3137 4955 3269 5010 hinc
3299 4956 3381 5018 tit,
3433 4968 3491 5011 ut
3548 4959 3711 5015 homo
3742 4961 3845 5017 Re—

2245 5039 2540 5109 demptoris
2567 5041 2649 5094 sui
2692 5041 2936 5109 bajulans
2971 5057 3208 5111 cruceru,
3242 5047 3445 5101 mundo
3493 5060 3737 5104 mortuus
3763 5055 3844 5105 v2-

2242 5132 2451 5185 deatur.
2482 5131 2669 5200 Itaque
2694 5132 2807 5200 jam
2852 5149 2961 5187 non
2998 5134 3306 5190 fabularqu
3354 5139 3552 5207 gaudet
3600 5141 3841 5210 inrptiis.

2243 5239 2349 5278 non
2380 5225 2572 5279 otiosis
2602 5224 2901 5294 acquiescit
2929 5224 3173 5282 difﬂuere
3205 5228 3418 5295 verbis;
3472 5230 3566 5283 sed
3598 5233 3839 5300 psalmis,

2244 5318 2464 5389 hymnis
2490 5328 2546 5371 et
2597 5319 2825 5373 canticis
2859 5320 3239 5388 spiritualibus
3269 5333 3446 5387 vacat,
3484 5326 3839 5381 remotioueui

2243 5412 2459 5480 quierit,
2494 5411 2777 5467 latibulum
2822 5414 3056 5479 expetit;
3105 5414 3525 5484 colloquentimu
3573 5418 3839 5481 ofﬁcinas,

2240 5503 2517 5573 publicum
2543 5503 2779 5557 claustra
2809 5506 3125 5558 monasterii
3179 5505 3356 5561 forum
3390 5510 3643 5577 deputat;
3671 5526 3841 5581 angu-

2242 5594 2308 5647 lis
2338 5594 2551 5664 gaudet,
2582 5606 2790 5648 secrcta
2839 5598 3105 5651 rimatur:
3138 5607 3194 5651 et
3236 5607 3295 5653 ut
3343 5599 3566 5655 liberius
3609 5618 3837 5674 conspe-

2244 5685 2354 5739 ctui
2420 5684 2500 5737 sui
2549 5682 2825 5739 Creatoris
2859 5687 3106 5749 assistat,
3138 5688 3191 5741 in
3235 5702 3496 5759 quantum
3551 5696 3838 5764 prtevalet,

2242 5776 2405 5835 ctiam
2436 5774 2706 5846 colloquia
2738 5776 2975 5832 humana
3006 5778 3266 5835 declinat.

4706 6194 5216 6394 Α
