5514 6652
257 6424 779 6544 μμ

2018 524 2125 580 295

282 26 4599 265 ε--ῆ--η--η-

2479 519 2536 574 S.
2570 520 2769 574 PETRI
2810 518 3088 573 DAMIANI
3126 518 3275 575 OPP.
3310 517 3542 574 TOMUS
3580 517 3710 573 εει]
3750 516 3927 573 PARS
3966 516 4049 570 Ill.
4086 515 4534 576 --OPL'SCL'L.\
4578 513 4805 569 V'Al'llA.

5163 512 5263 568 290

2062 618 2065 621 Ἴ
2093 633 2191 688 llic
2220 634 2399 700 itaque
2432 630 2512 683 vir
2539 641 2821 699 postquam
2874 622 3033 683 urbes
3080 628 3313 681 hostium
3356 624 3584 688 subruit,
3617 638 3663 693 Α
3693 623 3942 678 sulcaret.
3975 622 4104 675 Nam
4150 624 4452 691 ubicunque
4499 623 4731 679 duriora.
4764 620 4844 676 vel
4876 619 5263 688 quantumlibet

2021 734 2303 795 postquam
2334 736 2517 788 regum
2550 721 2599 773 in
2623 718 2874 797 spelunca
2898 717 3177 771 latentium
3208 715 3338 770 colla
3365 714 3593 768 calcavit

2020 825 2076 869 et
2137 813 2393 883 perdidit;
2444 798 3089 883 postquany-a’naritima,
3152 808 3470 876 campestria
3526 822 3591 861 ac

2021 874 2275 958 montana
2318 874 2480 971 regna
2515 874 2799 975 subre'r'tit,
2832 901 2960 968 quid
2984 902 3094 969 jam
3143 909 3330 961 restat,
3382 898 3482 951 nisi
3535 909 3594 951 ut

2022 992 2467 1063 repromissionis
2478 986 2677 1045 terram
2701 1006 2823 1043 cum
2854 990 3235 1058 triumphatore
3257 986 3417 1041 Josue
3447 996 3593 1039 tran-

2019 1083 2183 1150 quilla
2235 1066 2710 1152 paerp'ossideat?
2741 1081 2976 1150 alioquin
3007 1079 3131 1146 quid
3180 1078 3417 1145 prodest,
3449 1078 3592 1145 quod

2021 1175 2329 1227 deserentes
2346 1171 2658 1242 .ngyptum,
2683 1170 2852 1225 diviso
2876 1171 3003 1221 mari
3030 1168 3209 1221 Rubro
3227 1169 3589 1229 transivimus,

2022 1265 2069 1319 si
2097 1266 2149 1318 in
2178 1266 2390 1318 deserto
2417 1278 2559 1316 nunc
2585 1277 2679 1331 per
2708 1260 3060 1330 quadraginta
3112 1274 3376 1312 annorum
3422 1260 3590 1327 spatia

2022 1361 2384 1415 coarctatnur,
2409 1361 2463 1405 et
2494 1365 2589 1405 nec
2618 1350 2682 1403 ad
2707 1349 2839 1402 ollas
2872 1349 3118 1401 carnium
3145 1349 3322 1401 redire
3340 1346 3449 1412 jam
3476 1362 3593 1416 pos-

2022 1455 2232 1503 sumus,
2266 1455 2362 1495 nec
2412 1449 2609 1493 terram
2661 1439 2801 1491 lacte
2834 1438 3093 1505 mellaque
3125 1447 3431 1490 manantem
3473 1438 3593 1503 jure

2019 1531 2378 1600 possessionis
2406 1524 2710 1581 intramus?
2739 1527 3061 1592 Dormimus,
3093 1528 3388 1591 stertimus,
3413 1536 3466 1580 et
3496 1527 3595 1581 sub

2019 1620 2243 1688 ignavia:
2276 1628 2490 1688 torpore
2522 1633 2844 1693 marcemus.

2088 1710 2280 1763 Merito
2309 1710 2489 1777 itaque
2532 1708 2685 1763 nobis
2717 1708 2783 1761 ad
2817 1706 3166 1775 opprobrium
3205 1706 3422 1771 dicitur,
3453 1705 3594 1774 quod

2019 1813 2225 1873 septem
2271 1802 2515 1857 tribubus
2581 1801 2807 1854 necdum
2862 1800 3225 1868 possessiones
3279 1798 3597 1852 habentibus

2018 1896 2161 1950 idem
2190 1894 2350 1948 Iosue
2376 1894 2572 1945 dixisse
2600 1893 2953 1959 pet-hibetur:
2990 1909 3008 1940 ι
3053 1889 3365 1959 Usquequo,
3398 1889 3593 1956 inquit,

3692 715 3879 782 altiora
3928 723 4191 781 praecepta
4223 712 4585 779 conspicimus
4608 752 4622 771 ,
4657 711 4779 764 illuc
4809 718 5047 763 aratrum
5095 710 5264 763 nostri

3693 807 3905 860 sudoris
3938 806 4230 858 immittere
4257 845 4272 869 ,
4302 808 4444 857 velut
4474 806 4523 855 in
4552 812 4870 870 prannptunt
4902 810 5157 860 montem,
5186 798 5266 851 vel

3692 899 3744 949 in
3779 898 3956 950 vivum
4013 896 4245 965 lapidem
4296 894 4659 949 formidamus.
4708 892 4959 945 Volumus
5005 888 5266 959 siquidem

3692 989 4036 1040 annumerari
4067 988 4205 1040 inter
4218 1001 4417 1040 cuneos
4439 986 4691 1047 militum,
4706 985 4796 1037 sed
4813 984 5035 1052 insignia
5053 998 5158 1036 nou
5173 998 5266 1035 cn-

3693 1092 3876 1131 ramus
3908 1078 4104 1129 habcre
4132 1078 4408 1130 virtutum.
4439 1076 4520 1129 Ad
4548 1076 4729 1130 oculos
4750 1075 4962 1144 quidem
4992 1074 5265 1127 hominum

3691 1168 4071 1236 pmtendimus
4099 1167 4395 1220 honestatis
4420 1166 4735 1235 imaginem,
4777 1165 4868 1217 sed
4899 1164 4949 1216 in
4983 1169 5265 1229 conspectu

3690 1255 3884 1308 occulti
3903 1255 4106 1308 Judicis
4131 1256 4328 1307 habere
4354 1255 4673 1322 negligimus
4688 1254 4988 1307 veritatem.
5019 1248 5266 1303 Nonnulli

3693 1359 3922 1411 namque
3955 1342 4117 1412 (quod
4161 1343 4276 1396 sine
4319 1343 4520 1410 gemitu
4573 1343 4754 1396 dicere
4804 1342 5034 1409 nequeo)
5077 1339 5154 1393 sic
5201 1338 5267 1390 ad

3692 1452 3843 1490 novre
3871 1437 4141 1504 religionis
4168 1445 4443 1488 transeunt
4468 1435 4711 1488 ordinem
4730 1474 4743 1496 ,
4767 1444 4821 1485 ut
4848 1445 5024 1487 tamen
5050 1438 5270 1499 praeter-

3692 1527 3780 1579 ita:
3804 1528 3923 1579 vita:
3952 1540 4224 1593 nunquam
4262 1526 4509 1578 deserant
4549 1531 4863 1577 vetustatem
4899 1537 4913 1573 :
4943 1520 4996 1572 hi
5018 1517 5267 1571 nimirum

3692 1619 4003 1674 Gabaonitze
4048 1625 4194 1679 sunt,
4237 1630 4343 1668 non
4377 1614 4653 1668 Israelita.
4692 1612 4882 1666 Notum
4928 1610 5123 1678 quippe
5165 1617 5267 1668 est,

3694 1708 3837 1778 quod
3884 1705 4193 1759 Gabaonita‘.
4223 1704 4415 1758 mortis
4456 1702 4649 1755 timore
4681 1700 4973 1770 perterriti,
5004 1699 5068 1750 ad
5097 1696 5266 1749 Israe-

3696 1798 3899 1849 liticum
3932 1795 4184 1863 populum
4225 1809 4345 1845 cum
4379 1792 4568 1845 fraude
4597 1790 4963 1843 eteall.ditate
4988 1794 5267 1848 venerunt,

3698 1888 3769 1939 ita
3799 1896 3853 1939 ut
3880 1900 3937 1939 se
3966 1884 4231 1938 veteribus
4254 1882 4586 1937 vestimentis
4612 1881 4912 1939 induerent,
4930 1892 5093 1945 pares
5106 1877 5269 1929 etiam

2016 1985 2273 2037 marcetis
2325 1982 2557 2052 ignavia,
2591 1992 2647 2035 et
2694 1996 2796 2033 non
2848 1981 3065 2034 intratis
3101 1982 3166 2033 ad
3218 1979 3590 2049 possidendam
3625 1981 3665 2036 Β
3697 1978 3889 2038 siccos,
3915 1987 4095 2037 utres,
4130 1989 4337 2037 saccos,
4365 1973 4764 2033 calceamenta,
4797 1978 4955 2036 atque
4983 1967 5160 2021 omnia
5199 1966 5272 2019 si-

2019 2078 2240 2135 terratn,
2269 2086 2430 2141 quam
2465 2070 2721 2125 Dominus
2747 2071 2884 2124 Deus
2918 2079 3130 2138 patrum
3162 2079 3465 2123 vestrorum
3496 2069 3591 2121 de-

2019 2161 2098 2214 dit
2127 2162 2276 2216 vobis
2314 2157 2500 2235 (Jostte
2532 2160 2707 2228 xvttt).
2738 2178 2756 2211 ι
2812 2158 3019 2213 Stultus
3047 2160 3276 2227 denique
3308 2157 3460 2211 miles
3490 2168 3593 2220 est,

2021 2249 2110 2317 qui
2142 2250 2335 2316 satagit
2380 2249 2613 2310 vincere,
2661 2248 2705 2300 si
2738 2263 2845 2301 non
2876 2247 3145 2301 studuerit
3168 2257 3293 2300 ante
3317 2262 3589 2317 pugnare;

2018 2336 2180 2390 nimis
2201 2336 2462 2390 delicatus
2483 2344 2583 2400 est,
2606 2334 2649 2387 si
2675 2344 2797 2388 ante
2821 2336 3009 2388 nititur
3023 2335 3269 2388 obtinere
3293 2336 3593 2398 victoriam,

2017 2441 2181 2495 quam
2206 2426 2514 2494 egrediatur
2544 2426 2609 2477 ad
2640 2438 2895 2492 pugnam.
2928 2423 3216 2475 Frustatur
3265 2423 3520 2491 agricola,
3550 2425 3594 2478 si

2016 2524 2305 2583 antequam
2337 2513 2616 2568 desudavit
2643 2527 2845 2575 serere,
2902 2512 3113 2565 ambiat
3150 2512 3435 2575 triturare;
3470 2528 3590 2563 eum

2019 2612 2248 2667 constet,
2280 2603 2411 2671 quia
2432 2602 2681 2671 quisquis
2715 2603 2985 2655 desiderat
3021 2600 3288 2654 frumenta
3320 2602 3591 2669 colligere,

2018 2694 2171 2762 prius
2202 2707 2419 2747 necesse
2440 2693 2511 2745 sit
2542 2691 2763 2745 frutices
2790 2690 2950 2744 simul
2974 2706 3097 2744 cum
3132 2691 3383 2757 vepribus
3404 2694 3595 2744 exstir-

2019 2800 2167 2853 pare.
2202 2783 2266 2837 Et
2299 2798 2486 2837 revera
2520 2784 2697 2837 divina
2729 2798 2858 2837 voce
2883 2782 3155 2851 peccaturi
3206 2783 3409 2837 homini
3458 2784 3594 2837 dici-

2017 2882 2141 2925 tur:
2178 2890 2194 2921 ‹
2236 2870 2400 2923 Terra
2432 2881 2518 2922 tua
2547 2872 2734 2937 spinas
2764 2879 2819 2922 et
2849 2870 3072 2924 tribulos
3096 2872 3415 2941 germinabit
3440 2871 3593 2942 (Gen.

2016 2960 2135 3027 In);
2169 2977 2185 3009 ι
2223 2967 2279 3011 ut
2305 2967 2480 3011 autem
2507 2967 2648 3011 terra
2680 2957 2779 3010 ista
2805 2958 2982 3011 valeat
3009 2975 3127 3012 esse
3156 2959 3305 3013 ferax
3329 2972 3591 3030 segetum,

2013 3050 2226 3119 patiens
2259 3050 2331 3104 sit
2358 3056 2482 3101 ante
2513 3048 2771 3117 Iigonum,
2802 3056 2855 3101 et
2885 3063 3195 3111 vnmerum;
3235 3060 3500 3117 quatenus
3526 3053 3595 3103 di-

2018 3140 2196 3193 versis
2224 3136 2627 3202 aﬂlictionibus,
2657 3138 3012 3207 perfecta-que
3064 3140 3391 3207 poenitentia:
3428 3142 3593 3193 disci-

2019 3231 2183 3301 p‘llnis
2213 3229 2444 3293 exculta,
2486 3229 2631 3281 velut
2659 3230 2886 3283 uberum
2918 3243 3179 3298 proventu
3231 3230 3469 3301 frugum,
3516 3233 3594 3285 sic

2016 3320 2309 3375 adornatur
2335 3319 2572 3389 omnium
2604 3317 2930 3372 fecunditate
2955 3320 3234 3373 virtutum.

2086 3411 2167 3464 Ad
2194 3410 2333 3464 hanc
2357 3408 2601 3479 profecto
2630 3410 3020 3479 agriculturam
3069 3411 3243 3479 typice
3293 3410 3595 3479 impellebat

2015 3500 2179 3555 Jusue
2210 3500 2347 3554 ﬁlios
2375 3498 2592 3569 Ioseph,
2618 3517 2739 3555 cum
2764 3501 2843 3555 eis
2870 3503 2932 3553 de
2956 3517 3131 3570 parvae
3165 3504 3326 3555 sortis
3357 3502 3597 3555 funicalo

2019 3592 2501 3661 conquerentibus,
2532 3592 2775 3645 diceret:
2812 3610 2829 3642 ι
2865 3592 2921 3645 Si
2953 3592 3198 3661 pupulas,
3230 3592 3423 3660 inquit,
3460 3592 3597 3645 mul-

2021 3690 2111 3734 tus
2140 3694 2218 3743 es,
2251 3680 2481 3735 ascende
2512 3682 2564 3732 in
2596 3680 2812 3746 silvam,
2852 3690 2905 3736 et
2942 3683 3157 3737 succide
3190 3683 3284 3737 tibi
3335 3684 3508 3749 spatia
3544 3684 3596 3736 in

2024 3783 2169 3826 terra
2203 3772 2491 3836 Phereza‘i,
2522 3781 2571 3825 et
2601 3772 2888 3841 Raphaim,
2922 3775 3055 3843 quia
3085 3784 3313 3844 angusta
3364 3785 3447 3830 est
3496 3776 3595 3829 tibi

2023 3862 2291 3931 possessio
2340 3862 2538 3914 montis
2581 3861 2837 3929 Ephraim
2870 3862 3053 3931 (Josue
3082 3864 3238 3932 xvtt).
3277 3883 3294 3914 ι
3333 3864 3491 3929 Nam,
3542 3875 3600 3917 ut

2020 3951 2230 4005 rem'ad
2260 3952 2313 4003 id
2346 3952 2487 4021 quod
2514 3953 2734 4020 propius
2762 3950 2995 4019 adjacet,
3027 3968 3134 4005 non
3168 3954 3463 4023 incongrue
3510 3969 3599 4007 re-

2024 4038 2217 4103 feram,
2247 4038 2300 4093 in
2334 4040 2554 4107 angusta
2606 4055 2665 4115 se
2710 4040 2909 4093 montis
2962 4040 3213 4109 Ephraim
3261 4044 3601 4109 possessione

2026 4128 2284 4191 cohibuit,
2308 4129 2397 4197 qui
2425 4128 2537 4183 sola
2569 4128 2629 4181 Β.
2652 4128 2927 4183 Benedicti
2956 4128 3138 4199 regula
3166 4139 3453 4185 contentus
3479 4147 3600 4187 esse

2024 4221 2289 4274 decrevit.
2316 4214 2418 4273 Sed
2463 4221 2610 4285 audi,
2643 4214 2916 4289 quomodo
2948 4223 3112 4275 te-ad
3160 4234 3397 4277 montem
3440 4223 3603 4279 Josue

2025 4327 2199 4369 novus
2232 4312 2489 4384 impellat,
2530 4323 2585 4367 et
2634 4314 2701 4367 ad
2740 4312 2932 4368 latiora
2983 4314 3383 4383 possessionum
3430 4317 3601 4384 spatia

2025 4402 2285 4459 festinare
2321 4404 2635 4473 pratcipiat:
2669 4421 2687 4454 ι
2742 4402 3027 4472 Regulam,
3071 4402 3265 4473 inquit,
3313 4405 3454 4459 hanc
3511 4406 3605 4459 de—

2026 4494 2363 4561 scripsimus,
2396 4501 2454 4545 ut
2474 4494 2612 4548 hanc
2638 4493 2990 4547 observantes
3021 4492 3375 4562 aliquatenus,
3403 4494 3483 4549 vel
3508 4496 3603 4550 ho-

2027 4591 2290 4637 nestatem
2322 4595 2557 4646 morum,
2579 4580 2662 4635 vel
2692 4581 2903 4634 initium
2933 4582 3359 4637 conversationis
3387 4598 3485 4637 nos
3508 4584 3599 4638 de.

2028 4682 2389 4727 monstremus
2444 4672 2662 4727 habere.
2698 4691 2717 4723 ι
2769 4672 2909 4727 Ecce
2959 4687 3112 4727 mons
3158 4673 3428 4741 Ephraim.
3488 4675 3596 4729 Sed

2030 4763 2282 4831 quoniam
2312 4770 2597 4830 angustam
2623 4762 2711 4815 hic
2738 4761 3129 4831 possessionem
3156 4778 3277 4816 esse
3300 4765 3597 4833 perpendit,

2032 4868 2159 4907 mox
2189 4854 2251 4905 atl
2279 4852 2491 4916 altiora,
2523 4852 2682 4906 simul
2712 4863 2767 4907 et
2793 4852 2982 4906 latiora
3032 4855 3357 4908 transmittit
3384 4870 3395 4906 :
3436 4874 3453 4904 ι
3488 4855 3601 4910 Ca:-

2034 4950 2210 4995 trrnm
2240 4942 2329 5009 qui
2360 4941 2639 5007 festinant,
2682 4944 2876 5011 inquit,
2908 4946 2973 4998 ad
3019 4944 3425 5013 perfectionem,
3477 4955 3609 4999 sunt

2032 5027 2290 5082 doctrina:
2314 5036 2641 5092 sanctorum,
2673 5030 2785 5082 sive
2808 5029 3119 5084 collationes
3146 5040 3199 5084 et
3227 5031 3472 5083 instituta
3503 5030 3596 5084 1‘3.

2036 5127 2198 5177 trum,
2221 5125 2306 5170 iet
2332 5126 2526 5172 caetera
2554 5136 2566 5168 :
2595 5133 2712 5186 qua:-
2740 5120 2994 5188 quoniam
3021 5121 3172 5174 vobis
3194 5122 3469 5176 notissima
3503 5139 3599 5176 no-

2035 5206 2238 5269 vimus,
2267 5206 2351 5259 hic
2380 5222 2651 5275 apponere
2680 5207 3006 5277 superﬂuum
3035 5210 3359 5277 judicamus.

2524 5296 2687 5365 233
2724 5298 2949 5353 CAPUT
2988 5298 3076 5352 ιν.

2137 5382 2214 5435 De
2240 5383 2317 5436 Itis
2342 5385 2429 5452 qni
2461 5382 2867 5439 Gabaonitarum
2895 5390 3167 5442 imitantur
3187 5390 3495 5459 exemplum.

2108 5472 2233 5533 Sed,
2263 5488 2295 5525 o
2324 5476 2547 5538 utinam,
2577 5476 2699 5544 quia
2726 5477 2885 5544 tepidi
2912 5487 3069 5547 atque
3089 5479 3380 5547 degeneres
3407 5490 3607 5551 nequa-

2037 5577 2197 5629 quam
2214 5562 2279 5613 ad
2291 5563 2477 5618 altiora
2493 5567 2882 5629 contendimus,
2912 5570 3068 5638 hujus
3088 5571 3276 5624 saltent
3292 5574 3439 5641 parvi
3459 5589 3610 5627 tuon-

2041 5652 2108 5705 ris
2133 5654 2407 5721 angustias
2438 5658 2647 5711 naviter
2676 5659 3036 5725 sulcaremus;
3068 5672 3124 5713 ut
3146 5663 3398 5718 nullus-in
3421 5666 3609 5719 eadem

2041 5740 2221 5809 tegula
2253 5744 2624 5799 mandatorum
2653 5750 2878 5818 angulus
2907 5751 3006 5805 sub
3035 5754 3355 5823 negligentia
3398 5757 3615 5810 delites-

2042 5839 2206 5899 cerel,
2232 5847 2393 5903 quem
2417 5836 2591 5892 nostri
2616 5837 2814 5896 laboris
2839 5881 2853 5911 ,
2886 5849 2937 5896 et
2970 5846 3210 5899 exercitii
3243 5856 3478 5902 aratrum
3507 5861 3611 5902 non

3699 2069 3806 2121 utut
3840 2068 4136 2120 inveterata
4166 2074 4446 2135 portarent
4477 2082 4489 2117 :
4523 2064 4717 2131 quibus
4740 2060 4964 2123 scilicet,
4990 2068 5272 2128 postquam

3698 2158 3981 2226 impetrato
4027 2155 4226 2209 ftedere
4258 2155 4363 2207 vita
4409 2154 4655 2215 donatur,
4684 2161 5074 2219 consequenter
5111 2148 5273 2202 etiam

3698 2247 3846 2300 lraus
3889 2246 4158 2315 patefacta
4189 2244 4533 2313 cognoscitur
4571 2256 4748 2310 :quos
4791 2240 4951 2295 Josne
4997 2249 5272 2308 comperto

3699 2337 3819 2389 dolo
3848 2337 3947 2388 sub
3995 2335 4373 2388 maledictione
4418 2333 4693 2386 damnavit
4726 2339 4797 2394 ,et
4846 2345 4997 2399 aqua:
5036 2336 5269 2397 gestato-

3700 2441 3808 2486 res,
3860 2425 4236 2493 lignorumque
4274 2436 4505 2477 cmsores
4545 2429 4804 2492 perpetuo
4831 2418 4954 2488 jure
4996 2418 5274 2473 constituit

3697 2512 3833 2581 (Jos.
3871 2514 3968 2579 ιλ).

3766 2606 3863 2669 Qui
3895 2613 4020 2657 sunt
4058 2613 4237 2657 autem
4266 2602 4595 2664 Cabaonita,
4629 2603 4718 2672 qui
4747 2602 4809 2656 ad
4835 2600 5106 2655 Israelitas
5137 2614 5276 2653 mor-

3696 2695 3764 2747 tis
3795 2695 3950 2747 lortni
3976 2695 4079 2747 line
4109 2702 4409 2757 transeunt,
4441 2694 4544 2748 nisi
4584 2693 4620 2747 ii
4650 2694 4741 2761 qui
4782 2691 4848 2745 ad
4893 2689 5169 2744 servitutis
5195 2689 5273 2742 di-

3698 2778 3831 2836 v'inze
3860 2783 4103 2836 militiam
4135 2800 4239 2838 non
4278 2782 4627 2852 perfectionis
4673 2798 4858 2839 amore
4884 2822 4899 2846 ,
4929 2781 5021 2835 sed
5068 2789 5270 2834 treme—

3696 2872 3823 2925 facti
3852 2875 4114 2927 scelerum
4157 2888 4375 2928 suorum
4405 2876 4738 2929 immanitate
4780 2872 5133 2944 confugiunt?
5167 2872 5270 2925 Sed

3694 2976 3879 3013 eorum
3922 2960 4160 3013 nonnulli
4197 2971 4363 3025 veste,
4395 2978 4503 3016 non
4536 2970 4715 3016 mente
4744 2962 4955 3024 mutati,
4980 2961 5152 3015 siccos
5181 2974 5275 3027 pa-

3696 3048 3791 3100 nes
3823 3049 3885 3100 ad
3918 3065 4067 3101 csum
4099 3058 4336 3116 portant,
4362 3052 4485 3119 quia
4528 3065 4716 3121 azyma
4754 3050 4925 3104 adhuc
4949 3049 5275 3104 sinceritatis

3695 3149 3752 3192 et
3784 3142 4024 3193 veritatis
4074 3142 4323 3210 ignorant
4357 3142 4439 3212 (ll
4473 3140 4591 3195 Cor.
4628 3142 4701 3211 ν).
4753 3141 4989 3195 Vetustis
5038 3138 5275 3193 veSIibus

3695 3241 4073 3299 conteguntur,
4102 3232 4225 3299 quia
4255 3234 4308 3287 in
4341 3232 4511 3288 veteri
4535 3234 4711 3289 adhuc
4738 3234 4953 3287 homine
4974 3232 5274 3295 constituti,

3620 3310 3665 3371 C
3696 3333 3892 3373 novum
3930 3320 4151 3374 induere
4183 3322 4450 3385 nesciunt,
4482 3323 4573 3393 qui
4604 3324 4896 3377 secundum
4926 3323 5092 3376 Deum
5122 3335 5274 3375 crea-

3699 3410 3786 3459 tus
3812 3417 3897 3461 est
3924 3408 3976 3461 in
4011 3410 4223 3478 justitia
4261 3420 4315 3465 et
4345 3414 4629 3465 sanctitate
4668 3412 4912 3467 veritatis
4932 3411 5144 3482 (Ephes.
5182 3421 5276 3481 tv).

3699 3494 3981 3551 Postremo
4012 3500 4191 3552 omnia
4230 3502 4480 3554 videntur
4523 3502 4819 3555 inveterata
4844 3540 4859 3565 ,
4890 3516 5009 3571 qua:
5042 3510 5276 3572 gestant,

3700 3586 3823 3653 quia
3852 3586 3903 3637 in
3926 3588 4209 3654 ptmterita‘.
4227 3588 4349 3643 vita:
4377 3588 4522 3642 vitiis
4546 3598 4915 3659 perseverant,
4946 3606 5049 3644 non
5079 3591 5282 3645 obtem-

3697 3684 3949 3741 pera:.tes
3971 3676 4304 3743 prmcipienti
4326 3677 4580 3745 Apostolo
4605 3697 4617 3730 :
4644 3697 4661 3729 ι
4686 3678 5060 3742 Renovamiui,
5082 3680 5278 3749 inquit,

3700 3763 3890 3829 spiritu
3927 3765 4121 3817 mentis
4158 3776 4349 3819 vestra:
4378 3767 4587 3837 (ibid.):
4618 3787 4634 3819 ι
4664 3784 4763 3823 nec
4794 3769 4880 3823 illa
4907 3770 4985 3823 eis
5012 3771 5280 3824 sententia

3702 3856 3949 3921 congtult
3976 3894 3990 3917 ,
4022 3870 4125 3921 qua
4157 3857 4391 3911 dicitur:
4427 3877 4444 3909 ι
4480 3859 4667 3915 Vetera
4714 3868 5035 3924 transeunt,
5065 3871 5121 3915 et
5155 3878 5281 3931 ecce

3704 3942 3840 3995 facta
3893 3954 4017 3997 sunt
4044 3946 4223 3999 omnia
4254 3962 4390 4000 nova
4436 3948 4519 4017 (ll
4562 3946 4683 4003 Cor.
4714 3951 4774 4021 ι).
4811 3971 4828 4002 ι
4862 3952 4942 4005 Ad
4988 3953 5279 4007 novitatem

3701 4034 3896 4102 quippe
3921 4037 4363 4105 superﬁcietcnus
4387 4039 4684 4104 venientes,
4712 4057 4766 4095 re
4793 4042 4902 4110 ipsa
4935 4042 4986 4095 in
5016 4052 5277 4098 vetustate

3699 4123 4027 4189 persistunt;
4066 4126 4192 4193 quia
4223 4129 4654 4183 emendationem
4710 4141 4766 4185 et
4809 4146 5000 4186 novam
5055 4148 5280 4187 conver-

3701 4215 3964 4270 sationem
3992 4217 4045 4270 in
4072 4218 4187 4272 suis
4215 4220 4454 4273 moribus
4488 4236 4597 4275 non
4637 4224 4948 4278 ostendunt.
4992 4224 5147 4280 Tales
5185 4225 5283 4279 ita-

3704 4321 3807 4373 que
3834 4306 4208 4362 maledictione
4233 4310 4558 4377 plectuntur,
4584 4327 4683 4367 nec
4702 4313 4769 4367 ad
4797 4314 5128 4369 sortiendatn
5155 4330 5277 4369 cum

3702 4393 3960 4450 Israelitis
3992 4396 4363 4453 licereuitatem
4394 4399 4733 4470 aliquatenus
4762 4404 5133 4460 admittuntur.
5164 4405 5280 4460 Non

3701 4487 3845 4541 enim
3890 4502 3955 4541 ex
3996 4490 4208 4544 illorum
4241 4505 4466 4558 numero
4495 4500 4657 4559 sunt,
4685 4495 4879 4563 quibus
4905 4496 5099 4550 dicitur
5126 4514 5139 4550 :
5170 4517 5187 4549 ι
5225 4498 5279 4551 lu

3701 4576 3805 4629 hoc
3842 4578 4016 4631 vocati
4044 4580 4196 4643 estis,
4239 4588 4297 4631 ut
4325 4579 4755 4635 benedictionem
4778 4583 5089 4638 hereditate
5112 4587 5281 4655 possi.

3706 4666 3894 4719 deatis.
3938 4684 3956 4717 ι
3986 4666 4138 4735 Aqua
4176 4676 4355 4722 autem
4398 4671 4626 4738 insipida
4676 4680 4798 4735 est,
4843 4681 4899 4726 et
4940 4672 5076 4742 ligna
5125 4674 5279 4729 dura.

3681 4752 3872 4823 ‘Ligna
3902 4765 4029 4824 ergo
4058 4758 4293 4821 cardere,
4326 4768 4382 4813 et
4409 4775 4575 4828 aquas
4601 4773 4816 4816 vertare
4837 4761 5123 4830 jnbentur;
5155 4780 5225 4834 qu
5252 4782 5282 4818 a

3706 4856 3895 4915 gustus
3940 4848 4309 4916 intelligentia
4339 4852 4638 4921 spiritualis
4684 4853 4890 4923 ignari,
4934 4853 5081 4908 duris
5123 4866 5284 4924 atque

3706 4938 4101 4993 insensibilbus
4116 4942 4397 4995 exterioris
4422 4938 4663 4996 exercitii
4681 4943 4909 5012 negotiis
4930 4954 5279 5014 occupant-tr.

3709 5026 3799 5081 S'c
3836 5029 3995 5097 igitur
4042 5031 4274 5095 aliquam
4304 5031 4518 5099 quidem
4552 5034 4603 5085 in
4646 5034 5001 5088 exterio:ibus
5035 5035 5283 5104 videntur

3711 5118 3993 5173 utilitatem
4020 5120 4277 5175 Ecclesia:
4302 5123 4584 5177 serviendo
4605 5124 4883 5178 conferre:
4911 5126 5002 5179 sed
5019 5126 5143 5194 quia
5166 5140 5281 5180 sero

3710 5210 3883 5262 viliter
3912 5212 4120 5276 vivunt,
4153 5210 4518 5267 btereditatetn
4547 5215 4689 5269 inter
4710 5215 4981 5270 lsraelitas
5007 5224 5279 5284 nequeunt

3706 5301 4002 5369 possidere.

4232 5394 4399 5465 239
4435 5394 4660 5450 CAPUT
4701 5394 4762 5450 v.

3711 5479 3789 5535 De
3810 5484 3875 5535 iis
3902 5484 3991 5551 qui
4022 5500 4200 5535 eorum
4242 5494 4411 5537 tenent
4464 5485 4712 5551 ﬁgurant,
4746 5486 4835 5551 qui
4873 5485 4942 5537 ad
4973 5486 5281 5541 maledicen-

4068 5555 4193 5605 dum
4223 5556 4487 5607 constituti
4514 5568 4630 5607 sunt
4659 5552 4713 5607 in
4748 5553 4936 5608 chal.

3780 5666 3989 5722 Talium
4041 5677 4220 5721 tamen
4275 5667 4516 5721 nonnulli
4566 5669 4610 5721 si
4664 5667 4972 5737 frequenter
5022 5666 5279 5722 admoniti

3715 5758 3937 5821 fuerint,
3974 5759 4019 5811 si
4065 5760 4145 5812 eis
4172 5759 4527 5813 correctionis
4575 5759 4836 5815 severitas
4889 5758 5200 5820 adhibetur,
5237 5759 5279 5812 si

3715 5861 3871 5917 pcena
3904 5852 4085 5917 gravis
4107 5849 4394 5921 irroganda
4424 5850 4763 5921 proponitur,
4790 5849 4835 5905 si
4861 5856 5034 5903 terror
5052 5846 5282 5917 denique
