5514 6532
507 458 603 512 297

1403 448 1646 508 OPUSC.
1686 446 1822 503 XIII.
1854 477 1917 487 —
1944 445 2034 500 DE
2075 440 2557 500 PERFECTIONE
2592 441 2899 501 MONACH.

3704 442 3812 498 298

513 568 777 627 tremendi
821 566 1029 636 judicis
1078 566 1397 628 intentatur,
1438 565 1505 618 de
1553 568 1819 616 servitute
1847 561 1911 612 ad
1944 558 2109 610 lita-r-
2143 561 2187 617 Α
2220 553 2471 609 abducat.
2516 556 2873 610 Vnidicemus
2930 565 3192 609 virtutum
3239 554 3407 608 armis
3435 554 3813 613 haereditatem

513 670 677 717 tatem
724 658 972 720 veniunt,
1006 665 1060 712 et
1089 656 1154 709 ad
1184 652 1519 723 capessenda
1570 667 1693 706 cum
1740 648 1955 704 caeteris
1982 648 2106 714 jura

512 752 869 815 haereditarize
901 747 1265 821 possessionis
1313 754 1631 814 assurgunt.
1689 743 1930 810 Quorum
1963 739 2109 795 scili-

512 855 596 902 cet
624 856 807 917 typum
842 844 1016 897 tribus
1060 840 1162 893 illa:
1209 847 1524 901 tenuerunt,
1556 852 1678 905 qua:
1708 848 1765 889 et
1796 834 1945 904 prius
1973 846 2109 902 prre-

513 939 745 1008 cipieute
767 935 970 1005 Moyse,
999 930 1193 986 deinde
1236 930 1401 986 .Iosue
1432 938 1794 999 exsequente,
1826 929 1891 981 ad
1937 926 2108 979 male-

511 1028 799 1082 dicendum
828 1033 955 1079 sunt
984 1024 1316 1079 constitutae.
1338 1021 1429 1075 Sic
1456 1022 1602 1075 enim
1632 1021 1917 1089 Scriptura
1948 1026 2110 1070 testa-

512 1127 649 1171 tur:
705 1134 722 1165 ι
761 1114 951 1170 Omnis
1000 1113 1263 1183 populus,
1315 1120 1370 1165 et
1421 1126 1612 1166 omnes
1664 1112 1898 1181 majores
1955 1118 2108 1171 natu,

514 1210 791 1276 ducesque
842 1222 905 1262 ac
930 1206 1141 1275 judices
1168 1204 1385 1259 stabant
1416 1218 1479 1257 ex
1525 1214 1753 1270 utraque
1781 1211 1937 1271 parte
1970 1216 2109 1254 arcae

516 1302 569 1354 in
602 1309 895 1370 conspectu
921 1300 1267 1355 sacerdotum
1301 1299 1390 1367 qui
1416 1299 1705 1368 portabant
1727 1313 1907 1352 arcam
1942 1298 2111 1351 finde-

512 1392 591 1446 ris
620 1393 929 1456 Domini,ut
956 1391 1187 1453 advena,
1214 1390 1286 1442 ita
1318 1398 1373 1443 ct
1403 1390 1655 1459 indigena
1680 1408 1690 1441 :
1720 1389 1894 1443 media
1918 1403 2106 1442 eorum

514 1484 807 1554 parsjuxta
842 1491 1081 1536 montem
1113 1481 1375 1547 Garizim,
1396 1491 1449 1535 et
1477 1482 1651 1535 media
1678 1480 1835 1548 juxta
1868 1490 2106 1535 montem

513 1567 704 1629 Helial.
736 1576 903 1630 Porro
928 1575 960 1628 ii
990 1575 1080 1644 qui
1103 1574 1322 1629 stabant
1342 1574 1497 1644 juxta
1524 1573 1783 1637 Garizim,
1820 1574 2107 1628 benedice-

512 1669 647 1722 bant
674 1666 907 1722 factores
942 1666 1105 1736 legis;
1137 1683 1230 1736 qm
1254 1681 1384 1719 vero
1408 1665 1563 1734 juxta
1588 1664 1780 1729 llebal,
1814 1665 2107 1719 maledice-

510 1760 645 1814 bant
677 1769 1107 1830 transgressores
1136 1759 1272 1828 legis
1303 1758 1481 1829 (Dent.
1520 1774 1699 1821 xxvii;
1745 1758 1861 1810 .los.
1897 1758 2037 1826 vin).
2085 1776 2100 1806 ι

510 1851 656 1916 Quid
682 1852 825 1905 enim
856 1852 1143 1921 designant
1174 1851 1283 1916 isti,
1323 1850 1414 1919 qui
1446 1851 1839 1905 benedictionis
1870 1850 2105 1919 fungun-

2218 655 2483 710 nostram,
2536 654 2596 701 ut
2650 647 3013 714 possessionis
3044 656 3244 701 nostrce
3278 646 3541 702 terminos
3577 650 3812 704 assiduae

2215 738 2441 795 culturae
2490 741 2781 795 sudoribus
2831 740 3144 796 dilatemus.
3190 740 3261 794 At
3314 739 3567 795 fortassis
3600 741 3816 796 desides

2215 835 2417 902 quique
2444 832 2828 904 respondeant,
2859 834 3002 903 quod
3052 832 3189 887 filios
3222 831 3423 901 .Ioseph
3460 842 3588 888 tunc
3615 834 3817 888 dixisse

2217 926 2500 995 Scriptura
2532 934 2923 980 commemorat
2953 944 2964 978 :
2998 946 3014 975 ι
3049 924 3164 978 Non
3192 925 3515 993 poterimus,
3540 924 3816 993 inquiunt.

2216 1014 2282 1067 ad
2314 1023 2571 1069 montana
2593 1016 2983 1081 conscendere,
3009 1032 3132 1070 cum
3164 1014 3359 1069 ferreis
3386 1016 3638 1071 curribus
3663 1026 3818 1071 utan-

2216 1115 2305 1159 tur
2364 1105 2688 1174 Chananmi,
2746 1108 2838 1175 qui
2901 1108 3149 1162 habitant
3212 1109 3265 1161 in
3326 1117 3471 1163 terra
3525 1112 3818 1177 campestri

2215 1195 2351 1266 (los.
2389 1196 2545 1268 xvn).
2584 1217 2602 1250 ι
2640 1198 2759 1251 Alta
2811 1200 3030 1268 quidem
3081 1209 3293 1267 petunt,
3337 1202 3431 1254 sed
3477 1215 3594 1268 eos,
3639 1202 3819 1270 quiin

2215 1287 2340 1342 imis
2368 1288 2637 1353 habitant,
2665 1286 3095 1357 pertimescunt;
3122 1290 3249 1358 quia
3269 1289 3334 1344 ad
3364 1306 3545 1345 arcem
3570 1292 3821 1346 nituntur

2213 1374 2475 1434 festinare
2504 1381 2790 1443 virtutum,
2823 1380 2918 1434 sed
2944 1380 3249 1436 carnalium
3290 1382 3542 1437 vitiorum
3571 1382 3821 1437 diffidunt

2213 1484 2474 1539 superare
2498 1487 2658 1541 posse
2687 1471 3031 1537 conﬂictum;
3062 1474 3259 1542 quibus
3291 1483 3471 1528 tamen
3506 1475 3821 1545 ignobiliter

2215 1564 2557 1632 requiescere
2579 1581 2684 1619 non
2710 1566 3053 1631 conceditur,
3084 1568 3178 1620 sed
3213 1566 3359 1621 illico
3408 1568 3773 1637 respondetur
3803 1584 3817 1620 :

2218 1674 2236 1705 ‹
2280 1654 2749 1725 Pupulus-multus
2779 1672 2856 1721 es,
2881 1667 2937 1712 et
2961 1673 3171 1727 magnae
3202 1658 3557 1725 fortitudinis,
3588 1675 3696 1715 non
3724 1662 3823 1714 ha-

2215 1749 2368 1803 bebis
2420 1760 2624 1803 sortem
2684 1766 2867 1811 unam,
2928 1752 3022 1805 sed
3056 1752 3313 1805 transibis
3346 1752 3412 1804 ad
3464 1762 3728 1815 montem,
3766 1764 3824 1806 et

2213 1842 2461 1910 succides
2498 1842 2616 1905 tibi,
2652 1850 2815 1911 atque
2838 1844 3098 1913 purgabis
3124 1844 3191 1896 ad
3224 1844 3581 1898 habitandum
3618 1846 3822 1915 spatia,

514 1949 606 1993 tur
626 1938 821 2005 ofﬁcio,
849 1941 952 1995 nisi
981 1956 1075 1996 eos
1106 1942 1295 2011 procul
1326 1942 1512 2008 dubio,
1556 1943 1647 2013 qui
1678 1958 1783 1997 non
1820 1957 2106 2011 pmnarum
2144 1916 2183 1973 Β
2214 1940 2267 1983 εί
2296 1931 2501 1998 Pomm
2532 1930 2674 1984 ιιιῑνίι

1644 1945 1647 1993 i
1678 1958 1783 1997 ηοη
1820 1916 2106 2011 ρωηάι-υιη
2144 1916 2183 1973 Β
2214 1940 2267 1983 et
2296 1931 2501 1998 poteris
2532 1930 2674 1984 ultra
2701 1932 3000 2001 procedere
3030 1931 3166 2003 (Jos.
3200 1932 3342 2003 xm).
3377 1953 3395 1985 ι
3425 1933 3539 1988 lmo
3569 1942 3630 1989 ut
3652 1935 3822 1989 auda-

512 2039 686 2095 mctu,
718 2032 809 2086 sed
838 2046 933 2101 spe
952 2032 1256 2087 cmlestium
1280 2034 1652 2102 prmmiorum,
1676 2044 1730 2087 et
1755 2034 2108 2103 perfectionis

510 2132 718 2186 amore,
740 2122 805 2174 ad
828 2122 1049 2175 servitia
1075 2122 1254 2176 divina
1281 2123 1620 2195 confugiunt,
1638 2135 1692 2178 et
1708 2124 1913 2194 jugiter
1934 2126 2105 2179 Deum

511 2220 719 2266 sancta
773 2212 1201 2267 conversationis
1248 2214 1501 2283 operibus
1558 2215 1926 2269 benedicunt?
1965 2216 2106 2281 Quid

510 2310 695 2356 autem
726 2302 823 2367 illi,
871 2303 963 2372 qui
1021 2306 1089 2359 ad
1142 2303 1570 2359 maledicendum
1627 2306 1789 2375 positi
1820 2315 1969 2371 sunt,
2002 2307 2106 2360 nisi

506 2408 609 2447 eos
636 2394 725 2463 qui
762 2410 867 2449 non
915 2410 1101 2449 amore
1133 2394 1487 2464 perfectionis
1515 2406 1769 2461 aestuant,
1806 2413 1913 2451 non
1959 2398 2106 2452 desi-

511 2484 666 2539 derio
714 2484 895 2555 glorim
940 2485 1179 2541 caelestis
1214 2486 1493 2551 anhelant,
1539 2488 1630 2541 sed
1665 2490 1731 2541 ad
1763 2489 1865 2543 hoc
1892 2498 2135 2544 tantum.

510 2592 635 2647 qua
665 2576 718 2631 in
766 2576 883 2645 lege
930 2572 1196 2649 przecepta
1246 2590 1395 2644 sunt,
1446 2588 1686 2644 servant,
1742 2592 1800 2636 ut
1844 2580 2109 2652 gehennae

511 2682 707 2737 poenas
734 2670 1004 2722 evadant?

584 2758 671 2812 Ad
700 2758 1129 2815 maledicendum
1163 2761 1349 2832 itaque
1401 2764 1553 2820 missi
1579 2777 1725 2830 sunt,
1758 2773 1817 2822 ut
1844 2765 1971 2821 dum
1992 2782 2111 2821 ma-

511 2848 775 2918 ledicunt,
809 2853 910 2921 ipsi
936 2853 1001 2907 ad
1048 2856 1437 2910 conscientiam
1487 2858 1738 2926 redeant,
1794 2867 1849 2913 et
1877 2873 2109 2929 perpen-

512 2943 705 3001 dentes
726 2960 913 3014 poenas
943 2947 995 3002 in
1025 2946 1323 3018 Scripturis
1347 2952 1725 3019 peccatoribus
1751 2952 2104 3018 constitutas,

510 3050 543 3089 a
569 3039 928 3106 perversitate
976 3041 1236 3108 peccandi
1272 3056 1331 3095 se
1360 3041 1444 3097 vel
1493 3043 1686 3099 timore
1734 3056 2107 3114 compescant.

515 3123 659 3180 Hinc
687 3135 770 3181 est
798 3125 955 3196 plane
982 3129 1127 3198 quod
1178 3128 1282 3184 illa:
1335 3131 1508 3186 tribus
1532 3148 1651 3202 qure
1691 3134 1759 3187 ad
1787 3134 2111 3189 benedicen-

513 3216 645 3273 dum
666 3218 975 3273 constitutae
1000 3230 1148 3286 sunt,
1172 3220 1473 3280 nobiliores
1521 3234 1672 3292 sunt,
1718 3225 1813 3281 filii
1860 3226 2108 3282 videlicet

2212 2020 2352 2074 ciam
2384 2021 2591 2076 timidis
2618 2024 2879 2090 prtebeat,
2899 2024 3014 2091 ipse
3039 2024 3181 2078 Deus
3208 2025 3554 2093 omnipotens
3576 2023 3779 2081 clamat
3806 2045 3818 2079 :

2219 2129 2235 2159 ι
2268 2108 2382 2179 Ego
2412 2125 2555 2175 sum,
2591 2111 2787 2180 inquit,
2822 2114 2913 2181 qui
2967 2112 3159 2167 delebo
3183 2128 3277 2167 eos
3326 2127 3356 2165 a
3400 2113 3541 2167 facie
3569 2115 3759 2169 Israel.
3798 2136 3817 2167 ι

2212 2199 2281 2252 Et
2322 2199 2487 2256 Josue
2534 2202 2775 2258 caelestis
2825 2203 3035 2257 militiae
3086 2203 3380 2259 bellatores
3437 2206 3710 2271 hortatur,
3749 2221 3815 2259 ac

2212 2291 2428 2350 facilem
2459 2293 2526 2348 de
2556 2295 2803 2349 hostibus
2856 2298 3142 2351 victoriam
3189 2297 3477 2365 pollicetur
3512 2315 3524 2351 :
3565 2317 3583 2349 ‹
3622 2297 3823 2363 Nolite,

2212 2384 2412 2453 inquit,
2440 2386 2655 2450 timere,
2692 2403 2792 2441 nec
2815 2388 3056 2456 parcatis
3085 2406 3098 2439 :
3126 2388 3534 2452 confortamini,
3568 2398 3625 2443 et
3646 2398 3825 2445 estote

2213 2474 2458 2532 robusti:
2512 2476 2792 2546 disperdet
2846 2478 2991 2532 enim
3048 2478 3314 2533 Dominus
3358 2488 3590 2540 cunctos
3636 2481 3825 2536 hostes

2210 2573 2444 2629 vestros,
2470 2565 2760 2620 adversum
2790 2583 2930 2637 quos
2952 2568 3230 2623 dimicatis
3257 2567 3395 2637 (los.
3432 2572 3510 2639 χ).
3547 2590 3566 2622 ι

2825 2678 3055 2735 CAPUT
3116 2682 3201 2735 Vl.

2210 2764 2288 2819 De
2311 2766 2391 2819 his
2416 2769 2505 2838 qui
2533 2768 2657 2822 dum
2680 2770 3047 2839 perfectionem
3069 2773 3124 2824 in
3149 2772 3263 2825 sola
3280 2775 3614 2828 conversione
3631 2779 3824 2830 consti-

2357 2847 2533 2904 tuunt,
2562 2844 2826 2894 conversi:
2853 2844 3215 2911 paznitenliam
3242 2861 3343 2897 non
3377 2846 3674 2913 imponunt.

2281 2927 2575 2994 Prmterea,
2602 2930 2971 2994 dilectissimi,
3023 2942 3083 2986 ut
3114 2934 3268 2988 vobis
3301 2942 3560 3003 tanquam
3595 2936 3833 3006 compli;

2212 3020 2391 3086 cibus,
2418 3031 2473 3077 et
2502 3025 2853 3079 unanimibus
2882 3026 2933 3079 in
2967 3024 3189 3081 Christo
3222 3024 3570 3083 familiariter
3600 3028 3817 3098 loquar,

2212 3116 2507 3184 quamdam
2544 3119 2593 3171 in
2626 3117 2901 3189 plerisque
2932 3122 3287 3176 monasteriis
3331 3124 3502 3177 teneri
3532 3133 3828 3179 consuetu-

2211 3208 2395 3264 dinem
2442 3213 2717 3293 novimus,
2767 3230 2931 3283 quam
2965 3225 3025 3269 ut
3066 3232 3164 3270 vos
3213 3216 3501 3282 abdicetis,
3537 3219 3826 3273 humiliter

510 3322 778 3373 uxorum;
816 3324 937 3380 quae
990 3320 1171 3365 autem
1203 3314 1271 3368 ad
1319 3314 1771 3382 maledicendum,
1820 3317 2105 3388 ignobiles,
2135 3294 2183 3358 C
2218 3304 2531 3360 suademus.
2566 3304 2822 3361 Nonnulli
2876 3324 3109 3376 namque
3148 3318 3392 3365 rectores
3438 3311 3669 3366 fratrum
3703 3314 3827 3383 plus

512 3406 708 3468 utputa
761 3400 1105 3467 ancillarum,
1157 3402 1210 3457 id
1257 3412 1359 3469 est,
1416 3404 1533 3459 Gad
1585 3416 1637 3460 et
1685 3406 1845 3472 Aser,
1894 3408 2009 3462 Dan
2059 3419 2115 3464 et

513 3484 846 3558 Nephtalim,
874 3491 1016 3544 inter
1046 3507 1183 3561 quos
1225 3504 1342 3547 erat
1385 3494 1601 3563 Ruben,
1630 3497 1721 3566 qui
1747 3499 2115 3553 maculaverat

513 3585 697 3632 torum
729 3580 923 3649 patris,
948 3590 1003 3635 et
1034 3581 1274 3638 Zabulon
1296 3583 1408 3639 Liae
1433 3586 1677 3642 ultimus.

584 3669 893 3726 Notandum
915 3682 1120 3740 autem,
1144 3676 1269 3744 quia
1293 3692 1484 3732 omnes
1506 3679 1725 3733 stetisse
1751 3682 1896 3734 circa
1924 3697 2107 3736 arcam

512 3760 739 3818 foederis
770 3764 1103 3831 referuntur,
1132 3766 1257 3834 quia
1293 3782 1484 3821 omnes
1542 3777 1648 3821 tam
1682 3769 1893 3823 nobiles
1944 3788 2111 3840 quam

514 3852 811 3924 ignobiles,
842 3870 907 3911 ac
932 3870 1028 3924 per
1068 3857 1172 3910 hoc
1202 3856 1316 3911 sive
1366 3856 1551 3925 tepidi,
1579 3858 1692 3911 sive
1725 3859 1777 3911 in
1809 3860 1899 3912 Dei
1929 3876 2112 3914 amore

514 3946 814 4010 ferventes,
850 3964 878 4000 a
908 3956 1090 4003 sancta
1134 3948 1377 4003 Ecclesia
1413 3964 1518 4003 non
1552 3949 1829 4003 recedunt.
1865 3949 1975 4004 Hoc
2012 3967 2105 4004 au-

513 4046 625 4093 tem
649 4054 680 4091 a
705 4037 887 4108 Moyse
901 4040 1116 4108 quidem
1140 4047 1499 4109 przeceptum,
1518 4040 1612 4094 sed
1637 4039 1795 4109 longe
1811 4051 1931 4109 post
1948 4040 1972 4094 .I
1982 4057 2111 4097 usue

512 4140 600 4185 est
639 4129 993 4184 exsecutione
1036 4131 1387 4200 completum.
1441 4130 1580 4199 Quid
1611 4148 1709 4201 per
1749 4133 1972 4204 Moysen
2007 4136 2109 4189 nisi

511 4222 634 4289 lex;
660 4222 790 4292 quid
814 4238 911 4291 per
927 4222 1092 4278 Josue
1124 4224 1225 4278 nisi
1280 4223 1634 4293 Evangelium
1680 4226 1980 4294 figuratur?
2012 4227 2113 4281 Be-

513 4314 881 4369 nedictionem
930 4324 1059 4385 ergo
1101 4315 1265 4383 justis
1293 4314 1548 4380 debitam,
1575 4326 1629 4370 et
1674 4316 2108 4370 maledictiouem

512 4402 896 4476 peccatoribus
956 4404 1327 4476 irrogandum,
1384 4421 1492 4460 non
1540 4406 1716 4461 solum
1764 4406 1847 4460 lex
1896 4418 2107 4461 vetusta

514 4496 869 4567 pucdiXerat,
900 4498 996 4552 sed
1026 4497 1352 4568 evangelicae
1402 4497 1658 4553 novitatis
1708 4500 1881 4568 gratia
1935 4500 2110 4553 mani-

515 4588 704 4646 festat.
731 4589 837 4644 Sed
859 4606 1169 4661 quanquam
1195 4591 1283 4645 isti
1311 4592 1418 4645 sint
1440 4592 1672 4657 nobiles,
1690 4593 1918 4661 ideoque
1943 4593 2111 4647 bene-

515 4682 774 4739 dictionis
821 4683 1099 4753 potiautur
1147 4682 1326 4739 ofﬁcio
1357 4700 1372 4738 :
1408 4684 1760 4753 ignobiliores
1814 4685 1888 4739 illi
1918 4700 1981 4739 ac
2013 4701 2112 4755 per

516 4774 918 4829 maledictionis
949 4774 1292 4829 formidinem
1342 4783 1688 4841 terreantur;
1748 4776 1875 4845 quia
1929 4785 2109 4831 tamen

516 4858 783 4919 adversus
810 4863 995 4920 hostes
1018 4864 1351 4919 unanimiter
1372 4864 1652 4931 dimicant,
1682 4867 1809 4935 quia
1834 4868 2110 4921 communi

514 4952 721 5011 Iabo‘ris
768 4956 1025 5011 instantia
1054 4957 1378 5028 promissam
1425 4968 1627 5012 terram
1680 4958 1783 5012 sibi
1834 4957 2111 5013 vindicare

516 5049 811 5113 desudant,
836 5064 1024 5105 omnes
1048 5049 1209 5104 simul
1230 5050 1594 5104 admittuntur
1621 5052 1687 5105 ad
1714 5061 1915 5113 sortes,
1932 5059 1986 5104 et
2003 5066 2110 5105 non

517 5141 737 5195 diverso
775 5137 899 5207 jure
948 5138 1082 5193 fiunt
1128 5140 1345 5194 sibimet
1370 5140 1605 5194 invicem
1646 5141 1979 5195 cohzcredes.
2010 5138 2109 5193 Ve-

516 5238 829 5289 rumtamen
881 5230 1038 5286 valde
1083 5230 1287 5286 clarius
1343 5240 1446 5296 est,
1504 5239 1563 5285 ut
1619 5231 1893 5287 ferventes
1948 5242 2110 5301 atque

517 5322 735 5378 robusti
810 5322 1070 5377 nobilium
1145 5322 1489 5376 inveniamur
1567 5323 1737 5377 titulis
1812 5325 2108 5394 insigniri,

517 5413 686 5485 ξω
707 5428 875 5482 quam
906 5412 1092 5468 molles
1132 5414 1187 5468 in
1216 5413 1399 5483 aliquo
1430 5415 1687 5485 degeneri
1722 5415 2113 5485 compellantur

520 5510 860 5582 ignobilitate
888 5509 1091 5564 notari.

590 5602 884 5674 Fugiamus
913 5618 1044 5674 ergo
1072 5601 1258 5667 Hehai,
1299 5614 1712 5659 contemnamus
1743 5606 1909 5659 multo
1942 5608 2113 5676 magis

522 5704 577 5750 et
600 5694 959 5759 Gabaonitas,
984 5705 1043 5748 ut
1069 5709 1247 5763 neque
1277 5696 1641 5751 exterioribus
1670 5697 1975 5766 implicatos
1999 5714 2113 5751 ser,

525 5788 644 5843 vilis
692 5803 795 5843 nos
842 5786 1088 5842 conditio
1134 5786 1419 5855 deprimat,
1482 5802 1659 5856 neque
1689 5788 1803 5843 solo
1854 5789 2113 5859 gehennae

526 5881 714 5938 timore
727 5879 1063 5938 constrictos
1083 5878 1223 5933 inter
1244 5878 1506 5949 ignobiles
1530 5878 1669 5935 filios
1683 5880 1902 5937 desidiae
1926 5889 2114 5953 torpor

963 5962 1238 6033 Parim.
1285 5984 1527 6045 CXLv.

2219 3395 2522 3452 tribuentes
2551 3400 2869 3455 monasticae
2924 3400 3123 3471 ng'JlIB
3172 3416 3335 3471 quam
3386 3403 3667 3473 expediat,
3698 3405 3825 3475 qui—

2218 3486 2455 3542 buslibet
2481 3504 2511 3543 a
2534 3490 2736 3545 saeculo
2769 3491 3136 3554 venientibus,
3157 3493 3323 3545 etiam
3350 3492 3395 3545 si
3423 3493 3825 3565 graviterlapsi

2218 3586 2366 3642 sunt,
2388 3579 2551 3633 aliam
2574 3580 2953 3649 paenitentiam
2990 3596 3092 3635 non
3130 3583 3441 3649 imponunt,
3474 3583 3575 3637 nisi
3604 3592 3821 3639 tantum

2218 3683 2563 3722 communem
2588 3672 2906 3724 monasterii
2938 3671 3187 3725 ordinem
3213 3687 3436 3727 servare
3458 3675 3779 3745 praecipiunt
3810 3695 3822 3707 ·

2218 3760 2363 3828 quod
2418 3763 2666 3829 profecto
2720 3780 2883 3833 quam
2952 3766 3023 3819 sit
3100 3767 3600 3831 inconsideratum,
3656 3786 3822 3839 quam

2218 3850 2601 3918 inhumanum,
2646 3868 2809 3922 quam
2862 3857 3083 3923 penitus
3136 3858 3519 3923 indiscretum,
3570 3862 3824 3929 quisquis

2219 3942 2385 4011 sapit,
2414 3943 2685 4014 intelligit.
2724 3945 2786 3998 lli
2815 3946 3077 4000 nimirum
3104 3950 3384 4003 auditores
3416 3964 3545 4004 suos
3569 3952 3621 4004 in
3648 3950 3826 4006 Heba-

2218 4033 2436 4088 Iitarum
2494 4036 2835 4106 ignobilitate
2886 4040 3252 4105 constituunt,
3308 4042 3436 4095 dum
3486 4043 3825 4111 pmnitentiae

2217 4123 2490 4179 fervorem
2548 4127 2764 4192 tollunt,
2815 4129 2942 4183 dum
3011 4148 3115 4187 non
3157 4142 3277 4201 post
3309 4132 3548 4187 solutum
3581 4134 3823 4189 debitum

2217 4232 2402 4271 amore
2426 4218 2779 4287 perfectionis
2806 4221 2872 4275 ad
2906 4223 3013 4276 alta
3039 4226 3442 4300 conscendere;
3495 4228 3587 4281 sed
3633 4244 3825 4297 pcena-

2218 4326 2334 4363 rum
2364 4326 2578 4379 semper
2603 4323 2812 4369 terrore
2843 4318 3194 4381 constrictos,
3232 4327 3287 4373 et
3331 4321 3588 4374 cautione
3617 4322 3826 4375 fenoris

2213 4401 2482 4473 obligatos
2514 4405 2715 4459 docent
2743 4408 2844 4461 sub
2884 4408 3173 4476 degeneris
3205 4410 3436 4479 ignaviae
3467 4420 3685 4480 torpore
3709 4412 3827 4465 lan-

2214 4508 2411 4562 guere;
2438 4505 2497 4548 ut
2521 4510 2630 4549 non
2661 4512 2788 4551 cum
2812 4498 2897 4553 his
2921 4499 3013 4568 qui
3030 4498 3189 4567 juxta
3207 4500 3451 4555 Garizim
3468 4510 3613 4567 sunt,
3633 4517 3827 4558 secure

2218 4588 2506 4641 Dominum
2541 4590 2888 4656 benedicant,
2945 4594 3039 4647 sed
3088 4594 3234 4647 circa
3288 4594 3456 4648 llebal
3488 4596 3669 4665 potius
3700 4611 3824 4651 cum

2216 4678 2541 4733 ancillarum
2566 4680 2692 4735 filiis
2723 4682 3165 4738 maledictionum
3185 4685 3367 4755 jacula
3400 4687 3819 4755 pertimescant.

2216 4770 2320 4839 Qui
2353 4774 2469 4828 haec
2498 4775 2645 4827 enim
2670 4776 2807 4844 agit,
2833 4775 2961 4843 quid
3002 4776 3167 4830 distet
3212 4777 3357 4830 inter
3408 4778 3599 4832 decem
3653 4777 3825 4833 millia

2218 4864 2424 4917 talenta
2450 4876 2505 4918 et
2529 4875 2747 4920 centum
2774 4866 3051 4930 denarios,
3088 4881 3195 4919 non
3224 4866 3477 4920 attendit.
3504 4866 3639 4921 Nam
3667 4867 3711 4922 si
3736 4868 3827 4938 jus

2216 4953 2562 5009 discretionis
2591 4957 2897 5025 inspicitur,
2933 4958 3307 5028 unusquisque
3338 4972 3446 5028 quo
3495 4958 3669 5027 magis
3703 4975 3833 5029 grav

2215 5055 2375 5099 vatur
2404 5045 2647 5110 oﬂ‘ensis,
2680 5063 2746 5102 eo
2793 5047 2984 5115 majori
3016 5050 3329 5120 gravandus
3360 5061 3443 5104 est
3464 5050 3707 5119 pondere
3740 5065 3834 5105 sa-

2218 5138 2557 5195 tisfactionis.
2606 5141 2843 5197 Facilius
2894 5144 3093 5213 quippe
3146 5143 3358 5197 debitor
3416 5142 3671 5208 solvitur,
3742 5145 3835 5213 qui

2218 5241 2494 5287 mutuatus
2516 5242 2600 5288 est
2629 5234 2866 5298 unciam,
2894 5249 3056 5303 quam
3079 5234 3172 5289 ille
3197 5235 3288 5304 qui
3321 5234 3516 5289 libram
3539 5251 3553 5301 ;
3574 5250 3677 5291 nec
3702 5235 3834 5306 pari

2217 5324 2375 5394 291
2407 5324 2785 5379 emendatione
2814 5326 3131 5395 plectendus
3180 5333 3265 5381 est
3292 5327 3386 5395 qui
3415 5341 3575 5381 ovem
3621 5326 3832 5397 rapuit.

2216 5430 2269 5474 et
2298 5420 2386 5476 ille
2414 5420 2506 5490 qui
2535 5420 2749 5475 bovem.

2292 5511 2426 5564 Nam
2458 5512 2500 5564 si
2534 5512 2826 5581 diligenter
2856 5513 3208 5580 attendimus,
3255 5514 3401 5584 ipsos
3449 5526 3665 5583 quoque
3688 5527 3822 5581 apo-

2218 5602 2386 5657 stolos
2428 5601 2730 5673 disciplina:
2781 5614 2981 5659 nostra:
3030 5606 3344 5675 principes,
3409 5613 3465 5659 et
3524 5604 3821 5660 Christiani

2218 5697 2486 5767 dogmatis
2541 5696 2731 5760 duces,
2773 5696 2925 5763 juxta
2957 5697 3156 5765 prioris
3199 5698 3323 5753 vitae
3360 5696 3545 5767 culpas
3576 5695 3820 5751 laborum

2220 5788 2685 5843 inveniniusinter
2710 5803 2767 5843 se
2785 5788 3023 5844 invicem
3049 5789 3305 5844 habuisse
3322 5789 3657 5845 distantiam.
3681 5786 3818 5841 Nam

2220 5879 2421 5935 Paulus
2475 5880 2600 5949 quia
2648 5895 2707 5937 se
2733 5878 2785 5935 in
2812 5894 2945 5936 nece
2974 5877 3236 5950 Stephani
3265 5880 3502 5936 crudelis
3532 5878 3818 5934 admiscuit

3410 5974 3485 6033 10

4754 6204 5218 6412 Α
