5514 6652
2116 482 2217 539 ωε)

288 0 4201 180 H

2564 479 2620 535 S.
2651 477 2855 537 PETRI
2888 478 3165 535 DAIIANI
3199 476 3347 536 OPP.
3374 476 3612 535 TOIUS
3650 478 3780 537 εει]
3818 478 3995 536 PARS
4031 479 4115 535 Ill.
4141 510 4213 522 —
4239 479 4599 539 OPUSCULA
4640 479 4866 536 VABIA.

2115 600 2249 667 (Aci.
2280 608 2419 664 vni),
2447 594 2596 664 plura
2632 610 2788 661 quam
2842 603 3047 659 caeteri,
3076 598 3384 664 passionum
3407 594 3667 666 supplicia
3696 612 3747 667 Α
3771 597 4076 651 necessario
4098 602 4375 661 conﬁtere,
4401 596 4524 666 quia
4556 607 4777 652 sanctus
4805 599 4887 651 vir
4917 612 5022 652 non
5053 596 5172 653 sola
5217 614 5334 670 qua

2114 688 2390 750 toleravit;
2436 685 2624 739 Petrus
2672 694 2851 740 autem
2901 686 3212 753 nuptiarum
3263 686 3451 741 sordes
3507 684 3675 739 abluit
3774 686 3989 753 scripsit
4019 686 4309 738 observarc
4330 701 4427 740 nos
4463 686 4646 748 voluit,
4692 696 4748 739 et
4792 686 4917 739 dum
4946 701 5044 740 sua
5072 688 5331 750 condidit.

2112 793 2301 832 cruore
2350 774 2587 843 martyrii
2615 772 2697 841 (11
2752 771 2873 825 Cor.
2905 782 2983 842 xl)
3013 772 3173 844 [Vide
3215 775 3411 827 scholia
3463 775 3533 826 ad
3564 775 3672 827 cal-

2111 889 2214 927 cent
2239 866 2523 938 opusculi];
2547 875 2599 919 at
2625 864 2881 929 Joannes,
2912 866 3038 934 quia
3067 865 3218 934 virgo
3241 864 3457 935 eligitur
3485 865 3667 933 (Joan.

2109 962 2239 1029 xxi),
2271 958 2479 1014 caeteris
2507 956 2752 1010 omnibus
2781 956 2900 1024 plus
2945 964 3187 1020 amatur;
3240 964 3294 1010 et
3330 956 3583 1024 quoniam
3618 959 3668 1011 in

2109 1052 2293 1123 puerili
2315 1060 2478 1105 :etate
2497 1049 2695 1103 mundo
2715 1049 3018 1107 subtractus
3043 1048 3278 1118 graviter
3299 1063 3404 1101 non
3421 1048 3667 1118 deliquit,

2109 1160 2211 1199 non
2232 1156 2421 1212 poenas
2450 1139 2688 1209 martyrii
2715 1138 2964 1208 patiendo
2993 1137 3041 1205 (1
3070 1134 3194 1189 Cor.
3227 1138 3338 1206 xv),
3370 1137 3462 1191 sed
3491 1138 3667 1191 suavi-

2106 1246 2184 1293 ter
2236 1243 2292 1289 et
2340 1233 2523 1301 quiete
2578 1232 2729 1299 quasi
2778 1228 3090 1283 dormienda
3132 1228 3403 1297 migravit.
3453 1229 3664 1283 Etcum

2102 1324 2420 1395 praedicator
2447 1323 2535 1375 illc
2560 1320 2805 1391 egregius
2831 1318 2977 1373 dicat
3005 1337 3019 1370 :
3052 1337 3071 1370 ‹
3124 1318 3236 1388 Ego
3266 1334 3382 1372 sum
3413 1319 3664 1373 minimus

2102 1413 2483 1485 apostolorum,
2508 1411 2595 1479 qui
2626 1423 2729 1461 non
2753 1423 2870 1462 sum
2900 1407 3095 1477 dignus
3131 1406 3314 1461 vocari
3367 1406 3659 1472 apostolus,

2098 1504 2351 1575 quoniam
2379 1508 2690 1572 persecutus
2712 1514 2828 1553 sum
2852 1498 3147 1553 Ecclesiam
3173 1497 3264 1551 Dei
3281 1496 3331 1565 (Ι
3359 1494 3479 1549 Cor.
3501 1498 3611 1566 ix);
3639 1517 3655 1546 ι

2098 1609 2216 1647 cum
2267 1605 2463 1660 corpus
2498 1602 2652 1642 suum
2702 1587 2958 1656 castiget,
3012 1586 3365 1653 servitutiquc
3411 1586 3657 1655 subjiciat

2098 1682 2148 1753 (1
2179 1680 2298 1735 Cor.
2333 1682 2441 1748 tv);
2472 1695 2593 1733 cum
2621 1682 2762 1747 quod
2790 1678 2909 1731 aliis
2938 1678 3051 1746 ipse
3096 1677 3361 1738 concedit,
3397 1676 3461 1731 de
3484 1676 3660 1730 Evan-

2095 1774 2232 1843 gelio
2258 1771 2392 1827 nihil
2419 1770 2667 1837 accipiat,
2692 1768 2785 1821 scd
2808 1769 2874 1821 de
2921 1781 3177 1820 manuum
3209 1781 3427 1819 suarum
3458 1766 3656 1819 labori-

2094 1866 2192 1917 bus
2218 1863 2390 1925 vivat;
2438 1874 2558 1913 cum
2590 1858 2676 1912 ille
2715 1858 2832 1927 plus
2859 1856 3108 1910 omnibus
3138 1856 3359 1919 laboret,
3395 1867 3449 1909 et
3480 1866 3655 1909 tamen

3771 774 3943 827 edicta
3992 771 4209 826 Patrum
4253 773 4666 843 praecedentium
4717 788 4824 826 non
4858 774 5115 829 cassavit.
5139 775 5243 831 Sed
5269 792 5333 830 ne

3771 866 3998 932 mequis
4026 865 4345 918 temeritatis
4395 865 4652 927 incessat,
4704 874 4957 935 tanquam
4990 867 5081 935 qui
5124 882 5332 923 sam-um

3769 954 4011 1007 ordinem
4044 952 4355 1021 demgando
4378 953 4687 1023 diiudicem,
4714 961 4875 1021 atque
4903 955 5216 1022 dcpretiem,
5241 970 5333 1010 nos

3768 1054 3967 1099 sanetae
4007 1043 4329 1113 professioni
4355 1055 4562 1098 tantum
4597 1044 4907 1107 tribuimus,
4939 1055 4999 1098 ut
5039 1054 5095 1100 et
5136 1060 5332 1101 secun-

3766 1132 4023 1185 diccrium
4047 1132 4325 1199 apostolici
4350 1132 4575 1191 ordinis.
4595 1142 4647 1185 et
4667 1133 4961 1185 secundum
4990 1132 5331 1187 nihilominus

3764 1220 4029 1274 fateamur
4066 1236 4186 1275 esse
4234 1221 4574 1289 baptismum.
4628 1220 4731 1275 Sed
4774 1222 4892 1275 dici
4937 1222 5079 1289 quod
5134 1223 5328 1276 dictaui

3762 1321 3861 1376 eu,
3894 1327 4015 1365 cum
4059 1315 4311 1381 princeps
4362 1313 4730 1381 apostolorum
4762 1312 5080 1382 quibusdam
5112 1312 5179 1365 ad
5209 1329 5330 1367 cor.-

3760 1401 4064 1453 versionem
4107 1400 4294 1453 venire
4335 1400 4633 1455 volentibus
4664 1402 4808 1455 dicat
4842 1421 4853 1453 :
4887 1421 4903 1451 ‹
4954 1402 5327 1457 Pcenitentiam

3759 1490 3901 1559 agite
3925 1504 3939 1541 :
3963 1499 4017 1543 et
4043 1489 4341 1557 baptizetur
4366 1491 4735 1559 unusquisque
4756 1501 4995 1545 vestrum
5014 1492 5152 1561 (Act.
5185 1493 5278 1560 u);
5304 1510 5323 1543 ο

3759 1594 3862 1647 qua
3898 1579 4057 1647 igitur
4083 1586 4263 1631 mente
4310 1592 4531 1632 securus
4561 1588 4665 1642 est,
4697 1579 4789 1647 qui
4820 1588 5122 1635 tran=actas
5149 1579 5332 1649 culpas

3759 1664 3889 1720 ﬂere
3917 1665 4158 1735 negligit,
4183 1667 4399 1734 quando
4447 1667 4558 1736 ipse
4588 1682 4831 1721 summus
4861 1677 5049 1736 pastor
5074 1668 5328 1724 Ecclesiae

3758 1757 3885 1811 huic
3908 1759 4074 1812 etiam
4118 1766 4462 1813 sacramento
4506 1758 4807 1812 addendam
4838 1772 5052 1828 pinnam
5075 1760 5326 1823 credidit,

3757 1847 3899 1915 quod
3944 1845 4316 1914 principaliter
4370 1855 4591 1915 peccata
4645 1847 4903 1901 dimittit?
4956 1856 5141 1903 sancta
5172 1848 5326 1903 nimi-

2091 1967 2196 2007 non
2221 1966 2277 2005 se
2301 1950 2771 2018 comprehendisse
2811 1947 3059 2002 formidet
3084 1947 3302 2017 (Philip.
3331 1948 3444 2013 in):
3480 1948 3522 2000 si
3548 1946 3652 2009 ille,
3689 1950 3731 2009 Β
3761 1954 3876 1990 rum
3913 1938 4091 2003 regula
4123 1938 4223 1991 illis
4250 1948 4329 1991 est
4355 1939 4453 1991 sub
4483 1948 4625 1991 tanta
4652 1940 4989 1992 discretionis
5013 1950 5130 1994 arte
5152 1941 5328 2011 dispo-

2091 2043 2331 2111 inquam,
2381 2042 2518 2093 inter
2565 2048 2672 2092 tam
2723 2037 3002 2109 magnifica
3033 2039 3291 2091 virtutum
3338 2052 3499 2106 Opera
3548 2053 3651 2090 non

2095 2131 2315 2185 conlidit
2344 2130 2517 2184 adhuc
2547 2129 2599 2182 in
2630 2127 2927 2197 apostolatu
2951 2168 2964 2191 ,
3018 2127 3147 2196 quid
3195 2143 3293 2180 nos
3336 2127 3572 2180 infelices
3603 2138 3653 2181 et

2096 2220 2274 2274 miseri
2308 2228 2509 2273 tantum
2533 2218 2903 2288 praesumimus
2926 2219 2989 2271 de
3012 2226 3207 2270 nostrre
3229 2217 3446 2269 desidia:
3472 2231 3653 2270 munu-

2092 2310 2289 2363 chatu?
2314 2310 2568 2377 Quisquis
2599 2323 2729 2361 sane
2758 2308 2823 2360 ad
2876 2307 3146 2375 religionis
3204 2304 3359 2373 hujus
3410 2306 3649 2358 ordinem

2090 2397 2345 2468 confugit,
2377 2397 2533 2450 finem
2563 2396 2714 2449 malis
2737 2395 2981 2463 imponit.

2158 2483 2264 2539 Sed
2292 2485 2421 2553 quid
2449 2484 2665 2553 prodest
2693 2498 2720 2536 a
2768 2492 3105 2552 peccatorum
3130 2482 3525 2551 perpetratione
3554 2481 3646 2536 dc-

2089 2576 2298 2640 sistere,
2326 2575 2429 2629 nisi
2459 2583 2513 2630 et
2538 2574 2650 2628 hac
2696 2574 2808 2642 ipsa
2854 2588 2974 2642 quae
3018 2582 3325 2643 perpetrata
3358 2581 3499 2636 sunt,
3535 2580 3648 2626 stu-

2090 2667 2213 2721 deat
2234 2667 2352 2735 quis
2376 2666 2633 2720 districta:
2654 2665 2981 2734 paenitentiae
3023 2664 3394 2719 satisfactione
3437 2665 3651 2719 delere?

2090 2756 2197 2811 Sed
2227 2757 2351 2827 quia
2384 2756 2512 2810 mihi
2538 2756 2766 2810 fortasse
2794 2770 2899 2809 non
2931 2754 3187 2819 creditur,
3226 2755 3352 2823 quid
3374 2771 3441 2809 ex
3474 2755 3648 2810 hocin

2082 2844 2346 2901 Pastorali
2372 2844 2507 2897 libro
2534 2842 2811 2912 perhibeat
2836 2841 3027 2896 beatus
3063 2856 3196 2911 papa
3227 2842 3537 2913 Gregorius,
3570 2845 3652 2897 in-

2082 2933 2350 3003 quiratur,
2378 2932 2468 2987 ubi
2498 2936 2609 2985 ait:
2649 2950 2668 2982 ‹
2698 2930 3079 2987 Admonendos
3126 2945 3245 2986 esse
3291 2932 3381 3001 qui
3426 2941 3647 3002 peccata

2082 3010 2354 3087 deserunt,
2378 3037 2479 3077 nec
2506 3032 2682 3077 tamen
2704 3020 2978 3091 plangunt,
3003 3019 3193 3089 nejam
3220 3023 3489 3078 relaxatas
3507 3027 3651 3079 aesti-

2082 3121 2233 3167 ment
2279 3112 2486 3181 culpas,
2519 3126 2653 3181 quas
2705 3112 2807 3165 etsi
2857 3111 3065 3181 agendo
3108 3126 3212 3165 non
3266 3113 3646 3181 multiplicant,

2080 3204 2241 3259 nullis
2286 3216 2461 3257 tamen
2492 3202 2702 3257 fletibus
2740 3202 3021 3256 mundant.
3058 3222 3077 3255 ι
3108 3203 3237 3270 Qua:
3262 3204 3509 3259 videlicet
3538 3215 3646 3259 tam

3757 2033 3874 2091 sita,
3910 2032 4011 2084 illis
4040 2032 4342 2097 specialiter
4384 2033 4480 2085 sub
4537 2042 4697 2084 lance
4753 2032 5137 2085 moderationis
5170 2031 5329 2087 libra-

3755 2122 3897 2174 mine
3935 2131 4249 2188 temperata,
4301 2122 4389 2188 qui
4452 2130 4745 2188 spontaneo
4796 2122 5084 2185 desiderio,
5125 2132 5180 2176 et
5209 2137 5328 2192 per-

3756 2211 4003 2264 fectionis
4027 2227 4209 2264 amore
4234 2212 4403 2281 gratis
4427 2212 4676 2264 smeulum
4696 2211 4969 2275 deserunt,
4986 2228 5091 2266 non
5114 2222 5326 2282 propter

3752 2316 3863 2361 eos,
3894 2304 3983 2371 qui
4033 2304 4297 2357 scelerum
4348 2304 4680 2358 immanitate
4717 2304 4985 2368 deterriti,
5016 2304 5200 2376 fugere
5227 2321 5324 2359 ne-

3752 2392 3989 2445 cessario
4019 2392 4429 2460 compelluntur.
4460 2391 4572 2455 llis,
4620 2394 4858 2461 inquam,
4891 2394 4984 2463 qui
5009 2407 5193 2449 amore
5232 2406 5324 2447 ve-

3751 2482 3908 2534 niunt
3958 2482 4301 2545 ohedientim,
4348 2496 4453 2535 non
4504 2483 4588 2535 his
4643 2484 4733 2551 qui
4796 2484 5084 2538 trahuntur
5135 2484 5323 2538 timore

3750 2572 4039 2641 gehennae:
4065 2570 4496 2625 desiderantibus
4516 2571 4723 2625 scilicet
4737 2587 4937 2643 augere
4961 2572 5205 2642 gratiam,
5222 2584 5322 2625 nec

3750 2660 4173 2731 praecaventibus
4201 2661 4374 2714 vitare
4398 2661 4712 2714 vindictam.
4767 2659 4923 2727 Quod
4982 2661 5034 2714 in
5060 2662 5177 2730 ipso
5201 2658 5319 2713 libri

3751 2751 4023 2820 principio
4086 2748 4369 2804 manifeste
4428 2750 4714 2819 colligitur,
4772 2750 4818 2805 si
4882 2751 4950 2804 ad
5004 2763 5165 2819 quem
5222 2761 5317 2802 sua

3751 2843 3915 2896 verba
3969 2840 4205 2911 Spiritus
4258 2849 4477 2896 sanctus
4536 2841 4753 2911 dirigat,
4820 2840 5093 2896 subtiliter
5143 2847 5317 2895 atten-

3749 2932 3926 2987 datur.

3820 3021 4082 3091 Spiritum
4136 3029 4382 3076 sanctum
4432 3021 4575 3075 dico.
4635 3020 4820 3093 Neque
4857 3022 5003 3077 enim
5057 3020 5143 3075 vir
5192 3032 5317 3075 san-

3750 3122 3910 3179 ctus,
3965 3122 4230 3183 tantaeque
4276 3113 4451 3168 cultor
4501 3113 4823 3169 humilitatis
4879 3112 5127 3182 protinus
5170 3111 5317 3165 utin

3749 3204 3912 3258 verba
3944 3212 4333 3274 prorumperet,
4369 3203 4663 3273 magisterii
4692 3201 5029 3267 cathedram,
5053 3209 5112 3255 et
5132 3200 5318 3270 preci-

2079 3294 2257 3364 plena,
2312 3302 2421 3348 tam
2470 3292 2702 3347 evidenti
2754 3292 2863 3348 illic
2909 3302 3033 3348 sunt
3064 3295 3274 3350 ratione
3321 3296 3561 3365 digesta,
3589 3296 3717 3357 ntC
3750 3308 3853 3364 pue
3905 3294 3976 3363 pii
4020 3294 4191 3364 patris
4241 3294 4341 3347 sibi
4396 3292 4744 3363 privilegium
4794 3299 5101 3361 usurparet,
5139 3290 5317 3345 dicens

2080 3384 2323 3453 quisquis
2352 3383 2634 3452 diligenter
2656 3383 2742 3436 illa
2768 3384 3080 3453 perlegerit,
3108 3399 3174 3440 ex
3201 3386 3303 3441 hac
3350 3402 3410 3441 re
3443 3387 3508 3442 de
3538 3402 3641 3442 ca:-

2082 3484 2197 3528 tero
2224 3472 2469 3543 dubitare
2494 3488 2597 3526 non
2623 3474 2819 3542 possit;
2854 3488 2952 3527 nos
2984 3483 3161 3528 autem
3202 3475 3287 3529 hic
3331 3478 3645 3544 apponenda

2080 3578 2186 3617 non
2218 3563 2482 3627 ducimus,
2512 3563 2635 3631 quia
2665 3562 2991 3630 prolixitatis
3019 3563 3290 3619 fastidium
3323 3566 3645 3621 devitamus.

2078 3653 2150 3706 Et
2172 3666 2357 3706 revera
2378 3652 2644 3720 quomodo
2668 3652 2735 3704 de
2765 3661 2946 3707 reatus
2966 3654 3045 3707 sui
3070 3654 3402 3709 relaxatione
3424 3670 3647 3711 securus

2077 3752 2183 3806 est,
2213 3741 2301 3809 qui
2331 3741 2397 3794 ad
2428 3740 2601 3794 locum
2631 3741 2960 3809 paenitentia:
2990 3744 3231 3808 veniens,
3260 3746 3642 3814 paenitentiam

2080 3846 2185 3885 non
2216 3831 2501 3886 observat?

2146 3920 2215 3973 At
2242 3920 2485 3974 fortassis
2512 3920 2784 3988 ohjicitur,
2809 3923 2933 3991 quia
2963 3932 3161 3992 praster
3212 3925 3262 3978 id
3314 3926 3458 3994 quod
3502 3941 3647 3980 com-

2078 4022 2239 4064 mune
2258 4020 2361 4074 est,
2384 4011 2614 4079 speciale
2642 4012 2894 4080 cuiquam
2928 4014 3166 4067 venienti
3196 4014 3262 4067 de
3285 4016 3481 4069 smculo
3502 4016 3644 4085 jeju-

2078 4097 2225 4152 nium
2250 4098 2304 4151 ln
2338 4099 2514 4168 regula
2544 4115 2649 4154 non
2672 4100 2909 4167 iubetur.
2946 4102 3026 4158 Ad
3059 4106 3200 4172 quod
3233 4105 3392 4161 facile
3421 4122 3646 4177 respon-

2079 4187 2263 4241 demus
2294 4190 2457 4257 :quia
2510 4188 2569 4241 Β.
2623 4187 2945 4244 Benedictus
2998 4207 3094 4246 sua
3138 4195 3353 4261 quidem
3376 4206 3640 4265 prazcepta

2077 4276 2353 4330 monachis
2381 4276 2565 4339 edidit,
2597 4277 2687 4331 sed
2705 4279 3009 4346 judicautes
3052 4281 3118 4335 de
3156 4284 3531 4349 peccatoribus
3559 4300 3647 4338 sa-

2076 4378 2198 4420 cros
2237 4377 2469 4420 canones
2527 4380 2633 4419 non
2675 4367 2962 4434 destruxit,
2992 4370 3102 4425 imo
3148 4373 3327 4426 omnia
3381 4376 3641 4429 catholica

2074 4454 2271 4523 scripta
2316 4454 2551 4509 firmavit
2591 4474 2603 4509 :
2646 4458 2922 4513 conversis
2981 4460 3142 4529 plane
3179 4462 3329 4516 dedit
3377 4474 3641 4534 praecepta

2074 4545 2319 4609 vivendi;
2344 4548 2716 4613 peccatoribus
2744 4559 2921 4604 autem
2940 4552 3313 4620 pteuitentiam
3344 4570 3450 4610 non
3472 4555 3640 4611 dona-

2071 4636 2168 4698 vit,
2202 4636 2437 4705 alioquin
2470 4652 2813 4693 murmurare
2851 4651 3098 4707 possunt,
3126 4651 3181 4695 et
3212 4644 3357 4712 juste
3381 4648 3638 4715 conqueri
3667 4628 3717 4686 Β

2072 4731 2181 4776 tam
2212 4724 2244 4777 ii
2292 4726 2381 4792 qui
2412 4724 2466 4779 in
2516 4725 2705 4794 puerili
2748 4734 2927 4791 aetate,
2974 4744 3135 4797 quam
3178 4732 3271 4799 qui
3310 4747 3336 4785 a
3388 4735 3640 4803 gravibus

2072 4814 2323 4869 custoditi
2378 4816 2445 4869 ad
2489 4816 2956 4871 conversationem
3013 4818 3256 4885 veniunt,
3307 4821 3351 4873 si
3391 4824 3638 4879 eumdem

2072 4905 2284 4959 vivendi
2313 4907 2527 4960 modum
2557 4916 2744 4961 tenere
2771 4922 2893 4961 cum
2944 4907 3029 4962 his
3059 4910 3151 4977 qui
3182 4910 3496 4965 criminibus
3520 4927 3637 4981 gra-

2070 4996 2182 5051 vati
2210 5006 2352 5059 sunt,
2385 4997 2795 5066 compelluntur.
2825 4997 2959 5051 Nam
2981 4999 3028 5053 si
3058 4999 3217 5055 aliter
3235 4999 3484 5069 jejunare
3506 5018 3639 5057 nun-

2070 5098 2232 5159 quam
2252 5088 2529 5149 debemus,
2558 5102 2660 5141 nec
2703 5088 2861 5142 aliam
2907 5103 3068 5159 agere
3110 5091 3509 5159 paenitentiam,
3536 5092 3640 5147 nisi

2068 5194 2189 5250 quae
2228 5181 2281 5234 in
2325 5179 2510 5234 eadem
2558 5178 2741 5249 regula
2786 5188 2972 5234 sancta
3021 5182 3370 5251 praecipitur,
3422 5197 3524 5236 cur
3564 5183 3638 5237 ibi

2062 5272 2273 5341 iussum
2298 5276 2381 5323 est
2405 5267 2485 5336 (S.
2518 5268 2645 5321 Ben.
2683 5267 2833 5338 Reg.,
2860 5284 2977 5339 cap.
3024 5270 3115 5339 55)
3158 5287 3171 5325 :
3216 5290 3235 5323 ‹
3284 5269 3637 5339 Utjejunium

2067 5379 2097 5415 a
2126 5362 2307 5432 priore
2334 5359 2621 5430 frangatur
2644 5368 2867 5429 propter
2891 5360 3152 5431 hospites,
3192 5362 3296 5417 nisi
3336 5363 3638 5433 praecipuus

2061 5452 2253 5525 jejunii
2282 5452 2394 5506 dies
2420 5450 2525 5505 sit?
2558 5469 2578 5503 ι

2137 5541 2255 5609 Age
2280 5554 2443 5605 nunc,
2488 5538 2627 5609 lege,
2656 5554 2933 5608 percurre,
2985 5540 3197 5595 revolve
3239 5541 3385 5605 folia,
3409 5542 3639 5598 solerter

2068 5630 2351 5699 Investiga,
2398 5640 2453 5684 et
2477 5630 2591 5683 dies
2621 5629 2707 5683 ille
2753 5629 3030 5700 jejunandi
3080 5632 3405 5700 praecipuus,
3431 5634 3519 5702 qui
3548 5634 3637 5690 hic

2067 5720 2124 5776 in
2147 5720 2378 5775 transitu
2406 5719 2625 5785 dicitur,
2654 5720 2880 5775 ostende
2902 5720 2991 5775 ubi
3019 5720 3180 5791 392
3202 5724 3373 5777 sancti
3401 5724 3637 5779 doctoris

2070 5809 2657 5879 auctoritatejubetur;
2686 5819 2742 5866 et
2791 5826 2917 5867 cum
2966 5811 3216 5871 invenire
3258 5827 3361 5868 non
3410 5816 3630 5885 poteris,

3748 3384 3827 3456 (S.
3856 3385 4054 3441 Besso.
4083 3385 4231 3456 Reg.,
4264 3401 4382 3456 cap.
4412 3388 4497 3455 l):
4528 3404 4547 3437 ι
4569 3386 4850 3450 Ausculta,
4877 3400 4909 3439 ο
4939 3384 5034 3450 fili,
5058 3392 5316 3455 praeﬁxa

3732 3470 4012 3546 magistri,
4048 3486 4100 3530 et
4127 3475 4323 3529 inclina
4358 3490 4542 3530 aurem
4572 3475 4752 3531 cordis
4786 3475 4887 3538 tui,
4909 3482 4973 3528 et
4998 3472 5315 3528 admonitio—

3748 3580 3869 3620 nem
3915 3567 3989 3635 pii
4040 3567 4208 3635 patris
4253 3566 4482 3620 libenter
4527 3566 4769 3636 excipe.»
4820 3564 4927 3619 Sed
4977 3564 5065 3617 ille
5100 3577 5314 3618 servum

3747 3670 3901 3708 suum
3929 3655 4159 3723 propria:
4190 3655 4335 3707 vocis
4366 3669 4628 3723 organum
4673 3652 4823 3716 fecit,
4863 3654 4953 3721 qui
4986 3652 5233 3707 similiter
5258 3651 5314 3705 in

3746 3744 3863 3813 ipso
3890 3745 4130 3798 vaticinii
4163 3743 4472 3813 incipientis
4493 3744 4714 3799 exordio
4743 3742 4980 3798 clamare
5002 3757 5099 3813 per
5123 3741 5314 3796 lsaiam

3746 3833 3956 3901 capit:
4033 3850 4051 3883 ι
4090 3833 4292 3896 Filios,
4351 3833 4566 3901 inquit,
4628 3832 4900 3896 eautrivi,
4969 3840 5025 3885 et
5083 3829 5311 3885 exaltavi

3746 3922 3881 3994 (ιω.
3917 3925 4012 3993 1).»

3816 4017 4105 4071 Videamus
4131 4030 4258 4084 ergo
4285 4029 4404 4068 cum
4433 4015 4670 4070 scribere
4696 4014 4904 4084 incipit,
4928 4016 5124 4084 quibus
5150 4012 5309 4069 verba

3743 4107 3947 4176 dirigit,
3983 4107 4050 4161 ad
4077 4105 4220 4174 quod
4251 4104 4527 4159 hominum
4567 4120 4738 4175 genus
4779 4120 4995 4161 omnem
5024 4105 5132 4159 vim
5163 4120 5311 4160 secu-

3745 4212 3875 4252 tura:
3904 4196 4219 4252 elocutionis
4254 4197 4481 4249 intendit
4505 4212 4520 4254 ;
4548 4197 4622 4249 ait
4644 4196 4787 4251 enim
4813 4195 4896 4264 (S.
4927 4196 5125 4250 Busa.
5157 4194 5311 4265 Reg.,

3744 4302 3862 4356 cap.
3894 4286 3983 4355 l):
4030 4303 4049 4336 ι
4080 4286 4159 4339 Ad
4210 4293 4262 4338 te
4308 4298 4437 4353 ergo
4465 4299 4607 4339 nunc
4642 4299 4792 4339 meus
4819 4299 4999 4339 sermo
5044 4283 5307 4353 dirigitur,

3746 4375 3987 4444 quisquis
4008 4375 4392 4428 abrenuntiatis
4412 4372 4644 4443 prepriis
4669 4372 5050 4442 voluptatibus,
5084 4372 5309 4426 Domino

3742 4464 3955 4518 Christo
3977 4478 4103 4523 vero
4125 4464 4235 4534 regi
4280 4461 4629 4525 militaturus,
4669 4462 4984 4516 obedientia
5018 4460 5309 4517 fortissima

3743 4563 3904 4623 atque
3940 4553 4197 4624 praeclara
4241 4566 4389 4604 arma
4437 4551 4719 4605 assumis.»
4761 4549 5030 4617 Quantum
5074 4564 5203 4621 ergo
5237 4564 5306 4604 ex

3742 4644 3911 4698 sancti
3974 4643 4072 4696 viri
4121 4643 4298 4696 verbis
4350 4641 4599 4711 colligere
4655 4657 4976 4712 possumus,
5026 4641 5197 4712 magis
5238 4639 5305 4693 ad

3742 4732 4052 4790 discendam
4079 4732 4462 4796 obedientiam,
4508 4745 4669 4801 quam
4700 4732 4766 4785 ad
4809 4731 5162 4801 peragendam
5191 4745 5309 4799 po:—

3742 4824 4021 4879 nitentiam
4044 4822 4239 4891 regulae
4267 4819 4425 4887 hujus
4457 4820 4638 4874 schola
4669 4821 5005 4889 cognoscitur
5031 4818 5304 4883 instituta;

3742 4860 4021 4879 .....,....-...
4046 4860 4239 4891 ,νδ-...η
4267 4860 4425 4887 ..η-υ
4457 4860 4638 4874 νων...
4670 4860 4993 4889 πυκνωηη..
5031 4860 5304 4883 ...-........,

3741 4930 3848 4969 non
3889 4924 3945 4966 ut
3981 4913 4095 4967 sive
4133 4920 4463 4981 peccatores,
4513 4911 4627 4965 sive
4666 4910 4843 4981 justos
4893 4910 5178 4974 excludat,
5216 4910 5303 4965 vel
5431 4860 5433 4939 Α

3740 5018 3904 5057 unum
3954 5017 4119 5072 genus
4170 5002 4445 5055 hominum
4486 5010 4733 5069 respuat;
4774 5001 4868 5056 sed
4913 5002 5037 5071 quia
5089 5013 5302 5054 omnem

3745 5094 3857 5146 vim
3884 5102 3939 5147 et
3976 5092 4327 5146 intentionem
4372 5090 4439 5144 ad
4485 5091 4754 5145 edocenda
4807 5088 5121 5145 obedientiaa
5166 5102 5305 5157 pra-

3746 5191 3899 5252 cepta
3927 5182 4236 5237 constituat.

3814 5272 4010 5327 Verum
4048 5272 4175 5325 dum
4212 5271 4328 5324 hac
4352 5268 4660 5334 scribimus,
4700 5283 4804 5324 non
4838 5264 5153 5338 ignoramus
5198 5279 5300 5319 nos
5408 5302 5409 5347 ξ

3741 5363 4003 5433 quosdam
4033 5361 4229 5415 fratres
4254 5357 4543 5424 oﬂ‘endere,
4575 5373 4670 5415 eos
4718 5359 4982 5422 videlicet,
5020 5355 5111 5426 qui
5157 5353 5299 5409 arbio

3743 5462 3953 5508 trantur
4000 5462 4055 5509 et
4110 5452 4496 5508 absolutionem
4552 5453 4877 5517 criminum,
4933 5459 4988 5507 et
5040 5449 5297 5503 virtutum

3740 5543 4034 5599 clausulam
4072 5543 4126 5597 in
4155 5542 4270 5598 sola
4302 5544 4563 5598 duntaxat
4604 5542 4958 5597 conversione
5008 5547 5291 5602 constare;

3738 5632 3893 5687 nobis
3916 5640 4094 5688 autem
4122 5630 4351 5689 sufficiat
4375 5632 4717 5704 respondere,
4741 5631 4866 5701 quia
4893 5630 5017 5686 dum
5047 5630 5148 5683 ista
5175 5643 5287 5698 pro-

3740 5722 3980 5787 ferimus,
4013 5723 4142 5778 nulli
4161 5724 4314 5793 juxta
4341 5722 4678 5793 Apostolum,
4706 5723 4926 5792 laqueos
4954 5721 5172 5791 injicere
5198 5734 5290 5771 vo-

3738 5810 3931 5875 lumus,
3962 5813 4055 5868 sed
4103 5812 4170 5867 ad
4211 5812 4311 5869 hoc
4342 5819 4547 5867 tantum
4574 5812 4715 5882 quod
4742 5810 4941 5867 bonum
4972 5820 5075 5874 est,
5111 5819 5286 5879 provo-
