5514 6646
250 16 4000 275 hu

2093 601 2187 660 503
2549 604 2607 655 S.
2639 599 2841 655 PETRI
2874 597 3155 654 DAMIANI
3188 595 3341 654 OPP.
3373 597 3607 655 TOMUS
3637 598 3767 654 SEU
3809 596 3986 653 PARS
4025 599 4110 653 lll.
4142 627 4210 642 σ-
4246 599 4512 656 OPUSCU
4527 599 4611 652 LA
4656 596 4878 652 VARIA.
5234 596 5325 652 3οι

2091 715 2270 778 mittit,
2301 710 2406 766 alia
2452 709 2745 765 secundum
2795 708 3080 776 imperium
3134 707 3355 775 praecipi
3405 721 3511 760 non
3575 721 3665 760 co-
3693 718 3738 775 Α
3771 708 3926 762 videli
3968 718 4017 762 et
4056 721 4111 762 ut
4140 724 4234 777 per
4267 710 4485 763 verbum
4536 709 4678 778 quod
4706 710 4873 771 audit,
4916 707 5139 761 scandat
5168 708 5231 761 ad
5259 723 5325 761 vi-

2119 808 2242 864 novi
2255 817 2271 850 π

2119 827 2271 864 nov"

2091 827 2118 880 ὅ
2157 900 2259 953 Hic
2302 898 2484 964 itaque
2517 895 2566 946 in
2593 894 2806 950 deserto
2837 895 3132 947 moriturus
3173 901 3271 950 est,
3304 890 3428 960 quia
3459 891 3585 943 dum
3612 890 3662 943 in

2091 989 2269 1046 carnis
2297 1002 2406 1041 sua:
2429 984 2790 1052 voluptatibus
2821 984 3130 1052 ignobiliter
3155 981 3380 1043 habitat,
3417 980 3481 1032 ad
3524 980 3668 1033 oliti-

2091 1079 2315 1133 nendam
2346 1073 2584 1141 suijuris
2615 1084 2813 1128 terram
2841 1089 2937 1142 per
2967 1073 3208 1126 laborum
3231 1072 3531 1125 certamina
3559 1087 3662 1123 non

2091 1168 2347 1229 desudat;
2406 1166 2517 1219 sive
2565 1180 2688 1218 cum
2745 1163 3030 1218 Rubenitis
3078 1172 3131 1215 et
3176 1160 3474 1215 Galaaditis
3514 1173 3665 1214 ante-

2089 1275 2246 1329 quam
2279 1256 2574 1313 Jordanem
2623 1266 2880 1318 transeat,
2928 1256 3126 1322 figitur,
3180 1264 3341 1322 atque
3381 1254 3501 1306 ideo
3556 1265 3664 1306 ter-

2090 1363 2200 1402 ram
2225 1348 2382 1402 laetis
2412 1357 2467 1401 et
2498 1347 2670 1401 mellis
2695 1345 2854 1415 295
2887 1344 3162 1413 possidere
3190 1354 3305 1412 post
3330 1345 3660 1409 triumphum

2087 1455 2208 1494 cum
2264 1437 2386 1492 aliis
2431 1437 2677 1491 tribubus
2709 1451 2812 1489 non
2855 1445 3116 1496 meretur,
3171 1434 3488 1488 intentionis
3554 1447 3662 1485 sua:

2087 1528 2377 1582 terminum
2404 1525 2584 1594 posuit
2614 1542 2625 1574 :
2667 1533 2720 1577 et
2751 1524 2877 1591 quia
2911 1523 3087 1575 adhuc
3119 1523 3170 1574 in
3204 1521 3548 1590 expeditione
3575 1536 3662 1588 po-

2085 1620 2240 1682 situs,
2287 1619 2399 1688 jam
2430 1617 2574 1671 domi
2608 1632 2666 1671 se
2714 1617 2959 1670 habitare
3000 1615 3190 1678 credit,
3234 1615 3298 1668 ad
3331 1614 3662 1668 haereditatis

2084 1724 2192 1764 sua:
2234 1707 2557 1771 funiculum,
2603 1707 2694 1760 ubi
2759 1724 2885 1761 vera
2931 1717 3012 1761 est
3069 1708 3317 1776 requies,
3375 1717 3425 1760 ct
3471 1719 3658 1758 secura

2084 1801 2471 1870 tranquillitas,
2523 1816 2628 1854 non
2662 1797 2900 1870 attingit.

2674 1908 2900 1962 CAPUT
2943 1909 3048 1960 VIII

2083 1997 2158 2053 De
2181 1999 2282 2052 vita
2333 1999 2502 2052 activa
2537 2007 2584 2050 et
2635 1999 3049 2118 corttleintqlulliva,
3090 1998 3181 2050 sub
3223 1997 3396 2065 ﬁgura
3450 1995 3560 2049 Liw
3611 2006 3656 2049 et

2790 2085 2848 2118 ac
2870 2084 2916 2118 ie
2942 2084 3004 2118 ts.

2790 2084 3004 2119 acuens.

2110 2211 2123 2222 ,
2150 2157 2339 2214 Omnis
2366 2158 2596 2226 denique
2627 2165 2808 2211 nostra
2837 2157 3141 2221 conversio,
3183 2167 3235 2210 et
3260 2157 3657 2211 abrenuntiatio

2081 2249 2264 2305 saeculi
2295 2249 2362 2302 ad
2390 2247 2461 2302 nil
2494 2247 2660 2311 aliud,
2694 2247 2795 2300 nisi
2826 2248 2889 2300 ad
2921 2249 3156 2316 requiem
3188 2247 3387 2312 tendit;
3422 2248 3513 2299 sed
3546 2247 3657 2299 lnec

2081 2341 2296 2410 requies
2339 2340 2419 2393 sic
2460 2338 2779 2405 acquiritur,
2811 2338 2854 2390 si
2901 2338 3051 2406 prius
3091 2339 3252 2391 homo
3285 2338 3510 2390 diversis
3539 2351 3658 2390 cer-

2084 2431 2345 2485 taminum
2376 2428 2651 2483 laboribus
2683 2437 2990 2491 exercetur,
3022 2436 3102 2491 ut,
3141 2434 3385 2480 cessante
3417 2434 3652 2494 postmo-

2082 2520 2209 2575 dum
2261 2519 2403 2573 omni
2455 2517 2919 2586 perturbationum
2973 2518 3223 2585 strepitu,
3280 2531 3377 2584 per
3424 2516 3653 2585 gratiam

2081 2607 2549 2679 contemplationis
2581 2607 2942 2662 transferatur
2972 2608 3186 2661 animus
3209 2609 3271 2660 ad
3296 2605 3654 2676 indagandam

2081 2700 2316 2768 speciem
2351 2698 2613 2752 veritatis.
2648 2697 2753 2750 Sed
2783 2713 2907 2750 cum
2950 2698 3018 2750 ad
3044 2697 3187 2751 hanc
3230 2697 3492 2766 requiem,
3519 2698 3659 2751 sicut

2079 2791 2284 2845 dictum
2305 2797 2406 2850 est,
2434 2802 2538 2840 non
2580 2789 2682 2840 nisi
2714 2802 2810 2855 per
2856 2786 3070 2841 labores
3098 2795 3152 2841 et
3198 2788 3497 2841 certamina
3529 2803 3653 2856 per-

2077 2880 2314 2943 venitur,
2374 2876 2642 2946 quomodo
2691 2879 2812 2946 quis
2859 2878 2926 2930 ad
2972 2879 3212 2945 requiem
3265 2877 3532 2946 pervenit,
3566 2878 3656 2946 qui

2077 2972 2308 3024 necdum
2342 2967 2408 3020 ad
2438 2968 2734 3021 certamina
2769 2968 2902 3035 ipsa,
2943 2982 3063 3034 qua:
3094 2968 3147 3020 in
3177 2970 3353 3021 medio
3381 2977 3506 3021 sunt
3536 2984 3657 3021 ωη-

2077 3060 2285 3124 stituta,
2317 3059 2630 3113 descendit?
2671 3058 2789 3124 Quo
2838 3058 2980 3113 enim
3014 3067 3172 3126 pacto
3203 3061 3322 3127 quis
3355 3059 3532 3113 valeat
3560 3075 3658 3112 au-

2080 3148 2186 3202 lam
2228 3149 2434 3218 ingredi
2477 3153 2697 3215 regiam,
2733 3149 2775 3202 si
2819 3162 2960 3211 eam,
3008 3163 3129 3215 qua:
3171 3164 3280 3218 prae
3322 3151 3529 3204 toribus
3553 3159 3654 3214 est,

2078 3240 2314 3295 nondum
2341 3240 2589 3293 transivit
2623 3241 2882 3294 arenam?
2919 3240 3021 3306 Qui
3052 3241 3408 3310 propaginare
3437 3257 3543 3296 non
3572 3241 3656 3295 di-

2079 3332 2228 3397 dicit,
2273 3332 2362 3400 qui
2407 3330 2686 3399 palmitum
2715 3340 2991 3385 sarmenta
3036 3345 3142 3385 non
3189 3333 3380 3395 secuit,
3414 3331 3504 3400 qui
3557 3330 3659 3402 gle-

3772 801 4002 854 dentium
4040 799 4358 868 principium
4387 799 4527 868 quod
4557 799 4822 868 quzesivit.

3843 892 3944 945 Sed
3971 905 4187 943 necesse
4219 900 4302 943 est
4332 900 4389 944 ut
4431 892 4574 943 hunc
4616 890 4955 943 diversorum
4989 892 5322 944 certaminum

3769 979 3923 1033 labor
3952 990 4225 1043 exerceat,
4259 989 4547 1048 antequam
4598 981 4664 1032 ad
4711 979 4908 1048 quietis
4940 981 5138 1032 intima:
5164 983 5322 1041 suavi-

3769 1082 4137 1140 tatem,quam
4190 1073 4538 1136 concupiscit,
4592 1072 4847 1141 attingat.
4878 1070 5033 1124 Prius
5086 1071 5324 1125 servitute

3766 1167 4102 1234 deprimitur,
4133 1177 4187 1218 ιιι
4214 1167 4334 1235 jure
4381 1165 4723 1235 postmodum
4753 1164 4818 1217 ad
4845 1165 5093 1233 perfecta:
5128 1164 5322 1219 liberta-

3768 1257 3832 1308 tis
3867 1255 4048 1308 titulus
4076 1255 4421 1323 provehatur.
4458 1253 4674 1322 Septem
4709 1269 4837 1307 vero
4864 1255 5019 1306 annis
5051 1253 5151 1306 sub
5194 1252 5323 1308 deal-

3765 1344 3999 1398 bationis
4054 1346 4225 1413 gratia
4286 1346 4473 1408 servit,
4537 1361 4658 1398 cum
4728 1353 4931 1413 septem
4983 1359 5044 1397 ea
5095 1359 5210 1413 qum
5264 1343 5322 1397 ad

3761 1436 3992 1503 proximi
4075 1436 4410 1489 dilectionem
4489 1434 4654 1505 296
4722 1436 5015 1503 pertinent,
5093 1434 5321 1504 Decalogi

3765 1526 4015 1578 mandata
4068 1526 4302 1578 custodit
4346 1541 4358 1576 :
4411 1525 4655 1578 videlicet
4684 1532 4741 1577 ut
4787 1526 4961 1593 primo
4995 1525 5184 1578 timore
5210 1540 5324 1578 con-

3763 1614 4004 1674 strictus,
4031 1623 4192 1681 atque
4221 1615 4338 1668 ideo
4356 1616 4634 1667 servitutis
4656 1615 4786 1684 jngo
4809 1615 5117 1685 depressus,
5145 1614 5320 1669 saltem

3761 1718 3789 1756 a
3818 1713 4038 1756 vetusta:
4085 1703 4217 1771 legis
4251 1704 4746 1771 incipiatinstitutis
4779 1701 4974 1773 (Exod.
5002 1706 5118 1772 xx),
5162 1713 5218 1758 ut
5245 1703 5318 1757 ni-

3765 1791 3963 1844 mirum
4018 1802 4272 1860 parentes
4320 1793 4566 1855 honoret,
4610 1802 4667 1846 ut
4717 1810 4821 1847 non
4865 1794 5182 1859 maecbetur,
5226 1809 5321 1850 non

3760 1881 3992 1943 oecidat,
4041 1897 4144 1933 non
4175 1881 4403 1945 furetur,
4437 1896 4540 1935 non
4580 1881 4774 1935 falsum
4821 1882 5179 1938 testimonium
5207 1898 5324 1952 pro-

3762 1975 3921 2036 ferat.
3972 1993 4076 2029 non
4113 1992 4333 2029 uxorem
4364 1976 4608 2042 alterius,
4645 1993 4750 2029 non
4782 1993 4892 2031 rem
4936 1977 5164 2046 proximi
5201 1991 5319 2030 con-

3695 2061 3736 2119 Β
3765 2066 4024 2132 cupiscat.
4069 2065 4271 2129 Quibus
4322 2064 4421 2117 rite
4451 2066 4700 2127 servatis,
4756 2081 4860 2117 non
4893 2081 5034 2126 mox,
5071 2074 5128 2119 ut
5153 2077 5324 2134 spera-

3760 2157 3873 2219 bat,
3901 2158 3964 2209 ad
3995 2157 4463 2223 contemplationis
4489 2156 4881 2209 oblectamenta
4914 2155 5240 2225 perducitur,
5271 2164 5323 2207 ut

3760 2247 3906 2299 velut
3943 2256 4252 2315 exspectata
4303 2247 4389 2299 diu
4423 2246 4618 2300 Rachel
4660 2246 5057 2315 pulchritudine
5088 2246 5319 2316 perfrua-

3760 2347 3878 2403 tur;
3922 2339 4013 2393 sed
4044 2339 4136 2391 Lia
4170 2339 4268 2391 sibi
4313 2355 4408 2406 per
4434 2348 4644 2391 noctein
4676 2339 4950 2407 inopinata
4991 2340 5318 2408 supponitur,

3758 2430 3883 2498 quia
3925 2431 4065 2483 inter
4099 2431 4344 2483 huniance
4373 2427 4533 2496 hujus
4575 2429 4894 2498 ignorantia:
4928 2429 5175 2484 tenebras
5203 2426 5324 2483 tole-

3758 2519 3932 2572 rantia
3983 2519 4081 2571 sibi
4131 2518 4331 2571 laboris
4391 2517 4705 2586 injungitur.
4747 2518 4824 2571 Ex
4855 2533 4958 2586 qua
4996 2526 5171 2572 tamen
5216 2516 5324 2584 jam

3758 2623 4099 2662 numerosam
4126 2607 4359 2660 sobolem
4397 2608 4643 2674 suscipit,
4671 2608 4796 2675 quia
4832 2608 5022 2661 uberes
5042 2605 5325 2676 Spiritualis

3759 2699 3893 2753 lucri
3926 2715 4022 2768 per
4055 2700 4196 2752 hunc
4225 2699 4465 2752 laborent
4506 2699 4715 2752 fructus
4745 2700 4994 2768 acquirit.

3829 2787 3976 2842 Hanc
4022 2788 4203 2856 itaque
4247 2788 4457 2852 tolerat,
4490 2796 4547 2840 ut
4572 2789 4639 2841 ad
4679 2787 4819 2841 illam
4849 2788 5172 2858 quandoque
5211 2802 5328 2857 per-

3759 2880 3957 2941 veniat,
3991 2895 4146 2947 quam
4178 2888 4589 2947 perseveranter
4618 2879 4784 2932 am’at.
4835 2878 5103 2934 Suadetur
5129 2893 5254 2950 ergo
5275 2886 5330 2932 nt

3758 2967 3891 3021 alios
3949 2978 4154 3037 septem
4185 2983 4354 3021 annos
4404 2969 4607 3022 servire
4636 2969 4881 3032 desudet,
4909 2969 5033 3041 quia
5093 2969 5328 3039 profecto

3757 3071 3978 3110 necesse
4013 3066 4096 3110 est
4131 3065 4188 3110 ut
4227 3057 4402 3111 adhuc
4432 3058 4535 3109 alia
4587 3068 4793 3127 septem
4826 3069 5092 3129 praecepta
5119 3074 5331 3115 conser-

3756 3155 3864 3210 vet,
3898 3147 3990 3200 sed
4014 3146 4126 3216 jam
4160 3146 4436 3218 aliquanto
4466 3147 4707 3212 liberior,
4735 3164 4838 3203 non
4862 3149 5050 3220 legalia
5084 3158 5333 3219 tanquam

3759 3251 3965 3303 servus,
4000 3239 4091 3292 sed
4137 3239 4447 3308 evangelica
4473 3240 4615 3294 sicut
4655 3256 4861 3311 gener:
4897 3242 5144 3297 videlicet
5180 3251 5238 3296 ut
5265 3243 5342 3297 sit

3761 3344 3966 3397 pauper
4013 3331 4222 3400 spiritu,
4255 3333 4324 3384 sit
4374 3333 4539 3398 mitis,
4569 3333 4771 3412 lugeat,
4807 3331 5030 3400 esuriat,
5083 3335 5334 3406 sitiatque

2080 3427 2178 3481 bas
2201 3417 2430 3481 sarculis
2452 3439 2724 3494 nunquam
2764 3424 2946 3494 fregit,
2980 3423 3071 3494 qui
3110 3424 3416 3478 vomeribus
3445 3423 3656 3477 novalia
3686 3422 3729 3484 C
3755 3418 4020 3486 justitiam
4075 3420 4290 3489 (Mali/l-
4325 3424 4412 3489 V);
4474 3424 4545 3476 Sil
4583 3424 4914 3489 misericors.
4945 3428 5202 3481 mundum
5242 3443 5334 3482 σοι·

2078 3532 2187 3571 non
2235 3515 2486 3578 suleavit,
2537 3513 2807 3582 quomodo
2845 3514 3088 3568 excussis
3143 3513 3308 3581 paleis
3357 3513 3410 3567 in
3462 3514 3657 3568 horreo

2080 3610 2347 3662 frumenta
2392 3605 2703 3667 recondere,
2737 3615 2828 3658 aut
2851 3605 3028 3674 plenis
3067 3613 3244 3657 musto
3272 3603 3550 3658 canalibus
3573 3602 3656 3658 vi-

2079 3701 2230 3753 naria
2260 3708 2456 3768 poterit
2489 3697 2774 3750 amovere?

2150 3789 2319 3842 Porro
2369 3801 2475 3841 non
2515 3787 2805 3842 obscurum
2855 3795 2936 3841 est
2962 3787 3103 3855 quod
3143 3786 3324 3840 Laban
3358 3786 3490 3839 duas
3523 3784 3661 3839 tilias

2080 3880 2286 3945 habuit,
2332 3895 2560 3948 quarum
2602 3879 2873 3947 iuniorem
2901 3879 3066 3933 Jacob
3098 3880 3150 3932 in
3178 3879 3485 3949 conjugium
3526 3895 3657 3934 con-

2082 3968 2303 4037 cupivit,
2362 3968 2429 4022 ad
2480 3969 2633 4036 cujus
2674 3977 2850 4022 tamen
2905 3969 3181 4037 amplexus
3220 3968 3505 4037 pervenire
3552 3984 3657 4022 non

2080 4061 2272 4130 potuit,
2306 4062 2474 4115 donec
2503 4060 2760 4130 majorem
2799 4060 3041 4130 ignarus,
3087 4069 3250 4130 atque
3300 4060 3420 4114 ideo
3458 4061 3660 4115 invitus

2083 4153 2312 4220 accepit.
2346 4150 2452 4204 Sed
2495 4151 2622 4219 quia
2678 4151 3122 4206 rem-scientibus
3147 4151 3360 4218 loquor,
3390 4165 3494 4204 non
3527 4151 3658 4204 mihi

2085 4243 2270 4297 multis
2294 4243 2678 4297 elaborandum
2706 4250 2787 4296 est
2817 4244 3019 4297 verbis.
3063 4241 3245 4298 Laban
3289 4243 3484 4312 quippe
3514 4245 3660 4296 deal-

2084 4333 2224 4385 batio
2276 4333 2680 4402 interpretatur.
2725 4332 2856 4398 Quis
2891 4341 3068 4386 autem
3098 4331 3162 4384 ad
3191 4315 3357 4385 Deum
3391 4336 3658 4388 coaverti-

2085 4433 2194 4485 tur,
2247 4423 2346 4476 nisi
2381 4431 2438 4475 tit
2493 4421 2732 4489 deposita
2761 4431 3102 4490 peccatorum
3129 4421 3414 4489 nigredine
3455 4437 3550 4491 per
3579 4439 3659 4477 re-

2083 4513 2355 4568 missionis
2383 4512 2612 4583 gratiam
2667 4512 2982 4567 dealbetnr?
3023 4510 3176 4566 Sicut
3226 4512 3342 4581 ipse
3379 4511 3660 4582 pollicetur

2082 4601 2269 4656 dicens
2319 4619 2334 4654 :
2375 4620 2393 4654 ι
2427 4601 2484 4656 Si
2512 4600 2707 4658 fuerint
2733 4613 2954 4670 peccata
2986 4610 3164 4656 vestra
3193 4603 3348 4671 quasi
3393 4604 3657 4657 vermicu-

2081 4692 2184 4756 lus,
2217 4700 2471 4761 tanquam
2498 4693 2589 4744 nix
2616 4691 3003 4746 dealbabuntur
3027 4692 3160 4762 (Isa.
3195 4694 3256 4765 ι).
3289 4713 3308 4746 ι
3343 4693 3495 4761 Quod
3525 4695 3652 4749 felix

2083 4782 2172 4836 ille
2192 4783 2443 4853 peccator
2487 4782 2815 4852 postulabat,
2838 4799 2960 4838 cum
2986 4783 3190 4839 diceret
3217 4764 3233 4838 γε
3268 4803 3286 4835 ι
3335 4784 3652 4852 Mundabor,
3687 4764 3735 4823 Ῑ)

2083 4873 2287 4954 lavabis
2332 4889 2436 4938 me,
2464 4883 2518 4928 et
2544 4889 2704 4944 super
2754 4877 2930 4930 nivem
2969 4875 3453 4948 dealbabor(Psal.
3507 4878 3581 4942 ι).
3633 4897 3649 4928 ι

2084 4963 2178 5017 Lia
2228 4963 2616 5032 interpretatur
2662 4962 2949 5028 laborans;
3001 4964 3225 5029 Rachel,
3280 4967 3508 5028 verbum,
3543 4968 3657 5022 sive

2083 5057 2248 5109 uisum
2293 5054 2623 5123 principium.
2668 5037 2772 5108 Sed
2806 5054 2850 5108 si
2891 5054 3224 5124 Scripturam
3261 5056 3548 5128 diligenter
3580 5069 3660 5112 at-

2084 5145 2374 5210 tendimus,
2398 5159 2498 5199 nec
2520 5159 2626 5198 uno
2647 5144 2860 5212 quidem
2882 5144 2966 5198 die
2989 5146 3221 5200 servisse
3247 5146 3413 5202 Jacob
3438 5157 3657 5217 propter

2085 5235 2195 5289 Liae
2229 5233 2551 5288 desiderium
2582 5233 2903 5303 reperimus,
2939 5235 3031 5288 sed
3059 5249 3154 5303 per
3175 5243 3314 5290 totas
3338 5235 3457 5291 illas
3486 5253 3653 5292 anno-

2085 5339 2206 5377 rum
2238 5322 2602 5378 hebdomadas
2647 5338 2746 5392 pro
2794 5324 2904 5378 sola
2960 5324 3161 5380 Rachel
3201 5327 3448 5380 servituti
3481 5325 3659 5394 subja-

2084 5415 2227 5478 cuit;
2281 5415 2502 5484 insuper
2544 5423 2600 5469 et
2628 5415 2796 5484 ipsam
2826 5415 2974 5469 Liam
3019 5415 3086 5469 ad
3126 5416 3267 5471 illius
3297 5418 3549 5472 intuitum
3581 5429 3656 5473 to-

2084 5505 2298 5559 leravit.
2322 5503 2454 5573 Quis
2482 5504 2625 5558 enim
2670 5505 2737 5559 ad
2776 5503 2942 5559 Deum
2990 5506 3188 5562 idcirco
3217 5510 3567 5573 convertitur,
3600 5519 3659 5563 ut

2087 5595 2300 5663 labores
2329 5604 2384 5648 et
2427 5610 2713 5660 mrumnas,
2755 5611 2816 5649 ac
2848 5598 3197 5652 tentationum
3225 5602 3522 5656 certamina
3564 5616 3656 5670 pa-

2087 5685 2293 5739 tiatur?
2327 5685 2510 5740 Omnis
2570 5686 2711 5741 enim
2767 5690 2931 5745 Deum
2966 5692 3252 5757 qurerentis
3281 5691 3507 5747 intentio
3558 5695 3660 5748 hoc

2089 5786 2290 5846 sperat,
2325 5778 2391 5832 ad
2419 5777 2520 5833 hoc
2574 5789 2800 5848 spectat,
2853 5791 2910 5836 ut
2941 5783 3007 5836 ad
3045 5785 3284 5853 requiem
3339 5786 3662 5856 quandoque

2097 5870 2410 5938 perveniat;
2473 5879 2526 5925 et
2577 5871 2630 5925 in
2679 5888 2898 5928 summa?
2948 5877 3415 5947 contemplationis
3443 5879 3662 5948 gaudio,

2067 5958 2239 6017 velut
2287 5961 2337 6014 in
2392 5958 2628 6031 pulchra:
2675 5961 2872 6019 Rachel
2921 5965 3258 6038 amplexibus
3311 5971 3657 6041 requiescat;

3759 3511 3979 3577 habeat,
4015 3514 4083 3566 sit
4114 3526 4385 3582 postremo
4419 3516 4697 3585 paeiticns.
4736 3507 5024 3574 Enimvero
5053 3519 5211 3574 vellet
5243 3520 5336 3575 ho-

3759 3619 3848 3658 mo
3880 3605 3925 3658 si
3951 3607 4063 3658 lieri
4107 3614 4306 3674 posset,
4343 3606 4515 3660 nullas
4541 3609 4759 3676 quidem
4789 3609 5032 3674 laborum
5067 3611 5339 3667 molestias

3761 3696 3986 3765 agendo,
4021 3697 4099 3750 vel
4133 3697 4384 3766 patiendo
4412 3699 4672 3768 perferre,
4719 3702 4811 3756 sed
4842 3706 5086 3772 protinus
5120 3705 5173 3759 in
5206 3703 5338 3775 ipsis

3761 3786 3840 3838 sui
3876 3786 4109 3840 tirocinii
4159 3789 4480 3844 rudimentis
4504 3790 4569 3843 ad
4601 3791 4840 3860 pulchrae
4865 3795 5334 3864 contemplationis

3760 3877 3980 3932 delicias
4025 3880 4343 3947 pervenire;
4382 3890 4752 3938 verumtamen
4806 3885 4906 3940 hoc
4958 3900 5060 3940 non
5109 3887 5162 3940 in
5195 3895 5339 3942 terra

3734 3970 4104 4023 .morientium
4147 3971 4225 4037 tit,
4281 3973 4374 4025 sed
4413 3973 4465 4025 in
4503 3983 4646 4028 terra
4706 3975 5032 4042 viventium;
5083 3978 5227 4046 quod
5267 3979 5340 4032 si-

3761 4060 4018 4130 gniﬁcare
4052 4061 4408 4115 videturillud
4459 4065 4598 4131 quod
4632 4080 4660 4117 a
4689 4065 4856 4119 Jacob
4884 4067 5079 4122 dicitur
5111 4085 5123 4121 :
5164 4087 5184 4119 ι
5218 4067 5339 4124 Non

3762 4159 3863 4212 est,
3899 4151 4068 4220 inquit
4121 4152 4322 4216 Laban,
4375 4154 4428 4206 in
4456 4154 4573 4208 loco
4599 4165 4785 4210 nostro
4824 4159 5252 4224 consuetudinis,
5282 4168 5342 4212 ut

3760 4241 3996 4294 minores
4029 4253 4154 4296 ante
4186 4241 4459 4297 tradamus
4477 4245 4542 4298 ad
4571 4245 4784 4315 nuptias
4812 4245 4963 4316 (Gen.
4991 4250 5160 4318 xxix).
5189 4268 5210 4301 ι
5230 4246 5349 4304 Nec

3761 4330 3990 4385 absurde
4042 4334 4214 4403 major
4243 4334 4564 4403 appellatur,
4593 4353 4710 4406 qua:
4755 4339 4901 4408 prior
4945 4348 5027 4394 est
5074 4350 5338 4408 tempore.

3761 4421 3915 4478 Prior
3946 4432 4030 4477 est
4084 4426 4225 4479 enim
4279 4426 4333 4478 in
4393 4425 4626 4482 hominis
4675 4431 4978 4486 eruditione.
5011 4433 5163 4489 labor
5209 4435 5341 4490 boni

3760 4516 3957 4584 operis,
3987 4532 4146 4585 quam
4175 4519 4388 4588 requies
4427 4521 4924 4590 contemplationis.
4964 4523 5206 4593 Expletis
5237 4526 5346 4579 ita-

3760 4620 3863 4674 que
3890 4607 4094 4662 duabus
4123 4609 4569 4675 hebdomadibus,
4598 4612 4766 4665 altera
4807 4611 5054 4667 videlicet
5079 4612 5215 4683 legis
5243 4630 5344 4669 an-

3762 4700 3944 4770 tiquae,
3968 4699 4131 4754 altera
4159 4702 4483 4773 evangelica:
4506 4705 4711 4772 gratiae,
4745 4721 4866 4760 mox
4907 4707 4972 4760 ad
5003 4707 5092 4762 diu
5115 4707 5337 4762 deside-

3762 4799 3894 4844 rata:
3945 4790 4192 4844 Rachclis
4238 4793 4548 4860 pervenitur
4601 4795 4906 4864 amplexus;
4935 4797 5060 4865 quia
5088 4797 5342 4866 quisquis

3764 4881 4071 4948 pertingere
4099 4880 4166 4934 ad
4201 4881 4394 4936 divinae
4438 4885 4905 4954 contemplationis
4942 4885 5342 4944 oblectamenta

3758 4971 4057 5035 desiderat,
4084 4971 4235 5039 prius
4260 4988 4478 5029 necesse
4501 4984 4586 5029 est
4611 4985 4666 5029 ut
4697 4977 4976 5046 utriusque
5002 4975 5341 5032 Testamenti

3762 5079 4019 5133 peragere
4040 5066 4290 5120 mandata
4316 5070 4631 5124 contendat.

4358 5159 4584 5214 CAPUT
4623 5160 4713 5215 IX.

4253 5246 4331 5302 De
4359 5246 4556 5316 Zelpha
4601 5262 4649 5303 et
4678 5250 4832 5304 Bala.

3830 5334 3933 5389 Sed
3966 5337 4324 5404 quia,electus
4353 5340 4584 5409 quisque
4626 5341 4975 5410 perfectionis
5005 5356 5117 5396 sum
5158 5341 5343 5398 limite

3735 5439 3859 5479 ‘non
3907 5437 4214 5491 contentus,
4265 5428 4401 5484 ﬁlios
4434 5431 4596 5483 etiam
4641 5433 4746 5484 Deo
4799 5431 5019 5501 gignere
5059 5431 5342 5500 spirituali

3755 5513 4082 5572 fecunditate
4134 5519 4422 5584 desiderat,
4476 5532 4762 5591 postquam
4821 5520 5100 5593 coniugale
5154 5523 5344 5578 {cadus

3760 5603 3924 5661 Jacob
3961 5624 4081 5663 cum
4109 5608 4316 5665 duabus
4345 5612 4626 5667 sororibus
4657 5613 4796 5676 iniit,
4815 5613 4897 5667 ‘ad
4925 5612 5342 5683 propagandum

3763 5698 4027 5753 uberioris
4038 5714 4260 5769 germen
4275 5701 4493 5766 sobolis,
4511 5702 4735 5758 ancillas
4752 5717 4964 5772 quoque
4979 5703 5044 5756 ad
5061 5717 5337 5774 generan-

3765 5788 3814 5842 di
3853 5803 4007 5842 usum
4037 5791 4313 5860 suscipere
4341 5808 4447 5847 non
4479 5794 4675 5863 refugit
4715 5791 4866 5863 (Gen.
4903 5797 5051 5862 χιιι).
5081 5805 5250 5863 atque
5281 5802 5357 5848 ut.

3766 5883 3946 5937 omnia
3985 5885 4356 5954 spiritualihus
4388 5887 4754 5959 intelligantur
4789 5888 5094 5943 redundare
5133 5896 5346 5958 myste-

3767 5973 3880 6040 riis,
3910 5972 4022 6046 ipsa
4064 5990 4277 6046 quoque
4325 5977 4904 6033 ancillarum'nomina
4949 5979 5048 6035 sub
5091 5974 5352 6048 mysticis
