4276 6356
204 394 331 449 505

1046 393 1288 453 OPUSC.
1324 393 1459 448 XIII.
1495 423 1561 432 ο-
1588 391 1674 444 DE
1711 386 2184 444 Piilili'tiCTiONE
2223 387 2530 444 MONACH.

3413 383 3516 439 506

208 522 358 568 sunt
406 511 688 568 enuntiata
747 511 953 583 ﬁguris.
1015 511 1151 566 Nam
1227 510 1353 564 Buta
1428 505 1814 573 interpretatur
1844 507 1886 560 Α
1921 506 2130 570 plativrc
2163 511 2284 556 utre
2308 504 2585 572 perferam
2614 497 2872 564 fructum,
2900 496 2994 550 sed
3022 496 3089 550 ad
3121 497 3226 550 hoc
3253 496 3432 564 potius
3456 477 3519 552 ut

210 605 540 678 inveterata.
609 601 755 657 Sane
803 603 930 671 quia
980 601 1313 655 intellectum
1364 595 1660 668 Spiritualis
1693 594 1819 646 sub-

212 695 447 748 stantire
484 694 646 748 nudis
682 693 858 747 verbis
899 693 1135 745 humana
1187 692 1368 761 lingua
1409 687 1594 756 nequit
1641 683 1818 752 etrpri-

212 804 402 851 mere,
449 791 773 858 quandoque
825 787 1070 840 doctrina
1124 785 1401 854 sapientiae
1429 797 1524 850 per
1556 778 1818 847 quasdam

211 895 526 949 corporeus
573 876 960 932 similitudines
1041 876 1348 930 audientem
1407 871 1598 924 nititur
1653 868 1820 921 infor-

210 988 404 1027 mare.
466 973 539 1025 De
580 971 748 1024 veteri
804 978 984 1024 autem
1039 970 1148 1023 vita
1180 1007 1194 1031 ,
1251 976 1306 1021 et
1365 963 1673 1018 carnalibus
1699 974 1819 1014 sen-

212 1064 382 1118 sibus
435 1062 633 1126 dedita,
682 1075 959 1130 corporeae
988 1061 1296 1130 cogitantur
1343 1057 1609 1126 imagines
1645 1073 1656 1105 :
1688 1068 1819 1122 qua-

213 1168 350 1207 rum
399 1153 647 1208 videlicet
701 1151 768 1205 ad
823 1151 1123 1206 docendum
1156 1164 1288 1203 usus
1332 1132 1661 1207 assumitur,
1697 1158 1816 1196 cum

215 1242 436 1312 aliquid
521 1257 586 1296 ex
655 1238 1192 1310 incomprehensibili
1270 1247 1326 1290 et
1394 1231 1818 1288 incommutabili

215 1333 472 1388 essentia
541 1332 844 1387 divinitatis
907 1331 1144 1385 auditur.
1214 1327 1417 1382 Rachel
1466 1328 1646 1394 itaque
1701 1339 1816 1376 ma-

218 1423 330 1479 luit
360 1423 524 1494 297
549 1432 822 1492 utcunque
855 1421 993 1476 ﬁlios
1014 1438 1080 1476 ex
1111 1421 1305 1475 ancilla
1337 1421 1629 1487 suscipere,
1657 1431 1817 1484 quam

217 1514 458 1568 omnino
481 1512 686 1567 sterilis
713 1527 1067 1582 permanere;
1093 1511 1216 1580 quia
1249 1509 1491 1563 doctrina
1518 1505 1817 1575 sapicrttim,

221 1604 349 1658 sive
394 1605 570 1674 gratia
625 1601 1134 1672 contemplationis,
1162 1617 1257 1670 per
1284 1599 1611 1654 exteriorum
1647 1597 1820 1649 scicn-

228 1693 394 1756 tiam,
428 1693 513 1747 vel
545 1691 840 1746 visibilium
868 1706 1046 1744 rerum
1079 1689 1300 1753 formas,
1333 1686 1668 1741 auditoribus
1695 1684 1816 1737 inti~

231 1793 350 1837 mat
401 1782 664 1852 quidquid
708 1782 773 1836 de
815 1779 1176 1835 invisibilibus
1220 1780 1360 1833 intra
1400 1791 1598 1831 arcana
1625 1773 1820 1828 mentis

1922 595 2122 664 pmprii
2161 593 2396 657 arbitrii,
2442 603 2660 658 suaeque
2705 587 2998 656 voluntatis
3043 586 3302 656 expleant
3353 601 3517 657 appe-

1923 685 2098 739 tilum.

1997 776 2055 830 lli
2107 786 2234 830 sunt
2272 775 2527 852 denique,
2562 775 2651 842 qui
2687 773 2753 828 ad
2782 771 3037 843 quaslibet
3081 770 3387 840 peragenda
3425 785 3519 824 ne-

1923 868 2066 938 gotia
2109 870 2216 922 huc
2257 869 2382 922 illuc
2411 867 2588 921 votiva
2613 866 2814 936 iugiter
2840 864 3130 933 vagatione
3161 863 3471 917 discurrunt
3498 879 3511 922 ;

1922 966 1975 1010 ct
2015 957 2139 1010 dum
2180 958 2469 1026 quiescere
2511 956 2786 1020 nesciunt,
2818 954 2995 1009 videri
3030 953 3176 1007 velut
3202 953 3520 1007 obedientes

1925 1048 2149 1102 volunt:
2183 1049 2370 1118 sicque
2417 1049 2662 1104 morbum
2705 1049 2820 1102 vitii
2862 1061 2974 1116 quo
3018 1046 3290 1111 laborant,
3323 1060 3518 1116 super-

1921 1141 2083 1193 ducto
2105 1141 2375 1194 velamine
2407 1140 2622 1194 virtutis
2645 1139 2993 1194 obumbrant.
3026 1137 3088 1191 lli
3115 1137 3372 1192 nimirum
3406 1150 3516 1192 non

1924 1234 2124 1288 idcirco
2151 1234 2425 1288 laboribus
2452 1242 2779 1296 atteruntur,
2826 1242 2884 1285 ut
2928 1231 3208 1295 obediant,
3252 1230 3348 1285 sed
3393 1230 3515 1283 ideo

1921 1325 2035 1377 suis
2059 1325 2364 1393 pt‘prsilis
2390 1325 2611 1379 obedire
2649 1324 2969 1385 deliberant,
3005 1332 3062 1376 ut
3093 1321 3369 1377 laborandi
3402 1336 3516 1374 ma-

1926 1415 2117 1467 teriam
2149 1430 2252 1468 non
2283 1416 2556 1480 amittant,
2607 1417 2776 1469 otium
2823 1415 3080 1469 videlicet
3131 1414 3382 1479 tolerant,
3430 1411 3513 1467 la-

1925 1507 2053 1562 bore
2099 1507 2382 1573 fruuntur;
2429 1507 2556 1576 quia
2593 1508 2951 1576 vagationem,
2993 1507 3254 1575 quietem,
3286 1503 3514 1559 molam-

1923 1615 2028 1668 que
2078 1599 2416 1670 negotiorum
2468 1600 2717 1663 volvere,
2779 1617 3003 1656 suavem
3064 1602 3325 1669 deputant
3363 1597 3514 1653 volu-

1924 1700 2148 1758 ptatem.
2217 1689 2356 1744 Sunt
2424 1693 2567 1745 cnim
2635 1694 2883 1760 quaedam
2951 1692 3148 1745 animte
3204 1688 3513 1759 paralytica:

1925 1780 2090 1851 298
2112 1796 2232 1850 quae
2261 1797 2318 1835 se
2334 1781 2571 1851 gaudent
2601 1781 2807 1836 crebris
2828 1779 3260 1836 discursionibus
3284 1780 3512 1850 agitare.

222 1874 510 1938 occultat;
569 1882 625 1927 et
677 1873 756 1927 sic
802 1871 1200 1941 quodammodo
1249 1884 1344 1937 per
1389 1867 1641 1920 ancillam
1683 1865 1819 1918 ﬁlios
1851 1866 1895 1924 Β
1924 1869 2179 1940 Quisquis
2234 1871 2379 1925 enim
2428 1886 2704 1940 corporea:
2750 1872 3019 1941 paralysis
3071 1870 3328 1941 languore
3383 1884 3513 1924 con-

224 1965 453 2034 accipit,
503 1964 630 2016 dum
673 1977 770 2030 per
805 1976 949 2026 cam,
998 1976 1118 2028 qua:
1148 1959 1248 2013 sub
1284 1975 1340 2011 se
1372 1969 1476 2020 est,
1508 1957 1814 2018 scientiam,

225 2054 542 2126 spirituales
577 2053 688 2107 Deo
719 2052 856 2106 lilios
897 2051 1069 2119 parit;
1105 2047 1303 2118 Zelpba
1343 2062 1471 2101 vero
1501 2047 1819 2114 interpreta-

226 2158 321 2202 tur
350 2163 408 2199 os
437 2146 611 2197 hians.

299 2237 428 2292 llaec
457 2236 622 2305 igitur
645 2234 837 2288 ancilla
887 2233 1010 2288 illos
1048 2231 1263 2301 ﬁgurat,
1291 2246 1518 2299 quorum
1549 2231 1601 2282 in
1625 2228 1818 2298 pratdi-

223 2325 448 2382 catione
477 2324 802 2391 evangelica:
824 2323 948 2377 ﬁdei
970 2338 1032 2376 os
1054 2321 1270 2391 quidem
1297 2321 1432 2383 hiat,
1470 2321 1562 2374 sed
1586 2334 1682 2374 cor
1711 2333 1816 2372 non

224 2419 365 2474 hiat.
420 2417 497 2470 De
544 2417 740 2485 quibus
790 2414 1040 2470 videlicet
1085 2413 1346 2481 scriptum
1378 2420 1546 2466 estzc
1581 2410 1819 2479 Populus

223 2509 318 2564 hic
333 2507 491 2563 labiis
516 2522 602 2561 me
618 2508 872 2570 honorat,
890 2521 985 2558 cor
1007 2514 1185 2558 autem
1209 2518 1392 2557 eorum
1418 2505 1572 2572 longe
1592 2513 1672 2557 est
1689 2516 1717 2554 a
1734 2516 1818 2555 me

224 2599 448 2671 (Matth.
477 2599 588 2665 xv).
614 2615 630 2646 ι
661 2597 725 2649 Et
753 2597 815 2650 de
838 2596 1036 2664 quibus
1070 2594 1360 2663 Apostolus
1387 2613 1397 2646 :
1431 2612 1449 2644 ι
1496 2593 1595 2659 Qui
1621 2593 1817 2661 przedi-

225 2706 343 2756 ous,
392 2689 585 2758 inquit,
613 2703 720 2741 non
745 2685 1056 2750 furandum,
1092 2684 1293 2739 furaris
1333 2685 1511 2754 (Rom.
1549 2684 1630 2754 ιι).
1661 2703 1678 2735 ι
1716 2684 1821 2738 Ve-

226 2787 540 2833 rumtamen
565 2792 631 2831 ex
665 2776 766 2830 hac
802 2775 1003 2829 ancilla
1038 2774 1285 2828 haeredes
1325 2773 1536 2828 futuros
1574 2772 1693 2825 aliis
1723 2772 1815 2824 Lia

227 2871 374 2927 ﬁlios
421 2868 651 2937 accipit;
697 2866 820 2934 quia
865 2879 1005 2934 saepe
1033 2879 1132 2932 per
1161 2863 1292 2917 tales
1319 2865 1480 2916 etiam
1507 2864 1820 2930 praedicato-

227 2977 320 3015 res
349 2960 525 3013 activa
557 2958 664 3010 vita
695 2956 892 3010 multos
923 2957 1073 3025 regni
1103 2955 1239 3009 ﬁlios
1271 2955 1564 3022 adeptavit.
1605 2954 1679 3007 De
1704 2955 1820 3022 qui-

228 3055 331 3107 bus
368 3050 624 3104 Veritas:
663 3067 682 3099 t
712 3048 840 3113 Quae
870 3047 1082 3110 dicunt,
1117 3047 1311 3114 inquit,
1354 3045 1552 3109 facite;
1588 3061 1706 3113 qua:
1731 3062 1820 3097 au-

230 3153 342 3197 tem
396 3141 622 3203 faciunt,
667 3139 849 3192 facere
877 3139 1043 3191 nolite
1068 3136 1281 3206 (Matth.
1312 3138 1496 3204 χχιιι).
1530 3155 1547 3187 ι
1589 3136 1649 3188 Ει
1677 3135 1818 3204 Apo-

1922 1961 2226 2031 stringitur,
2257 1976 2401 2030 saepe
2436 1962 2807 2016 ministrorum
2857 1961 3144 2016 vexatione
3185 1961 3510 2022 concutitur,

1921 2061 1975 2106 et
2021 2054 2098 2106 sic
2134 2053 2522 2122 agitationibus
2548 2052 2837 2107 rcfovetur.
2883 2053 2947 2106 lli
2989 2060 3154 2116 certe,
3207 2049 3514 2118 spiritualcs

1925 2145 2174 2199 videlicet
2225 2144 2530 2215 paralytici,
2574 2145 2655 2199 vel
2686 2146 2816 2199 solis
2860 2143 3075 2199 ancillis
3125 2145 3334 2198 dicendi
3391 2151 3514 2197 sunt

1921 2250 2041 2289 csse
2067 2235 2365 2304 conjuncti,
2406 2244 2569 2304 atque
2609 2235 2730 2289 ideo
2754 2251 2942 2288 eorum
2991 2233 3086 2287 ﬁlii
3120 2231 3423 2287 nullatenus
3449 2231 3514 2285 ad

1923 2329 2256 2383 lncreditatis
2286 2331 2631 2402 capessenda:
2651 2329 2774 2398 jura
2808 2328 3134 2396 perveniunt
3159 2343 3171 2390 ;
3199 2325 3282 2379 vel
3311 2325 3353 2378 si
3379 2323 3512 2379 libev

1905 2411 2011 2473 iras
2063 2420 2264 2473 habere
2294 2434 2355 2471 se
2374 2425 2592 2486 putant,
2625 2433 2731 2471 non
2787 2417 3035 2480 ancillas,
3071 2425 3129 2469 ut
3159 2416 3231 2469 ita
3260 2415 3514 2477 dixerim,

1923 2516 2142 2577 propter
2173 2506 2312 2560 ﬁlias
2344 2506 2549 2569 Labau,
2579 2506 2671 2560 sed
2700 2520 2962 2574 perverso
2991 2505 3180 2559 ordine
3226 2503 3364 2557 ﬁlias
3387 2503 3516 2557 sibi-

1924 2605 2032 2651 met
2090 2597 2360 2651 foxlerare
2387 2596 2571 2649 volunt
2604 2605 2824 2664 propter
2848 2595 3073 2649 ancillas
3104 2611 3119 2658 ;
3145 2595 3272 2663 quia
3307 2608 3413 2648 non
3447 2593 3514 2646 ad

1921 2689 2024 2742 hoc
2054 2687 2320 2750 laborant,
2366 2697 2424 2740 ut
2474 2687 2745 2749 obediant,
2781 2686 2875 2740 sed
2915 2685 2980 2740 ad
3027 2686 3129 2739 hoc
3164 2685 3342 2754 potius
3383 2683 3514 2738 obc-

1921 2778 2090 2837 diunt,
2121 2785 2179 2830 ut
2202 2776 2467 2829 laborent.
2492 2773 2602 2829 Nec
2637 2789 2786 2829 more
2817 2773 3007 2838 Jacob,
3047 2774 3112 2827 ad
3148 2774 3404 2838 activam,
3428 2771 3517 2827 vel

1921 2868 2397 2936 contemplativam
2434 2867 2597 2921 vitam
2633 2867 2835 2919 fructus
2877 2880 3099 2920 suorqu
3130 2879 3351 2934 operum
3380 2862 3516 2917 refe-

1924 2969 2047 3010 runt
2077 2974 2091 3021 ;
2121 2958 2212 3011 scd
2237 2957 2350 3010 sive
2378 2958 2442 3010 de
2486 2955 2659 3010 activa
2693 2957 2821 3025 quid
2849 2957 2901 3009 in
2957 2973 3051 3011 sua
3085 2955 3401 3026 operatione
3424 2955 3516 3008 dc-

1923 3056 2244 3109 monstrcnt,
2292 3047 2403 3099 sive
2472 3046 2539 3099 de
2588 3047 3008 3115 contemplativa
3079 3047 3279 3114 aliquid
3339 3047 3517 3100 verbis

1922 3136 2224 3197 enuntiem,
2259 3151 2364 3188 non
2407 3136 2456 3187 in
2491 3135 2576 3188 bis
2617 3135 2916 3204 spiritualis
2972 3136 3220 3189 utilitatis
3257 3143 3517 3203 expetunt

229 3231 401 3286 stolm
431 3247 443 3281 :
484 3247 500 3278 ι
533 3228 678 3288 Sive,
713 3227 909 3294 inquit,
956 3225 1268 3288 occasione,
1297 3225 1412 3278 sive
1441 3224 1688 3277 Christus
1725 3239 1816 3276 ve-
1849 3225 1892 3285 Ο
1927 3221 2178 3283 fructum,
2212 3224 2302 3274 sed
2341 3223 2570 3290 propriae
2603 3225 2978 3277 tantummodo
3027 3223 3320 3277 voluntatis
3349 3238 3517 3276 aucu-

230 3324 394 3377 ritate
419 3320 793 3381 annnntictur,
822 3326 876 3370 et
907 3317 960 3370 in
994 3318 1093 3371 hoc
1121 3317 1350 3386 gaudeo,
1381 3313 1473 3369 sed
1503 3324 1553 3367 ct
1581 3315 1820 3383 gaudebo

230 3411 498 3484 (Philipp.
527 3409 588 3476 ι).
621 3428 638 3459 ι

304 3503 409 3556 Sed
435 3501 547 3571 jam
573 3499 826 3562 suﬁiciat,
861 3497 1006 3567 quod
1034 3511 1202 3552 sacrae
1227 3497 1552 3550 mentionem
1586 3496 1820 3550 Itislul'ltt:

231 3593 515 3660 hucusque
550 3575 934 3658 protraximus,
976 3586 1067 3656 qui
1106 3587 1345 3640 seriatim
1388 3586 1697 3654 Scripturas
1722 3601 1817 3638 ex-

230 3697 434 3752 ponere
488 3681 824 3749 propositum
876 3693 981 3732 non
1037 3679 1317 3732 habemus.
1367 3677 1479 3730 lloc
1523 3686 1732 3730 tantum
1765 3679 1818 3730 in

229 3776 317 3829 his
367 3771 823 3829 considerandum
875 3783 995 3823 esse
1043 3767 1460 3838 perpendimus,
1505 3768 1631 3836 quia
1683 3768 1822 3820 sicut

227 3861 397 3919 Jacob
443 3861 698 3930 Racltelis
747 3859 914 3913 solius
963 3859 1161 3912 intuitu
1202 3873 1393 3912 omnes
1422 3857 1539 3910 illas
1567 3856 1821 3910 mulieres

230 3953 464 4022 accepit,
496 3949 788 4018 exquibus
839 3947 980 4001 ﬁlios
1029 3947 1239 4014 genuit,
1297 3946 1375 3999 sic
1425 3946 1670 4014 quisquis
1721 3944 1822 3998 sub

230 4040 596 4096 dealbationis
626 4040 800 4108 gratia
831 4039 1179 4098 constitutus,
1215 4035 1544 4089 fructiﬁcare
1576 4035 1686 4088 Deo
1713 4036 1822 4104 spi-

233 4129 414 4184 rituali
437 4129 764 4183 fecunditate
785 4127 1077 4189 desiderat,
1105 4141 1323 4180 necesse
1349 4136 1432 4178 est
1457 4135 1514 4180 ut
1541 4140 1635 4194 per
1660 4140 1822 4180 omne

230 4223 375 4292 quod
441 4222 592 4291 agit,
659 4219 725 4272 ad
781 4219 1255 4287 contemplationis
1317 4230 1530 4287 semper
1593 4219 1820 4288 gratiam

231 4311 442 4366 tendat.

857 4398 1086 4452 CAPUT
1127 4399 1194 4451 Χ.

228 4491 307 4546 De
354 4492 435 4544 his
483 4489 574 4558 qui
618 4490 978 4566 rogationibus
1026 4490 1222 4569 dediti,
1266 4489 1508 4557 ignorant
1547 4490 1820 4556 spirituale

859 4574 1182 4628 coniugium.

300 4675 408 4731 Sed
434 4671 564 4741 quid
594 4671 661 4724 ad
693 4672 806 4724 haec
834 4671 1087 4739 dicimus,
1121 4687 1244 4726 cum
1273 4671 1553 4726 videamus
1577 4672 1629 4726 in
1661 4672 1820 4727 domo

225 4765 413 4820 Laban
467 4760 755 4816 nonnullos
795 4761 894 4813 sub
942 4763 1073 4814 tanti
1124 4761 1355 4829 torporis
1397 4772 1560 4829 atque
1602 4761 1820 4815 desidiae

226 4853 558 4924 negligentia
604 4851 807 4905 vivere.
838 4857 899 4902 ut
929 4854 1105 4918 neque
1136 4850 1387 4904 Rachelis
1421 4851 1663 4904 ambiant
1701 4850 1820 4919 pul-

226 4945 619 5008 cbritudinem,
668 4955 845 5010 neque
899 4941 1060 4995 etiam
1110 4942 1252 4995 circa
1299 4941 1407 4995 Lize
1442 4957 1500 4995 se
1529 4942 1818 4995 videantur

224 5048 486 5090 exercere
532 5032 818 5086 laborem?
857 5030 921 5085 lli
951 5031 1195 5100 profecto
1231 5041 1376 5097 sunt,
1420 5032 1510 5100 qui
1543 5032 1595 5085 in
1625 5046 1814 5084 ruona-

226 5126 410 5181 steriis
428 5121 736 5189 constituti,
767 5137 942 5191 neque
971 5138 1069 5191 per
1098 5123 1446 5177 remotiorem
1477 5123 1666 5186 vitam,
1703 5123 1816 5176 sive

224 5233 324 5288 per
374 5215 610 5271 assidua:
656 5216 920 5270 orationis
965 5215 1281 5269 instantiam
1324 5216 1390 5267 ad
1430 5216 1656 5285 gratiam
1688 5230 1817 5268 con-

227 5309 604 5379 templationis
649 5307 940 5370 anhelant,
998 5322 1173 5376 neque
1218 5306 1318 5361 sub
1357 5307 1684 5375 ieiuniorum
1729 5303 1815 5369 se.

224 5400 683 5467 diversorumque
709 5398 956 5453 laborum
985 5398 1325 5454 districtione
1371 5399 1662 5465 castigant.
1707 5396 1812 5449 llu-

217 5489 458 5559 iusmodi
510 5488 672 5559 plane
714 5488 800 5543 vel
846 5487 1113 5560 coniugiis
1155 5489 1375 5543 omnino
1402 5486 1579 5552 liberi,
1611 5486 1691 5540 vel
1725 5502 1818 5540 an-

225 5581 477 5639 cillarum
530 5582 907 5638 tantummodo
958 5580 1330 5652 complexibus
1374 5589 1499 5635 sunt
1549 5580 1814 5646 contenti,

225 5672 349 5741 quia
399 5669 487 5725 vel
541 5670 731 5725 inertis
760 5671 988 5742 ignaviae
1017 5672 1298 5743 potiuntur
1326 5672 1472 5736 otiis,
1498 5671 1580 5726 vel
1613 5672 1657 5725 si
1689 5671 1815 5741 quid

225 5774 411 5836 agunt,
450 5777 560 5819 non
588 5762 652 5816 ad
682 5762 784 5820 hoc
825 5765 1074 5829 tendunt,
1121 5775 1180 5818 ut
1221 5765 1408 5819 activa:
1449 5764 1531 5816 vel
1575 5773 1814 5818 contem-

1924 3322 2122 3376 pantur
2148 3311 2455 3363 arbitrium.

2540 3400 2770 3456 CAPUT
2815 3400 2902 3453 XI.

2016 3488 2084 3540 De
2114 3490 2384 3541 monac/iis
2420 3492 2506 3557 qui
2531 3491 2932 3560 grammaticam
2958 3493 3157 3544 discere
3181 3494 3425 3561 gestiunt.

1995 3579 2060 3632 [Tt
2096 3588 2274 3631 autem
2308 3594 2428 3633 cum
2484 3581 2763 3634 stomacho
2791 3580 2998 3648 loquar,
3031 3596 3099 3635 cx
3149 3582 3374 3635 istorum
3418 3598 3518 3634 nu-

1925 3691 2073 3726 mero
2111 3684 2235 3726 sunt
2293 3673 2351 3736 ii,
2400 3674 2488 3742 qui
2534 3675 3012 3742 grammaticorum
3056 3676 3246 3743 vulgus
3292 3678 3515 3738 adt-unt,

1922 3767 2035 3831 qui,
2080 3764 2283 3816 relictis
2315 3764 2691 3831 spiritualibus
2732 3766 2946 3828 studiis,
2983 3768 3262 3820 addiscere
3291 3776 3516 3820 terrente

1923 3858 2056 3908 artis
2074 3855 2301 3923 in‘cptias
2325 3855 2742 3924 concupiscunt:
2768 3858 3221 3926 par-vipendentes
3245 3859 3513 3927 siquidem

1924 3948 2162 4017 regulam
2189 3947 2487 4011 Benedicti,
2541 3948 2739 4016 regulis
2781 3951 3018 4017 gaudent
3066 3964 3264 4004 vacare
3295 3950 3513 4004 Donati.

1924 4039 1986 4093 Hi
2013 4054 2174 4108 porro
2223 4040 2560 4094 fastidientes
2610 4041 2996 4095 ecclesiastica:
3048 4042 3514 4111 disciplimepcri-

1927 4130 2078 4194 tiam,
2129 4139 2182 4184 et
2219 4129 2570 4184 smeularibus
2612 4131 2809 4185 studiis
2859 4131 3149 4196 inhiantes,
3207 4132 3332 4200 quid
3371 4130 3517 4186 aliud

1923 4235 2084 4288 quam
2109 4219 2160 4272 in
2198 4219 2317 4273 ﬁdei
2343 4219 2580 4272 thalamo
2631 4219 2912 4288 coniugem
2949 4221 3252 4290 relinquere
3283 4231 3513 4282 castam,

1922 4319 1976 4363 et
1999 4311 2065 4364 ad
2098 4311 2343 4364 sccnicas
2394 4311 2646 4364 videntur
2675 4311 3006 4365 descendere
3042 4310 3399 4379 prostitutas?
3425 4310 3512 4375 Et,

1923 4407 1981 4451 ut
2012 4399 2083 4452 ita
2131 4399 2321 4462 fatear,
2369 4399 2718 4452 meretricum
2764 4395 3046 4454 lenociniis
3075 4399 3327 4454 Oblectati
3387 4401 3513 4454 dant

1926 4489 2205 4558 repudium
2241 4488 2444 4551 liberis,
2479 4498 2554 4552 ut,
2581 4487 2778 4542 violato
2804 4489 3030 4556 nuptiali
3054 4489 3280 4552 ftedere,
3305 4491 3516 4544 socien-

1845 4559 1897 4618 D
1929 4590 2015 4634 tur
2042 4581 2271 4634 ancillis.
2301 4581 2570 4634 Deserunt
2605 4593 2805 4634 uxores
2841 4580 3048 4647 Laban,
3082 4580 3510 4648 videlicctﬁlias,

1925 4681 1980 4728 et
2019 4673 2086 4725 ad
2124 4673 2408 4740 lupanar-es
2458 4679 2742 4725 transeunt
2781 4673 3152 4738 concubinas;
3212 4681 3272 4726 ut
3321 4673 3516 4728 merito

1923 4777 2046 4816 cum
2077 4761 2204 4814 Bala
2236 4770 2468 4824 veteres,
2501 4771 2552 4814 et
2579 4776 2702 4814 cum
2732 4761 2932 4829 Zelpha
2959 4763 3268 4832 vaniloquia
3295 4764 3518 4817 videan-

1925 4860 2014 4905 tur
2041 4851 2352 4906 urbanitate
2375 4851 2610 4905 dicaces.
2654 4851 2761 4907 Sed
2795 4852 3046 4909 fortassis
3074 4851 3357 4919 objiciunt,
3391 4856 3517 4923 quia

1923 4942 1990 4996 ad
2021 4943 2123 4998 hoc
2148 4943 2480 4998 exteriorum
2524 4943 2723 4997 artium
2774 4944 2931 5014 nugis
2978 4945 3254 5008 insudant,
3284 4955 3339 4998 ut
3373 4945 3518 4999 locu-

1924 5034 2120 5103 pletius
2142 5035 2208 5088 ad
2238 5037 2416 5090 studia
2446 5036 2628 5088 divina
2659 5037 2964 5105 proﬁciant.
3011 5036 3178 5091 Jacoh
3205 5049 3355 5092 certe
3382 5041 3519 5108 peti-

1923 5125 2158 5180 tionibus
2208 5142 2460 5189 uxorum,
2525 5111 2950 5182 concubinarum
3013 5128 3266 5182 toleravit
3317 5129 3518 5198 ample-

1924 5230 2049 5268 xum
2079 5233 2091 5266 :
2123 5215 2364 5283 alioquin
2396 5216 2486 5284 qui
2529 5231 2595 5270 ex
2625 5216 2707 5271 eis
2733 5216 2843 5270 nati
2872 5223 3018 5280 sunt,
3048 5216 3362 5272 nullatenus
3394 5234 3518 5272 cum

1921 5311 2134 5363 cmtcris
2165 5311 2232 5363 ad
2261 5311 2591 5365 Ita‘reditatis
2614 5308 2740 5376 jura
2785 5320 3194 5374 concurrerent,
3225 5313 3271 5365 si
3310 5313 3518 5366 adulte-

1922 5399 2054 5455 rina:
2101 5402 2470 5472 conceptionis
2534 5400 2772 5456 infamia:
2821 5402 3183 5473 subiacerent.
3257 5403 3519 5468 Quaerunt

1921 5504 2070 5560 ergo,
2101 5501 2155 5544 et
2183 5493 2566 5547 auctoritatem
2620 5492 2842 5548 Patrum
2884 5493 3155 5548 subtiliter
3203 5494 3516 5549 consulunt.

1993 5582 2144 5646 Quod
2169 5584 2212 5638 si
2240 5585 2323 5638 his
2355 5584 2570 5638 artibus
2599 5599 2820 5652 operam
2849 5585 2978 5639 dare
3009 5583 3338 5639 monachum
3362 5600 3518 5639 sacra

1922 5670 2202 5741 Scriptura
2243 5673 2526 5741 permittit,
2563 5673 2780 5728 dicatur
2798 5673 2912 5743 jam
2965 5673 3091 5741 quia
3119 5689 3257 5727 uxor
3283 5675 3398 5727 viro
3423 5689 3516 5728 an-

1921 5763 2100 5817 cillam
2135 5763 2187 5817 in
2221 5780 2377 5820 usum
2411 5763 2611 5818 sobolis
2638 5766 2822 5820 tradit.
2856 5765 2922 5818 At
2963 5764 3006 5816 si
3037 5761 3356 5832 Gregorius,
3387 5763 3516 5821 Hic-
