4276 6402
837 354 938 416 307
1298 359 1355 416 S.
1388 359 1587 415 PETRI
1627 355 1907 414 DAHIANI
1934 357 2084 414 OPP.
2115 352 2349 411 TOMUS
2388 353 2518 409 SEU
2561 351 2736 409 PARS
2774 351 2857 407 Ill.
2893 381 2951 392 -
2975 351 3340 409 OPUSCULA
3379 350 3616 406 VARlA.
3973 345 4098 412 η

831 487 1106 540 ronymus,
1138 471 1331 539 aliique
1358 473 1601 524 doctores
1631 475 1801 523 sancit
1826 472 1936 524 haec
1967 470 2201 521 funditus
2223 467 2381 519 abne-
2407 469 2456 528 Α
2483 481 2540 520 se
2591 480 2814 519 censuta
2865 473 3221 533 constringat,
3281 470 3350 519 ab
3401 473 3663 520 extet-tori
3733 479 3798 522 se
3859 467 4098 538 Μαικία

828 569 987 629 gant;
1016 558 1260 612 noverint
1288 558 1396 621 isti,
1438 557 1567 625 quia
1602 557 1904 611 adulterino
1931 557 2172 624 pelhcum
2205 568 2386 607 amore
2487 554 2784 617 subtrahat,
2815 569 2876 606 os
2897 568 3050 606 suum
3090 554 3156 606 ab
3205 553 3381 607 otiosa
3414 547 3865 610 confabulatione
3891 560 4093 612 casto-

829 649 1058 717 decepti,
1097 647 1239 700 velut
1284 655 1472 701 contra
1522 645 1798 714 conjugale
1847 644 2017 698 ftedus
2037 632 2154 697 sine
2185 641 2387 695 ftedere
2486 645 2618 705 diat,
2647 640 2840 694 mentis
2865 655 2973 694 sure
3021 641 3300 694 latibulum
3332 650 3503 708 petat,
3555 641 3647 696 ubi
3683 641 3758 696 ad
3785 639 4094 698 videndam

828 735 1176 803 pertinaciter
1214 745 1469 805 pugnant.
1510 734 1645 788 Nam
1698 750 1801 789 non
1840 733 2008 788 solum
2037 731 2384 802 prohibemur
2485 729 2754 784 Creatoris
2778 729 2858 782 sui
2897 728 3090 783 faciem
3116 730 3242 783 totis
3287 730 3494 786 nisibus
3519 731 3877 787 inardescat:
3907 731 3982 787 ad
4005 730 4096 787 la-

826 834 947 895 post
968 835 1246 894 acceptum
1274 840 1484 880 sacrum
1512 827 1756 880 ordinem
1783 823 1932 878 vanis
1962 821 2261 890 bujusmodi
2286 823 2385 875 do-
2485 831 2696 887 crymas
2737 816 2972 880 anhctet,
3014 819 3280 886 lacrymas
3345 833 3376 872 a
3408 819 3520 873 Deo
3571 821 3916 889 quotidiani:
3957 834 4096 892 pre-

829 916 1019 970 ctrinis
1041 916 1318 970 intendere
1341 933 1356 981 ;
1381 916 1472 970 sed
1501 932 1568 971 ex
1600 917 1665 970 iis
1710 929 1920 983 quoque
1948 927 2066 987 quae
2103 920 2227 965 ante
2248 910 2386 965 didi-
2484 909 2634 962 cibus
2668 905 2887 976 ﬂagitet.
2937 907 3321 978 Lacrymarum
3367 911 3567 979 quippe
3609 910 3806 966 mador
3834 913 4090 969 animum

828 1007 1018 1070 cimus,
1083 1004 1348 1074 superﬂua
1395 1019 1618 1074 qnzeque
1662 1003 2001 1073 prmcipimur
2042 1001 2383 1056 detruncare.
2483 997 2628 1050 omni
2659 995 2776 1051 labe
2801 996 3072 1065 puriticat,
3105 1007 3159 1052 et
3209 998 3276 1052 ad
3305 997 3634 1068 proferenda
3666 1001 3936 1057 virtutum
3959 1017 4092 1074 ger-

829 1094 983 1150 Unde
1030 1111 1126 1165 per
1170 1096 1381 1166 Moysen
1418 1096 1533 1163 lege
1585 1093 1915 1156 decernitur,
1971 1100 2030 1146 ut
2081 1091 2290 1145 mulieri
2333 1091 2386 1143 in
2487 1087 2629 1140 mina
2676 1087 2843 1142 nostri
2897 1087 3076 1141 cordis
3124 1102 3252 1141 arva
3307 1088 3582 1144 fecundat.
3635 1090 3795 1160 Saepe
3841 1105 4090 1164 namque

829 1187 969 1242 bello
989 1196 1178 1256 captae,
1199 1195 1253 1240 et
1274 1187 1324 1239 in
1351 1184 1652 1254 conjugium
1675 1183 1894 1238 victoris
1920 1181 2126 1247 electae,
2150 1180 2386 1249 corporis
2484 1177 2806 1231 miserabilis
2851 1178 3029 1231 anima
3064 1176 3211 1232 velut
3257 1178 3359 1232 sub
3401 1181 3636 1248 pruinali
3669 1182 3846 1251 glacie
3871 1198 4087 1249 comas,

827 1276 1166 1345 superﬂuitas
1194 1275 1573 1330 abscindatur:
1611 1292 1628 1324 ι
1649 1273 1775 1340 Quae
1805 1271 1975 1334 radet.
2006 1271 2196 1340 inquit.
2227 1283 2388 1323 caesa-
2484 1274 2541 1319 et
2569 1263 2816 1318 foliorum
2856 1275 3171 1321 ornamenta
3199 1269 3442 1338 deponit,
3466 1279 3522 1324 et
3557 1273 3853 1328 recedente
3879 1274 4089 1344 gratia,

828 1367 984 1429 riem,
1012 1373 1066 1420 et
1090 1364 1440 1419 circumcidet
1484 1376 1712 1433 ungues,
1757 1369 1813 1416 et
1840 1361 2068 1430 deponet
2109 1367 2308 1413 vestem
2332 1357 2387 1410 in
2487 1355 2600 1425 ipsa
2627 1356 2842 1411 sibimet
2869 1357 3150 1424 derelicta,
3182 1368 3291 1414 tota
3339 1371 3588 1423 remanet
3623 1363 3802 1426 arida,
3835 1374 3893 1418 et
3921 1367 4087 1434 quasi

827 1471 933 1526 qua
963 1466 1118 1524 capta
1146 1464 1248 1520 est,
1280 1455 1578 1524 sedensque
1605 1453 1659 1507 in
1685 1453 1842 1508 domo
1871 1460 1958 1505 tua
2004 1450 2148 1505 ﬂebit
2177 1457 2386 1519 patrem
2487 1445 2847 1501 decidentium
2868 1446 3057 1502 ﬂorum
3086 1450 3300 1503 videtur
3329 1450 3527 1506 decore
3553 1452 3782 1506 nudata.
3812 1452 3926 1509 Sed
3956 1469 4088 1510 mox

827 1552 881 1598 et
911 1551 1134 1597 matrem
1176 1559 1284 1598 uno
1314 1557 1536 1608 mense;
1563 1550 1617 1596 et
1662 1550 1844 1611 postea
1868 1539 2094 1595 intrabis
2123 1539 2188 1592 ad
2219 1537 2384 1603 illam,
2488 1543 2547 1590 ut
2578 1535 2834 1606 lacryma':
2857 1551 2922 1591 ex
2947 1528 3170 1593 munere
3214 1539 3392 1594 intimi
3418 1541 3749 1609 inspectoris
3772 1545 4086 1614 eruperint,

829 1635 992 1706 299
1041 1636 1379 1704 dormiesque
1446 1641 1566 1688 cum
1614 1632 1733 1696 illa,
1803 1639 1858 1685 et
1916 1629 2020 1684 erit
2093 1643 2229 1683 uxor
2294 1637 2387 1682 tua
2487 1626 2732 1695 protinus
2753 1626 2864 1680 hac
2883 1626 3073 1681 eadem
3101 1627 3278 1682 anima
3303 1630 3603 1695 revirescit,
3635 1633 3876 1701 torporis
3901 1630 4087 1704 ignavi

828 1723 1005 1792 (Deut.
1046 1723 1181 1792 xxi).
1231 1742 1250 1774 ι
1313 1721 1521 1775 Mulieri
1569 1720 1764 1789 quippe
1803 1718 2080 1774 caesariem
2128 1717 2384 1782 radimus,
2486 1713 3118 1784 frigore3oosolvitur,
3141 1727 3197 1772 et
3221 1725 3474 1787 tanquam
3499 1720 4086 1788 arborverna,Austri

827 1828 951 1868 cum
978 1813 1222 1868 rationali
1252 1812 1546 1882 disciplinae
1593 1826 1783 1866 sensus
1823 1807 2128 1880 superﬂuos
2146 1815 2386 1879 amputa-
2417 1826 2459 1885 Β
2487 1804 2672 1859 fomite
2700 1806 3055 1872 recalescens,
3089 1806 3330 1864 redivivo
3379 1810 3646 1865 virtutum
3691 1827 3923 1867 suarum
3947 1811 4091 1869 ﬂore

828 1918 950 1958 mus
983 1921 998 1969 ;
1024 1919 1232 1975 ungues
1259 1904 1422 1958 etiam
1447 1901 1900 1965 circumcidimns,
1924 1914 2045 1954 cum
2066 1897 2135 1952 ab
2157 1913 2220 1954 ea
2248 1911 2389 1952 mor—
2488 1897 2736 1951 vestitur.
3507 1887 3519 1902 “

827 2003 920 2049 tua
952 2009 1175 2063 quaeque
1216 1993 1651 2062 superstitionum
1697 2004 1859 2059 opera
1898 1989 2231 2043 desecamus.
2263 1985 2390 2052 Quae
2559 1987 2836 2058 Lacrymze
2873 2004 3035 2058 porro
3072 2005 3190 2060 qua;
3222 2007 3254 2047 a
3293 1993 3408 2048 Deo
3435 2003 3580 2060 sunt,
3615 1995 3819 2053 divine
3851 1999 4088 2055 exaudi-

829 2087 992 2139 etiam
1018 2093 1218 2138 vestem
1263 2085 1552 2152 deponere,
1608 2083 1658 2136 in
1691 2097 1793 2150 qua
1818 2091 1902 2135 est
1927 2087 2104 2150 capta,
2142 2075 2388 2148 pracipi-
2491 2079 2653 2134 tionis
2703 2079 2938 2134 tribunal
2986 2080 3313 2138 ﬂducialiter
3362 2085 3586 2152 adeunt,
3632 2096 3690 2142 et
3719 2089 4090 2158 impetrantes‘

832 2186 920 2227 tur
946 2212 959 2236 ,
1017 2181 1075 2226 ut
1128 2172 1504 2240 superductam
1563 2169 1862 2224 fabularum
1917 2175 1972 2222 et
2032 2163 2390 2236 quorumlibet
2487 2179 2684 2240 presio
2710 2171 2852 2240 quod
2882 2181 3092 2242 petunt,
3116 2173 3183 2228 de
3203 2186 3554 2243 peccatorum
3584 2188 3903 2234 nostrorum
3931 2191 4085 2237 certa

829 2266 1205 2334 tigmentorum
1241 2272 1400 2318 exuat
1454 2260 1812 2332 superﬁciem,
1859 2275 1922 2313 ac
1965 2257 2188 2314 solidam
2251 2270 2391 2310 vera:
2491 2259 2806 2315 remissione
2855 2262 3153 2318 conﬁdunt.
3197 2262 3482 2335 Lacrymz
3521 2268 3727 2322 suntin
3753 2267 4087 2326 {cedet-and;

829 2355 1053 2409 rationis
1082 2354 1332 2410 exhibeat
1357 2355 1656 2409 veritatem.
2491 2350 2633 2404 inter
2671 2351 2836 2406 Deum
2878 2359 2933 2405 et
2964 2333 3211 2408 homines
3236 2333 3374 2422 pace
3403 2366 3739 2426 sequestres,
3771 2369 3830 2414 et
3855 2373 4090 2416 veraces

902 2443 1117 2498 Patrem
1153 2454 1282 2497 vero
1330 2451 1387 2497 et
1422 2451 1648 2498 matrem
1680 2439 1861 2508 deﬂet,
1913 2440 2039 2510 quia
2091 2437 2389 2494 liberalium
2490 2449 2614 2494 sunt
2643 2450 2803 2510 atque
2827 2441 3152 2497 doctissime
3181 2443 3236 2497 in
3265 2444 3509 2514 qualibet
3541 2446 3800 2503 humana:
3823 2449 4089 2519 ignoran-

833 2543 1086 2600 anctores
1116 2535 1310 2588 artium
1355 2547 1506 2588 mens
1556 2541 1737 2588 nostra
1772 2542 2014 2586 mortuos
2064 2531 2308 2600 deputat,
2337 2537 2392 2584 et
2493 2532 2578 2586 tia:
2615 2529 2890 2588 dubietate
2934 2533 3227 2604 magistrae.
3273 2534 3411 2590 Nam
3461 2537 3780 2594 dubitantes
3801 2554 3868 2593 ex
3895 2540 4092 2610 aliqua

831 2640 928 2680 eos
966 2624 1021 2679 in
1049 2637 1232 2678 errore
1273 2623 1496 2692 periisse
1548 2620 1919 2692 compaticndo
1965 2619 2222 2689 deplorat.
2254 2618 2391 2672 Con-
2490 2629 2667 2673 utrum
2693 2620 2803 2674 Deo
2831 2621 3062 2690 placeat,
3098 2636 3288 2688 necne,
3320 2639 3594 2696 nunquam
3628 2627 3825 2682 melius
3849 2631 4085 2684 certim-

832 2715 1058 2772 suetudo
1086 2723 1264 2768 autem
1315 2711 1636 2765 feminarum
1675 2719 1778 2776 est,
1815 2725 1910 2779 per
1958 2721 2391 2776 unumquemque
2490 2710 2665 2764 dinem
2714 2711 2978 2778 capimus,
3024 2727 3184 2781 quam
3227 2727 3354 2767 cum
3397 2716 3669 2770 veraciter
3707 2716 4086 2786 lacrymautes

833 2821 1071 2863 mensem
1111 2806 1193 2860 sui
1217 2803 1490 2873 sanguinis
1531 2799 1789 2857 eﬂ‘usione
1816 2800 2064 2870 purgari:
2095 2806 2214 2868 post
2243 2812 2390 2851 men—
2489 2813 2728 2854 oramus.
2757 2797 2909 2852 Tunc
2936 2799 3078 2852 enim
3111 2799 3371 2870 quidquid
3399 2803 3670 2872 agendum
3703 2819 3860 2860 mens
3883 2814 4094 2858 nostra

834 2913 947 2952 sem
977 2897 1153 2965 itaque
1181 2894 1246 2947 ad
1279 2895 1417 2948 hanc
1472 2891 1748 2945 mulierem
1801 2891 2000 2944 intrare
2030 2889 2388 2958 prmcipimur,
2492 2887 2810 2951 decreverit,
2847 2902 3008 2957 super
3033 2889 3134 2944 hoc
3172 2905 3362 2946 rursus
3397 2893 3677 2962 ambigere
3706 2894 4092 2947 necessarium

835 2997 1083 3041 utartem
1123 2983 1402 3050 cujuslibet
1450 2981 1742 3050 disciplinae
1765 2981 1910 3036 omni
1951 2979 2392 3049 superstitionum
2483 2979 2594 3048 jam
2643 2995 2747 3033 non
2789 2979 2909 3034 erit.
2941 2978 3215 3050 Lacrymte
3245 2997 3408 3049 porro
3435 2983 3651 3036 diluunt
3675 2999 3838 3037 omne
3871 2985 4089 3051 spurci-

835 3077 1083 3146 contagio
1111 3074 1440 3138 defaecatam,
1469 3071 1612 3126 velut
1647 3072 1700 3124 in
1727 3070 2029 3140 conjugium
2058 3069 2389 3133 sortiamur;
2496 3069 2689 3121 tiarum
2720 3070 2770 3121 in
2798 3069 3079 3123 meretrice
3101 3070 3410 3139 contagium
3437 3069 3591 3139 (Luc.
3618 3071 3739 3137 vit),
3770 3083 3824 3125 et
3848 3072 4093 3126 immuni—-

835 3176 1103 3236 quatenus
1148 3165 1260 3232 jam
1326 3160 1614 3216 Israelitica
1674 3159 1833 3222 facta,
1894 3167 2286 3225 consequenter
2333 3155 2385 3208 in
2417 3170 2460 3227 ς
2492 3157 2570 3210 dis
2618 3156 2864 3210 manibus
2906 3157 3147 3210 tributmt
3191 3157 3408 3228 (Matth.
3441 3147 3635 3228 xxvii),
3672 3170 3732 3214 ut
3769 3176 3878 3215 non
3903 3161 4094 3216 solum

834 3255 1091 3310 Israelita:
1130 3254 1433 3324 conjugium
1489 3260 1744 3315 transeat,
1800 3258 1855 3302 et
1935 3247 2067 3301 bene
2111 3245 2394 3300 fecundam
2494 3243 2708 3313 pedum,
2737 3243 2828 3298 sed
2855 3254 2909 3297 et
2939 3244 3204 3302 Dominici
3225 3247 3421 3315 capitis
3447 3256 3764 3301 mereantur
3789 3257 4082 3303 attactum.

836 3345 1189 3417 spiritualium
1221 3359 1442 3412 operum
1474 3340 1708 3396 sobolem
1748 3340 1948 3393 reddat.
1986 3337 2049 3390 Et
2075 3337 2187 3390 hazc
2215 3334 2394 3389 omnia
2495 3337 2770 3406 Lacrymae
2800 3336 3062 3400 tribuunt,
3105 3345 3164 3388 ut
3212 3343 3439 3406 negator
3471 3337 3749 3405 apostolus
3783 3353 3890 3391 non
3917 3339 4092 3392 modo

837 3438 942 3490 illis
971 3436 1156 3504 procul
1183 3435 1340 3488 dubio
1367 3428 1685 3502 congruunt,
1721 3431 1810 3499 qui
1842 3430 1892 3484 in
1937 3426 2178 3483 saeculari
2208 3417 2395 3478 militia
2496 3441 2598 3479 non
2628 3433 2816 3494 pereat
2844 3427 3064 3480 omnino
3093 3435 3215 3494 post
3241 3425 3450 3496 lapsum
3472 3466 3488 3491 ,
3529 3427 3622 3481 sed
3654 3426 3798 3481 ult-ro
3825 3429 3989 3482 etiam
4019 3439 4086 3483 ut

836 3529 1136 3585 liberalium
1165 3527 1460 3581 studiorum
1493 3523 1696 3577 artibus
1741 3523 2107 3574 instruuntur:
2145 3525 2396 3572 czeterum

837 3619 1033 3689 quibus
1056 3633 1156 3672 non
1188 3618 1313 3672 licet
1340 3617 1502 3670 etiam
1531 3630 1650 3668 cum
1686 3612 1982 3682 hospitibus
2007 3610 2148 3679 loqui
2181 3607 2262 3678 (S.
2291 3606 2394 3659 Btt-

837 3723 958 3764 ttsn.
995 3707 1150 3776 Βία..
1175 3722 1224 3760 c.
1262 3705 1374 3771 55),
1409 3705 1457 3758 in
1496 3703 1688 3772 quibus
1719 3699 1964 3754 videlicet
2005 3699 2119 3768 ipse
2149 3695 2397 3751 Christus

841 3797 1152 3864 alloquitur,
1185 3806 1236 3851 et
1283 3796 1568 3864 suscipitur
1604 3812 1617 3846 :
1656 3793 1746 3862 qui
1783 3806 1888 3845 non
1926 3789 2028 3844 nisi
2067 3787 2132 3841 ad
2164 3787 2398 3841 interro-

844 3889 1115 3960 gationem
1146 3903 1206 3941 os
1239 3888 1447 3957 aperire
1471 3875 1746 3947 deb'emus,
1769 3890 1965 3936 etcum
2015 3877 2306 3940 reﬂcimur,
2332 3887 2396 3926 ex

847 3976 959 4043 ipsa
991 3973 1152 4027 etiam
1189 3987 1342 4026 sacra
1369 3971 1597 4025 lectione
1636 3965 1919 4025 consulcre
1965 3978 2068 4016 non
2101 3961 2397 4022 audemus;

844 4064 1114 4133 quomodo
1139 4063 1295 4116 liceat
1323 4057 1606 4114 theatralia
1633 4053 2101 4125 grammaticorum
2125 4044 2403 4120 gymnasia

844 4151 1134 4208 insolenter
1160 4153 1477 4220 irrumpere,
1503 4158 1558 4203 et
1587 4146 1735 4200 velut
1765 4144 1903 4198 inter
1929 4139 2244 4196 nundinales
2267 4148 2402 4194 stre-

843 4243 986 4312 pitus
1027 4258 1160 4296 vana
1202 4257 1320 4296 cum
1369 4237 1711 4296 saecularibus
1749 4235 1911 4289 verba
1941 4231 2234 4287 conferre?
2279 4230 2403 4286 Haec

846 4342 1022 4386 autem
1053 4335 1310 4386 adversus
1339 4328 1628 4383 monachos
1654 4325 1808 4395 nugis
1849 4323 2176 4377 exteriorum
2202 4320 2401 4373 artium

846 4425 1144 4494 implicatos
1172 4423 1422 4483 diximus,
1444 4429 1497 4472 ut
1521 4433 1703 4472 eorum
1736 4417 1942 4470 vanitas
1982 4429 2141 4483 quam
2166 4413 2400 4483 procula

848 4517 987 4571 linea
1011 4514 1343 4570 rectitudinis
1373 4511 1659 4572 exorbitet,
1682 4517 2125 4562 monstraretnus.

1431 4597 1671 4653 CAPUT-
1692 4596 1803 4650 XII.

1301 4690 1377 4744 De
1401 4689 1552 4740 laude
1577 4686 1945 4755 lacrymarum.

921 4787 1070 4841 L'ltro
1107 4781 1516 4850 etiamexpedit,
1547 4787 1602 4831 ut
1632 4779 1934 4847 quicunque
1962 4773 2128 4828 frater
2155 4771 2403 4827 smculum

2496 3530 2657 3585 super
2712 3528 2937 3571 exteros
2996 3515 3233 3571 caelestis
3283 3518 3452 3572 curias
3499 3527 3782 3574 senatores
3835 3520 4090 3575 obtineat

2495 3605 2874 3675 principatum.
2929 3605 3207 3675 Lacrymte
3249 3605 3620 3671 contulerunt,
3666 3620 3725 3661 ut
3754 3608 3925 3662 David
3955 3619 4087 3679 post

2497 3696 2746 3750 adulterii
2775 3695 2934 3750 simul
2961 3705 3014 3748 et
3049 3695 3322 3750 homicidii
3361 3695 3448 3766 (II
3479 3696 3609 3765 Reg.
3640 3711 3739 3768 ιιι)
3765 3697 4083 3766 profundis—

2499 3785 2691 3838 simum
2741 3783 3053 3838 barathrum
3083 3798 3188 3838 non
3213 3783 3375 3839 modo
3416 3799 3642 3854 regnum
3675 3801 3797 3839 cum
3824 3786 3937 3840 vita
3967 3802 4088 3841 non-

2499 3874 2766 3941 perderct,
2794 3871 2888 3927 sed
2916 3873 3056 3926 ultro
3096 3872 3259 3925 etiam
3293 3873 3711 3942 promissionem
3756 3875 3986 3931 hzeredis
4009 3892 4083 3932 cx

2500 3978 2557 4018 se
2599 3963 2862 4018 nascituri
2894 3979 3013 4016 cum
3038 3961 3349 4030 iuramento
3381 3973 3690 4032 susceptam
3723 3965 4094 4022 immobiliter'

2502 4053 2784 4116 obtineret,
2812 4052 2902 4120 qui
2933 4062 2986 4104 et
3018 4051 3165 4121 regni
3196 4052 3279 4106 sui
3309 4052 3525 4116 solium,
3558 4061 3614 4106 et
3635 4055 3881 4109 omnium
3912 4071 4080 4125 regna

2503 4155 2770 4200 terrarum
2824 4151 3085 4212 perpetuo
3125 4143 3445 4212 possideret.
3490 4142 3775 4214 Lacrymis
3818 4154 3908 4200 est
3942 4160 4088 4201 con-

2504 4250 2740 4298 cessum,
2780 4242 2839 4287 ut
2868 4233 3130 4288 morituro
3177 4247 3303 4285 mox
3357 4232 3607 4286 Ezechiae
3653 4233 3759 4286 tria
3811 4249 4088 4289 annorum

2504 4327 2670 4381 lustra
2698 4325 2763 4378 ad
2788 4324 2950 4376 vitam
2979 4323 3120 4377 Deus
3141 4323 3482 4391 omnipotens
3503 4322 3747 4387 adderet,
3778 4331 3837 4376 et
3860 4323 4087 4394 insuper

2505 4429 2562 4469 se
2588 4424 2642 4468 et
2689 4411 2877 4466 urbem
2913 4411 3245 4465 Hierusalem
3271 4411 3338 4464 de
3365 4410 3511 4480 regis
3534 4409 3880 4479 Assyriorum
3912 4413 4091 4467 manic

2430 4494 2480 4552 υ
2507 4507 2607 4560 bus
2632 4503 2885 4556 liberaret
2917 4499 3020 4571 (IV
3051 4499 3177 4568 Reg.
3217 4499 3332 4569 xx).
3373 4499 3655 4567 Lacrymis
3695 4508 3847 4553 certe
3898 4501 4084 4556 divina

2495 4595 2678 4664 pietas
2722 4589 2969 4654 contulit,
3001 4596 3058 4642 ut
3092 4587 3281 4642 Saram
3323 4587 3578 4657 Raguelis
3624 4586 3791 4640 tiliam
3840 4588 3910 4648 de
3959 4590 4084 4644 vin-

2505 4681 2624 4738 culo
2653 4681 2823 4750 turpis
2859 4678 3166 4747 improperii
3204 4677 3506 4731 clementer
3546 4676 3872 4743 absolveret,
3918 4688 3975 4732 et
4017 4681 4088 4733 ad

2504 4771 2649 4839 (ligni
2685 4771 2783 4824 viti
2830 4768 3094 4822 thalamos
3145 4766 3368 4836 nuptiali
3422 4780 3518 4833 per
3575 4765 3828 4834 angelum
3878 4764 4088 4826 {aedere

850 4877 1086 4947 perfecto
1114 4875 1273 4928 corde
1308 4869 1564 4933 deseruit,
1619 4883 1682 4922 ea
1723 4867 1836 4937 ipsa
1863 4879 1982 4934 quae
2024 4863 2124 4918 sibi
2143 4861 2253 4929 jam
2281 4870 2405 4915 nota

849 4944 991 5030 sunt,
1014 4966 1058 5019 si
1097 4965 1253 5018 noxia
1280 4962 1576 5032 probantur
1598 4972 1735 5023 esse,
1771 4955 2029 5018 dediscat,
2060 4964 2112 5006 et
2154 4944 2403 5004 oblivioni

845 5066 1137 5127 perpetuae,
1163 5058 1215 5110 in
1246 5064 1502 5125 quantum
1531 5051 1795 5122 prmvalet,
1851 5048 2049 5101 tradat:
2076 5043 2289 5098 Nesciat
2312 5043 2407 5096 ita-

848 5146 1084 5216 quejam
1127 5147 1400 5215 disputare
1446 5145 1508 5197 de
1539 5141 1742 5210 coquis,
1775 5140 1984 5208 ignoret
2026 5132 2406 5190 esculentiores

846 5235 1101 5304 praeferre
1148 5234 1466 5288 lautioribus
1496 5230 1650 5293 cibis,
1700 5243 1801 5282 non
1824 5228 1934 5296 jam
1959 5225 2153 5280 calleat
2176 5221 2402 5283 urbana,

848 5323 933 5376 vel
957 5324 1194 5392 captiosa
1222 5323 1383 5378 verba
1429 5319 1690 5389 proferre,
1743 5331 1847 5370 non
1876 5314 2172 5371 rhetoricos
2199 5312 2407 5366 colores

848 5411 904 5466 in
935 5427 1064 5466 usus
1090 5411 1303 5465 tinnulas
1342 5407 1746 5466 declamationis
1774 5419 2068 5468 assumere,
2118 5417 2222 5456 non
2254 5399 2404 5454 deni-

851 5515 955 5571 que
995 5517 1091 5571 per
1134 5502 1272 5557 sales
1321 5509 1478 5573 atque
1520 5499 1745 5554 facetias
1773 5497 1938 5551 risum
1982 5494 2195 5548 cuilibet
2224 5497 2404 5545 extor-

852 5608 1032 5661 quere.
1065 5590 1330 5658 Jejuninm
1378 5602 1539 5655 amet,
1572 5587 1996 5644 necessariarum
2041 5599 2218 5639 rerum
2242 5597 2407 5652 penu—

853 5684 988 5738 riam
1017 5682 1214 5752 diligat,
1245 5690 1488 5751 aspectus
1526 5681 1800 5734 hominum
1837 5675 2022 5748 fugiat,
2067 5673 2166 5730 sub
2208 5672 2406 5730 silentii

2509 4861 2803 4915 destinaret
2831 4857 2980 4928 (Tob.
3015 4857 3131 4927 vn).
3167 4855 3448 4924 Lacrymis
3499 4855 3813 4922 impetravit
3860 4855 4084 4917 Esther,

2510 4960 2568 5003 ut
2597 4949 2944 5003 Israeliticum
2977 4946 3224 5016 p0pulum
3256 4945 3397 4998 Deus
3424 4945 3493 4998 de
3525 4944 3799 4999 communi
3833 4945 4082 5012 periculo

2507 5041 2821 5111 perditionis
2861 5039 3116 5108 eriperet,
3156 5046 3209 5092 et
3241 5036 3295 5089 in
3323 5037 3520 5099 Aman,
3575 5035 3717 5102 quod
3765 5035 3882 5103 ipse
3926 5051 4085 5104 para-

2508 5135 2684 5192 verat,
2731 5124 2992 5195 propositi
3038 5121 3311 5193 suspendii
3363 5120 3692 5176 sententiam
3742 5131 4085 5189 retorqueret

2508 5220 2718 5291 (Esther
2768 5219 2900 5285 xw).
2936 5214 3211 5286 Lacrymae
3254 5212 3609 5267 nihilominus
3660 5210 3948 5265 contulere
3990 5211 4082 5265 Ju-

2511 5311 2644 5374 dith,
2691 5318 2753 5362 ut
2797 5315 2851 5361 et
2900 5315 3059 5374 caput
3106 5303 3446 5360 abscinderet
3487 5301 3849 5369 Holophernis
3878 5299 4084 5370 (Iudith

2509 5415 2623 5463 vni,
2659 5399 2756 5467 ix),
2800 5405 2857 5451 et
2903 5397 3046 5450 intra
3097 5393 3403 5449 cubiculum
3448 5391 3778 5445 luxuriantis
3818 5390 4084 5445 illecebra

2509 5486 2691 5541 ﬂorem
2722 5501 2826 5540 non
2865 5485 3138 5539 amitteret
3161 5482 3525 5552 pudicissimae
3559 5480 3847 5535 castitatis.

2581 5579 2718 5644 Quid
2763 5579 2830 5632 de
2878 5577 3194 5633 centurione
3243 5574 3501 5630 Cornelio
3550 5573 3783 5626 referam
3836 5571 3974 5642 (Act.
4006 5570 4084 5637 ι),

2512 5670 2602 5739 qui
2639 5683 2862 5725 munere
2899 5667 3261 5737 lacrymarum
3309 5664 3620 5736 apostolicae
3659 5663 3862 5717 meruit
3899 5660 4083 5715 visita-
