4276 6350
193 373 340 432 $09

1083 369 1328 430 OPUSC.
1368 368 1502 428 XIII.
1531 371 1711 425 —DE
1747 364 2226 426 PERFECT‘IONE
2265 366 2570 426 MONACH.

3410 365 3517 421 5l0

203 489 418 544 tionis
446 503 724 544 accessum
755 502 770 544 :
801 501 1036 557 moxque
1056 486 1311 542 deserens
1344 483 1661 556 gentilitatis
1687 499 1833 538 erro-
1863 490 1909 545 Α
1942 485 2098 539 tutati
2132 497 2258 540 sunt
2285 501 2432 548 eum,
2468 487 2541 538 ita
2570 493 2626 538 ut
2658 483 2908 538 omnibus
2940 491 3152 554 ignotus
3176 492 3321 539 esset
3344 483 3514 542 locus.

207 595 389 648 rem,
443 579 512 635 ad
553 578 877 636 Christianae
931 577 1357 648 regenerationis
1407 577 1698 631 translatus
1748 585 1831 631 est

212 670 600 724 novitatem?
624 667 762 736 Quid
805 667 1109 723 Susannam
1161 681 1456 722 memorem
1488 665 1649 736 (Dan.
1683 666 1827 738 xm),

210 773 373 828 qua:
418 775 543 815 mox
590 769 648 813 ut
687 759 755 812 ad
792 759 1150 829 lacrymarum
1182 758 1540 828 patrocinium
1569 758 1828 828 confugit,

207 850 500 920 pntinus
536 851 602 905 de
640 850 890 904 manibus
931 849 999 902 ad
1039 858 1268 903 mortem
1299 863 1358 902 se
1381 847 1708 902 trahentium
1739 863 1829 899 ra-

213 939 421 1009 pitur,
473 941 524 994 in
570 939 825 994 falsorum
864 948 1028 1008 caput
1059 939 1277 993 testium
1313 937 1672 992 damnationis
1708 953 1832 992 sen-

217 1030 424 1085 tentia
478 1029 730 1092 vertitur,
777 1038 832 1083 et
882 1029 960 1084 sic
1008 1043 1105 1099 per
1144 1027 1391 1096 spiritum
1419 1027 1832 1103 juniorispuerl

219 1121 472 1194 sanguis
513 1120 763 1174 innoxius
803 1113 1102 1174 liberatur?
1142 1118 1313 1173 Porro
1349 1127 1530 1172 autem
1560 1118 1603 1170 si
1635 1124 1829 1172 cuncta

218 1209 616 1282 lucrymarum
658 1217 976 1280 percurrere
1025 1211 1163 1265 dona
1211 1210 1450 1274 voluero,
1504 1211 1653 1278 prius
1696 1209 1831 1265 forte

223 1298 368 1355 dies
413 1299 696 1353 claudetur
746 1313 905 1368 quant
955 1299 1323 1368 exemplorum
1355 1300 1506 1368 copia
1539 1299 1828 1352 subtraha-

225 1397 360 1441 tur.
414 1387 543 1442 Bac
589 1396 717 1442 sunt
764 1388 933 1452 enim,
985 1403 1105 1459 quae
1139 1396 1192 1442 et
1221 1389 1456 1441 animam
1484 1397 1830 1456 peccatorum

220 1476 369 1532 labe
393 1477 700 1546 purificant,
727 1486 780 1532 et
798 1493 895 1533 cor
916 1495 1106 1548 vagum
1135 1480 1189 1533 in
1212 1480 1456 1533 oratione
1481 1477 1824 1532 confirmant.

225 1563 378 1620 Haec
399 1575 544 1632 sunt,
567 1582 687 1636 qua:
715 1567 783 1621 de
810 1582 1042 1622 mazrore
1067 1567 1282 1636 pariunt
1309 1567 1597 1637 gaudium;
1628 1575 1680 1620 et
1703 1565 1830 1619 dum

222 1669 349 1725 per
391 1655 576 1710 oculos
616 1656 796 1710 carnis
839 1665 1146 1724 erumpunt,
1184 1657 1250 1710 ad
1281 1671 1427 1724 spem
1459 1671 1554 1709 nos
1586 1671 1832 1725 supsrnte

225 1746 598 1802 beatitudinis
614 1748 847 1816 erigunt.
865 1746 979 1801 Non
993 1747 1136 1801 enim
1153 1759 1376 1816 possunt
1396 1749 1445 1800 in
1462 1764 1554 1802 sua
1576 1750 1830 1817 petitione

1933 573 2065 627 Cum
2098 575 2468 644 praeterissent
2503 583 2683 629 autem
2715 573 2866 628 multi
2900 575 3046 639 anui,
3082 573 3280 642 placuit
3311 573 3420 629 Deo
3461 583 3522 630 ut

1935 667 2242 720 mitteretur
2294 665 2581 719 Nehemias
2629 679 2658 718 a
2715 679 2842 734 rege
2897 664 3184 720 Persidis:
3244 665 3334 718 hic
3372 665 3522 720 misit

1931 765 2181 825 nepotem
2211 756 2553 811 sacerdotum
2585 753 2797 808 illorum
2826 771 2840 818 ;
2867 755 2956 824 qui
2997 754 3413 818 absconderant,
3449 754 3518 808 ad

1934 847 2315 914 requirendum
2344 845 2542 913 ignem,
2573 854 2629 897 et
2659 844 2792 898 sicut
2825 853 3186 898 narraverunt
3208 843 3388 906 nobis,
3413 858 3519 897 uou

1933 937 2254 990 invenerunt
2275 935 2475 1005 ignem,
2498 935 2590 989 sed
2615 949 2810 1004 aquam
2834 949 3070 987 crassam
3096 930 3180 1000 (11
3207 933 3382 986 Much.
3412 936 3472 1000 ι).
3496 951 3517 984 ›

1930 1024 1986 1078 1η
2036 1025 2233 1092 quibus
2270 1023 2523 1077 omnibus
2562 1022 2742 1078 verbis
2782 1023 2910 1077 illud
2962 1039 3128 1076 unum
3165 1022 3521 1092 spiritualiter

1933 1115 2319 1169 attendendum
2353 1123 2436 1168 est
2467 1131 2478 1166 :
2508 1113 2654 1182 quod
2689 1112 2741 1166 in
2771 1112 2880 1167 alto
2909 1121 2963 1167 et
2992 1114 3138 1167 sicco
3168 1112 3324 1166 vallis
3359 1120 3522 1182 puteo

1931 1204 2080 1276 prius
2133 1205 2270 1275 ignis
2323 1204 2697 1268 absconditur,
2738 1212 2792 1258 et
2823 1203 3163 1272 postmodum
3209 1217 3314 1256 non
3358 1202 3518 1270 ignis,

1931 1299 2024 1354 sed
2070 1313 2207 1366 aqua
2255 1310 2441 1351 crassa
2485 1310 2514 1348 a
2570 1294 2973 1364 requirentibus
3031 1293 3321 1348 invenitur.
3371 1292 3521 1346 Meus

1933 1390 2127 1459 quippe
2182 1389 2393 1442 sincera
2463 1394 2626 1454 atque
2689 1383 2932 1454 perfecta
3000 1384 3164 1438 Deum
3222 1384 3522 1460 intentione

1932 1483 2224 1551 quaerentis
2263 1495 2369 1534 non
2413 1479 2707 1548 incongrue
2739 1493 2833 1546 per
2860 1485 3078 1546 puteum
3127 1474 3282 1528 vallis
3329 1475 3519 1536 altum.

1933 1578 1986 1623 et
2013 1570 2214 1623 siccum
2245 1568 2562 1636 designatur
2589 1581 2602 1618 :
2637 1581 2754 1634 qua:
2785 1565 3038 1618 nimirum
3068 1571 3124 1618 et
3151 1578 3178 1616 a
3205 1562 3382 1617 ﬂuidis
3410 1561 3521 1618 illc-

1932 1657 2216 1711 cebrarum
2245 1654 2544 1710 carnalium
2589 1653 2953 1721 voluptatibus
2993 1651 3164 1714 arida,
3200 1660 3255 1705 et
3293 1660 3522 1704 terrena:

1932 1745 2385 1816 concupiscentiae
2431 1744 2719 1797 ruderibus
2764 1742 2870 1797 alte
2915 1742 3148 1804 defessa,
3185 1750 3241 1795 et
3280 1742 3333 1794 in
3381 1755 3524 1795 verte

227 1839 542 1902 contemni,
575 1853 694 1906 quae
727 1849 781 1891 et
814 1853 1037 1908 magnas
1073 1853 1231 1894 voces
1263 1840 1462 1893 habent
1506 1839 1559 1893 in
1608 1840 1829 1893 auribus
1863 1840 1902 1897 Β
1934 1837 2255 1892 lmmilitalis
2288 1845 2373 1890 est
2398 1836 2645 1889 convalle
2683 1834 2923 1887 huulata.
2957 1832 3096 1888 lluie
3144 1834 3325 1902 itaque
3360 1841 3523 1902 puteo

227 1919 558 1982 Creatoris:
579 1943 720 1996 quas
743 1927 985 1997 profecto
1008 1944 1170 1984 voces
1194 1929 1280 1982 ille
1297 1930 1362 1982 ad
1389 1923 1556 1983 Deum
1578 1929 1829 2000 frequen-

232 2028 332 2072 ter
344 2018 622 2084 emiserat,
641 2017 838 2087 etquid
849 2021 916 2074 ad
935 2019 1286 2074 obtinendum
1304 2030 1543 2090 possent,
1561 2021 1829 2075 subtiliter

228 2107 402 2176 301
448 2117 705 2171 noverat,
763 2108 855 2176 qui
905 2108 1158 2162 dicebat:
1211 2126 1228 2158 ι
1266 2108 1471 2161 Exaudi
1523 2109 1824 2162 orationem

231 2213 444 2262 meam,
490 2197 740 2261 Domine,
781 2207 836 2252 et
873 2197 1311 2266 deprecationem
1354 2212 1559 2258 meam;
1606 2199 1827 2253 auribus

232 2284 462 2354 percipe
498 2285 766 2355 lacrymas
800 2301 947 2340 meas
983 2285 1155 2355 (Paul.
1187 2287 1437 2355 xxxvm).
1474 2305 1492 2337 ι
1543 2285 1644 2353 Qui
1681 2288 1824 2342 enim

233 2389 352 2428 non
382 2375 557 2429 oculis
581 2375 807 2438 attendi,
841 2375 934 2430 sed
963 2374 1186 2429 auribus
1213 2375 1413 2443 percipi
1442 2374 1708 2445 lacrymas
1737 2391 1827 2445 po-

230 2463 442 2530 stulat,
487 2481 648 2521 voces
691 2466 867 2521 inesse
920 2466 1170 2536 lacrymis
1219 2465 1504 2521 manifeste
1558 2467 1819 2534 designat.

232 2553 524 2626 μοι-γωδ
560 2571 752 2624 nempe
788 2571 911 2609 cum
943 2556 994 2609 in
1033 2566 1324 2626 conspectu
1354 2557 1424 2627 pii
1462 2557 1663 2625 judicis
1695 2572 1825 2626 sup-

231 2644 466 2715 plicant,
501 2645 635 2698 nihil
671 2645 941 2709 haesitant,
981 2645 1075 2700 sed
1116 2645 1198 2699 sic
1237 2647 1664 2701 misericordiam
1702 2656 1824 2700 tan-

233 2747 405 2802 quam
466 2747 581 2787 rcm
628 2733 923 2801 quamlibet
963 2733 1167 2803 proprii
1209 2733 1348 2802 juris
1393 2735 1611 2790 sibimet
1651 2737 1825 2790 vindi-

234 2832 390 2888 cant,
436 2832 490 2877 et
534 2824 854 2894 impetrasse
898 2839 957 2880 se
994 2823 1139 2893 quod
1183 2824 1453 2895 petierant
1492 2825 1826 2882 conﬁdenter

233 2917 536 2973 exsultant.
1025 2941 1028 2944 ’

310 3009 356 3064 0
379 3009 635 3080 lacrymae
657 3009 862 3064 delicia:
891 3009 1220 3078 spirituales,
1245 3024 1414 3080 super
1445 3012 1550 3066 mel
1576 3011 1823 3067 videlicet

234 3107 295 3151 et
321 3095 527 3162 favum,
554 3105 720 3166 atque
748 3098 895 3151 omni
925 3106 1148 3153 nectare
1177 3099 1477 3154 dulciores!
1507 3116 1626 3170 quae
1670 3115 1820 3155 men-

1933 1926 2185 1982 sacrilicii
2230 1925 2371 1992 ignis
2414 1924 2748 1985 immittitur,
2796 1939 2918 1977 cum
2954 1924 3006 1975 in
3044 1923 3201 1976 electi
3233 1921 3523 1990 cujuslibet

1931 2025 2111 2071 mente
2159 2015 2328 2070 divini
2373 2013 2578 2068 amoris
2619 2012 2832 2066 ﬂamma
2875 2013 3195 2080 concipitur,
3243 2021 3406 2080 atque
3456 2012 3522 2064 ad

1931 2106 2155 2161 caeleste
2188 2105 2515 2160 desiderium
2547 2105 2668 2172 pius
2695 2104 2910 2156 animus
2938 2103 3100 2172 302
3131 2101 3500 2156 inﬂammatur

1931 2195 2034 2251 Sed
2060 2197 2149 2251 hic
2174 2197 2313 2266 ignis
2345 2195 2396 2248 in
2427 2210 2624 2264 aquam
2655 2194 2905 2256 vertitur,
2934 2193 3060 2262 quia
3091 2208 3156 2247 ex
3189 2207 3327 2262 aqua
3353 2191 3520 2247 divini

1928 2287 2129 2340 amoris
2161 2285 2524 2355 lacrymarum
2554 2284 2896 2352 eompunetio
2924 2291 3231 2353 generatur.

2000 2377 2065 2432 Et
2089 2379 2413 2442 notandum,
2442 2377 2581 2445 quod
2621 2390 2726 2430 non
2763 2391 2898 2444 pura
2935 2377 3193 2430 duntaxat
3224 2389 3363 2442 aqua
3383 2415 3396 2438 ,
3426 2375 3523 2430 sed

1927 2485 2111 2524 crassa
2139 2483 2274 2538 aqua
2304 2477 2557 2521 narratur
2589 2467 2700 2521 illic
2729 2467 2894 2521 fuisse
2941 2475 3176 2536 reperta.
3203 2467 3342 2532 Quid
3372 2465 3522 2520 enim

1927 2572 2111 2612 crassa
2136 2567 2220 2612 est
2251 2572 2412 2626 aqua,
2451 2555 2552 2608 nisi
2599 2555 2965 2624 lacrymarum
3012 2555 3358 2625 eompunetio
3383 2595 3398 2618 ,
3439 2554 3524 2607 di-

1925 2650 2064 2704 vinat
2090 2650 2274 2720 procul
2311 2650 2476 2704 dubio
2503 2649 2694 2719 gratia:
2722 2649 3050 2719 pinguedine
3086 2648 3374 2719 saginata?
3402 2646 3520 2713 Qua

1924 2740 2179 2795 videlicet
2220 2738 2544 2809 pinguedine
2592 2738 2830 2808 saginari
2893 2738 3163 2807 Propheta
3212 2738 3518 2800 aestuabat,

1925 2845 2047 2885 cum
2080 2830 2325 2884 diceret:
2363 2848 2381 2880 ‹
2419 2827 2572 2883 Sicut
2601 2829 2759 2897 adipe
2800 2835 2857 2882 et
2884 2827 3210 2898 pinguedine
3247 2827 3522 2896 repleatur

1927 2923 2105 2976 anima
2159 2935 2276 2975 mea
2315 2919 2488 2992 (Psul.
2527 2921 2680 2990 Lm).
2721 2940 2739 2972 ι
2773 2920 2838 2973 Et
2874 2934 2973 2990 per
3007 2920 3168 2974 alium
3199 2920 3521 2990 prophetam

1925 3013 2041 3067 hate
2069 3012 2254 3066 eadem
2283 3011 2620 3081 promittitur
2643 3011 2950 3064 crassitudo
2978 3051 2992 3077 ,
3025 3026 3150 3065 cum
3183 3011 3260 3064 ait
3297 3028 3310 3063 :
3354 3029 3372 3061 ι
3415 3011 3519 3064 De-

1925 3101 2212 3154 lectabitur
2240 3100 2294 3154 in
2326 3099 2692 3154 crassitudine
2735 3100 2915 3152 anima
2956 3109 3134 3153 vestra
3163 3098 3319 3168 (hui.
3347 3101 3458 3170 Lv).
3496 3118 3515 3150 ι

237 3199 321 3243 tes
349 3189 416 3241 ad
448 3189 614 3244 Deum
640 3198 851 3244 erectas
869 3189 1107 3260 jucunda
1131 3191 1340 3259 saporis
1361 3192 1536 3245 intimi
1557 3172 1892 3246 suavitate.C
1925 3191 2064 3247 Hinc
2092 3193 2285 3246 iterum
2313 3191 2514 3246 dicitur
2545 3209 2557 3243 ε
2596 3208 2616 3241 ι
2656 3189 2861 3245 Memor
2889 3190 2996 3255 sit,
3030 3190 3227 3258 inquit,
3259 3188 3523 3244 Dominus

236 3277 488 3342 reﬁcitis,
534 3291 588 3331 et
633 3278 785 3332 arida
834 3292 899 3333 ac
941 3276 1270 3334 tabescentia
1307 3281 1470 3334 corda
1509 3281 1703 3335 haustu
1733 3297 1826 3336 su-

236 3381 424 3433 pernas
446 3365 644 3435 gratiae
658 3365 965 3421 medullitus
991 3366 1252 3438 irrigatis.
1277 3368 1641 3423 Terrenarum
1670 3386 1828 3423 nam-

232 3471 342 3525 que
376 3453 574 3525 dapum
607 3469 830 3524 sapores
858 3465 1021 3524 atque
1051 3456 1360 3514 dulcedines
1387 3458 1676 3526 superﬁcie
1706 3461 1826 3528 qui-

233 3548 358 3600 dem
396 3546 557 3614 palati
607 3555 890 3617 gustantes
919 3546 1214 3613 oblectant,
1240 3548 1451 3603 viscera
1471 3560 1648 3602 autem
1681 3549 1820 3602 inte-

231 3637 382 3692 riora
424 3651 532 3691 non
575 3647 896 3705 penetrant;
927 3653 1088 3708 sapor
1119 3654 1246 3693 vero
1275 3639 1468 3693 divinae
1496 3643 1826 3708 contempla-

235 3728 404 3782 tionis
431 3729 613 3781 omnia
663 3727 923 3782 interiora
962 3738 1169 3784 nostrat
1218 3731 1408 3800 replet,
1453 3740 1684 3799 vegetat,
1725 3734 1822 3786 oh-

234 3816 440 3870 dulcat.
486 3815 876 3887 Lacrymantes
918 3820 1166 3888 equidem
1218 3822 1357 3875 oculi
1400 3822 1672 3877 diabolum
1715 3832 1822 3876 ter-

236 3916 390 3973 rent,
449 3917 503 3962 et
560 3909 638 3961 sic
700 3908 1066 3978 lacrymarum
1126 3915 1523 3980 erumpentium
1591 3924 1821 3983 expavet

235 4000 520 4069 impetum,
555 4015 619 4054 ac
662 4000 704 4052 si
739 3998 1027 4068 procellosi
1060 4002 1229 4056 nimbi
1258 4004 1594 4072 grandinem,
1624 4005 1705 4058 vel
1738 4005 1820 4059 lu-

235 4089 471 4142 rentium
526 4089 762 4158 undique
811 4099 1098 4145 ventorum
1151 4091 1374 4162 eflugiat
1425 4104 1815 4164 tempestatem.

237 4176 369 4230 Nam
403 4178 544 4232 sicut
573 4180 812 4246 spumosi
851 4182 1107 4234 torrentis
1133 4182 1382 4236 cumulus
1408 4187 1816 4252 superveniens,

236 4270 450 4324 cunctis
502 4260 725 4321 alveum
764 4270 1017 4324 sordibus
1059 4281 1276 4342 purgat;
1327 4275 1406 4341 sic
1457 4275 1817 4345 lacrymarum
1873 4287 1876 4289 λ

233 4357 618 4427 proﬂuentium
661 4375 852 4414 cursus
894 4376 960 4414 ex
1005 4371 1185 4417 mente
1228 4363 1406 4419 ﬂentis
1445 4377 1499 4419 et
1543 4368 1820 4422 diabolica:

234 4450 486 4502 vcrsutim
531 4450 773 4514 semina,
825 4459 879 4505 ct
933 4467 1122 4506 omnes
1180 4456 1510 4508 sordentium
1566 4459 1815 4512 vitiorum

236 4548 416 4608 pestes
438 4539 702 4594 eliminat.

823 4629 1050 4686 CAPUT
1091 4633 1222 4687 XIII.

238 4717 392 4782 Quod
434 4733 498 4770 ea:
529 4734 706 4772 amore
737 4717 835 4800 Dei
879 4725 1206 4800 eompunetio
1242 4729 1494 4788 nascitur,
1527 4737 1574 4780 et
1608 4746 1812 4782 rursum

440 4802 506 4839 ea:
534 4792 1165 4855 compunctiunedivinur
1195 4810 1345 4848 umor
1372 4807 1612 4865 augetur.

304 4894 412 4950 Sed
437 4895 555 4951 haec
577 4911 717 4966 aqua
743 4913 810 4953 ex
834 4901 956 4970 igne
980 4902 1218 4971 proﬂuit,
1249 4916 1305 4958 ut
1327 4908 1570 4976 quisquis
1598 4909 1813 4966 aﬂluere

231 4985 422 5065 imbris
464 4986 817 5042 inundatione
853 4990 1143 5055 desiderat,
1182 4993 1348 5049 divini
1397 4999 1597 5052 amoris
1637 5002 1812 5069 ignem

232 5076 382 5145 prius
412 5091 634 5130 necesse
679 5087 764 5132 est
798 5079 852 5132 in
885 5082 1101 5136 camino
1138 5099 1247 5138 sua:
1296 5087 1491 5140 mentis
1529 5092 1811 5146 accendat.

234 5165 385 5232 Quod
415 5164 644 5228 facilius
677 5168 981 5238 eXprimere
1012 5187 1320 5240 possumus,
1367 5177 1407 5230 si
1454 5180 1596 5244 quod
1642 5181 1695 5233 in
1728 5195 1814 5236 se-

233 5255 870 5314 cundo-Machabaeorum
925 5263 1064 5317 libro
1112 5266 1428 5333 perhibetur
1461 5270 1812 5328 historialiter

233 5356 460 5416 gestum,
497 5347 564 5400 ad
612 5353 926 5406 memoriam
967 5354 1313 5412 deducamus.
1358 5359 1447 5413 Ait
1489 5376 1616 5432 ergo
1664 5363 1810 5418 Scri-

233 5445 429 5506 ptura:
486 5454 506 5488 (
539 5436 673 5491 Cum
715 5440 767 5492 in
800 5441 1092 5507 Persidem,
1129 5446 1322 5514 inquit,
1357 5451 1682 5506 ducerentur
1713 5471 1807 5523 pa-

233 5535 340 5580 tres
369 5526 562 5591 nostri,
595 5529 926 5596 sacerdotes,
955 5535 1047 5602 qui
1083 5543 1209 5590 tune
1237 5537 1328 5593 Dei
1365 5541 1600 5597 cultores
1628 5553 1806 5613 erant,

231 5625 513 5686 acceptum
561 5616 738 5688 ignem
779 5620 846 5676 de
875 5622 1028 5678 altari
1059 5627 1269 5684 occulte
1315 5631 1713 5690 absconderunt
1751 5636 1804 5690 in

230 5710 379 5774 valle,
417 5709 508 5763 ubi
536 5719 654 5764 erat
697 5721 888 5781 puteus
915 5716 1052 5772 altus
1085 5725 1138 5773 et
1164 5720 1359 5788 siccus,
1397 5733 1450 5778 et
1481 5724 1534 5780 in
1564 5739 1630 5781 eo
1669 5741 1794 5783 con-

1925 3285 2104 3340 omnis
2132 3283 2383 3338 sacriﬁcii
2410 3283 2505 3350 :ui,
2534 3291 2593 3339 et
2615 3283 2990 3339 holocaustum
3027 3293 3177 3338 tuum
3203 3283 3400 3352 pingue
3426 3280 3521 3335 ﬂat

1927 3375 2099 3448 (Piul.
2127 3376 2264 3446 xu).
2299 3397 2322 3430 ι

1993 3465 2102 3520 Nec
2114 3466 2548 3536 praetereundum
2559 3465 2735 3538 “quod
2751 3466 3143 3522 abscondentes
3153 3466 3297 3520 hunc
3311 3465 3491 3535 ignem
3502 3504 3518 3530 ,

1925 3556 2190 3609 contutati
2223 3557 2437 3623 quidem
2472 3557 2659 3621 fuisse,
2687 3572 2792 3610 non
2827 3566 3006 3626 autem
3039 3557 3280 3611 funditus
3309 3555 3519 3610 exstin-

1924 3647 2069 3701 xisse
2103 3646 2414 3701 referuntur
2441 3664 2454 3712 ;
2481 3649 2605 3716 quia
2631 3649 2885 3703 nimirum
2919 3649 3060 3720 ignis
3091 3649 3263 3703 divini
3286 3649 3516 3713 amoris,

1925 3752 2085 3806 quem
2123 3738 2174 3790 in
2206 3753 2310 3798 ara
2349 3741 2517 3793 nostri
2552 3739 2734 3793 cordis
2765 3741 3150 3805 accendimus,
3183 3751 3240 3794 ut
3280 3755 3350 3796 ex
3394 3755 3520 3794 aro-

1923 3828 2160 3882 matibus
2185 3829 2446 3882 bonorum
2470 3842 2693 3897 operum
2717 3844 2880 3884 suave
2908 3830 3016 3884 Deo
3039 3829 3364 3885 sacrillcium
3387 3827 3520 3884 οσο-

1925 3931 2110 3976 ramus
2141 3919 2194 3971 in
2229 3918 2344 3987 ipso
2376 3931 2576 3973 nostra:
2610 3921 2984 3975 conversionis
3016 3921 3192 3984 initio,
3220 3921 3364 3975 intus
3395 3919 3519 3990 qui-

1924 4009 2043 4062 dem
2075 4011 2232 4064 debet
2272 4012 2485 4066 occulte
2517 4028 2734 4082 semper
2759 4014 2989 4077 ardere,
3022 4031 3127 4068 uon
3162 4023 3340 4068 autem
3373 4011 3518 4068 foras

1923 4115 1982 4155 se
2005 4115 2103 4169 per
2126 4117 2278 4156 vanae,
2321 4102 2506 4172 gloriae
2539 4102 2787 4158 ﬂammas
2829 4111 3159 4173 expandere.
3191 4104 3518 4159 Contutatur

1923 4206 2054 4261 ergo
2084 4194 2276 4262 sopitis
2305 4192 2556 4258 ﬂammis,
2593 4210 2700 4248 non
2725 4203 2906 4248 autem
2932 4195 2980 4246 vi
3011 4175 3256 4264 privatur
3280 4193 3512 4258 ardoris,

1922 4292 1981 4335 ut
2009 4297 2113 4336 non
2145 4298 2368 4352 prorsus
2400 4285 2656 4349 intereat,
2698 4285 2790 4339 sed
2816 4300 2936 4338 sese
2960 4285 3306 4354 postmodum
3345 4285 3513 4337 mira-

1921 4373 2102 4427 biliter
2136 4375 2275 4444 ignis
2313 4377 2364 4429 in
2395 4392 2590 4446 aquam
2616 4384 2812 4430 vertat.
2843 4376 2969 4430 Haec
2994 4391 3155 4445 porro
3179 4390 3338 4445 aqua,
3365 4390 3512 4431 com-

1901 4464 2144 4542 .punctio
2189 4466 2447 4519 videlicet
2493 4467 2899 4536 lacrymarum,
2960 4485 3064 4521 non
3113 4467 3288 4521 solum
3336 4481 3436 4521 nos
3484 4483 3513 4519 a

1922 4563 2265 4622 peccatorum
2301 4556 2626 4625 contagione
2669 4556 2946 4626 puriﬁcal,
2979 4560 3075 4613 sed
3105 4559 3289 4624 etiam,
3323 4567 3381 4612 ut
3408 4559 3515 4626 pla-

1922 4653 2080 4698 ceant
2136 4646 2247 4714 ipsa
2298 4646 2409 4701 Deo
2456 4648 2597 4702 bona
2647 4658 2872 4713 nostra,
2920 4651 3290 4704 commendat.
3341 4649 3515 4706 Omne

1922 4750 2154 4804 namque
2192 4736 2457 4791 bonorum
2500 4752 2724 4807 operum
2756 4739 3084 4794 sacriﬁcium
3125 4740 3177 4793 in
3215 4741 3512 4808 conspectu

1922 4827 2138 4893 superni
2169 4823 2369 4891 judicis
2397 4827 2622 4881 suavius
2650 4827 2894 4881 redditur
2917 4868 2931 4892 ,
2963 4827 3008 4880 si
3036 4828 3286 4882 contrita:
3315 4827 3514 4881 mentis

1921 4912 2176 4982 lacrymis
2215 4925 2557 4986 aspergatur.
2598 4915 2753 4972 Unde
2797 4917 2906 4971 illic
2955 4927 3078 4986 apte
3125 4915 3507 4985 suhjungitur:

1924 5023 1942 5056 ‹
1981 5005 2046 5058 Ει
2084 5005 2385 5069 sacriﬁcia,
2435 5007 2641 5076 inquit,
2672 5023 2793 5077 qua:
2821 5008 3072 5077 imposita
3115 5019 3271 5062 erant
3297 5048 3311 5069 ,
3347 5008 3514 5078 jussit

1919 5096 2171 5150 sacerdos
2196 5096 2490 5153 Nehemias
2520 5100 2731 5168 aspergi
2763 5113 2905 5168 aqua
2949 5101 3089 5168 ipsa,
3116 5110 3172 5153 et
3214 5098 3358 5167 ligna
3391 5112 3511 5167 qua!

1919 5197 2076 5242 erant
2104 5191 2444 5258 superposita
2476 5189 2560 5259 (Il
2595 5189 2775 5244 Much.
2811 5191 2875 5263 ι).
2915 5210 2933 5243 ι

1989 5278 2093 5332 Sed
2117 5295 2238 5332 cum
2263 5293 2486 5348 operum
2515 5289 2824 5336 nostrorum
2849 5281 3177 5336 sacriﬁcium
3203 5295 3343 5335 verae
3359 5293 3508 5333 com-

1915 5369 2226 5436 punctiouis
2258 5383 2396 5438 aqua
2430 5372 2831 5440 perfundimus,
2881 5388 3015 5426 mox-
3055 5381 3262 5425 mentes
3289 5379 3508 5424 nostras

1913 5461 2170 5527 splendor
2200 5461 2446 5524 irradiat,
2481 5473 2534 5517 et
2579 5465 2841 5533 quidquid
2887 5465 3208 5528 obscurum,
3243 5463 3505 5533 quidquid

1912 5551 1965 5604 in
2003 5553 2080 5606 eis
2113 5554 2458 5608 tenebrosum
2489 5564 2716 5612 eatenus
2739 5556 2962 5619 latebat,
2997 5557 3246 5610 illustrat.
3273 5555 3501 5621 Quidam

1912 5657 2144 5713 namque
2172 5660 2229 5701 se
2258 5646 2414 5702 nobis
2448 5656 2576 5702 tunc
2607 5649 2813 5702 intima:
2843 5647 2977 5702 lucis
3010 5648 3193 5702 radius
3222 5645 3416 5716 aperit,
3448 5654 3503 5697 et

1913 5749 2104 5793 omnes
2133 5736 2333 5794 animae
2355 5748 2557 5796 nostrae
2584 5737 2843 5807 latebras,
2866 5755 3003 5795 nova
3035 5736 3501 5811 fulgorisjueundi
