5514 6642
241 6411 806 6542 ιλ

2057 527 2148 583 5H

242 32 4366 274 W

2518 526 2574 582 S.
2600 526 2802 581 PETRI
2842 524 3124 580 DAMIANI
3163 525 3317 582 OPP.
3342 527 3578 582 TOMUS
3617 525 3746 582 SEU
3788 523 3966 580 PARS
4006 524 4090 578 Ill.
4120 555 4187 563 ——
4228 523 4587 580 OPUSCULA
4626 525 4852 580 VARIA.

5207 533 5310 590 5ιὲ

2056 641 2344 697 serenitate
2374 640 2659 709 perfundit.
2693 640 3030 711 Quapropter
3049 642 3160 696 illic
3188 657 3308 696 cum
3343 643 3625 712 praemitti-
3657 648 3700 700 Α
3734 656 3919 692 vmuin
3951 651 4128 692 autem
4155 641 4377 692 omnino
4406 641 4610 693 diltllSll
4632 680 4645 702 ,
4675 641 4796 694 cibo
4825 656 5038 712 quoque
5068 658 5125 699 se
5146 651 5310 700 conti'

2056 745 2179 786 tur:
2218 750 2237 783 ι
2276 732 2407 796 Quia
2441 731 2600 798 jussit
2644 732 2890 795 haurire,
2921 742 2978 786 et
3003 732 3198 788 aﬂ'erre
3227 735 3350 797 sibi,
3378 743 3433 788 et
3462 734 3628 788 sacri-

2055 822 2174 875 ticia
2203 836 2320 888 qum
2363 821 2609 888 imposita
2639 821 3027 890 erant,.jussit
3061 823 3314 876 sacerdos
3343 822 3630 877 Nehemias

2055 912 2262 980 aspergi
2297 925 2436 980 aqua
2469 912 2579 980 ipsa
2600 953 2612 975 ,
2641 920 2695 965 et
2730 911 2872 981 ligna
2900 927 3026 980 qua:
3052 923 3209 967 erant
3249 914 3555 982 supposita;
3605 933 3622 965 ι

2054 1001 2300 1069 protinus
2336 996 2576 1054 historia:
2603 1001 2769 1054 series
2806 1001 3038 1055 addidit:
3079 1020 3097 1052 ε
3137 1001 3248 1056 Hoc
3278 1003 3479 1056 factum
3523 1010 3628 1063 est,

2054 1099 2107 1144 et
2138 1100 2350 1160 tempus
2379 1091 2579 1155 adfuit,
2619 1099 2673 1146 ct
2716 1091 2795 1146 sol
2843 1091 3085 1157 refulsit,
3120 1093 3208 1162 qui
3242 1093 3394 1160 prius
3419 1101 3537 1144 erat
3579 1092 3630 1145 in

2053 1182 2240 1237 nubilo
2273 1201 2285 1235 :
2317 1192 2371 1235 et
2393 1198 2653 1237 accensus
2682 1195 2762 1238 est
2795 1184 2932 1253 ignis
2958 1198 3183 1255 magnus
3203 1222 3216 1247 ,
3257 1183 3330 1236 ita
3358 1191 3417 1236 ut
3445 1197 3632 1236 omnes

2053 1274 2386 1328 mirarentur
2413 1271 2622 1342 (lbid.).
2657 1293 2671 1322 ι

2119 1366 2440 1420 Audivimus
2468 1376 2621 1428 ante,
2671 1367 2793 1434 quia
2826 1381 2960 1435 aqua
3006 1380 3105 1434 pro
3136 1366 3256 1434 igne
3285 1377 3497 1435 reperta
3517 1377 3628 1428 est,

2056 1471 2198 1509 nunc
2230 1473 2259 1509 e
2285 1456 2562 1511 contrario
2589 1456 2934 1524 dicitur,quia
2966 1473 3063 1526 per
3085 1459 3455 1527 aspersionem
3481 1473 3632 1526 aqua:

2052 1544 2191 1614 ignis
2219 1560 2444 1614 magnus
2473 1561 2732 1600 accensus
2753 1556 2852 1600 est.
2879 1547 3020 1616 Ergo
3046 1557 3100 1602 et
3123 1563 3187 1602 ex
3217 1549 3337 1618 igne
3365 1564 3502 1618 aqua
3537 1565 3631 1602 na-

2053 1635 2242 1699 scitur,
2266 1646 2317 1689 et
2335 1652 2397 1690 ex
2423 1653 2556 1705 aqua
2576 1639 2710 1707 ignis
2729 1639 2958 1702 invicem
2977 1650 3310 1708 procreatur.
3336 1640 3469 1704 Quia
3489 1641 3633 1694 vide-

2052 1722 2177 1776 licet
2204 1736 2252 1777 e:
2270 1740 2331 1778 ex
2356 1727 2476 1794 igne
2491 1727 2653 1778 divini
2669 1729 2867 1779 amoris
2883 1729 3055 1795 gratia
3078 1729 3507 1797 compunctionis
3527 1730 3634 1781 ori-

2050 1823 2158 1878 tur,
2184 1822 2239 1867 et
2264 1829 2450 1869 rursus
2473 1830 2536 1869 ex
2553 1817 2966 1884 compunctione
2999 1817 3356 1884 lacryuzarum
3380 1817 3634 1870 desiderii

2050 1903 2293 1958 cmlestis
2317 1907 2479 1959 ardor
2511 1917 2754 1977 augetur.
2776 1908 3021 1962 Alterum
3046 1910 3310 1977 siquidem
3343 1910 3538 1980 pendet
3568 1926 3635 1963 ex

2051 1994 2223 2049 altero
2255 2007 2308 2050 et
2339 1998 2554 2052 sibimet
2582 2002 3122 2069 utrumqueinvicem
3152 2012 3402 2072 praestat,
3433 2005 3556 2059 dum
3584 2016 3638 2059 et
3668 1981 3710 2040 Β

2048 2103 2114 2139 ex
2153 2102 2336 2142 amore
2379 2087 2471 2142 Dei
2507 2089 2864 2158 lacrymarum
2906 2095 3256 2162 compunctio
3287 2094 3536 2164 profluit,
3577 2106 3630 2149 et

2049 2194 2240 2233 rursus
2268 2194 2360 2248 per
2382 2179 2646 2250 lacrymas
2670 2181 2733 2233 ad
2757 2198 2994 2237 amorem
3030 2186 3122 2238 Dei
3147 2199 3299 2239 mens
3323 2196 3502 2239 nostra
3528 2186 3632 2239 fer-

2051 2271 2268 2324 ventius
2293 2272 2604 2326 inardescit.
2635 2271 2692 2326 In
2719 2288 2820 2341 qua
2863 2284 3042 2329 autem
3076 2285 3258 2330 mente
3290 2277 3447 2345 hujus
3474 2276 3633 2329 alter-

2054 2360 2242 2412 nitatis
2260 2360 2536 2428 reciproca
2553 2364 2784 2418 varietas
2806 2366 3002 2434 agitur,
3027 2365 3094 2420 ab
3115 2366 3457 2434 omniprocul
3472 2366 3632 2420 dubio

1964 2457 1968 2460 ‘
2052 2458 2237 2503 reatus
2283 2451 2362 2503 Siti
2392 2451 2642 2519 squalore
2672 2465 2950 2522 purgatur.
2983 2455 3134 2510 Unde
3167 2457 3277 2511 illic
3309 2472 3415 2511 non
3447 2458 3632 2513 incon-

2049 2557 2181 2608 grue
2204 2550 2474 2610 postremo
2495 2543 2860 2622 subjungitur:
2895 2565 2913 2596 ι
2945 2547 3246 2617 Appellavit
3268 2559 3447 2605 autem
3471 2551 3630 2621 303

2050 2630 2333 2688 Nehemias
2356 2633 2496 2687 hunc
2521 2635 2696 2688 locum
2724 2635 3001 2705 Nepbthar
3025 2680 3039 2701 ,
3066 2641 3207 2707 quod
3247 2641 3635 2707 interpretatur

2049 2723 2369 2790 puriﬁcatio.
2411 2742 2427 2774 ι
2481 2724 2655 2778 Lecus
2704 2725 2886 2795 itaque
2929 2738 3115 2782 noster
3165 2730 3252 2782 ubi
3301 2733 3631 2786 sacrificium

2049 2818 2312 2873 oll‘ertur:
2348 2819 2433 2873 ubi
2466 2835 2622 2888 aqua:
2650 2829 2704 2873 et
2738 2820 2906 2890 ignis,
2935 2830 2994 2875 ut
3020 2823 3220 2876 dictum
3252 2833 3369 2887 est,
3393 2825 3630 2879 varietas

2049 2910 2378 2974 alternatur,
2405 2909 2578 2964 ﬁdelis
2603 2921 2685 2965 est
2729 2911 2930 2964 anima.
2975 2911 3104 2977 Qua:
3131 2913 3374 2982 profecto
3420 2930 3523 2968 non
3552 2915 3631 2968 in-

2049 3017 2284 3071 congrue
2314 3001 2621 3070 puriﬁcatio
2649 3003 2876 3066 dicitur;
2911 3005 3035 3072 quia
3061 3006 3186 3058 dum
3237 3021 3379 3060 nunc
3410 3008 3628 3075 superni

2052 3094 2254 3147 amoris
2293 3093 2414 3161 igne
2461 3094 2782 3163 decoquitur
2809 3135 2822 3160 ,
2862 3112 3005 3150 nunc
3050 3098 3271 3151 contriti
3313 3098 3493 3151 cordis
3539 3096 3635 3150 ﬁe-

2050 3183 2196 3238 tibus
2241 3185 2572 3248 mundatur,
2623 3187 2768 3240 velut
2828 3188 3048 3240 secundi
3097 3188 3351 3256 bttplISlllI
3411 3187 3629 3241 liuentis

2053 3273 2310 3329 abluitur.

2125 3362 2232 3417 Has
2261 3374 2439 3419 autem
2486 3366 2890 3421 successionum
2939 3366 3318 3419 alternantiutn
3362 3367 3625 3420 vicissitu-

2049 3454 2222 3517 dines,
2253 3466 2302 3510 el
2336 3459 2692 3510 mutationum
2724 3458 3086 3526 spiritualium
3135 3458 3426 3510 varietates
3464 3457 3632 3510 Isaias

2049 3544 2317 3611 profunde
2348 3548 2692 3617 inspexerat,
2725 3564 2845 3601 cum
2891 3549 3141 3600 dicebat:
3197 3567 3214 3599 ‹
3263 3548 3518 3611 Orietur,
3553 3547 3631 3600 in-

2051 3635 2189 3701 quit,
2225 3635 2274 3688 iu
2309 3640 2546 3691 tenebris
2579 3638 2664 3688 lux
2695 3648 2802 3698 tua,
2836 3648 2887 3691 et
2918 3639 3150 3690 tenebra:
3183 3651 3284 3691 tua.-
3316 3647 3475 3691 erunt
3497 3639 3637 3691 sicut

2052 3724 2333 3789 meridies;
2371 3737 2423 3780 et
2472 3729 2710 3795 requiem
2763 3727 2909 3779 dabit
2945 3727 3037 3779 tibi
3089 3726 3347 3780 Dominus
3387 3742 3633 3794 semper,

2053 3823 2105 3866 et
2136 3814 2376 3884 implebit
2416 3816 2792 3884 splendoribus
2821 3817 3056 3868 animam
3095 3823 3264 3879 tuam,
3295 3827 3348 3869 et
3389 3831 3513 3870 ossa
3547 3826 3633 3869 tua

2057 3905 2310 3960 liberabit
2342 3905 2495 3974 (Isai.
2526 3905 2702 3971 xvnt).
2747 3925 2763 3956 ι
2798 3905 2937 3958 Ecce
2962 3905 3098 3974 ignis
3127 3906 3179 3958 in
3209 3915 3370 3973 puteo
3399 3907 3633 3961 abscon-

2057 3997 2221 4052 ditus.
2267 3995 2371 4051 Sed
2411 3997 2531 4050 audi
2581 3998 2846 4064 quomodo
2898 3997 3034 4064 ignis
3080 3997 3168 4049 hic
3203 4006 3551 4049 convertatur
3581 3996 3632 4049 in

2055 4102 2284 4158 aquam;
2316 4103 2438 4141 nam
2464 4089 2708 4156 protinus
2729 4087 2942 4140 subdit:
2978 4106 2994 4136 ι
3031 4086 3095 4138 Et
3121 4088 3231 4140 eris
3256 4088 3410 4155 quasi
3447 4088 3638 4140 hortus

2056 4178 2308 4247 irriguus,
2337 4186 2390 4230 et
2415 4177 2550 4230 sicut
2587 4176 2705 4229 fons
2739 4191 3020 4243 aquarum,
3055 4175 3208 4242 cujus
3241 4191 3346 4228 non
3385 4174 3638 4229 deﬁcient

2059 4282 2214 4334 aqua:
2235 4265 2475 4335 (Ibid.).i
2499 4265 2798 4327 Postremo,
2824 4274 2881 4318 ut
2911 4265 3146 4329 noveris,
3172 4265 3297 4332 quia
3321 4265 3434 4318 haec
3454 4279 3639 4318 rursus

2055 4371 2195 4425 aqua
2223 4355 2275 4408 in
2305 4356 2479 4425 ignem
2519 4357 2848 4409 convertitur
2869 4397 2881 4420 ,
2915 4365 2970 4409 et
3002 4372 3096 4424 per
3124 4356 3492 4427 lacryutarum
3513 4372 3637 4426 gra-

2055 4443 2187 4496 tiam
2253 4443 2417 4496 divini
2475 4445 2676 4498 amoris
2730 4445 2892 4499 ardor
2953 4444 3255 4499 ferventius
3321 4446 3636 4507 excitatur,

2055 4536 2217 4604 paulo
2269 4535 2490 4590 inferius
2521 4538 2762 4592 addidit:
2817 4557 2836 4590 ς
2883 4539 3033 4593 Tunc
3076 4539 3434 4594 delectaberis
3478 4556 3641 4609 super

3659 3324 3706 3384 C

3733 731 4072 794 nentissimo,
4098 746 4158 783 ac
4186 732 4495 799 permodico
4522 733 4887 796 sustentabat;
4931 749 5119 790 somno
5147 737 5309 793 etiam

3733 830 4100 874 summotenus
4131 820 4457 888 indulgebat.
4488 820 4696 875 Interea
4746 823 5071 894 suggerebat
5097 825 5172 880 illi
5200 826 5311 881 dia-

3733 910 3919 973 bolus,
3955 920 4011 963 ut
4064 912 4372 964 remotioris
4412 911 4580 964 eremi
4611 926 4884 966 secessum
4930 923 5170 983 peteret,
5221 917 5308 970 ubi

3734 999 3983 1053 videlicet
4030 999 4114 1054 vel
4159 1016 4320 1064 raro,
4374 1002 4458 1054 vel
4493 1017 4767 1074 nunquam
4803 1003 5072 1058 hominem
5096 1004 5206 1074 jam
5233 1006 5310 1061 vi-

3733 1090 3883 1144 deret
3918 1110 3928 1141 :
3964 1106 4195 1161 cumque
4240 1092 4339 1146 sibi
4383 1092 4744 1148 conclusionis
4790 1094 4998 1161 copiam
5044 1097 5314 1166 praebere-

3734 1195 3883 1243 mus,
3919 1181 4095 1235 aiebat
4129 1197 4186 1234 se
4231 1181 4475 1236 concludi
4523 1183 4746 1252 quidem
4790 1185 5094 1240 nullatenus
5139 1187 5308 1254 velle,

3732 1267 3893 1321 talem
3918 1278 4093 1322 autem
4118 1270 4423 1324 desiderare
4449 1270 4641 1335 locum,
4674 1272 4762 1324 ubi
4785 1273 4908 1325 dum
4944 1274 5311 1342 ingredeer

3733 1367 3787 1410 et
3814 1359 4180 1426 egrederetur,
4219 1359 4403 1421 libere,
4438 1369 4490 1414 et
4524 1361 4800 1414 solitarius
4846 1377 4873 1413 a
4909 1363 5121 1417 nemine
5165 1364 5308 1419 vide-

3736 1458 3906 1502 retur.
3948 1451 4294 1504 Obsistcbaut
4338 1462 4515 1505 autem
4565 1453 4690 1506 huic
4737 1452 5086 1509 obstinationi
5128 1469 5310 1509 omnes

3734 1542 4063 1593 unanimiter
4091 1541 4306 1604 fratres,
4343 1551 4397 1594 et
4427 1544 4674 1596 technam
4721 1543 4877 1603 hanc,
4911 1545 5309 1614 versutiamque

3735 1633 3931 1686 diaboli
3976 1633 4326 1702 probabiliter
4355 1636 4684 1689 asserebant.
4736 1637 4803 1688 At
4848 1637 4936 1690 ille
4980 1639 5226 1706 pervicax
5258 1647 5309 1691 et

3736 1724 4059 1786 obstinatus,
4093 1726 4217 1778 dum
4250 1725 4502 1795 lacrymis
4528 1728 4949 1782 exuberantibus
4988 1728 5144 1782 ﬁdem
5177 1743 5308 1798 prmo

3737 1813 3845 1876 bet,
3882 1814 3932 1866 in
3979 1824 4101 1865 voto
4132 1828 4259 1877 suo,
4293 1815 4432 1882 quod
4477 1815 4711 1884 maligno
4749 1816 4943 1885 spiritu
4993 1828 5311 1887 suggerente

3740 1914 4091 1971 conceperat,
4124 1905 4491 1958 irrevocabilis
4522 1913 4820 1973 permanet.
4850 1905 4985 1959 Puto
5011 1907 5151 1975 quod
5178 1907 5311 1960 anti-

3737 2012 3874 2064 quus
3903 1997 4068 2049 ho~tis
4093 2007 4271 2063 aptum
4299 1995 4629 2064 deceptionis
4656 2013 4768 2051 sua:
4796 2008 4984 2053 nactus
5009 1998 5314 2065 articulum,

3739 2087 3841 2139 hoc
3893 2086 4007 2153 t-jtts
4055 2088 4226 2140 oculis
4272 2087 4581 2155 ingerebat,
4631 2089 4770 2158 quod
4818 2089 4871 2142 in
4916 2090 5018 2144 hoc
5061 2089 5315 2160 opusculo

3736 2180 3894 2247 paulo
3945 2180 4192 2245 superius
4238 2178 4513 2248 Sylvester
4565 2181 4678 2248 ipse
4727 2183 5121 2251 conscripserat
5161 2181 5182 2236 Ξ
5223 2183 5312 2237 ubi

3736 2275 3965 2337 dicitur,
3999 2274 4122 2340 quia
4157 2272 4464 2327 dubitantes
4493 2288 4558 2326 ex
4601 2273 4813 2343 aliquo,
4849 2285 5024 2328 utrum
5066 2276 5175 2329 Deo
5201 2274 5316 2344 pla-

3735 2377 3852 2418 ceat
3886 2382 4090 2428 necne,
4141 2381 4412 2432 nunquam
4444 2365 4634 2420 melius
4664 2366 5040 2420 eertitndinem
5077 2367 5317 2436 capimus

3735 2472 3896 2523 quam
3934 2472 4051 2509 cum
4079 2458 4346 2509 veraciter
4373 2456 4733 2526 lacrymantes
4765 2472 5005 2511 oramus.
5030 2457 5143 2511 Non
5171 2459 5314 2511 enim

3738 2547 3987 2608 attendit,
4022 2549 4160 2612 quod
4196 2547 4317 2601 huic
4360 2548 4622 2602 versiculo
4652 2548 4811 2616 paulo
4833 2558 4957 2602 ante
4981 2548 5312 2618 praemissum

3736 2645 3849 2697 est;
3882 2638 4003 2702 quia
4039 2636 4138 2686 illae
4172 2637 4430 2689 duntaxat
4473 2636 4749 2705 lacrymze,
4783 2651 4900 2704 qua:
4931 2652 4960 2690 a
5003 2637 5111 2691 Deo
5157 2645 5308 2700 sunt,

3735 2728 4092 2780 exauditionis
4332 2727 4564 2782 tribunal
4609 2728 4837 2790 adeunt;
4875 2743 4978 2783 non
5027 2726 5128 2781 illa!
5170 2736 5318 2782 certe

3734 2834 3852 2889 qua:
3883 2835 3910 2869 a
3940 2819 4115 2872 callidi
4144 2820 4473 2872 insidiatoris
4510 2818 4794 2888 priestigiis
4820 2826 5202 2888 suggeruntur.

3807 2910 3917 2964 Iloc
3949 2913 4109 2964 etiam
4150 2912 4431 2966 oscitando
4462 2911 4744 2980 przeteriit,
4785 2910 4928 2979 quod
4974 2910 5175 2964 dictum
5207 2918 5313 2972 est,

3735 3005 4003 3055 veraciter
4041 3003 4423 3071 lacrvmantes.
4459 3001 4574 3063 Non
4610 3002 4752 3055 enim
4779 3001 5066 3065 veraciter,
5097 3001 5192 3055 sed
5218 2999 5313 3054 fal-

3740 3091 3931 3146 laciter
3961 3093 4312 3160 lacrymatur,
4345 3092 4426 3145 cui
4456 3107 4552 3160 per
4577 3094 4888 3146 mendacem
4918 3090 4987 3144 ab
5017 3091 5170 3148 initio
5202 3093 5311 3158 spi-

3740 3185 3901 3236 ritum
3945 3185 4106 3236 falsus
4154 3183 4307 3235 ﬁctus
4354 3183 4694 3235 immittitur:
4749 3197 4872 3235 nam
4913 3195 5013 3236 nec
5055 3181 5314 3235 dissimile

3739 3275 3880 3342 quod
3929 3285 3980 3326 et
4025 3273 4214 3326 beatus
4259 3288 4393 3341 papa
4437 3271 4729 3341 Gregorius
4772 3273 4823 3326 in
4873 3271 4983 3325 suis
5030 3270 5315 3324 Moralibus

3737 3366 3946 3426 scribit,
3979 3365 4203 3418 dicens:
4242 3383 4258 3413 ι
4297 3364 4400 3417 Sed
4433 3365 4566 3427 lizec,
4615 3365 4813 3433 inquit,
4858 3364 5006 3427 vitia,
5051 3377 5168 3432 quae
5216 3362 5314 3416 sub

3737 3456 4000 3507 virtutum
4042 3455 4220 3523 specie
4251 3456 4502 3523 antiquus
4529 3455 4699 3509 hostis
4724 3454 4976 3518 occultat,
5011 3453 5161 3507 valde
5193 3452 5316 3507 sub-

3739 3546 3903 3598 tiliter
3953 3561 4146 3616 uiantis
4192 3545 4622 3610 compunctionis
4675 3543 4964 3597 examinat.
5018 3540 5120 3608 Qui
5170 3541 5312 3595 enim

3739 3635 4005 3686 veraciter
4052 3634 4193 3686 intus
4245 3632 4386 3686 dolet
4428 3648 4548 3701 qua:
4594 3632 4799 3701 agenda
4849 3629 5018 3694 foris,
5061 3643 5180 3697 qua:
5211 3642 5313 3682 non

3739 3725 3943 3792 agenda
3973 3726 4103 3786 sint,
4131 3723 4342 3776 fortiter
4366 3723 4642 3792 prmvidet.
4676 3721 4731 3776 Si
4764 3721 4906 3774 enim
4936 3735 5034 3775 nos
5061 3719 5141 3773 vis
5161 3734 5314 3774 com-

3737 3814 4046 3882 punctionis
4098 3815 4148 3864 in
4193 3814 4396 3867 intimis
4442 3812 4628 3876 allicit,
4675 3811 4850 3865 omnis
4889 3824 5012 3864 mox
5060 3809 5317 3878 strepitus

3738 3920 3916 3971 pl‘.t\'."e
3948 3904 4307 3972 suggestionis
4340 3902 4679 3956 obmutescit.
4726 3901 4788 3954 Et
4834 3901 4878 3954 si
4920 3915 5015 3954 cor
5053 3899 5315 3954 veraciter

3739 3993 3882 4046 intus
3914 3993 4014 4046 'dol.
4040 4003 4076 4057 ι,
4117 3993 4349 4060 linguam
4385 4001 4572 4046 contra
4602 4005 4697 4045 nos
4742 3990 4868 4042 vitia
4901 4004 5004 4043 non
5044 3989 5260 4042 habent.
5293 4006 5311 4037 ι

3739 4085 3876 4136 Ecce
3917 4085 4001 4135 hic.
4035 4084 4350 4152 magniﬁcus
4378 4082 4590 4144 doctor,
4613 4081 4699 4134 cui
4731 4089 4783 4134 et
4815 4079 5080 4132 latuitatis
5119 4087 5316 4132 nostra:

3740 4176 4034 4229 concordat
4064 4176 4282 4244 ineptia,
4319 4189 4423 4227 non
4453 4175 4547 4236 ait,
4592 4177 4635 4228 si
4665 4187 4760 4227 cor
4788 4172 4933 4228 intus
4956 4170 5118 4234 dolet,
5148 4171 5241 4223 sed
5272 4170 5315 4223 si

3741 4282 3832 4320 cor
3862 4266 4127 4318 veraciter
4155 4267 4295 4318 intus
4326 4264 4489 4318 dolet.
4522 4262 4591 4318 Ut
4622 4271 4868 4330 patenter
4896 4261 5129 4314 insinuet
5154 4259 5313 4312 alium

3744 4372 3860 4410 esse
3887 4356 4148 4417 dolorem,
4184 4369 4290 4423 quo
4334 4369 4484 4406 mens
4511 4353 4770 4407 divinitus
4801 4351 4982 4407 amata
5006 4349 5317 4419 compungi-

3745 4456 3864 4508 tur;
3899 4448 4061 4499 alium
4090 4460 4197 4513 quo
4230 4459 4326 4512 per
4361 4443 4692 4497 insidiatoris
4723 4442 4962 4495 fraudem
4988 4440 5144 4508 quasi
5185 4453 5315 4493 con-

3745 4537 3852 4590 triti
3886 4536 4064 4589 cordis
4093 4535 4360 4604 lacrymas
4388 4533 4630 4586 imitatur
4656 4549 4670 4597 ;
4698 4531 4834 4585 alias
4871 4544 4990 4585 esse
5030 4528 5315 4598 lacryuias,

2057 4625 2288 4679 Domino
2312 4665 2326 4689 ,
2379 4636 2433 4680 et
2473 4627 2746 4682 sustollatn
2797 4637 2846 4680 te
2890 4643 3051 4697 super
3089 4628 3429 4682 altitudinem
3482 4637 3639 4682 terra:
3671 4672 3715 4730 Β
3745 4645 3880 4697 quas
3911 4627 4197 4689 mendacii,
4229 4637 4283 4680 et
4317 4625 4519 4680 erroris
4550 4625 4771 4693 spiritus
4794 4623 5042 4686 simulat;
5071 4622 5203 4675 alias
5230 4636 5318 4674 au-

2057 4715 2267 4785 (lbid.).
2307 4735 2324 4765 .

2642 4807 2866 4862 CAPUT
2905 4809 3040 4862 XIV.

2167 4901 2245 4955 De
2271 4900 2533 4971 Sylvestro
2561 4901 2910 4969 lacrymarum
2938 4901 3279 4958 inundatione
3307 4901 3514 4966 decepto

2137 4993 2238 5047 Hic
2282 5002 2461 5046 autem
2504 4993 2628 5062 quid
2659 4991 2813 5046 nobis
2851 4992 3126 5054 acciderit,
3166 4991 3379 5044 silentio
3417 5000 3637 5059 praeter-

2062 5086 2294 5140 eundum
2323 5098 2442 5138 esse
2470 5099 2578 5137 non
2609 5083 2870 5136 ducimus.
2910 5081 3042 5136 Nam
3087 5069 3365 5151 hucusque
3395 5083 3637 5136 scribeno

2068 5176 2206 5229 tibus
2229 5174 2509 5228 Dominica
2540 5174 2803 5228 festivitas
2847 5174 3186 5242 supervenit,
3211 5173 3639 5240 emet-gentibus-

2069 5281 2172 5334 que
2225 5266 2451 5334 negotiis
2501 5281 2531 5318 a
2574 5267 2866 5333 scriptione
2914 5266 3117 5318 diutius
3164 5266 3499 5318 exteriorum
3544 5278 3642 5316 nos

2069 5356 2377 5411 sollicitudo
2425 5357 2769 5423 compescuit.
2809 5355 2958 5409 Tunc
3000 5355 3321 5422 juvenculus
3374 5353 3594 5422 quidam
3626 5392 3641 5415 ,

2073 5447 2345 5514 Sylvester
2371 5444 2606 5510 nomine,
2638 5430 2728 5513 qui
2761 5446 2874 5497 hrec
2902 5460 3006 5498 non
3035 5445 3256 5512 quidem
3297 5459 3381 5497 nte
3405 5444 3644 5497 dictante

2075 5536 2382 5600 scribebat,
2429 5537 2524 5589 sed
2554 5545 2611 5587 nt
2651 5534 2812 5602 digne
2851 5549 2936 5587 me
2966 5536 3279 5604 praedicem,
3313 5533 3508 5589 tabulis
3546 5532 3641 5586 de-

2077 5627 2273 5694 scripta
2324 5627 2375 5679 in
2429 5627 2713 5682 schedulas
2771 5627 3163 5691 transferebat,
3220 5635 3365 5682 tanta
3420 5624 3642 5694 maligni

2080 5718 2243 5770 nostis
2271 5727 2388 5771 arte
2421 5717 2638 5774 delusus
2666 5727 2768 5784 est,
2811 5727 2868 5772 ut
2897 5717 2948 5772 in
2977 5717 3246 5788 lacrymas
3275 5725 3494 5786 repente
3518 5730 3646 5786 pro—

2081 5818 2370 5876 rumperet,
2397 5818 2450 5863 et
2475 5811 2561 5864 vix
2590 5819 2746 5864 nocte
2781 5810 2864 5864 vel
2894 5809 2978 5864 die
3002 5818 3198 5878 praeter
3230 5808 3391 5863 horas
3413 5806 3645 5875 soporis,

2081 5908 2129 5950 ct
2164 5899 2302 5966 cibi,
2331 5913 2447 5957 sese
2495 5918 2525 5956 a
2568 5903 2922 5971 lacrymarum
2975 5899 3290 5956 inundantia
3339 5899 3642 5965 cohiberet;

3746 4729 3876 4781 tein,
3910 4719 4105 4785 quibus
4137 4717 4378 4769 veritatis
4424 4714 4656 4784 Spiritus
4687 4714 4987 4766 animarum
5017 4711 5317 4780 squalorem

3744 4823 3798 4866 et
3832 4811 4128 4878 rubiginem
4154 4817 4362 4877 purgat.

3824 4900 3888 4953 Ut
3936 4900 4096 4968 igitur
4136 4898 4200 4951 ad
4243 4897 4518 4952 relationis
4563 4895 4806 4951 ordinem
4855 4895 5160 4955 redeamus,
5193 4892 5315 4962 quia

3747 4992 3945 5045 dudum
3979 4991 4026 5041 in
4063 4989 4164 5041 alia
4191 4988 4476 5042 solitudine
4503 4988 4745 5041 habitare
4777 4986 5089 5055 permissus,
5120 4992 5317 5037 semet-

3747 5083 3918 5148 ipsum
3957 5078 4274 5131 temerarius
4313 5076 4562 5141 abscidit,
4594 5091 4692 5130 nec
4736 5090 4840 5130 non
4870 5083 4924 5129 et
4977 5074 5042 5126 ad
5068 5071 5169 5125 alia
5202 5070 5313 5125 loca

3745 5174 4092 5243 vagabuudus
4118 5172 4318 5226 erravit
4346 5189 4358 5222 :
4395 5171 4482 5224 ille
4514 5171 4776 5224 duntaxat
4802 5167 5034 5223 conlisus
5062 5165 5113 5218 in
5145 5163 5312 5234 Iacn-

3746 5263 3866 5324 mis,
3899 5262 4066 5329 aequis
4095 5262 4336 5315 consiliis
4360 5260 4662 5314 nullatenus
4687 5257 5061 5326 acquiescebat
5079 5253 5320 5324 prtebere

3747 5369 4069 5407 consensum
4103 5372 4113 5404 :
4158 5368 4254 5408 nec
4286 5368 4342 5406 se
4373 5352 4718 5420 aliquatenus
4747 5349 4919 5415 decipi
4949 5360 5104 5417 posse
5134 5342 5320 5400 crede«

3747 5443 3858 5508 bat,
3893 5459 4055 5512 quem
4089 5443 4399 5510 quotidiana
4429 5441 4772 5511 compunctio
4808 5438 5012 5494 crebris
5055 5436 5320 5505 Iacryma-

3754 5550 3867 5588 rum
3903 5533 4180 5603 proﬁuviis
4221 5533 4535 5588 inundabat.
4565 5533 4703 5598 Quid
4747 5530 4936 5601 plura?
4961 5523 5121 5584 ovum
5151 5534 5317 5586 certe,

3752 5627 3892 5694 quod
3915 5627 4057 5695 aspis
4081 5627 4132 5679 in
4158 5627 4389 5696 pectoris
4410 5627 4524 5697 ejus
4543 5626 4725 5681 nidulo
4744 5623 5078 5684 confovebat,
5103 5621 5316 5674 tandem

3754 5717 4072 5772 familiarem
4117 5717 4358 5788 prorupit
4409 5719 4460 5772 in
4511 5717 4698 5772 fetum.
4746 5715 4877 5769 Nam
4923 5713 5120 5768 librum
5165 5709 5318 5764 nobis

3757 5811 4040 5865 admodum
4067 5809 4310 5875 charum,
4352 5810 4537 5866 videre
4563 5807 4629 5864 ad
4661 5807 4930 5863 modicum
4958 5802 5128 5874 petiit,
5170 5799 5319 5868 cujus

3758 5909 3990 5970 quatuor
4017 5901 4081 5956 de
4122 5895 4310 5957 medio'
4331 5901 4511 5956 furtim
4557 5900 4940 5971 quaterniones
4981 5894 5229 5956 abscidit,
5259 5904 5320 5942 ac
