5514 6662
2433 193 2570 210 .-.ι-ι·-
2626 194 2629 201 ί
2806 178 2887 207 ..,;⁴
2936 196 2955 205 ι
2998 188 3033 201 ἰ
3068 188 3085 197 ·’
3114 198 3119 201 -
3174 194 3187 199 ι
3246 178 3263 183 ν-
3302 204 3311 209 1

2255 219 2316 228 .,-
2335 215 2382 224 --ι
2409 211 2546 224 ..ιιι-ειυ-
2577 209 2674 222 “IIII-—
2854 210 3045 225 ττι-...Η-
3070 210 3149 219 ν-ιι
3192 208 3213 215 ..-
3252 208 3263 213 .-
3660 218 3681 221 ‘7

2149 233 2358 256 -"'?-'*_.
2353 247 2358 252 -
2431 245 2440 254 ς
2537 245 2598 254 ..-
2646 238 2741 245 -*-·-
2820 228 3077 253 .:£"‘,._."
3114 226 3267 251 '_.’L,
3308 248 3321 249 γ
3356 246 3371 249 μ

2167 261 2198 268 “’“¹
2321 259 2336 264 “
2377 257 2444 268 ⁸⁵⁵·”’
2475 261 2480 264 “
2539 271 2548 278 ι
2581 263 2608 278 __'
2651 257 2694 264 "——
2739 255 2758 278 _‘
2769 271 2818 278 -4...-
2885 267 2888 270 '
2927 263 2936 266 "
2971 273 2984 278 ..
3019 265 3068 278 —'
3085 265 3196 282 ⁴-·-
3227 267 3230 269 ·
3330 272 3349 275 η
3400 260 3483 281 '31"
3536 280 3545 281 η
3566 260 3581 263 ³

488 284 521 285 κ
2969 283 2974 286 ,
3003 285 3010 290 _
3105 283 3114 288 ο
3133 281 3144 286 _
3293 283 3300 288 __
3345 279 3348 282 .
3424 278 3461 293 ιὲ,
3492 282 3497 283 ,
3564 282 3581 291 7,
3606 282 3611 283 ,

491 651 597 707 3l5

498 862 940 931 suspicaremur,
997 857 1407 913 accuratissime
1464 856 1841 912 detruncavit:
1898 853 2093 909 deinde

499 957 721 1013 stimulo
762 953 1110 1021 cetiscientiaa
1151 952 1390 1015 territus,
1423 967 1490 1007 ne
1536 951 1887 1021 compedibus
1916 950 2089 1004 vinei-

502 1056 672 1111 retur,
702 1061 815 1115 pra:
841 1044 1049 1099 foribus
1094 1041 1299 1097 cellulae
1328 1050 1503 1107 stans,
1546 1040 1759 1096 cultello
1788 1040 1982 1094 vulnus
2013 1038 2091 1092 in-

502 1137 685 1209 ﬂigere
716 1136 798 1191 vel
840 1135 961 1196 sibi,
1008 1133 1094 1189 vel
1122 1132 1265 1199 aliis,
1305 1134 1349 1188 si
1396 1133 1517 1203 quis
1559 1146 1681 1185 eum
1728 1130 2089 1201 contingeret,

503 1228 833 1282 minabatur.
867 1224 1022 1278 Tunc
1045 1224 1247 1293 liquido
1274 1224 1449 1295 patuit
1478 1222 1784 1293 hujusmodi
1817 1222 2091 1291 lacrymas

500 1332 609 1373 non
639 1318 703 1372 de
729 1314 933 1371 cmlesti
966 1330 1091 1369 rore
1134 1315 1488 1380 descendere,
1517 1315 1610 1369 sed
1645 1329 1708 1368 ex
1744 1314 1938 1369 tartari
1971 1329 2091 1369 sen-

503 1414 623 1464 tina
663 1408 781 1462 sine
814 1407 975 1461 dubio
1019 1406 1308 1462 scaturire.
1350 1406 1460 1461 Hoc
1492 1418 1695 1472 autem,
1732 1391 1928 1461 fratres
1962 1406 2089 1470 mei,

502 1501 658 1555 vobis
683 1511 905 1553 narrare
928 1500 1258 1563 curavimus,
1291 1514 1397 1555 non
1422 1508 1483 1553 ut
1512 1498 1877 1567 delinquentis
1904 1496 2092 1551 fratris

502 1602 893 1660 exaggeremus
921 1588 1219 1651 infamiam,
1247 1587 1340 1642 sed
1369 1596 1425 1649 ut
1468 1602 1564 1642 vos
1610 1596 1916 1657 suspectam
1950 1601 2092 1641 sem-

502 1690 604 1746 per
646 1677 699 1729 in
731 1677 863 1745 ipsis
894 1677 1054 1729 etiam
1088 1676 1243 1731 bonis
1272 1677 1540 1732 studeatis
1569 1677 1770 1731 habere
1800 1676 2090 1731 cautelam.

1106 1767 1334 1823 CAPUT
1377 1768 1489 1822 XV.

576 1855 653 1909 De
683 1858 899 1913 diversis
926 1858 1103 1926 ofﬁciis
1141 1858 1483 1921 monasterii;
1517 1860 1684 1927 primo
1714 1860 1778 1913 de
1813 1859 2018 1912 abbate.

575 1947 731 2005 Libet
760 1950 846 2005 hic
873 1951 1083 2004 diversa
1118 1951 1433 2005 monasterii
1465 1948 1638 2007 ofﬁcia
1668 1953 1946 2008 succincte
1970 1964 2093 2020 per-

502 2042 803 2113 stringere,
859 2052 911 2097 et
960 2043 1087 2112 quid
1141 2043 1675 2099 administratoribus
1724 2058 1917 2099 eorum
1970 2042 2093 2112 quic

1331 648 1573 706 OPUSC.
1617 648 1752 705 Xlll.
1777 677 1849 688 —
1882 646 1966 700 DE
2006 643 2488 704 PERFECTIONE
2530 648 2837 705 MONACII.

497 771 690 827 nbulas
718 769 785 824 ad
814 782 1127 824 mensuram
1154 767 1453 837 stringendi
1481 766 1704 829 codicus,
1737 779 1803 819 ne
1828 764 1933 819 tale
1961 761 2089 831 quid
2121 763 2173 821 Α
2198 773 2444 831 augetur,
2482 765 2588 819 noli
2617 765 2727 841 tuis
2768 766 2998 825 meritis,
3034 766 3150 817 sive
3182 765 3374 818 studiis
3399 779 3673 851 arrogare,
3707 769 3800 822 sed

3694 645 3801 705 διδ

2196 856 2475 909 beneficiis
2503 856 2769 910 duntaxat
2816 857 3017 909 divinis
3064 856 3296 910 ascribe.
3352 857 3565 910 Revoca
3618 857 3805 927 itaque

2194 956 2317 998 ante
2340 948 2525 1001 oculos
2550 958 2813 1016 tempora,
2846 950 3064 1017 quando
3090 947 3332 1017 privatus
3359 964 3504 1004 cras.
3522 956 3577 1003 et
3600 948 3800 1013 recole.

2194 1038 2319 1106 quia
2360 1039 2453 1091 tibi
2488 1038 2803 1093 nullatenus
2835 1040 2940 1094 ista
2969 1050 3357 1109 provenerant.

2264 1130 2487 1184 Constat
2534 1146 2665 1201 ergo
2706 1132 2830 1200 quia
2866 1146 2971 1184 non
3008 1132 3126 1195 tibi,
3163 1132 3256 1185 sed
3285 1130 3488 1185 Christi
3521 1132 3811 1187 confertur

2183 1211 2467 1281 'Eeclesize,
2498 1222 2640 1291 quod
2673 1230 2727 1276 tu
2780 1223 2899 1277 sine
2943 1223 3033 1277 illo
3085 1223 3299 1291 assequi
3328 1225 3645 1292 nequivisti.
3682 1223 3801 1279 Non

2196 1328 2439 1367 mensam
2476 1311 2705 1367 fratrum
2736 1322 3058 1368 caenaturus
3082 1315 3403 1379 exborreas,
3451 1330 3559 1368 non
3588 1323 3637 1369 te
3670 1330 3803 1369 con-

2194 1406 2336 1459 vivia
2375 1406 2588 1475 privata
2623 1406 2936 1463 delectent:
2977 1414 3181 1461 etcum
3220 1406 3417 1475 quibus
3464 1406 3556 1460 tibi
3592 1415 3677 1461 est
3718 1404 3802 1460 al-

2198 1502 2329 1555 taris
2378 1513 2563 1555 mensa
2611 1500 2940 1565 communis,
2987 1514 3093 1553 non
3134 1499 3385 1569 indignos
3431 1498 3664 1569 judices,
3708 1499 3804 1568 qui

2199 1590 2291 1645 tibi
2316 1591 2646 1661 participent
2673 1592 2838 1645 etiam
2867 1591 2920 1645 in
2960 1590 3335 1661 corporalibus
3362 1589 3653 1643 alimentis.
3680 1588 3801 1643 Non

2196 1683 2361 1751 igitur
2389 1682 2753 1751 suspicionem
2786 1683 2998 1752 private
3042 1682 3317 1738 vescentis
3351 1683 3598 1737 absentia
3636 1694 3800 1753 gene-

2199 1782 2302 1836 ret,
2337 1771 2478 1826 unde
2504 1772 2571 1825 ad
2620 1771 2922 1848 perniciem
2954 1772 3450 1838 murmurantium,
3482 1772 3597 1826 sive
3624 1771 3805 1825 detra-

2198 1866 2443 1920 hentium
2486 1876 2574 1920 tua
2606 1880 2823 1936 quoque
2868 1863 3013 1920 fama
3066 1864 3296 1920 laboret.
3328 1864 3440 1919 Nec
3472 1877 3809 1935 magnopere

2198 1972 2357 2011 cures
2386 1972 2548 2027 quam
2574 1957 2877 2026 pretiosum
2924 1956 2996 2011 sit
3032 1956 3176 2025 quod
3220 1956 3475 2009 latrinam
3506 1953 3802 2024 compleat,

2198 2049 2291 2101 sed
2330 2047 2381 2102 id
2418 2045 2599 2117 potius
2629 2048 2773 2102 unde
2817 2045 3060 2101 fraterna
3090 2046 3331 2100 charitas
3374 2045 3427 2099 in
3465 2044 3684 2099 Christo
3707 2056 3807 2113 per

500 2133 713 2203 hosque
756 2148 975 2189 servare
1026 2134 1333 2199 conveniat,
1386 2142 1763 2190 summotenus
1814 2133 2089 2203 expedire.
2127 2120 2170 2178 Β
2200 2139 2402 2192 amoris
2432 2138 2604 2192 mutui
2639 2137 2909 2207 glutinum
2943 2135 3230 2191 coalescat.

500 2227 559 2281 In
592 2227 781 2297 primis
813 2229 995 2297 igitur,
1031 2242 1063 2282 o
1100 2228 1431 2283 venerabilis
1477 2229 1640 2292 abba,
1689 2226 1775 2282 fac
1809 2228 1921 2297 ipse
1951 2228 2093 2295 quod

500 2317 773 2388 praecipis,
797 2306 990 2371 exerce
1012 2318 1151 2387 quod
1175 2318 1454 2386 praedicas,
1482 2318 1641 2387 imple
1665 2318 1807 2387 quod
1836 2317 2087 2381 mandas;

500 2424 612 2463 non
642 2410 751 2463 vita
785 2410 1056 2464 discordet
1098 2424 1125 2461 a
1163 2409 1364 2480 lingua,
1401 2426 1505 2464 non
1534 2424 1697 2478 opera
1742 2409 2031 2464 videantur
2062 2424 2090 2461 a

502 2513 754 2555 sermone
824 2499 1095 2564 discreta,
1158 2516 1257 2555 nec
1325 2501 1468 2555 aliud
1537 2501 1727 2555 doceat
1797 2499 2093 2554 auctoritas

501 2591 871 2661 prrsidentis,
939 2591 1086 2645 aliud
1150 2594 1404 2647 exhibeat
1460 2596 1705 2663 operatio
1766 2608 2096 2647 conversan-

460 2708 465 2713 ι
502 2681 594 2733 tis.
640 2680 783 2735 Raro
824 2692 1000 2735 autem
1046 2698 1429 2753 progressurus
1470 2685 1747 2754 egredere,
1800 2694 1857 2738 ut
1906 2701 2092 2739 semen

502 2770 675 2835 verbi,
703 2771 860 2842 305
888 2773 1031 2841 quod
1064 2788 1359 2844 sparseras,
1388 2773 1590 2843 jugiter
1632 2775 1815 2828 valeas
1844 2774 2093 2829 excolen—

500 2862 571 2917 do
601 2860 799 2934 rigare.
826 2862 942 2918 Non
968 2865 1157 2934 itaque
1186 2866 1455 2937 hospitem
1515 2879 1566 2921 te
1614 2867 1929 2922 monasterii
1984 2866 2098 2921 fre-

501 2965 679 3021 quens
720 2953 998 3009 discursus
1038 2956 1323 3021 exhibeat,
1357 2956 1448 3012 sed
1491 2958 1849 3019 habitatorem
1890 2958 2093 3027 potius,

502 3060 668 3120 atque
727 3052 1082 3107 domesticum
1150 3054 1476 3109 diuturnitas
1531 3072 1760 3110 morosae
1809 3058 2095 3126 gravitatis

502 3140 771 3194 ostendat.
796 3139 1152 3197 Commendet
1201 3144 1376 3197 inedia
1423 3144 1627 3212 jejunia
1674 3145 2090 3214 praedicantem,

505 3246 607 3285 nec
662 3231 928 3300 loquentis
983 3235 1279 3289 sententias
1338 3237 1673 3291 comedentis
1741 3238 1925 3292 fauces
1996 3238 2097 3291 im.

502 3330 761 3391 pngucnt.
796 3322 983 3377 Melius
1040 3339 1229 3393 nempe
1285 3326 1633 3380 sobrietatem
1686 3328 1842 3381 docet
1872 3343 2092 3393 manus,

504 3430 630 3476 cum
662 3414 729 3467 ad
751 3430 812 3469 os
838 3416 937 3469 sub
962 3417 1329 3472 moderamine
1360 3418 1592 3483 ducitur,
1614 3436 1775 3487 quam
1807 3421 1850 3475 si
1877 3435 2097 3474 vescen-
2126 3466 2165 3487 η

504 3504 575 3558 tis
619 3503 799 3574 lingua
831 3505 1101 3574 loquatur.
1136 3506 1303 3561 Porro
1332 3509 1505 3561 vivida
1533 3510 1693 3569 satis,
1733 3518 1785 3563 et
1823 3507 2013 3564 efficax
2042 3508 2093 3562 in

503 3596 894 3666 discipulorum
944 3599 1213 3653 mentibus
1261 3600 1573 3667 praedicatio
1606 3610 1732 3655 est:
1785 3600 1875 3655 alii
1924 3616 1985 3656 os
2031 3600 2095 3654 ad

504 3702 726 3742 mensas
752 3687 1043 3757 impellere,
1073 3690 1435 3757 impellentem
1472 3705 1596 3744 vero
1626 3692 1687 3745 in
1717 3692 2095 3763 rigorejejunii

426 3802 429 3805 λ
505 3795 845 3849 permanere.
889 3781 979 3837 Sic
1013 3783 1221 3837 intenta
1269 3783 1707 3855 delinquentibus
1747 3787 2004 3853 ferulam,
2042 3799 2101 3843 ut

506 3875 560 3927 in
614 3881 669 3927 te
712 3884 919 3929 motum
952 3875 1246 3930 iracundia:
1294 3875 1394 3930 sub
1440 3878 1608 3946 rigida
1645 3879 1901 3933 cohibens
1933 3880 2097 3933 disci-

507 3963 677 4032 plina.

579 4060 799 4114 lnterim
832 4077 961 4117 vero
994 4062 1119 4117 dum
1152 4062 1397 4126 minaris,
1429 4062 1555 4115 dum
1585 4062 1888 4116 terroribus
1919 4064 2101 4131 culpa-

509 4150 670 4205 bilem
710 4153 977 4219 concutis,
1004 4154 1059 4207 in
1105 4154 1447 4223 temetipsum
1492 4152 1679 4207 oculos
1720 4168 1936 4216 revoca,
1991 4168 2102 4205 mo-

508 4230 639 4294 dum
688 4241 937 4297 humanae
993 4242 1306 4312 fragilitatis
1354 4245 1605 4308 attende,
1651 4252 1707 4297 et
1756 4244 2098 4311 temetipsum

508 4331 709 4400 corripi
739 4345 917 4400 posse,
945 4333 991 4387 si
1020 4347 1216 4388 censor
1237 4333 1471 4397 adesset,
1501 4332 1773 4388 subtiliter
1795 4334 2059 4387 meditare
2087 4350 2099 4383 :

510 4436 612 4475 nec
664 4422 898 4485 mireris,
932 4424 975 4475 si
1030 4424 1304 4491 subjectus
1353 4424 1621 4493 quispiam
1657 4422 1793 4477 forte
1833 4432 2103 4493 transgre-

509 4510 669 4565 diens
690 4520 881 4565 cuncta
910 4510 1171 4579 jussionis
1197 4522 1299 4567 tua:
1326 4513 1579 4567 mandata
1597 4530 1701 4567 non
1720 4514 1956 4583 impleat,
1978 4529 2101 4568 cum

514 4607 666 4655 tanta
689 4601 759 4656 sit
789 4603 1116 4657 conditionis
1137 4603 1387 4657 humana:
1420 4603 1779 4674 fragilitas,ut
1804 4604 1914 4673 ipsa
1939 4604 2101 4658 etiam

512 4695 760 4762 corporis
815 4695 887 4748 tui
945 4697 1185 4751 membra
1237 4712 1463 4765 prorsus
1511 4696 1563 4750 in
1610 4697 1861 4751 omnibus
1896 4691 2105 4751 timibet

2268 2231 2384 2285 Noli
2436 2229 2751 2285 monasterii
2810 2230 2953 2284 bona
3014 2228 3325 2299 prodigere,
3382 2239 3481 2279 nec
3523 2222 3803 2295 popularis

2196 2337 2340 2376 anne
2368 2320 2613 2376 favorem
2654 2321 2937 2391 preprium
2975 2320 3042 2373 de
3092 2317 3366 2373 communi
3401 2316 3534 2369 velis
3565 2315 3805 2369 utilitate

2194 2425 2430 2482 Captat‘e.
2466 2412 2519 2467 Si
2545 2414 2690 2467 enim
2722 2410 3178 2479 credimus,quod
3212 2408 3501 2463 clitantium
3530 2405 3804 2461 Ecclesias

2194 2517 2419 2578 peccata
2454 2506 2755 2570 solvuntur,
2787 2506 3117 2570 credendum
3150 2514 3232 2557 est
3256 2503 3419 2556 etiam
3460 2499 3648 2571 procul
3700 2500 3802 2553 du-

2195 2603 2303 2667 bio,
2330 2602 2456 2669 quia
2481 2601 2805 2663 minuentes,
2828 2608 2887 2652 et
2906 2597 3272 2665 dilapidantcs
3299 2608 3392 2649 eas
3420 2592 3601 2662 gravis
3628 2590 3803 2645 sacri-

2196 2694 2318 2763 legii
2356 2692 2583 2745 vinculis
2626 2692 3011 2752 innectuntur;
3048 2696 3099 2739 et
3126 2687 3249 2740 inde
3279 2693 3407 2739 sunt
3434 2684 3522 2738 isti
3558 2681 3801 2752 peccatis

2194 2786 2436 2849 obnoxii,
2472 2785 2614 2837 unde
2661 2781 3007 2852 reperiuntur
3062 2779 3133 2833 illi
3184 2787 3527 2847 peccatorum
3573 2776 3804 2829 nexibus

2195 2878 2448 2933 absoluti.
2480 2876 2625 2931 Cave
2678 2875 2802 2929 dum
2852 2872 3160 2943 parentium
3217 2868 3441 2939 stiparis
3499 2867 3802 2935 obsequiis,

2194 2968 2360 3039 306
2388 2967 2514 3020 dum
2566 2965 2747 3018 verbis
2795 2964 3190 3019 assentantium
3241 2960 3481 3014 suaviter
3519 2957 3799 3024 deliniris,

2195 3075 2293 3124 nc,
2327 3057 2469 3127 quod
2502 3056 2675 3121 absit,
2712 3056 2825 3124 ipsa
2869 3055 2923 3108 in
2952 3062 3132 3108 mente
3163 3062 3249 3105 tua
3282 3048 3557 3121 praelatio,
3589 3048 3673 3101 vel
3709 3048 3803 3103 im-

2195 3162 2362 3218 pensa
2417 3147 2722 3199 reverentia
2773 3145 3132 3205 lenocinetur,
3182 3150 3235 3195 et
3271 3139 3427 3209 quasi
3479 3139 3671 3208 dignus
3703 3138 3803 3204 sis,

2196 3238 2286 3307 qui
2341 3237 2407 3290 ad
2457 3236 2556 3289 ista
2617 3234 2970 3302 perveneris,
3006 3232 3147 3285 male
3186 3229 3499 3285 demulcens
3547 3224 3808 3295 cogitatio

2197 3328 2527 3382 blandiatur.
2563 3326 2787 3381 Villicus
2813 3326 3012 3395 quippe
3042 3331 3245 3395 quanto
3283 3322 3333 3374 in
3371 3320 3660 3376 commissa
3692 3318 3803 3371 lar-
3888 3334 3891 3337 ·

2199 3421 2335 3487 giori
2368 3418 2713 3488 possessione
2742 3417 2973 3479 beatior,
3009 3426 3156 3467 [antu
3189 3425 3273 3467 est
3326 3413 3377 3464 in
3407 3409 3677 3465 reddenda
3722 3424 3805 3460 ra-

2205 3513 2348 3566 tione
2382 3497 2960 3577 miserior;rtantoque
3014 3508 3173 3561 debet
3214 3506 3367 3574 plura
3414 3518 3537 3557 cum
3594 3501 3804 3565 reddit,

2200 3614 2404 3673 quanto
2437 3605 2702 3673 gloriatur
2732 3601 2993 3669 ampliora
3021 3616 3143 3653 cum
3171 3599 3387 3667 accipit.
3412 3595 3581 3649 Plane
3607 3594 3808 3647 timen-

2201 3695 2325 3748 dum
2348 3704 2432 3747 est
2474 3695 2627 3747 \“alde
2673 3691 2815 3761 quod
2858 3690 3057 3745 dicitur
3082 3690 3162 3758 (ὁ.
3197 3688 3324 3741 BEN.
3358 3686 3571 3755 Regul.,
3604 3700 3651 3738 c.
3691 3685 3725 3737 2
3755 3692 3811 3737 et

2201 3785 2289 3851 (Si)
2321 3802 2331 3836 :
2364 3802 2381 3833 ‹
2418 3783 2554 3849 Quia
2608 3784 2674 3837 de
2726 3779 2977 3836 omnibus
3013 3778 3117 3833 sibi
3174 3776 3482 3831 commissis
3521 3774 3817 3826 animabus

2205 3877 2469 3928 rationem
2504 3874 2816 3926 redditurus
2841 3880 2924 3926 est
2955 3871 3147 3934 abbas,
3180 3869 3361 3921 addita
3397 3875 3451 3920 et
3476 3881 3585 3919 suae
3614 3864 3809 3916 animae

2204 3971 2431 4023 ratione.
2467 3988 2484 4018 ι
2510 3966 2812 4020 l'ensemus
2840 3965 3025 4032 itaque
3061 3970 3267 4031 quanto
3297 3975 3443 4014 nunc
3468 3957 3717 4026 expedit,
3750 3964 3811 4009 ut

2202 4061 2272 4114 sit
2316 4061 2511 4113 timore
2552 4057 2909 4127 perterritus,
2938 4055 3029 4124 qui
3063 4054 3115 4106 in
3150 4050 3429 4106 tremendo
3459 4050 3710 4104 evaluine
3744 4046 3813 4099 ad

2203 4152 2283 4205 sui
2318 4151 2712 4205 discessionem
2764 4149 2908 4202 venit
2940 4148 3133 4200 alienis
3163 4147 3273 4215 jam
3322 4143 3624 4197 ratiociniis
3679 4140 3809 4193 fati-

2203 4251 2390 4312 gatus;
2426 4241 2518 4294 sed
2550 4240 2674 4308 quia
2716 4238 2922 4293 doctori
2957 4238 3130 4307 magis
3180 4237 3483 4289 docendum
3511 4242 3613 4297 est,
3644 4246 3810 4302 quam

2205 4332 2543 4392 discendum,
2586 4332 2701 4383 haec
2736 4328 2810 4381 illi
2854 4343 3023 4396 pauca
3071 4325 3377 4389 sufﬁciant,
3418 4325 3509 4393 qui
3540 4325 3667 4378 dum
3712 4336 3809 4376 sua

2206 4423 2534 4477 constitutus
2565 4423 2636 4477 sit
2663 4422 2873 4483 dicere,
2908 4420 3090 4474 alieua’
3117 4419 3256 4472 forte
3295 4418 3501 4472 fastidit
3526 4416 3735 4469 audire.

2206 4496 2207 4499 ‘
2799 4509 3027 4565 caper
3069 4510 3203 4562 xw.
3384 4578 3387 4581 _

2682 4600 2758 4655 De
2786 4601 2962 4670 priore
2998 4601 3324 4654 monasterii.

2275 4695 2433 4748 Prior
2472 4704 2653 4748 autem
2690 4694 3008 4747 monasterii
3059 4695 3161 4746 hoc
3204 4693 3362 4745 modo
3402 4691 3485 4745 sui
3533 4691 3811 4760 prioratus

512 4784 888 4853 obtemperare
918 4800 1022 4839 non
1054 4786 1279 4856 possint.
1318 4785 1388 4840 Ut
1429 4796 1610 4840 autem
1641 4786 1783 4852 quod
1832 4786 2095 4850 dicimus,
2128 4814 2177 4872 ι)
2204 4786 2438 4842 οίῐὶοίυιη
2465 4787 2676 4839 naviter
2706 4784 3079 4849 administrat,
3107 4786 3150 4839 si
3183 4786 3250 4839 ab
3282 4784 3496 4838 abbatis
3520 4781 3809 4837 suivolun-

511 4877 794 4931 evidenter
828 4876 1032 4933 eluceat
1064 4918 1077 4941 ,
1109 4880 1340 4947 praecipe
1367 4878 1539 4932 oculis
1562 4878 1689 4943 tuis,
1715 4886 1773 4931 ut
1801 4878 1881 4933 eis
1913 4878 2098 4932 acedia

513 4982 618 5021 non
668 4968 921 5037 obrepat;
975 4970 1154 5035 cordi,
1207 4978 1263 5022 ut
1298 4970 1688 5038 cogitationum
1720 4970 2100 5038 phantasmata

512 5074 618 5113 non
646 5060 898 5125 amittat;
954 5061 1129 5115 indica
1162 5060 1486 5131 genitalibus
1518 5061 1833 5129 pudicitiam
1863 5100 1878 5124 ,
1909 5067 1965 5114 ut
2008 5060 2105 5114 ali-

511 5148 731 5217 quando
756 5148 1023 5203 incentiva
1054 5149 1279 5204 luxnria:
1309 5165 1416 5204 non
1460 5150 1706 5216 titillent;
1737 5150 1876 5221 gulae
1895 5150 2104 5205 Sobrie-

512 5247 702 5300 tatem,
732 5248 793 5291 ut
818 5238 1069 5294 alimenta
1092 5241 1451 5296 esculentiora
1482 5257 1589 5295 non
1621 5244 1861 5311 pruriat;
1894 5250 2104 5310 postre-

512 5343 602 5383 mo
642 5330 741 5383 toti
783 5328 943 5383 simul
977 5330 1233 5400 corpori,
1272 5339 1332 5385 ut
1378 5330 1583 5385 morbis
1620 5329 1955 5386 irruentibus
1993 5347 2101 5387 non

512 5428 779 5493 patescat.
805 5421 1010 5477 Etcum
1039 5423 1243 5492 liquido
1271 5424 1586 5493 probaveris
1624 5426 1741 5479 haec
1764 5440 1794 5479 a
1821 5426 2104 5494 temetipso

511 5512 731 5582 exigere
754 5512 933 5577 ﬁdem,
956 5513 1052 5569 sed
1075 5516 1292 5585 penitus
1322 5514 1614 5586 impetrare
1639 5532 1745 5572 non
1776 5531 1955 5586 posse,
1972 5516 2103 5585 quid

512 5603 711 5658 mirum
742 5604 789 5657 si
814 5602 864 5656 in
891 5604 996 5671 his,
1020 5604 1109 5674 qui
1142 5620 1172 5659 a
1202 5616 1252 5661 te
1286 5608 1535 5676 personis
1554 5614 1608 5660 et
1634 5608 1877 5663 moribus
1899 5608 2105 5677 disjun-

513 5702 581 5756 cti
611 5708 760 5763 sunt,
800 5700 1093 5771 perfectam
1118 5703 1171 5756 in
1199 5704 1452 5760 omnibus
1474 5719 1713 5774 nequeas
1738 5705 2103 5761 obedientiam

513 5791 793 5863 reperire?
845 5790 1014 5847 Plane
1065 5792 1110 5847 si
1152 5793 1267 5847 haec
1314 5794 1369 5848 in
1422 5802 1475 5849 te
1516 5796 1703 5850 solerti
1755 5796 2105 5852 meditatione

513 5884 845 5950 consideres,
873 5892 1126 5940 traternre
1157 5899 1372 5955 quoque
1407 5888 1791 5944 imbecillitatis
1820 5903 2103 5945 excessum

514 5973 895 6041 aequanimiter
921 5971 1115 6027 ferres.
1146 5972 1202 6028 Si
1234 5975 1361 6043 quid
1384 5974 1530 6032 forte
1559 5979 1870 6047 patrimonii
1897 5980 2105 6036 latioris

520 6067 830 6131 accesserit,
856 6064 902 6120 si
928 6073 1213 6135 suppetere
1241 6068 1397 6136 copia
1430 6072 1694 6141 cernitur,
1718 6073 1761 6128 si
1789 6074 1881 6131 Dei
1913 6075 2104 6131 domus

2204 4890 2315 4934 tate
2367 4895 2473 4932 non
2527 4878 2830 4945 discrepat,
2878 4878 2924 4931 si
2979 4877 3223 4931 omnium
3280 4875 3511 4929 fratrum
3574 4878 3807 4939 animos,

2204 4977 2466 5038 quantum
2498 4969 2550 5021 in
2583 4982 2641 5022 se
2676 4976 2779 5030 est,
2815 4967 2867 5020 in
2897 4965 3144 5034 ejusdem
3175 4966 3391 5019 abbatis
3430 4965 3645 5019 sincera
3676 4963 3813 5020 dile-

2205 5062 2385 5115 ctione
2437 5059 2742 5114 conﬁrmat.
2780 5059 2979 5127 Ioseph
3030 5073 3225 5126 nempe
3274 5058 3430 5112 herili
3490 5057 3812 5127 praepositus

2206 5151 2387 5205 domui
2416 5149 2570 5220 (Gen.
2612 5150 2824 5218 xxnx),
2877 5150 3053 5203 noluit
3089 5151 3156 5203 ad
3189 5149 3436 5202 ultimum
3469 5149 3659 5203 aliena:
3685 5162 3811 5202 con-

2201 5246 2348 5317 jugis
2380 5256 2432 5298 in
2476 5261 2534 5299 se
2564 5244 2893 5299 desiderium
2924 5243 3143 5298 trahere
3216 5244 3308 5297 sed
3362 5243 3415 5295 in
3464 5256 3649 5295 amore
3704 5240 3809 5295 viri

2207 5337 2411 5409 proprii
2440 5336 2624 5391 docuit
2646 5349 2985 5405 permanere.
3014 5332 3223 5388 Nobilis
3246 5342 3297 5386 et
3318 5333 3404 5385 ille
3432 5348 3624 5386 servus
3651 5331 3812 5385 Abra-

2209 5432 2356 5495 ham,
2404 5438 2465 5483 ut
2521 5444 2748 5482 uxorem
2804 5427 3026 5482 domino
3078 5442 3175 5480 suo
3228 5427 3444 5479 sincera
3485 5422 3589 5477 fide
3629 5424 3813 5493 provi-

2209 5524 2334 5577 deat
2359 5521 2512 5592 (Gen.
2547 5524 2720 5592 XXIV),
2752 5535 2914 5576 omne
2944 5520 3025 5573 vir
3048 5528 3303 5574 strenuus
3328 5520 3587 5585 impensae
3621 5517 3811 5569 Imma-

2209 5614 2396 5669 nitatis
2448 5612 2682 5670 cilicium
2714 5613 2892 5668 calcat
2919 5632 2933 5667 :
2966 5612 3171 5666 laboris
3206 5612 3289 5664 sui
3321 5610 3548 5671 scilicet,
3584 5622 3646 5661 ac
3677 5607 3808 5662 tanti

2210 5707 2421 5762 itineris
2468 5705 2829 5770 obliviscitur,
2883 5712 2943 5759 ut
2995 5704 3096 5758 soli
3164 5702 3384 5758 domino
3444 5716 3541 5754 suo
3584 5699 3809 5764 militet,

2209 5798 2473 5870 quidquid
2497 5798 2551 5852 in
2567 5798 2917 5867 expeditione
2938 5798 3147 5866 positus
3179 5802 3453 5863 operatur.
3491 5792 3643 5847 Sicut
3665 5790 3809 5845 enim

2208 5894 2377 5949 abbas
2414 5908 2510 5962 per
2540 5906 2701 5946 omne
2728 5892 2873 5961 quod
2911 5892 3023 5961 agit
3052 5890 3118 5944 ad
3149 5904 3391 5943 amorem
3418 5888 3617 5942 Christi
3651 5884 3808 5939 debet

2212 5987 2349 6041 filios
2374 6000 2707 6057 provocare;
2737 5986 2810 6041 ita
2837 5985 3002 6040 etiam
3026 5984 3175 6052 prior
3203 5998 3270 6037 ne
3299 5998 3404 6052 qua
3424 6022 3437 6045 ,
3468 5982 3611 6052 quod
3643 5979 3808 6044 absit,

2212 6077 2477 6151 zelotypia
2502 6083 2813 6149 generetur,
2853 6075 2905 6131 in
2937 6074 3227 6130 dilectienc
3254 6072 3469 6127 abbatis
3500 6070 3583 6125 sui
3611 6068 3813 6124 fratres
