4276 6396
570 363 675 420 315

1031 361 1089 417 S.
1117 361 1318 417 PETRI
1347 354 1626 413 DAMIANI
1665 349 1813 410 01⁵1⁵.
1844 349 2079 408 TOMUS
2118 347 2246 404 εευ
2287 345 2466 401 PARS
2503 343 2584 398 III.
2614 373 2681 383 -—
2709 339 3074 398 OPUSCULA
3114 339 3348 394 VARIA.

3728 335 3846 394 316

568 472 1125 533 stude.tunanimiter
1152 469 1454 523 confovere.
1481 465 1595 518 Non
1641 463 1820 532 itaque
1864 463 2008 515 circa
2035 460 2126 512 de-
2162 465 2208 521 Α
2235 455 2373 518 veri,
2422 468 2542 508 cum
2582 450 2832 507 videlicet
2879 458 3060 504 castra
3101 448 3168 502 ad
3210 447 3484 504 bellorum
3528 457 3852 503 noscantur

568 561 916 631 linquemium
947 559 1130 626 culpas
1164 573 1230 611 se
1274 558 1527 610 exhibeat
1567 555 1770 615 mitem,
1803 562 1858 606 ut
1882 552 2128 605 abbatem

570 652 730 705 faciat
753 661 1006 718 apparere
1035 646 1336 707 crudelem;
1363 644 1459 701 sed
1491 645 1569 697 sic
1603 643 1690 696 illo
1714 644 1936 695 absente
1966 653 2130 707 prava

570 751 791 806 qumque
820 732 1126 805 redarg'uat,
1154 744 1211 788 ut
1240 734 1282 786 is
1308 731 1644 800 postmodum
1676 730 1883 782 rediens
1912 726 2054 780 velut
2080 727 2133 780 in

573 824 843 894 tranquilli
889 835 1073 893 portus
1119 825 1258 884 sinu,
1310 820 1386 874 sic
1419 821 1470 873 in
1509 816 1863 889 spiritualium
1907 814 2134 868 fratrum

564 915 970 984 jucundantium
1004 913 1184 966 laetitia
1209 913 1530 980 requiescat.

642 1002 842 1056 Teneat
869 1000 1026 1068 igitur
1053 1000 1276 1067 rigidam
1309 997 1361 1050 in
1386 995 1755 1050 excedentium
1801 994 2138 1066 correptione

571 1104 870 1152 censuram,
903 1103 1000 1142 nec
1023 1089 1255 1156 patiatur
1288 1086 1426 1153 apud
1455 1101 1511 1137 3e
1540 1091 1852 1137 consuetam
1882 1082 2141 1153 regularis

570 1178 828 1250 propositi
859 1187 1128 1246 tepescere
1158 1175 1512 1244 disciplinam.
1546 1173 1636 1226 llle
1679 1174 1748 1227 sit
1778 1173 1843 1225 ad
1876 1171 2139 1240 justitiam

570 1270 793 1340 rigidus,
821 1277 878 1321 ut
899 1267 1062 1321 abbas
1081 1264 1248 1318 videri
1273 1263 1444 1317 valeat
1471 1263 1522 1315 in
1549 1261 1958 1316 mansuetudine
1989 1263 2139 1330 pius;

573 1358 663 1412 ille
694 1360 854 1410 instet
887 1355 1122 1422 exigere,
1151 1362 1209 1406 ut
1244 1353 1314 1405 sit
1347 1353 1489 1421 quod
1519 1351 1683 1405 abbas
1721 1362 1942 1419 paterna
1979 1350 2145 1420 possit

571 1448 772 1516 pietate
818 1447 1036 1500 donare.
1085 1443 1296 1514 Moyses
1349 1443 1544 1511 quippe
1599 1452 1656 1496 ut
1707 1441 1877 1495 fidelis
1917 1439 2145 1494 famulus

573 1537 727 1591 nudae
764 1535 986 1602 iustitiae
1010 1541 1276 1602 pmcepta
1308 1531 1560 1596 tradidit;
1603 1531 1850 1585 Christus
1883 1537 2058 1582 autem
2092 1537 2148 1582 ut

572 1640 698 1679 vere
726 1625 844 1695 pius
875 1623 1150 1687 Dominus,
1182 1631 1411 1676 austera:
1444 1622 1575 1690 legis
1597 1621 1849 1674 duritiam
1887 1630 2149 1688 tempera-

573 1717 668 1769 vit.
718 1716 896 1768 Aaron
921 1729 1071 1778 vero,
1123 1714 1212 1782 qui
1244 1713 1617 1782 prtevaricanli
1661 1711 1858 1781 populo
1901 1725 1959 1765 se
1994 1711 2146 1780 quasi

2232 545 2506 614 pertinere
2542 541 2900 602 procinctum.
2941 538 3088 594 Unde
3121 549 3176 593 et
3223 538 3385 608 paulo
3415 547 3543 608 post
3579 538 3792 594 dicitur
3829 555 3847 591 :

2240 651 2257 684 ι
2295 631 2350 686 Si
2379 629 2616 685 exieritis
2636 630 2702 682 de
2731 636 2872 682 terra
2899 635 3076 681 vestra
3104 635 3293 680 contra
3342 628 3536 682 hostes
3555 626 3654 697 qui
3681 626 3854 680 dimi-

2235 737 2359 782 cant
2413 725 2668 779 adversus
2716 737 2831 789 vos,
2882 721 3143 790 clangetis
3193 719 3539 774 ululantibus
3571 721 3744 785 tubis,
3784 729 3856 776 et

2235 818 2338 873 erit
2367 815 2668 870 recordatio
2696 814 2862 869 vestri
2891 827 3076 866 coram
3108 810 3344 866 Domino
3375 813 3490 866 Deo
3520 822 3714 867 vestro
3735 853 3751 876 ,
3784 821 3857 867 ut

2237 904 2496 961 eruamini
2525 903 2590 958 de
2605 903 2854 956 manibus
2879 902 3226 955 inimicorum
3241 910 3555 955 vestrorum
3581 901 3808 972 (lbid.).
3825 921 3851 954 ι

2236 997 2314 1049 Ad
2347 1008 2577 1064 pugnam
2611 993 2809 1061 quippe
2833 991 2988 1059 quasi
3028 998 3206 1044 castra
3233 991 3626 1044 contendimus
3645 1030 3662 1054 ,
3688 1006 3854 1055 cum,

2238 1094 2295 1138 ut
2331 1085 2401 1136 ita
2428 1083 2623 1145 dicam,
2661 1080 2921 1150 psalturi,
2961 1079 3046 1134 vel
3089 1081 3296 1134 oraturi
3336 1082 3402 1134 ad
3435 1081 3733 1135 ecclesiam
3763 1081 3852 1134 fe-

2239 1174 2522 1227 stinamus.
2553 1170 2663 1223 Illic
2684 1169 2826 1222 enim
2857 1168 3200 1223 tenebrarum
3230 1168 3512 1238 principes
3543 1171 3854 1223 adversum

2242 1279 2339 1317 nos
2383 1262 2623 1316 feraliter
2648 1261 2928 1325 dimicant,
2969 1268 3028 1313 ut
3057 1275 3154 1330 per
3177 1260 3461 1316 illusioues
3483 1263 3856 1331 phantasma-

2243 1363 2353 1407 tum
2400 1353 2467 1405 ab
2516 1351 2600 1405 his
2638 1365 2764 1420 qua:
2814 1365 2911 1418 per
2971 1350 3112 1404 labia
3165 1349 3428 1413 defluunt,
3485 1353 3856 1422 vagabundas

2244 1444 2452 1496 mentes
2483 1448 2756 1493 avertant.
2808 1439 2874 1492 Et
2920 1454 2978 1492 re
3005 1455 3138 1494 .vera
3168 1455 3334 1508 quam
3368 1441 3600 1510 pulchra
3631 1442 3857 1498 militia

2246 1533 2470 1602 species,
2512 1532 2779 1600 prmeipue
2810 1530 3282 1595 nocturnisboris,
3313 1547 3436 1585 cum
3458 1531 3668 1588 fratres
3687 1535 3855 1603 quasi

2253 1623 2502 1676 tubarum
2550 1621 2895 1690 clangoribus
2944 1622 3164 1676 excitati
3207 1637 3440 1676 cuneum
3493 1624 3748 1689 faciunt,
3793 1635 3860 1680 et

2254 1722 2508 1779 tanquam
2546 1711 2748 1763 directa
2787 1710 2902 1764 acie
2923 1721 3301 1780 properantes,
3349 1715 3572 1767 attoniti
3606 1715 3676 1769 ad
3720 1731 3856 1784 pro-

574 1805 912 1860 tractabilem
936 1804 1162 1875 praebuit
1191 1844 1204 1867 ,
1236 1819 1356 1858 cum
1386 1817 1451 1856 eo
1478 1803 1632 1856 simul
1665 1802 1727 1856 ad
1756 1803 2044 1872 sacrilegos
2073 1804 2148 1856 ri-
2181 1804 2222 1860 Β
2251 1805 2485 1859 cinctum
2529 1801 2702 1855 divini
2736 1803 3055 1857 certaminis
3103 1804 3452 1858 concorditer
3491 1807 3851 1874 gradiuntur.

573 1903 662 1948 tus
690 1893 826 1947 idola
857 1892 1152 1946 fabricavit.
1185 1891 1336 1946 Sicut
1361 1892 1761 1960 appendcbatur
1794 1891 1969 1946 velum
2014 1899 2142 1945 ante

575 1999 753 2040 arcam
782 1983 1017 2046 fmderis,
1051 1990 1129 2037 sic
1153 1983 1303 2052 prior
1332 1983 1399 2036 ad
1428 1983 1700 2037 exteriora
1723 1997 1947 2050 qumque
1977 1996 2140 2050 nego-

575 2075 651 2128 tia
677 2074 828 2143 quasi
857 2071 1120 2141 quoddam
1165 2073 1234 2126 sit
1262 2080 1474 2142 tegmen
1505 2072 1732 2125 abbatis.
1763 2071 1855 2125 llle
1880 2072 2142 2141 siquidem

574 2161 882 2231 pulveribus
910 2161 975 2213 de
996 2159 1177 2214 saeculi
1207 2161 1292 2213 via
1321 2161 1666 2229 surgentibus
1703 2174 1914 2227 semper
1934 2160 2148 2228 exposi-

576 2259 663 2305 tus
687 2249 894 2313 obviet;
940 2249 1041 2305 iste
1077 2247 1221 2302 velut
1256 2263 1379 2301 arca
1422 2249 1629 2302 Domini
1692 2249 1744 2301 in
1802 2249 1882 2302 sui
1927 2247 2148 2317 fulgoris

577 2339 839 2394 munditia
861 2337 1061 2407 iugiter
1087 2347 1418 2408 perseveret.
1451 2337 1541 2391 Ille
1590 2348 1839 2406 tanquam
1884 2338 2059 2390 Aaron
2086 2352 2148 2391 os

581 2427 793 2483 abbatis
836 2426 1009 2481 factus
1041 2465 1057 2492 ,
1115 2426 1363 2495 loquatur
1406 2428 1472 2482 ad
1513 2427 1794 2496 populum;
1850 2429 1948 2483 iste
2011 2429 2150 2482 sicut

580 2519 810 2590 Moyses,
834 2518 887 2572 in
912 2518 998 2572 his
1023 2532 1142 2586 qua
1171 2518 1238 2570 ad
1262 2517 1429 2571 Deum
1460 2518 1750 2586 pertinent,
1783 2517 1980 2572 divinis
2017 2517 2150 2570 allo-

581 2608 725 2680 quiis
774 2605 1100 2676 perfruatur.
1151 2606 1387 2674 Uterque
1430 2606 1592 2674 igitur
1635 2607 1688 2659 in
1744 2605 1903 2675 307
1947 2606 2152 2661 unitate

579 2699 799 2768 spiritus
817 2698 1131 2752 alterutrum
1161 2706 1565 2762 concurrentes,
1599 2696 1776 2762 talem,
1818 2698 1862 2750 si
1898 2697 2151 2765 possibile

577 2796 682 2854 est,
714 2787 824 2842 Deo
864 2786 1100 2842 sobolem
1127 2786 1390 2849 nutriant,
1416 2786 1500 2840 cui
1529 2786 1580 2838 in
1610 2783 1697 2852 jus
1723 2783 1958 2840 caelestis
1981 2785 2150 2840 hare-

581 2877 764 2940 ditatis
789 2878 1034 2946 ascripta
1054 2874 1503 2946 posteritabnulla
1532 2873 1804 2928 succedat.

1146 2963 1368 3018 CAPUT
1409 2962 1566 3017 XVII.

993 3055 1068 3110 De
1093 3054 1444 3124 signiﬁcatam
1469 3054 1738 3105 horarum.

2245 1892 2375 1948 Cum
2403 1891 2651 1946 videlicet
2681 1906 2971 1959 puerorum
2999 1891 3078 1945 ala
3105 1893 3386 1962 pracedit.
3415 1892 3688 1960 juvenum
3715 1907 3858 1950 vero

2246 1995 2498 2054 tanquam
2555 1983 2954 2053 manipulorum
3018 1993 3196 2038 turma
3259 1985 3655 2053 subsequitur;
3695 1995 3863 2056 post-

2249 2088 2394 2128 rema
2451 2083 2629 2127 autem
2685 2072 2928 2144 legentes
2973 2074 3202 2145 vestigia
3265 2089 3449 2139 senes,
3503 2075 3633 2131 belli
3698 2078 3859 2132 scili-

2247 2174 2334 2217 cet
2391 2163 2599 2226 robnr,
2654 2177 2722 2216 ne
2771 2163 3017 2217 subsidat
3073 2162 3307 2232 aliquis,
3378 2179 3446 2239 ne
3511 2165 3600 2219 vel
3671 2167 3861 2222 hostis

2251 2251 2481 2306 furtivus
2537 2252 2856 2323 immergat,
2910 2253 3076 2308 totius
3127 2254 3406 2310 exercitus
3457 2264 3610 2327 terga
3664 2265 3858 2312 custo-

2247 2343 2426 2398 diunt.

2318 2431 2491 2498 Adde,
2515 2433 2656 2502 quod
2704 2434 2908 2490 laterna
2967 2434 3020 2488 in
3081 2435 3259 2504 prima
3298 2435 3425 2490 belli
3470 2435 3657 2492 fronte
3711 2451 3872 2506 pra:

2252 2520 2458 2586 fertur,
2496 2533 2557 2576 ut
2592 2522 2841 2577 columna
2891 2524 3038 2594 ignis
3073 2537 3173 2592 per
3211 2526 3491 2586 desenum
3533 2527 3880 2594 praecedere-

2252 2611 2507 2680 populum
2563 2614 2842 2682 aptissima
2900 2612 3253 2668 similitudine
3311 2616 3584 2670 videatur.
3641 2614 3737 2671 Sic
3771 2616 3873 2670 ni-r

2251 2703 2445 2756 mirum
2483 2743 2499 2768 ,
2567 2705 2646 2758 sic
2713 2705 2972 2759 centuriae
3023 2703 3227 2760 Christi
3301 2707 3369 2760 ad
3447 2708 3858 2762 comedendum

2251 2791 2473 2846 cteleste
2521 2807 2766 2858 manna;
2801 2794 2882 2848 sic
2930 2793 2997 2847 ad
3047 2793 3400 2849 obtinendam
3443 2804 3648 2850 terram
3683 2797 3867 2868 308

2253 2879 2392 2933 lacte
2419 2880 2681 2950 melleque
2703 2891 3010 2935 manantem
3032 2895 3175 2938 verte
3203 2883 3518 2939 Israeliticae
3546 2899 3860 2956 properant

2256 2967 2510 3037 legiones.
2539 2968 2924 3040 Claugentibus
2950 2987 3186 3041 namque
3226 2974 3372 3029 tubis
3401 2973 3471 3028 ad
3517 2978 3860 3031 tabernacu-

2257 3058 2366 3112 lum
2397 3057 2620 3116 ftederis
2647 3071 2958 3132 properant,
2988 3072 3046 3118 ut
3074 3066 3225 3120 verbi
3255 3066 3497 3122 cmlestis
3526 3068 3637 3124 illic
3660 3070 3862 3138 epulas

649 3146 864 3219 Noverit
891 3153 1066 3199 autem
1095 3142 1424 3212 signiﬁcatur
1447 3143 1720 3205 horarum,
1746 3141 1870 3210 quia
1894 3140 2020 3196 nulli
2044 3155 2155 3194 ma-
2183 3140 2227 3200 C
2259 3149 2566 3214 comedent,
2591 3158 2645 3204 et
2671 3150 2998 3206 sacrificium
3028 3153 3202 3208 laudis
3228 3153 3360 3220 Deo,
3378 3171 3462 3220 ac
3479 3157 3639 3211 bona:
3661 3157 3823 3212 volun
3840 3187 3878 3200 --

582 3239 662 3305 gis
690 3238 742 3290 in
771 3233 1096 3290 monasterio
1127 3240 1208 3286 est
1235 3231 1435 3285 oblivio
1461 3230 1733 3300 fugienda,
1756 3245 1916 3298 quam
1939 3231 2058 3284 sibi.
2090 3229 2146 3283 Si

580 3305 723 3384 enim
764 3325 1048 3380 articulum
1094 3337 1246 3377 suum
1288 3323 1573 3392 cujuslibet
1599 3322 1820 3391 synaxis
1858 3321 2010 3386 hora,
2063 3321 2148 3375 vel

581 3427 877 3488 prmventa,
905 3415 987 3471 vel
1021 3414 1183 3469 dilata
1213 3429 1317 3468 non
1353 3420 1548 3477 teneat,
1577 3427 1792 3477 omnem
1836 3412 2023 3481 procul
2052 3412 2150 3466 du-

583 3507 670 3560 bio
699 3508 945 3561 horarum
977 3505 1375 3559 succedentium
1391 3503 1630 3556 ordinem
1657 3503 1853 3556 turbat.
1881 3501 1995 3557 Non
2023 3517 2152 3571 ergo

585 3594 778 3648 fabulis
818 3602 991 3658 vacet,
1023 3606 1128 3645 non
1174 3591 1330 3660 longa
1369 3605 1490 3642 cum
1531 3590 1710 3660 aliquo
1748 3589 2008 3657 colloquia
2055 3591 2154 3642 mi-

586 3693 752 3752 sceat,
781 3701 884 3739 non
922 3685 1151 3752 denique
1181 3682 1308 3751 quid
1343 3696 1372 3734 a
1395 3679 1738 3735 saecularibus
1765 3689 1955 3748 agatur
1979 3678 2153 3747 inqui-

588 3784 700 3840 rat;
726 3773 816 3827 sed
838 3773 1138 3826 commissa:
1152 3770 1251 3824 sibi
1273 3784 1418 3823 curae
1442 3783 1653 3836 semper
1677 3768 1929 3832 intentus,
1944 3782 2155 3835 semper

588 3864 1190 3932 providus,semperque
1218 3860 1490 3921 sollicitus,
1519 3859 1767 3912 volubilis
1793 3859 2015 3928 sphtera:
2057 3870 2153 3910 ne-

589 3952 892 4006 cessitatem
915 3951 1195 4018 quiescere
1216 3949 1562 4011 nescientem,
1587 3947 1822 4000 siderum
1853 3947 2153 4008 transitum,

589 4049 642 4095 et
669 4040 931 4094 elabentis
963 4038 1219 4106 temporis
1259 4037 1546 4092 meditetur
1593 4050 1805 4102 semper
1845 4049 2153 4088 excursum.

589 4133 759 4186 Porro
788 4132 1047 4200 psallendi
1073 4131 1173 4184 sibi
1200 4129 1362 4182 faciat
1389 4129 1851 4188 consuetudinem,
1885 4128 1928 4180 si
1954 4127 2150 4181 discer-

594 4222 752 4276 nendi
781 4223 940 4276 horas
959 4219 1322 4289 quotidianam
1340 4219 1537 4271 habere
1559 4219 1829 4271 desiderat
1851 4218 2119 4271 notionem
2141 4231 2155 4268 :

593 4323 650 4366 ut
680 4313 1105 4382 quandocunque
1154 4309 1280 4364 solis
1324 4309 1557 4369 claritas,
1603 4309 1716 4361 sive
1763 4306 2037 4360 stellarum
2068 4323 2158 4359 va-

592 4402 756 4455 rietas
793 4399 1007 4451 nubium
1035 4397 1299 4451 densitate
1330 4411 1433 4449 non
1468 4396 1722 4458 cernitur,
1753 4396 1860 4449 illic
1891 4398 1941 4449 in
1981 4411 2154 4464 quan-

593 4493 745 4546 titate
767 4491 1094 4560 psalmodiaa,
1119 4503 1277 4556 quam
1310 4487 1560 4551 tenuerit,
1589 4488 1853 4554 quoddam
1882 4488 1979 4540 sibi
2018 4488 2159 4541 velut

601 4588 930 4657 horologium
955 4585 1224 4638 metiatur.
1257 4583 1539 4637 Enimvero
1569 4597 1682 4635 mos
1703 4622 1717 4644 ,
1741 4591 1799 4633 ut
1826 4581 2066 4636 homines
2093 4582 2160 4634 ad

594 4674 892 4736 ecclesiam,
944 4674 1067 4726 dum
1107 4672 1385 4740 pulsantur
1423 4669 1773 4722 tintinnabula
1798 4709 1813 4732 ,
1836 4684 2161 4738 congregen-

597 4771 705 4826 tur,
734 4777 798 4816 ex
825 4763 1057 4828 antiqua:
1083 4759 1216 4827 legis
1248 4759 1474 4827 mystica
1515 4757 1803 4811 traditione
1838 4749 2116 4812 descehdit
2143 4797 2156 4821 ,

591 4850 808 4921 jnbente
838 4850 1062 4903 Domino
1100 4847 1266 4918 Moysi
1298 4862 1312 4899 :
1347 4866 1364 4898 ι
1399 4847 1506 4901 Fac
1545 4847 1658 4909 tibi,
1695 4847 1888 4914 inquit,
1922 4846 2056 4900 duas
2079 4856 2160 4899 tu-

596 4943 691 4996 bas
737 4951 1017 5010 argenteas
1067 4940 1328 5003 ductiles,
1390 4939 1583 5007 quibus
1631 4953 1930 4993 convocare
1991 4941 2163 5007 possis

598 5029 1010 5093 multitudinem,
1047 5030 1262 5098 quando
1300 5029 1559 5082 movenda
1603 5037 1728 5082 sunt
1754 5037 1930 5083 castra
1968 5047 1980 5082 :
2015 5045 2162 5082 cum-

599 5136 702 5190 que
732 5121 1061 5188 increpueris
1091 5120 1260 5184 tubis,
1311 5121 1728 5190 congregabitur
1779 5122 1845 5173 ad
1890 5130 1940 5173 te
1986 5121 2162 5174 omnis

599 5211 753 5264 turba
785 5211 850 5264 ad
872 5211 1066 5262 ostium
1087 5209 1411 5263 tabernaculi
1435 5209 1650 5264 fmderis
1676 5211 1863 5282 (Nam.
1885 5210 1961 5280 ι).
1998 5231 2015 5263 ι
2053 5210 2164 5264 Sic~

600 5311 658 5354 ut
704 5301 844 5357 enim
875 5311 1003 5353 tunc
1062 5299 1351 5354 Israelitica
1375 5300 1522 5368 plebs
1560 5314 1679 5353 cum
1725 5301 1865 5355 tubis
1886 5301 1952 5353 ad
1982 5300 2162 5353 taber-

602 5394 848 5448 naculum
869 5391 1184 5458 coniluebat,
1218 5394 1290 5446 ita
1314 5393 1474 5447 etiam
1501 5407 1642 5447 nunc
1671 5393 1908 5448 ﬁdelium
1936 5391 2165 5462 populus

603 5485 666 5535 ad
701 5481 1003 5546 ecclesiam,
1049 5483 1232 5537 audito
1272 5483 1752 5538 tintinnabulorum
1788 5485 2057 5553 clangore,
2088 5484 2165 5538 fe-

587 5574 783 5628 stinat.
1111 5639 1114 5642 .

677 5662 856 5730 Neque
884 5663 982 5718 hoc
1008 5663 1291 5733 discrepat,
1310 5663 1450 5733 quod
1474 5663 1544 5718 illi
1572 5662 1822 5717 dicuntur
1848 5671 2022 5717 castra
2051 5676 2162 5716 mo-

2257 3236 2382 3290 tatis
2407 3245 2532 3292 vota
2564 3238 2894 3307 persolvant.
2929 3239 3080 3294 Unde
3104 3249 3160 3295 et
3197 3242 3399 3297 ibidem
3446 3259 3552 3298 non
3597 3245 3869 3300 inconve-

2255 3325 2467 3379 aienter
2492 3326 2706 3380 additur
2736 3346 2747 3379 :
2785 3344 2804 3378 ι
2843 3327 2900 3382 Si
2929 3329 3160 3398 quando,
3192 3331 3386 3400 inquit,
3417 3332 3691 3390 habebitis
3721 3347 3868 3404 εμμ

2254 3412 2363 3466 lum
2398 3414 2464 3466 ad
2493 3415 2606 3468 dies
2636 3414 2803 3471 festos
2829 3425 2882 3470 et
2925 3417 3194 3472 Kalendas
3213 3458 3229 3484 ,
3262 3421 3472 3474 canetis
3502 3436 3671 3491 super
3701 3423 3868 3478 holo—

2256 3504 2478 3570 caustis,
2507 3512 2557 3557 et
2602 3504 2840 3572 pacillcis
2873 3507 3133 3572 victimis;
3175 3517 3233 3561 ut
3258 3509 3369 3563 sint
3397 3511 3555 3567 vobis
3585 3513 3639 3566 in
3674 3528 3864 3568 recor-

2256 3589 2524 3643 dationem
2580 3591 2676 3645 Dei
2735 3593 2899 3646 vestri
2951 3592 3142 3663 (Num.
3190 3593 3268 3664 κ).
3303 3614 3320 3646 ι
3379 3595 3436 3649 In
3476 3597 3564 3652 his
3594 3599 3767 3666 igitur
3804 3611 3867 3656 et

2257 3677 2562 3747 huiusmodi
2612 3683 2790 3736 verbis
2835 3683 3173 3750 signiﬁcatur
3225 3686 3484 3740 horarum
3550 3689 3865 3756 prudenter

2260 3770 2536 3834 advertat,
2569 3787 2730 3840 quam
2768 3774 3014 3843 vigilem,
3045 3790 3317 3844 quamque
3353 3777 3646 3832 sollicitum
3681 3780 3735 3833 in
3765 3796 3863 3836 as-

2260 3862 2467 3930 signato
2496 3863 2596 3915 sibi
2627 3864 2929 3917 ministerio
2959 3878 3078 3919 esse
3107 3879 3323 3934 semper
3342 3877 3614 3935 oporteat,
3642 3884 3712 3924 ne
3742 3881 3874 3926 tan.

2261 3961 2374 4003 tum
2417 3951 2669 4005 videlicet
2722 3969 2856 4021 opus
2903 3968 2999 4022 per
3038 3952 3157 4022 ejus
3201 3955 3466 4009 incuriam
3516 3958 3601 4011 sui
3647 3959 3865 4016 ordinis

2263 4049 2460 4094 statuta
2488 4041 2802 4096 confundat.

2827 4131 3052 4186 CAPUT
3091 4131 3278 4186 XVIII.

2771 4221 2842 4273 De
2885 4239 3077 4276 mensae
3121 4223 3332 4278 lectore.

2332 4310 2528 4364 Mensa:
2576 4310 2747 4364 lector
2777 4307 3002 4365 sollicita
3049 4311 3487 4368 consideratione
3523 4318 3827 4385 perpendat
3845 4358 3866 4381 ,ν

2263 4416 2422 4469 quam
2459 4403 2732 4464 distincte,
2759 4417 2920 4469 quam
2954 4413 3168 4470 aperte,
3199 4418 3360 4471 quam
3390 4407 3625 4474 denique
3660 4407 3862 4462 intelli-

2265 4491 2500 4558 gibiliter
2528 4491 2704 4560 legere
2726 4490 2938 4543 debeat.
2969 4490 3412 4562 Quandoquidem
3437 4511 3561 4549 cum
3599 4497 3860 4551 refectio-

2268 4594 2334 4631 ne
2388 4593 2714 4646 corporum,
2772 4579 2863 4632 ille
2914 4581 3167 4646 pabulum
3232 4581 3451 4638 exhibet
3521 4585 3859 4640 animarum.

2269 4666 2413 4719 Dixit
2456 4667 2778 4734 Apostolus:
2819 4686 2836 4717 ι
2889 4668 3024 4724 Esca
3067 4671 3278 4734 ventri,
3332 4681 3386 4724 et
3439 4683 3632 4726 venter
3677 4676 3858 4741 escis;

2268 4757 2410 4811 Deus
2441 4767 2618 4811 autem
2649 4759 2825 4821 hunc,
2869 4767 2924 4812 et
2956 4760 3103 4812 illam
3155 4762 3398 4816 destruet
3447 4762 3496 4832 (1
3537 4764 3666 4818 Cor.
3696 4765 3791 4834 vi).
3834 4787 3854 4819 ι

2272 4846 2375 4900 Per
2400 4840 2534 4902 alios
2583 4848 2744 4918 igitur
2784 4847 3006 4902 offertur
3035 4864 3159 4904 esca
3188 4853 3533 4920 corporibus,
3570 4869 3693 4921 quae
3731 4871 3862 4911 mox

2272 4937 2325 4991 in
2357 4939 2690 5006 putredincm
2724 4940 2952 4992 vertitur
2984 4958 2996 4991 :
3029 4956 3126 5009 per
3155 4942 3299 4995 Imnc
3325 4943 3504 4996 divina
3539 4945 3863 5000 mini'strano

2271 5037 2359 5082 tur
2384 5030 2615 5099 eloquia,
2644 5044 2763 5098 qua:
2793 5031 2929 5084 ccelo
2952 5032 3114 5085 etiam
3142 5042 3393 5101 terraque
3419 5034 3858 5098 transeuntibus,

2270 5134 2374 5173 non
2410 5120 2729 5173 transibunt.
2763 5117 2854 5172 Sic
2875 5134 3002 5188 ergo
3034 5120 3318 5189 legendum
3350 5132 3451 5184 est,
3489 5135 3548 5174 ut
3578 5125 3705 5175 dum
3729 5137 3860 5176 caro

2269 5225 2360 5264 sua
2395 5211 2534 5278 stipe
2572 5209 2842 5273 reficitur,
2879 5211 3054 5263 anima
3091 5226 3306 5278 quoque
3347 5211 3663 5265 caelestibus
3684 5210 3858 5280 epulis

2270 5302 2511 5370 saginetu
2522 5315 2560 5352 r.

2335 5389 2566 5460 Legatur
2605 5389 2789 5458 itaque
2850 5405 2956 5444 non
3014 5389 3232 5454 lectori,
3275 5391 3371 5444 sed
3433 5390 3703 5453 auditori;
3755 5405 3852 5445 nec

2267 5489 2560 5550 aucupetur
2604 5481 2832 5548 proprize
2869 5481 3205 5535 rumusculos
3256 5479 3441 5543 famae,
3473 5482 3567 5534 sed
3616 5481 3853 5535 tedilica-

2267 5573 2393 5626 tioni
2425 5572 2603 5641 potius
2642 5572 2887 5625 consulat
2937 5573 3142 5626 alienae.
3178 5571 3284 5626 Nec
3326 5581 3478 5625 curet
3511 5573 3642 5641 quid
3668 5572 3734 5624 de
3779 5573 3851 5624 Ie-

2267 5673 2410 5716 ctore
2453 5661 2589 5725 dici,
2643 5659 2734 5714 sed
2789 5661 2916 5730 quid
2971 5661 3034 5714 de
3088 5661 3314 5715 lectione
3371 5661 3542 5728 possit
3603 5658 3844 5728 intelligi.
