4276 6354
290 369 396 427 81⁸1

1146 355 1388 415 OPUSC.
1429 356 1564 413 XIII.
1606 355 1787 410 -—.DE
1823 350 2303 409 PERFECTIONE
2340 350 2650 410 MONACB.

3453 356 3570 415 313

289 476 586 534 Edemibus
623 473 787 526 etiam
834 469 1228 540 suggerendum
1273 477 1385 532 est,
1429 477 1486 520 ut
1523 469 1600 521 sic
1625 465 1874 521 refectto-
1901 467 1948 524 Δ
1981 474 2084 527 tur,
2114 463 2160 518 si
2192 462 2422 533 singulis
2445 462 2750 532 quibusque
2776 465 3054 532 membris,
3084 482 3188 523 non
3214 470 3358 539 quod
3381 471 3571 526 velun-

289 583 414 622 nem
459 565 724 620 sobrietas
772 567 1065 628 temperet,
1111 565 1379 628 quatenus
1431 553 1870 611 commolentium

288 659 554 729 strepitus
605 654 841 711 faucium
888 659 1098 706 meatus
1127 651 1336 704 aurium
1378 665 1481 704 non
1512 648 1745 703 obturet.
1783 645 1876 700 Sic

288 744 581 801 mediatrix
618 744 759 797 inter
787 755 848 795 os
883 748 936 795 et
963 754 1203 794 mensam
1237 753 1427 792 manus
1452 737 1654 792 scilicet
1692 736 1877 790 mode-

289 847 412 891 rata
455 836 755 895 discurrat.
789 834 867 887 sic
895 847 953 886 se
995 829 1095 886 sub
1135 832 1398 902 gravitate
1427 829 1578 885 freno
1615 843 1875 899 suspensa

290 927 572 988 cohibeat,
607 935 664 976 ut
703 923 828 975 dum
864 930 1075 975 terrena
1105 935 1200 989 per
1240 919 1423 974 fauces
1456 935 1578 973 esca
1617 919 1873 983 trahitur,

288 1026 631 1082 nequaquam
666 1026 694 1062 a
722 1010 921 1063 divinis
943 1008 1190 1076 jejunare
1221 1008 1447 1077 dapibus
1489 1007 1735 1062 esuriens
1760 1006 1876 1061 ani-

288 1115 378 1154 ma
407 1099 778 1168 compellatur.

879 1184 1107 1240 CAPUT
1145 1184 1288 1238 XIX.

372 1275 586 1341 Quanta
616 1274 944 1329 cellerarium
975 1283 1209 1343 oporteat
1238 1273 1548 1327 discretione
1579 1272 1793 1342 pollere.

362 1365 686 1421 Cellerarins
709 1374 908 1429 autem,
935 1364 1058 1432 quia
1089 1365 1242 1433 quasi
1271 1373 1425 1434 pater
1443 1364 1770 1418 constitutus
1791 1371 1876 1417 est

287 1464 632 1528 monasterii,
659 1461 818 1517 debet
841 1461 1072 1516 cilicium
1095 1462 1198 1516 sibi
1222 1462 1568 1516 commissum
1599 1469 1743 1515 tanta
1761 1461 1874 1516 dis-

286 1555 625 1625 pensationis
663 1563 782 1607 arte
814 1566 1104 1622 peragere,
1139 1562 1198 1606 ut
1233 1567 1449 1606 manum
1492 1561 1548 1606 et
1586 1551 1875 1621 aperiendo

285 1646 644 1717 substringat,
671 1653 725 1698 et
763 1645 1072 1715 stringendo
1100 1644 1364 1698 discretus
1399 1644 1643 1712 aperiat;
1680 1651 1872 1712 quate.

285 1753 394 1793 nus
436 1739 490 1792 in
520 1752 585 1792 eo
615 1744 672 1792 et
718 1751 882 1806 parca
925 1737 996 1791 sit
1034 1735 1292 1804 largitas,
1331 1745 1386 1790 et
1433 1736 1671 1804 parcitas
1699 1735 1868 1805 larga.

1977 565 2060 609 tas
2105 557 2276 609 ambit
2360 557 2454 609 sed
2515 555 2658 624 quod
2716 557 3013 613 necessitas
3063 562 3307 630 expetit,
3374 563 3573 632 imper-

1978 649 2160 702 tiatur.

2571 735 2803 791 CAPUT
2841 734 2961 790 XX.

2450 826 2753 880 Admonitio
2781 844 3086 896 puerorum.

2047 919 2217 973 Porro
2247 927 2451 982 autem,
2483 918 2610 986 quia
2662 927 2832 971 totum
2885 919 3063 972 sancti
3116 919 3280 986 hujus
3325 921 3569 976 ctenobii

1975 1024 2197 1079 corpus,
2225 1008 2373 1062 velut
2421 1009 2668 1062 extensis
2715 1008 3040 1077 quibusdam
3090 1009 3319 1066 fraterni
3370 1012 3573 1069 amoris

1979 1100 2120 1160 ulnis
2151 1099 2571 1168 amplectimur,
2626 1109 2802 1152 ratum
2848 1097 3137 1165 ducimus,
3191 1103 3305 1170 ipsa
3357 1117 3576 1172 quoque

1975 1199 2194 1247 aetatum
2223 1199 2497 1244 momenta
2530 1189 2887 1256 distinguere,
2913 1197 2968 1242 et
3017 1199 3276 1258 tanquam
3328 1205 3566 1261 congru-

1976 1283 2122 1338 entia
2173 1279 2422 1349 quzedam
2472 1279 2905 1333 admonitionum
2975 1279 3293 1334 indumenta
3344 1280 3575 1350 singulis

1975 1372 2284 1441 quibusque
2311 1370 2571 1425 membris
2598 1377 2808 1438 aptare.
2842 1369 2913 1424 Ut
2954 1370 3122 1439 igitur
3149 1372 3217 1426 ab
3265 1371 3574 1440 incipienti-

1975 1465 2077 1520 bus
2102 1465 2426 1519 ordiamur:
2462 1463 2767 1518 instruendi
2793 1463 2944 1527 estis,
2981 1479 3014 1518 ο
3041 1464 3235 1532 pueri,
3268 1465 3394 1534 quia
3427 1479 3574 1519 nunc

1975 1561 2107 1607 tetas
2137 1562 2318 1608 vestra
2347 1566 2504 1606 cerea
2531 1560 2656 1606 est:
2691 1561 2747 1605 et
2791 1549 2934 1606 sicut
2983 1552 3155 1606 teneri
3210 1553 3388 1608 adhuc
3439 1553 3575 1609 estis

1977 1647 2032 1702 in
2071 1647 2369 1719 pusillitate
2393 1645 2784 1710 membrorum,
2801 1646 2877 1699 ita
2902 1647 3066 1701 etiam
3090 1649 3280 1716 utique
3305 1647 3574 1705 ﬂexibiles

1975 1736 2386 1792 diversitatibus
2415 1750 2650 1790 morum.
2682 1734 3074 1804 Quantumque
3121 1750 3152 1788 a
3185 1736 3351 1790 ramis
3389 1735 3573 1791 adhuc

285 1827 646 1897 Summopere
669 1828 868 1898 quippe
895 1826 1194 1880 cavendum
1223 1834 1335 1889 est,
1365 1841 1433 1881 ne
1455 1825 1772 1895 parcitatem
1800 1833 1877 1878 te—
1909 1813 1951 1871 Β
1980 1827 2353 1899 Pythagoricae
2385 1826 2582 1880 litterae
2612 1825 2803 1896 procul
2836 1826 2997 1896 agitis
3024 1865 3039 1890 ,
3090 1833 3244 1880 tanto
3295 1825 3572 1882 faciliores

284 1919 534 1984 naeitas,
570 1918 876 1988 largitatem
928 1915 1118 1971 effusio
1171 1916 1481 1969 mentiatur.
1531 1914 1688 1984 Szepe
1730 1914 1874 1969 enim

285 2008 484 2062 vitium
530 2008 751 2062 virtutis
793 2021 852 2062 se
882 2007 1062 2076 specie
1108 2004 1310 2074 palliat,
1362 2012 1671 2073 quantoque
1722 2001 1876 2071 quasi

286 2093 496 2150 bonum
541 2109 663 2151 esse
701 2095 846 2164 quod
883 2094 1081 2147 malum
1129 2103 1214 2147 est
1256 2093 1515 2157 cernitur,
1561 2100 1711 2146 tanto
1739 2089 1877 2144 dim-

289 2183 450 2239 cilius
493 2182 836 2238 emendatur.
885 2182 1066 2236 Bonus
1122 2191 1299 2235 autem
1347 2181 1755 2235 administrator
1797 2179 1876 2234 sic

290 2275 576 2345 dispensat
635 2273 943 2328 necessaria
997 2285 1316 2342 corporum,
1373 2280 1432 2325 ιιι
1499 2271 1662 2325 saluti
1713 2270 1876 2325 etiam

285 2364 541 2420 consulat
599 2362 942 2426 animarum;
1007 2360 1132 2430 quia
1211 2370 1266 2415 et
1327 2360 1600 2430 parcendo
1673 2361 1876 2416 sobrie-

287 2461 463 2510 tatem
505 2452 714 2517 nutrit,
767 2461 823 2506 et
869 2451 1146 2521 largiendo
1204 2451 1647 2505 murmurationis
1685 2449 1875 2506 vitium

287 2559 362 2599 ne
407 2541 638 2607 oriatur,
684 2541 920 2597 obsistit.
975 2539 1130 2609 Saepe
1175 2541 1319 2595 enim
1375 2543 1455 2612 (ut
1501 2541 1584 2594 vir
1647 2539 1877 2610 pruden-

295 2631 543 2688 tissimus
607 2632 724 2702 ait)
775 2629 1099 2684 liberalitate
1155 2629 1455 2685 liberalitas
1499 2630 1665 2701 perit,
1714 2629 1879 2700 309

287 2723 544 2780 videlicet
570 2732 624 2776 et
650 2737 771 2776 cum
813 2736 898 2776 res
927 2730 980 2775 et
1023 2737 1128 2776 non
1171 2720 1532 2792 indigentibus
1584 2722 1876 2774 indiscrete

282 2813 657 2885 profunditur,
706 2812 933 2881 ideoque
975 2813 1102 2881 quid
1141 2827 1270 2866 vere
1319 2813 1685 2882 indigentibus
1739 2813 1871 2866 dan-

287 2905 416 2960 dum
436 2903 527 2967 sit,
565 2903 907 2972 postmodum
949 2917 1053 2957 non
1075 2904 1337 2965 habetur.

359 2994 530 3050 Debet
557 2995 740 3061 itaque
768 2994 952 3064 negari
984 2994 1313 3063 superﬂuum
1351 2995 1570 3058 nostris,
1605 3003 1662 3047 ut
1688 3009 1872 3062 super-

285 3085 358 3139 sit
389 3084 531 3139 unde
557 3085 798 3138 charitas
855 3084 1196 3152 impendatur
1240 3085 1538 3138 extraneis.
1584 3083 1873 3137 Nehemias

1977 1918 2130 1980 estis,
2158 1917 2244 1974 vel
2270 1917 2323 1971 in
2357 1917 2637 1971 dexteram
2664 1915 2848 1985 dirigi,
2906 1915 2990 1969 vel
3023 1915 3076 1969 in
3117 1916 3353 1971 sinistrae
3401 1917 3575 1987 partis

1977 2007 2238 2078 proclivia
2294 2006 2632 2076 detorqueri.
2683 2005 2789 2060 Sed
2841 2005 2888 2061 si
2943 2007 3087 2062 inter
3139 2022 3335 2062 manus
3412 2005 3565 2078 ﬁguli

1977 2098 2154 2168 plasta
2190 2095 2380 2150 vitium
2408 2094 2656 2150 laesionis
2688 2095 2922 2150 incurrit
2949 2135 2965 2158 .
3015 2095 3118 2150 nisi
3149 2103 3348 2165 prmsto
3397 2096 3572 2151 corrio

1977 2190 2139 2261 gitur,
2173 2196 2460 2257 postquam
2494 2186 2562 2241 ad
2595 2186 2770 2241 instar
2814 2185 3012 2255 lapidis
3052 2185 3375 2240 obduruerit
3398 2225 3413 2252 ,
3465 2200 3573 2242 non

1979 2277 2246 2332 medetur.
2281 2276 2338 2330 Si
2369 2274 2578 2344 virgula
2633 2289 2698 2328 ex
2740 2273 2916 2343 prima
2972 2273 3154 2329 radice
3195 2288 3574 2339 succrescens,

1977 2383 2031 2423 tu
2060 2366 2337 2435 obliquum
2369 2379 2428 2420 se
2474 2363 2716 2433 qualibet
2755 2363 3048 2418 occasione
3093 2371 3454 2434 retorqueat,
3506 2369 3578 2422 ad

1978 2455 2356 2511 rectitudinem
2387 2467 2663 2522 nunquam
2699 2464 2930 2516 remeat,
2953 2452 2998 2508 si
3027 2451 3310 2522 aliquanto
3360 2454 3571 2510 diutius

1979 2547 2030 2600 in
2059 2547 2249 2600 eadem
2295 2544 2616 2613 obliquitate
2663 2543 3051 2610 perdurat;et
3101 2544 3229 2613 quia
3275 2553 3335 2599 ut
3374 2546 3577 2601 hastile

1976 2639 2066 2705 sit,
2100 2637 2320 2708 indigna
2353 2635 2686 2700 decernitur,
2739 2634 2974 2690 ﬂammis
3003 2633 3266 2693 edacibus
3312 2639 3575 2708 pabulum

1976 2727 2288 2796 deputatur.

2046 2820 2247 2875 Cavete
2297 2833 2467 2890 ergo,
2517 2834 2586 2873 ne
2634 2819 2825 2872 vitium
2872 2818 3094 2887 aliquod
3141 2827 3384 2876 vestrum
3441 2836 3568 2878 cum

1975 2905 2139 2975 310
2188 2906 2523 2959 incremento
2572 2905 2811 2972 corporis
2852 2904 3010 2957 simul
3055 2893 3305 2970 adoleat,’
3337 2920 3406 2959 ne
3447 2921 3576 2975 pra-

1973 2995 2158 3049 vitatis
2213 2993 2526 3061 cujuslibet
2560 2993 2612 3045 in
2667 2993 2819 3046 vobis
2877 2993 3158 3047 nodositas
3207 2993 3573 3060 obdurescat;

1976 3084 2070 3138 sed
2117 3084 2237 3138 sitis
2285 3097 2412 3135 vasa
2464 3098 2570 3136 non
2630 3083 2684 3135 in
2739 3083 3124 3136 contumeliam
3168 3124 3184 3148 ,
3237 3087 3333 3138 sed
3379 3085 3432 3137 in
3479 3085 3577 3139 hoo

285 3173 436 3229 enim
467 3179 525 3227 ut
563 3173 841 3233 venientes
873 3187 1112 3241 quosque
1143 3173 1208 3225 de
1255 3173 1506 3237 gentibus
1554 3188 1651 3240 per
1693 3174 1868 3226 cirsu-
1900 3162 1944 3220 C
1976 3187 2162 3225 norem
2232 3171 2370 3226 facta
2415 3211 2430 3236 ,
2487 3179 2649 3239 atque
2703 3173 2753 3224 in
2813 3173 2971 3225 domo
3034 3172 3246 3227 Domini
3302 3174 3356 3227 in
3416 3189 3580 3230 omne

284 3262 423 3318 itum
443 3260 499 3314 in
525 3261 826 3314 convictum
851 3261 1081 3329 propria:
1105 3276 1304 3314 mensa:
1324 3261 1586 3330 suscipiat
1603 3260 1689 3332 (II
1708 3260 1868 3315 Esdr.

283 3355 367 3420 v),
395 3352 647 3423 gregibus
682 3352 796 3406 suis
823 3365 1048 3421 parcere
1074 3353 1426 3407 inhumanum
1451 3362 1602 3422 putat
1637 3370 1650 3418 ;
1683 3353 1870 3421 sicque

285 3444 402 3497 suis
432 3443 804 3497 necessitatem
833 3441 1115 3511 stipendiis
1147 3451 1452 3511 temperat,
1487 3450 1546 3496 ut
1590 3443 1870 3496 ebaritatis

285 3532 519 3587 oﬂicium
550 3533 686 3587 etin
719 3531 922 3585 alienos
977 3530 1253 3584 extendat.
1299 3530 1498 3585 Tobias
1547 3547 1670 3585 cum
1723 3539 1870 3586 tanta

286 3621 561 3674 laboraret
589 3620 788 3690 inopia,
830 3628 888 3673 ut
913 3635 1048 3672 uxor
1076 3619 1193 3689 ejus
1239 3619 1459 3673 textrini
1509 3620 1690 3688 operis
1719 3635 1871 3688 qua:-

285 3720 428 3763 stum
456 3712 718 3764 conducta
756 3709 1053 3776 susciperet
1084 3708 1236 3778 (Tob.
1261 3712 1348 3778 ιι),
1385 3709 1500 3763 haec
1530 3709 1643 3779 ipsa
1681 3751 1695 3773 ,
1743 3724 1865 3780 quae

284 3799 541 3864 habebat,
573 3800 769 3868 adjecit
796 3813 960 3867 parva
992 3798 1254 3861 dividere,
1288 3807 1348 3851 ut
1389 3800 1729 3868 concaptivis
1756 3797 1866 3852 fra-

287 3888 460 3942 tribus
488 3889 858 3958 qualecunque
893 3888 1087 3940 saltem
1131 3887 1380 3941 solatium
1427 3889 1727 3942 exhiberet.
1777 3887 1872 3942 Pe-

283 3981 537 4048 regrinus
563 3980 746 4048 itaque
773 3980 1030 4047 pietatem
1061 3994 1091 4030 a
1119 3992 1176 4031 se
1215 3979 1550 4046 peregrinari
1580 3993 1689 4032 non
1740 3993 1866 4046 pere

286 4070 433 4132 tulit,
473 4077 529 4122 et
573 4068 734 4122 rebus
779 4081 982 4136 pauper
1027 4066 1446 4136 opulentissima:
1477 4066 1759 4119 ebaritatis
1789 4065 1868 4119 di-

283 4162 453 4214 vitias
483 4174 588 4214 non
619 4157 823 4211 amisit.
866 4156 1075 4224 Abigail
1123 4157 1250 4210 dum
1309 4156 1582 4225 magniﬁci
1635 4155 1867 4209 convivii

282 4260 496 4323 partem
522 4248 793 4304 subtrahit
823 4247 874 4316 (1
901 4246 1023 4316 Reg.
1059 4247 1188 4315 xxv)
1217 4286 1232 4310 ,
1287 4261 1316 4299 a
1363 4247 1464 4299 viri
1509 4245 1697 4314 jugulo
1750 4245 1865 4314 gla-

283 4345 436 4399 dium
505 4339 669 4394 David
733 4338 787 4390 in
851 4337 1106 4391 ultionem
1169 4337 1507 4392 contumeliae
1563 4336 1868 4390 festinantis

281 4433 736 4500 avertit;sicque
761 4431 874 4485 suis
909 4429 1089 4484 cibum
1151 4429 1290 4483 bene
1339 4427 1515 4481 furata
1573 4428 1862 4496 subripuit,

281 4524 481 4594 quibus
508 4522 694 4590 utique
722 4521 886 4575 vitam
917 4520 1191 4574 extraneis
1220 4519 1574 4574 ministrando
1603 4520 1858 4574 servavit.

280 4619 484 4674 Paulus
510 4616 675 4671 etiam
705 4622 888 4668 monet
911 4627 1008 4684 per
1039 4627 1199 4666 unam
1253 4611 1497 4677 Sabbati,
1546 4613 1690 4681 quod
1747 4612 1862 4680 pla-

278 4708 458 4764 cuerit
485 4707 624 4776 apud
653 4719 1087 4772 unumquemque
1115 4705 1325 4774 reponi,
1346 4711 1404 4757 ut
1426 4703 1856 4772 Hierosolymam

276 4797 483 4854 sanctis
512 4794 871 4863 indigentibus
899 4792 1298 4848 Corinthiorum
1327 4802 1510 4859 posset
1558 4794 1728 4864 gratia
1760 4793 1856 4846 de-

276 4887 470 4943 stinari
505 4884 556 4955 (1
582 4885 702 4938 Cor.
733 4883 866 4953 xvi).
897 4881 986 4938 Sic
1009 4884 1189 4952 itaque
1215 4882 1468 4938 debemus
1489 4883 1690 4936 nostris
1717 4897 1852 4950 quo:

275 4977 472 5032 tidiani
499 4977 674 5030 victus
700 4974 966 5043 stipendia
989 4974 1320 5040 ministrare,
1344 4983 1402 5028 ut
1427 4974 1854 5038 meminerimus,

273 5068 443 5122 etiam
474 5068 518 5120 si
549 5065 778 5120 facultas
799 5073 1067 5133 suppetat,
1085 5071 1140 5118 et
1159 5065 1430 5118 extraneis
1459 5066 1509 5117 in
1535 5065 1858 5119 necessitate

273 5169 618 5212 succurrere.
677 5154 760 5209 Sit
807 5165 986 5210 autem
1034 5154 1288 5210 Ecclesiae
1329 5157 1668 5224 dispensator
1696 5196 1711 5219 ,
1750 5171 1856 5209 non

273 5255 535 5313 acceptor
560 5259 914 5313 personarum
945 5283 960 5309 ,
1009 5245 1103 5300 sed
1156 5245 1528 5301 considerator
1575 5245 1857 5299 infirmita-

276 5345 390 5390 tuin
417 5352 434 5400 ;
469 5351 577 5391 non
608 5344 857 5404 captator
889 5337 1101 5407 gratiae,
1133 5337 1226 5392 sed
1257 5347 1591 5392 sustentator
1618 5337 1859 5392 imbecil-

272 5424 445 5478 litatis
499 5424 728 5488 alienae,
772 5435 828 5481 ut
885 5426 1167 5495 :equaliter
1217 5426 1581 5496 indigentibus
1632 5427 1857 5496 aequalia

273 5515 501 5580 tribuat,
527 5530 665 5585 quos
698 5526 881 5572 autem
932 5516 1236 5588 fragilitatis
1284 5519 1570 5575 diversitas
1621 5534 1858 5589 separat,

276 5604 768 5659 administrationis
795 5607 958 5661 etiam
986 5608 1316 5676 dispensatio
1347 5609 1626 5664 moderata
1651 5610 1858 5665 discer-

278 5705 389 5748 nat.
423 5693 513 5749 Sic
539 5695 682 5750 enim
714 5712 874 5753 omne
923 5699 1295 5755 scandalorum
1343 5702 1693 5758 seminarium
1724 5701 1862 5758 tolli-

1977 3277 2111 3330 opus
2173 3262 2371 3315 bonum
2444 3272 2656 3329 parata.
2723 3262 2895 3316 Plane
2950 3264 2995 3317 si
3051 3264 3214 3318 vultis
3265 3265 3577 3320 adultorum

1973 3352 2241 3420 probitate
2285 3353 2553 3405 nitescere
2589 3370 2602 3403 :
2644 3361 2718 3415 ct,
2767 3353 2908 3420 quod
2942 3353 3060 3406 aliis
3111 3354 3442 3422 impossibile
3469 3365 3577 3425 est,

1972 3441 2180 3510 absque
2241 3441 2443 3503 laboris
2485 3442 2642 3496 taedio
2693 3442 2985 3496 virtutibus
3027 3443 3334 3511 abundare,
3379 3448 3578 3504 amodo

1973 3535 2286 3592 sobrietatis
2335 3551 2486 3588 arma
2544 3537 2824 3604 corripite,
2875 3545 2930 3590 et
2971 3537 3234 3594 adversus
3280 3548 3579 3597 aestuantes

1971 3626 2155 3679 carnis
2205 3623 2486 3679 illecebras
2539 3625 2668 3680 totis
2725 3627 2928 3681 viribus
2979 3627 3274 3683 decertate.
3347 3629 3406 3682 In
3454 3629 3574 3701 ipso

1963 3715 2076 3784 jam
2130 3715 2361 3768 tirocinii
2408 3716 2574 3769 vestri
2619 3717 2915 3785 primorle
2957 3726 3163 3770 certam
3209 3718 3364 3773 vobis
3409 3720 3575 3775 victo-

1971 3806 2105 3858 riam
2154 3804 2265 3860 Dco
2307 3820 2405 3873 pro
2448 3806 2601 3861 vobis
2647 3816 2823 3863 stante
2871 3809 3207 3876 promittite,
3259 3819 3315 3864 et
3350 3811 3576 3880 praelato

1971 3898 2150 3952 crucis
2211 3899 2406 3951 vexillo
2460 3908 2737 3954 certamen
2793 3900 3167 3955 infoederabile
3217 3917 3340 3956 cum
3389 3904 3577 3959 adver-

1970 3989 2046 4042 sis
2091 3989 2371 4059 spiritibus
2413 3989 2678 4045 audenter
2727 3989 2878 4043 inite.
2948 3990 3171 4047 Calcate
3222 3994 3572 4061 superbiam,

1968 4078 2214 4136 {tenetur
2267 4080 2348 4133 ira
2385 4121 2400 4147 ,
2455 4081 2742 4152 frangatur
2806 4083 3049 4147 invidia,
3119 4092 3302 4139 teneat
3369 4087 3572 4142 silentii

1968 4171 2150 4240 lingua
2183 4187 2492 4241 censuram,
2522 4173 2812 4227 ruminatio
2839 4174 3246 4242 Scripturarum
3287 4177 3422 4244 gulae
3447 4193 3576 4246 pru-

1968 4262 2106 4315 ritus
2153 4262 2490 4330 exstinguat;
2541 4262 2929 4316 detractionem
2977 4273 3036 4316 ut
3078 4263 3256 4332 lingua
3291 4280 3398 4318 non
3449 4280 3576 4332 pro-

1965 4349 2088 4411 fert,
2135 4351 2214 4404 sic
2251 4358 2300 4404 et
2351 4351 2498 4404 auris
2540 4367 2644 4404 non
2689 4352 2958 4406 audiendo
3004 4357 3353 4408 condemnet.
3396 4355 3572 4410 «Cum

1971 4438 2388 4502 detractoribus,
2445 4440 2522 4492 ait
2572 4438 2850 4504 Salomon,
2901 4455 2970 4493 ne
3017 4443 3420 4496 commisceatis
3462 4443 3572 4497 col—

1967 4531 2228 4599 loquium,
2287 4530 2542 4600 quoniam
2600 4539 2820 4600 repente
2875 4531 3055 4584 veniet
3089 4532 3322 4600 perditio
3360 4548 3572 4597 eorum,

1965 4629 2021 4673 et
2065 4619 2276 4672 ruinam
2323 4628 2683 4687 utrorumque
2729 4620 2852 4688 quis
2885 4620 3079 4674 novit?
3119 4619 3302 4690 (Prov.
3353 4622 3568 4694 nm):

1961 4708 2094 4762 Tam
2143 4709 2390 4763 videlicet
2437 4709 2554 4776 ejus
2607 4709 2700 4778 qui
2754 4708 3010 4775 detrahit,
3075 4725 3239 4780 quam
3297 4710 3441 4766 illius
3479 4713 3570 4781 qui

1956 4815 2144 4854 aurem
2192 4800 2564 4854 accommodat
2605 4798 2950 4854 detrahenti:
2977 4808 3028 4854 et
3068 4799 3284 4869 quidem
3330 4815 3439 4856 non
3479 4802 3572 4855 ἀοι

1955 4893 2299 4961 trahendum,
2329 4904 2697 4949 verumtamen
2729 4902 3010 4962 peccatum
3039 4895 3227 4951 fratris
3249 4896 3348 4963 illi,
3389 4912 3420 4952 a
3461 4913 3574 4968 quo

1959 4983 2151 5038 debeat
2182 4985 2402 5054 corrigi.
2434 5001 2539 5040 non
2566 4984 2868 5041 celandum.

2037 5071 2189 5139 Quod
2235 5074 2490 5128 nimirum
2538 5083 2691 5128 tanto
2735 5072 3011 5145 interdum
3061 5089 3092 5130 a
3131 5077 3316 5147 pueris
3357 5077 3575 5135 facilius

1965 5161 2390 5228 deprehenditur
2423 5201 2437 5227 ,
2493 5172 2698 5233 quanto
2747 5165 2799 5218 in
2847 5165 2928 5218 eis
2985 5164 3069 5220 vel
3119 5167 3426 5233 noscendi,
3487 5170 3572 5224 vel

1962 5252 2238 5306 deferendi
2289 5255 2527 5323 suSpieio
2581 5271 2688 5309 non
2737 5255 2986 5310 habetur.
3030 5256 3322 5312 Accusavit
3367 5256 3568 5328 Joseph

1963 5343 2161 5399 fratres
2193 5346 2332 5414 apud
2360 5355 2569 5415 patrem
2602 5349 2832 5402 crimine
2865 5349 3102 5417 pessimo
3131 5348 3283 5418 (Gen.
3318 5351 3564 5420 xxxvii);

1962 5436 2055 5490 sed
2099 5437 2244 5492 unde
2291 5437 2502 5493 illorum
2548 5449 2673 5494 tunc
2726 5441 2946 5510 pertulit
2991 5442 3203 5504 odium.
3252 5443 3375 5497 inde
3422 5453 3565 5512 post-

1963 5525 2180 5580 modum
2239 5543 2402 5597 super
2440 5543 2535 5585 eos
2580 5531 2968 5585 dominationis
3009 5531 3245 5586 obtinuit
3293 5533 3565 5602 principa-

1966 5625 2100 5669 tum.
2145 5616 2402 5673 Achimas
2442 5627 2496 5674 et
2536 5619 2819 5684 Jonathas,
2859 5621 3121 5691 suppositi
3156 5624 3314 5690 juxta
3358 5621 3562 5678 fontem

1968 5703 2137 5775 Rogo!
2188 5705 2481 5773 latuerunt,
2539 5710 2758 5780 regique
2815 5710 3024 5774 David,
3080 5721 3138 5767 ut
3192 5729 3220 5766 a
3268 5711 3406 5768 facie
3441 5711 3562 5775 Ab-
