5514 6644
257 6439 730 6544 ῃ

2018 499 2124 556 549

2482 493 2538 550 S.
2580 493 2785 548 PETRI
2834 490 3111 544 DAMIANI
3151 486 3303 545 OPP.
3348 486 3583 544 TOMUS
3622 483 3755 539 SEU
3795 481 3975 538 PARS
4015 483 4100 538 Ill.
4128 515 4195 526 —-
4225 484 4588 541 OPUSCULA
4629 485 4854 544 VARIA.

5181 492 5280 549 320

2021 614 2170 668 sator:
2216 607 2532 677 quantocius
2591 605 2796 673 fugeret
2825 643 2838 662 .
2883 601 3128 654 nuntium
3181 600 3485 653 detulerunt
3517 596 3598 665 (ll
3630 597 3677 655 Α
3706 610 3832 664 gere
3871 600 4059 650 vulnus
4093 598 4370 678 anhelant.
4417 599 4546 652 Nam
4597 609 4686 652 aut
4729 600 5015 671 fugandum
5055 611 5158 667 est,
5198 617 5277 660 aut

2024 704 2147 773 Βία.
2199 704 2332 769 xvii)
2382 718 2393 751 :
2446 708 2497 752 et
2565 699 2667 751 hoc.
2726 698 2994 750 Ahiathan
3055 707 3108 749 ct
3165 695 3372 751 Sadoch
3432 695 3606 747 fecere

2023 808 2117 861 per
2169 788 2325 849 ﬁlios,
2380 786 2519 854 quod
2568 785 2746 838 fae're
2793 799 2898 845 non
2955 795 3201 852 poterant
3247 801 3339 853 per
3376 785 3603 851 scipsos.

2025 879 2174 946 Stcpe
2225 876 2487 944 siquidem
2540 891 2634 944 per
2667 876 2910 944 jun‘ores
2958 876 3109 942 culpa
3165 875 3447 941 detegitur,
3489 890 3608 942 qua:

2023 985 2051 1022 a
2109 950 2405 1033 majoribus
2460 965 2747 1019 salubriter
2805 967 3142 1019 emendatur.
3200 964 3370 1017 Nolite
3428 974 3606 1017 autem

2015 1057 2126 1126 jam
2174 1058 2536 1129 grandiusculi
2574 1056 2639 1109 de
2681 1059 2922 1126 priorum
2978 1069 3275 1111 vestrorum
3325 1071 3608 1125 perperam

2022 1149 2162 1204 forte
2220 1151 2511 1204 viventium
2575 1151 2782 1205 meritis
2840 1152 3113 1218 disputare
3153 1190 3168 1214 ,
3225 1160 3279 1203 et
3345 1166 3450 1204 non
3503 1165 3609 1220 qua

2024 1241 2105 1292 via
2163 1241 2522 1310 gradiantur,
2569 1243 2660 1296 sed
2703 1244 2854 1312 cujus
2897 1243 3011 1295 vice
3051 1242 3383 1312 fungantur,
3434 1252 3608 1298 atten-

2023 1331 2244 1394 dentes,
2311 1331 2417 1385 illis
2469 1333 2518 1385 in
2561 1333 2778 1386 Christo
2823 1332 3098 1385 humiliter
3138 1333 3371 1387 obedite.
3420 1334 3607 1387 Patres

2020 1423 2161 1476 enim
2202 1425 2384 1478 carnis
2409 1465 2422 1490 ,
2449 1435 2521 1484 ut
2560 1425 2846 1495 Apostolus
2885 1426 2994 1489 ait,
3039 1425 3328 1481 habuimus
3365 1427 3606 1481 erudito-

2019 1527 2126 1576 res,
2167 1523 2221 1568 et
2258 1515 2639 1570 reverebamur
2675 1529 2790 1577 eos,
2830 1525 3033 1584 quanto
3074 1519 3242 1587 magis
3281 1519 3607 1586 obtempera-

2019 1603 2193 1657 bimus
2234 1604 2374 1673 patri
2429 1605 2712 1672 spirituum
2745 1644 2759 1667 ,
2803 1614 2857 1659 et
2908 1607 3194 1660 vivemus?
3252 1605 3435 1676 (Hebr.
3485 1607 3605 1675 xu.)

2019 1692 2233 1746 Samuel
2303 1709 2536 1763 namque
2594 1695 2818 1748 edoctus
2877 1705 2957 1748 est
3013 1698 3081 1749 ab
3135 1694 3290 1760 Heli,
3339 1697 3466 1764 quid
3520 1712 3608 1749 vo-

2017 1783 2157 1838 canzi
2201 1799 2259 1837 se
2307 1785 2532 1838 Domino
2577 1787 2929 1853 responderet
2976 1785 3026 1856 (1
3072 1786 3202 1854 Reg.
3241 1787 3356 1851 tu);
3403 1796 3454 1838 et
3495 1786 3604 1849 ille,

2015 1877 2258 1944 quamvis
2308 1876 2540 1945 reprobo
2583 1879 2873 1941 sacerdoti,
2927 1880 3049 1946 quia
3108 1886 3285 1931 tamen
3333 1878 3605 1932 humiliter

3709 686 4048 755 fugiendum;
4101 700 4193 742 aut
4240 699 4386 757 terga
4441 692 4753 745 vertendum
4805 702 4904 755 est,
4959 703 5109 748 ante
5148 708 5280 750 con-

3710 779 3876 832 trario
3910 789 4052 849 terga
4086 781 4402 834 cedendum.
4459 781 4769 848 Hujusmodi
4800 785 4944 838 enim
4976 800 5148 855 pugna
5180 791 5279 853 est,

3709 877 3768 920 ut
3831 870 4136 939 quicunque
4194 885 4296 924 non
4364 871 4592 938 dejicit.
4664 874 4776 942 ipse
4829 875 5108 942 dejiciatur
5148 918 5160 939 ,
5230 883 5283 931 et

3708 957 3798 1025 qui
3846 957 4074 1025 gloriose
4123 974 4226 1012 non
4267 960 4474 1020 vicerit,
4528 964 4755 1030 turpiter
4803 974 5102 1033 superetur.
5158 963 5281 1018 Ubi-

3710 1060 3813 1113 que
3862 1048 4158 1113 periculum
4217 1059 4346 1112 est,
4399 1051 4523 1104 dum
4585 1053 4816 1106 hostium
4873 1055 5142 1108 exercitus
5183 1056 5282 1108 cir-

3709 1136 4096 1200 cumfunditur,
4148 1138 4521 1193 dissidentium
4575 1142 4652 1194 eis
4692 1142 4887 1196 civium
4943 1157 5147 1196 cuneus
5191 1157 5283 1214 ag-

3708 1236 4011 1298 gregatur;
4071 1238 4126 1283 et
4179 1230 4304 1283 dum
4353 1231 4496 1285 acies
4544 1234 4608 1284 ad
4655 1232 4974 1286 conferenda
5028 1233 5164 1287 bella
5208 1231 5286 1287 di.

3710 1317 3926 1384 rigitur,
3974 1326 4275 1370 castrorum
4319 1319 4496 1372 aditus
4537 1334 4563 1372 a
4612 1321 4881 1374 seditiosis
4925 1321 5127 1374 civibus
5163 1334 5283 1389 ape-

3711 1404 3865 1458 ritur.
3931 1406 4065 1459 Vitia
4122 1407 4319 1476 quippe
4371 1423 4491 1476 quae
4544 1410 4678 1461 intra
4732 1424 4828 1461 nos
4880 1417 5058 1471 sunt,
5108 1416 5281 1464 tenta-

3711 1498 3918 1562 toribus
3974 1499 4026 1551 in
4083 1502 4378 1553 tentatione
4425 1503 4773 1568 concordant,
4815 1512 4869 1556 et
4912 1504 5051 1557 vires
5094 1501 5284 1575 iniquis

3707 1591 3986 1659 Spiritibus
4035 1594 4434 1648 administrant.

3779 1679 4136 1752 Quapropter,
4182 1685 4510 1748 charissimi,
4566 1687 4897 1751 sobrietatis,
4948 1688 5282 1750 humilitatis,

3708 1776 3977 1843 patientia)
4011 1815 4025 1839 ,
4089 1774 4447 1841 obedientire,
4506 1778 4770 1833 cas:itatis
4796 1821 4810 1844 ,
4854 1780 5132 1833 charitatis
5174 1795 5288 1834 om-

3710 1865 3963 1934 niumque
4012 1869 4268 1920 virtutum
4312 1883 4460 1921 arma
4493 1869 4772 1938 corripite,
4805 1880 4857 1924 et
4893 1885 4995 1923 non
5022 1884 5118 1939 pro
5148 1871 5286 1938 agris

2015 1967 2210 2034 paruit,
2266 1967 2540 2020 oraculum
2583 1982 2702 2020 mox
2750 1968 2946 2022 divina:
2987 1969 3328 2023 revelationis
3371 1971 3598 2039 accepit.
3640 1941 3760 2010 Βθῑ
3807 1958 4052 2021 urbibus.
4101 1974 4205 2011 ιιοη
4259 1973 4356 2026 PFO
4409 1959 4552 2022 θηίει
4607 1960 4685 2016 νει
4736 1961 5027 2024 "mribus,
5063 1961 5156 2014 sed
5191 1975 5284 2029 ιπο

2017 2057 2315 2126 Superbum
2370 2056 2586 2112 Saulem
2646 2074 2873 2128 nequam
2926 2062 3147 2129 Spiritus
3189 2071 3394 2125 vexat,
3449 2072 3502 2114 et
3554 2065 3599 2115 ei

2018 2148 2182 2203 David
2243 2151 2468 2219 obsequi
2539 2152 2824 2220 crispando
2884 2154 3150 2206 citharam
3219 2167 3322 2204 non
3393 2161 3602 2206 recusat

2018 2240 2067 2310 (1
2121 2241 2242 2310 Reg.
2297 2245 2450 2310 xvi)...

2088 2333 2156 2388 Ut
2205 2333 2443 2388 libidinis
2483 2344 2662 2387 autem
2713 2335 2936 2387 valeatis
2993 2345 3155 2388 aestus
3214 2334 3600 2404 exstinguere,

2014 2421 2351 2477 irritamenta
2396 2426 2530 2492 gnhe
2572 2432 2822 2494 tanquam
2869 2435 3099 2494 stuppm,
3152 2426 3385 2495 naphtaz,
3425 2425 3559 2494 picis
3585 2465 3599 2489 ,

2012 2522 2067 2566 et
2128 2513 2388 2567 malleola:
2444 2514 2685 2567 fomitem
2747 2515 3031 2569 declinate.
3097 2514 3195 2580 Qui
3260 2515 3401 2569 enim
3463 2515 3603 2567 inter

2012 2613 2121 2659 tres
2172 2607 2501 2662 abstinentes
2559 2621 2755 2675 pueros
2809 2608 2860 2660 in
2913 2608 3126 2661 camino
3181 2607 3319 2677 ignis
3375 2613 3602 2673 quartus

2011 2698 2260 2765 apparuit
2303 2696 2463 2765 (Dan.
2524 2698 2642 2763 ιιι),
2685 2706 2738 2751 et
2773 2697 2925 2750 vobis
2964 2705 3224 2765 tanquam
3261 2706 3481 2749 ventum
3524 2711 3605 2749 ro-

2010 2786 2086 2839 ris
2136 2784 2352 2839 ﬂantem
2413 2786 2635 2855 spiritus
2699 2788 2780 2841 sui
2845 2786 3185 2856 refrigerium
3248 2785 3597 2840 ministrabit.

2009 2872 2064 2926 In
2126 2876 2377 2929 omnibus
2436 2876 2595 2942 igitur
2657 2877 2981 2944 crepundias
3044 2876 3281 2929 infantiae
3351 2874 3601 2928 laetantis

2008 2965 2225 3028 exuite,
2279 2975 2332 3018 et
2383 2966 2684 3018 rudimenta
2733 2966 2963 3018 tirocinii
3016 2965 3179 3019 vestri
3227 2964 3456 3017 Domino
3503 2977 3600 3032 per

2007 3053 2355 3125 ingenuitatis
2385 3055 2614 3109 indolem
2646 3055 2907 3110 dedicate.
2964 3056 3111 3109 Illum
3145 3054 3434 3123 sequimini
3460 3054 3600 3107 inter

2008 3149 2367 3206 tentationum
2418 3149 2716 3202 certamina
2770 3148 2961 3202 ducem
2997 3189 3010 3210 ,
3071 3147 3220 3200 illum
3269 3148 3495 3214 qurerite
3546 3147 3597 3199 in

2011 3237 2385 3306 prosperitatis
2447 3252 2577 3306 pace
2642 3237 2941 3291 custodem.
3001 3236 3456 3304 lusuperabilibus
3511 3238 3598 3304 igi-

2011 3338 2097 3384 tur
2135 3330 2408 3383 ":irtutuni
2460 3328 2579 3382 telis
2627 3329 2851 3382 accincti
2883 3367 2898 3391 ,
2947 3328 3160 3382 Christo
3215 3329 3594 3397 propugnatori

2006 3429 2188 3474 vestro
2229 3419 2555 3472 unanimiter
2606 3420 2767 3472 dicite
2809 3437 2820 3471 :
2869 3438 2887 3468 ι
2917 3416 3102 3472 Judica
3129 3458 3142 3479 ,
3187 3418 3445 3480 Domine,
3503 3433 3598 3471 no-

2004 3521 2190 3566 centes
2236 3523 2342 3574 me,
2389 3525 2632 3579 expugna
2679 3511 3052 3579 impugnantes
3093 3525 3208 3575 me;
3254 3510 3598 3580 apprehende

2008 3619 2178 3668 arma,
2226 3613 2280 3657 et
2331 3612 2565 3667 scutum,
2612 3613 2666 3655 et
2708 3619 2936 3674 exsurge
2985 3607 3036 3659 in
3087 3605 3407 3673 adjutorium
3467 3607 3595 3658 mihi

2009 3693 2182 3762 (Psal.
2241 3703 2442 3760 xxxiv).
2487 3713 2505 3744 δ
2568 3694 2656 3747 ΗΙρ
2714 3711 2808 3747 vos
2866 3696 2915 3747 in
2977 3696 3133 3764 311
3190 3697 3364 3749 virum
3417 3695 3594 3763 perfe-

2011 3789 2176 3843 ctum,
2235 3782 2284 3834 in
2337 3797 2643 3835 mensuram
2699 3785 2876 3837 aetatis
2935 3785 3280 3852 plenitudinis
3333 3799 3442 3837 suae
3480 3801 3595 3852 per.

2011 3874 2198 3926 ductos
2229 3913 2242 3937 ,
2301 3889 2394 3928 sua
2451 3873 2610 3927 faciet
2659 3875 2857 3928 virtute
2899 3876 3149 3929 victores.
3205 3875 3296 3929 Ille
3351 3891 3447 3929 vos
3499 3877 3594 3928 ho-

2009 3965 2169 4017 stium
2222 3973 2520 4018 Vrstrorum
2566 3965 3062 4034 triumphatricibus
3091 3965 3287 4036 plantis
3319 3967 3466 4020 dabit
3492 3967 3597 4019 cal-

2009 4071 2133 4108 care
2167 4057 2418 4110 cervices.
2464 4058 2647 4127 Legite
2678 4059 2839 4112 etiam
2867 4059 3146 4127 epistolam
3197 4073 3359 4128 quam
3395 4059 3598 4112 Marino

2010 4144 2252 4200 fratrueli
2299 4157 2484 4200 nostro
2542 4147 2835 4202 direximus
2885 4142 2980 4214 (9).

2591 4235 2819 4292 CAPUT
2877 4236 3018 4288 XXI.

2212 4331 2521 4384 Exhortatio
2555 4329 2823 4398 iuvenum,
2866 4332 2939 4384 vel
2977 4329 3404 4384 adolescentium.

2085 4423 2189 4476 Vos
2227 4430 2428 4484 autem,
2480 4423 2668 4490 ephebi
2720 4420 3106 4483 adolescentes,
3152 4435 3248 4474 vos
3302 4422 3463 4476 etiam
3502 4438 3599 4490 pu-

2011 4512 2291 4564 hescentes
2331 4509 2588 4577 juvenes.
2640 4519 2789 4563 tanto
2847 4509 3285 4579 propemioribtts
3339 4513 3598 4564 exhorta-

2013 4600 2215 4651 tionum
2263 4598 2473 4652 auxiliis
2520 4600 2785 4668 indigetis,
2841 4608 3042 4668 quanto
3097 4603 3314 4653 duriora
3364 4599 3598 4654 carnalis

2013 4686 2240 4741 incendii
2292 4689 2592 4742 certamina
2641 4689 2898 4744 toleratis.
2953 4689 3009 4742 ln
3053 4705 3147 4744 vos
3196 4691 3462 4758 siquidem
3515 4707 3596 4745 re-

2011 4787 2099 4831 cto
2149 4794 2305 4832 cursu
2369 4780 2544 4832 omnis
2608 4780 2815 4834 hostilis
2883 4781 3112 4850 impetus
3180 4781 3384 4845 irruit,
3448 4782 3598 4838 vobis

2012 4883 2174 4922 omne
2236 4868 2354 4921 belli
2419 4870 2582 4923 robur
2633 4871 2917 4924 incumbit.
2986 4871 3040 4924 In
3108 4887 3203 4925 vos
3250 4874 3594 4941 omnigenum

2012 4959 2238 5011 telorum
2290 4957 2624 5014 densissima:
2675 4961 2964 5028 grandines
2994 5003 3007 5026 ,
3049 4970 3101 5016 et
3138 4963 3454 5032 eonstipatis
3506 4965 3598 5018 ad-

2013 5065 2226 5105 versum
2291 5067 2386 5106 vos
2444 5052 2640 5121 iniquis
2701 5053 2982 5122 spiritibus
3040 5070 3160 5108 cum
3223 5055 3367 5108 vitiis
3422 5056 3600 5110 carnis

2010 5141 2482 5198 turbulentissime
2530 5143 2684 5198 vobis
2735 5143 2992 5213 ingruunt
3045 5153 3408 5214 tempestates.
3471 5145 3600 5199 Fer-

2011 5243 2158 5298 vent,
2215 5233 2423 5289 fervent
2463 5237 2515 5290 in
2567 5238 2780 5293 ossibus
2828 5238 2985 5300 bella,
3027 5248 3080 5292 et
3127 5251 3385 5310 tauquam
3439 5256 3600 5310 vagus

2016 5326 2293 5385 Vesuvius,
2348 5325 2431 5378 vel
2484 5325 2650 5380 Aitna
2690 5330 2932 5395 vaporati
2984 5329 3228 5398 corporis
3286 5330 3449 5385 vestri
3506 5346 3599 5383 ca—

2016 5417 2192 5469 minus
2250 5413 2590 5469 ﬂammarum
2645 5415 2831 5485 globos
2874 5428 3102 5473 eructat.
3170 5420 3323 5475 Unde
3376 5435 3601 5475 necesse

2016 5516 2117 5569 est,
2170 5515 2232 5559 ut
2281 5515 2480 5575 quanto
2528 5506 2707 5561 acrius
2758 5507 3142 5579 impugnamini
3185 5512 3252 5565 ad
3293 5511 3470 5566 tutelae
3511 5527 3601 5566 ve.

2017 5606 2142 5651 stne
2192 5599 2532 5663 custodiam,
2592 5607 2741 5654 tanto
2789 5601 3063 5656 robustius
3106 5602 3387 5657 insistatis.
3451 5600 3606 5657 Ultro

2015 5691 2178 5747 etiam
2210 5693 2557 5762 satagendnm
2582 5702 2682 5760 est,
2719 5701 2780 5748 ut
2801 5693 2995 5762 iaculis
3027 5703 3265 5764 pateant,
3303 5695 3392 5764 qui
3423 5693 3606 5763 jacula

2019 5783 2235 5841 vibrare
2271 5799 2376 5840 non
2421 5771 2657 5850 cessani,
2703 5795 2759 5840 et
2799 5787 3019 5841 vulnera
3053 5787 3311 5852 sentiant,
3344 5788 3435 5857 qui
3476 5784 3608 5841 inﬂi-

3705 2048 3988 2102 animabus
4047 2050 4239 2101 vestris
4269 2091 4281 2110 ,
4329 2065 4447 2117 qua!
4491 2065 4703 2106 omnem
4755 2050 5002 2105 aﬂecttttit
5057 2052 5284 2107 necessi-

3705 2144 3903 2198 tudinis
3950 2154 4224 2212 superant,
4272 2145 4542 2198 dimicatc.
4594 2145 4864 2214 Prtecipue
4913 2155 4969 2198 ut
5022 2155 5149 2199 retas
5191 2160 5283 2198 ve—

3703 2243 3816 2287 stra
3869 2234 3974 2286 vim
4033 2236 4248 2297 sentiat,
4291 2233 4639 2300 jejunandum
4694 2236 4848 2287 vobis
4885 2244 4986 2299 est,
5036 2243 5091 2287 et
5128 2248 5284 2287 oran-

3703 2324 3863 2387 dum;
3908 2334 4171 2393 quatenus
4217 2334 4268 2377 et
4311 2325 4573 2393 jejunium
4625 2326 4802 2378 carnis
4848 2327 5008 2378 robur
5051 2325 5281 2388 edomet,

3704 2426 3757 2469 et
3805 2418 3980 2471 oratio
4041 2417 4103 2470 ad
4146 2416 4309 2470 Deum
4370 2418 4602 2469 animant
4652 2417 4810 2469 levet.
4866 2415 5166 2470 Notandum
5206 2423 5285 2469 ta-

3706 2519 3868 2567 men,
3927 2506 4052 2574 quia
4097 2505 4334 2559 nonnulli
4389 2504 4513 2557 dum
4555 2515 4819 2573 peragunt
4878 2504 5167 2558 indiscrete
5204 2503 5286 2571 je-

3699 2596 3933 2665 junium,
3969 2596 4159 2664 jejunii
4205 2610 4307 2647 non
4362 2594 4581 2662 capiunt
4630 2593 4894 2658 fructum;
4940 2603 4995 2647 et
5027 2593 5280 2662 quidquid

3703 2686 3845 2740 enim
3899 2700 4004 2736 uno
4051 2685 4134 2736 die
4170 2683 4458 2752 jcjunant,
4516 2683 4687 2737 altero
4740 2685 4804 2736 ad
4856 2695 5037 2737 votum
5088 2696 5146 2736 se
5200 2697 5283 2736 sa-

3705 2774 3885 2827 tiando
3939 2783 4302 2842 compescant.
4366 2773 4561 2841 Sicque
4602 2774 4697 2837 ﬁt,
4739 2783 4796 2826 ut
4825 2772 5010 2841 jejunii
5049 2774 5165 2828 dies
5201 2788 5282 2826 se—

3701 2868 3885 2937 quenti
3947 2867 4139 2921 militet
4189 2869 4290 2921 diei
4326 2906 4340 2931 ,
4400 2876 4452 2922 et
4510 2868 4634 2920 dum
4704 2876 4927 2920 externa
4982 2867 5070 2919 vix
5125 2865 5283 2920 hodie

3700 2975 3822 3014 esca
3871 2960 4132 3029 digeritur
4164 3000 4177 3022 ,
4239 2967 4466 3012 vacuato
4518 2960 4798 3013 stomacho
4847 2960 5063 3012 crastini
5123 2972 5283 3027 appa-

3701 3056 3852 3100 ratus
3903 3049 4051 3116 copia
4100 3049 4414 3110 comeditur,
4468 3046 4699 3119 dumque
4746 3056 4939 3116 przeter
4979 3047 5280 3101 communia

3702 3128 3972 3209 singulare
4019 3140 4247 3208 aliquid,
4301 3147 4355 3192 et
4414 3137 4608 3191 lautius
4653 3137 4952 3208 qtneritur,
5015 3151 5118 3190 non
5171 3137 5281 3188 sine

3704 3230 4071 3284 ministrorum
4113 3231 4267 3283 taelio
4312 3241 4506 3282 cuncta
4538 3236 4918 3298 apothecarum
4962 3235 5166 3280 secreta
5193 3240 5283 3278 cu-

3705 3332 3912 3376 rantur.
3964 3322 4055 3376 ille
4096 3322 4256 3390 igitur
4294 3323 4429 3376 bene
4464 3322 4671 3389 jejunat
4702 3362 4715 3384 ,
4770 3320 4857 3388 qui
4911 3321 4962 3373 in
5012 3319 5097 3371 die
5146 3317 5282 3370 refc-

3702 3412 3898 3466 ctionis
3942 3411 4319 3465 communibus
4362 3420 4644 3464 contentus
4686 3421 4770 3463 est
4808 3409 5098 3472 alimentis,
5124 3408 5167 3460 si
5200 3405 5282 3460 vi-

3701 3503 3891 3558 delicet
3933 3503 4060 3556 dum
4114 3520 4218 3556 non
4269 3518 4514 3557 escarum
4565 3516 4758 3571 genere
4797 3502 5082 3568 discrepat,
5120 3499 5278 3553 etiam

3702 3596 3916 3647 modum
3971 3595 4209 3662 quotidie
4273 3593 4652 3662 prandentium
4709 3607 4814 3646 non
4871 3591 5114 3644 excedat.
5176 3587 5280 3642 Nec

3702 3695 3878 3739 tamen
3929 3685 4146 3753 jejuniis
4203 3684 4427 3737 nimium
4492 3683 4828 3742 tribuentes,
4883 3680 5278 3736 obedientiam.

3699 3793 3817 3844 qua:
3867 3789 4027 3828 aurea
4083 3775 4150 3826 ad
4197 3774 4391 3826 cretum
4447 3772 4527 3824 via
4571 3781 4671 3833 est,
4713 3771 5045 3839 relinquatis.

3772 3864 3955 3916 Dicam
4013 3879 4116 3915 non
4167 3863 4306 3929 quod
4359 3861 4528 3913 aliena
4591 3859 4850 3912 relatione
4896 3857 5140 3925 cognovi,
5192 3854 5282 3909 sed

3701 3955 3842 4023 quod
3901 3955 4072 4009 oculis
4121 3955 4248 4006 vidi.
4308 3952 4604 4020 Poniposire
4662 3952 4876 4016 quidam
4934 3949 5095 4000 frater
5145 3955 5279 4006 erat,

3698 4041 4256 4114 312.Raimbaldus
4297 4042 4551 4101 nomine,
4613 4037 4780 4090 frater
4834 4035 5077 4088 viJelicet
5126 4034 5280 4087 Petri

3703 4132 4122 4190 reverentissimi
4157 4132 4278 4193 viri,
4305 4130 4395 4197 qui
4429 4143 4570 4181 nunc
4621 4128 4759 4195 apud
4796 4124 5133 4178 Vincentiam
5176 4126 5270 4176 ab-

3703 4227 3842 4279 batis
3864 4224 4042 4276 ot'ticio
4072 4220 4329 4290 fungitur.
4357 4218 4455 4271 llic
4484 4219 4660 4285 itaque
4686 4215 5098 4270 adolescentiam
5127 4227 5278 4266 suam

3703 4315 3909 4370 crebris
3955 4321 4310 4368 consueverat
4357 4311 4612 4363 edomare
4649 4306 4901 4377 jejuniis,
4951 4316 5004 4361 et
5051 4306 5191 4360 sicut
5221 4305 5274 4358 in

3701 4407 3890 4476 primis
3916 4404 4172 4473 auspiciis
4203 4403 4420 4456 famosa:
4453 4401 4662 4461 indolis,
4708 4399 4758 4452 in
4806 4398 5075 4466 plerisque
5115 4394 5284 4464 speci-

3703 4515 3823 4554 men
3855 4499 4038 4553 dabat.
4065 4495 4197 4549 Huic
4233 4494 4533 4562 iniunctum
4557 4502 4673 4546 erat
4695 4491 4956 4553 ofﬁcium,
4983 4499 5039 4542 ut
5064 4487 5279 4542 euidam

3703 4590 4001 4644 Teutonico
4028 4587 4360 4641 ministraret
4398 4585 4602 4636 incluso
4634 4601 4644 4634 :
4687 4583 4777 4650 qui
4835 4581 5088 4632 nimirum
5120 4576 5280 4631 eﬂos—

3707 4683 3780 4734 sis
3817 4679 4008 4741 oculis,
4037 4688 4089 4730 et
4117 4676 4354 4730 abscissa
4387 4675 4624 4732 dextera,
4652 4671 4803 4740 juxta
4854 4670 5140 4722 ecclesiam
5190 4683 5281 4736 po-

3706 4771 3844 4825 situs
3898 4770 4122 4823 arduam
4179 4766 4405 4820 ducebat
4455 4766 4641 4817 vitam.
4691 4762 4820 4814 Erat
4869 4768 5048 4811 autem
5098 4758 5280 4827 regula

3705 4859 4048 4925 monasterii,
4077 4874 4135 4912 ιιι
4164 4871 4319 4912 nemo
4350 4853 4767 4908 claustrensium
4790 4850 5073 4920 egrediens
5104 4847 5284 4915 loque-

3707 4965 3876 5009 retur.
3909 4951 4209 5021 Aliquando
4235 4959 4412 5004 autem
4445 4963 4568 5002 cum
4599 4944 4947 4998 Raimbaldus
4969 4944 5019 4994 in
5047 4941 5282 5010 capitulo

3701 5045 4022 5100 constitutus
4046 5021 4280 5113 graviter
4302 5049 4640 5107 quereretur,
4671 5051 4726 5088 se
4755 5045 5091 5100 nequaquam
5119 5045 5279 5098 posse

3702 5135 3886 5204 pueris
3919 5132 4183 5202 imperitis
4206 5146 4302 5200 per
4325 5131 4474 5198 signa
4505 5126 4792 5194 praecipere
4821 5165 4834 5184 .
4891 5131 4950 5174 ut
4999 5135 5154 5174 servo
5188 5119 5282 5173 Dei

3705 5235 3882 5282 vestes
3904 5226 4208 5288 abluerent,
4230 5233 4284 5278 et
4320 5222 4616 5292 praesertim
4642 5235 4759 5289 quae
4791 5218 4890 5272 sibi
4929 5214 5104 5270 edulia
5143 5228 5283 5283 prx-

3705 5326 3992 5388 pararent,
4049 5325 4322 5386 postremo
4371 5328 4621 5367 asserens
4652 5350 4667 5375 ,
4715 5319 4874 5377 atque
4921 5305 5280 5366 denuntians,

3706 5411 3837 5479 quia
3861 5411 3961 5464 nisi
3995 5409 4268 5463 silentium
4294 5405 4584 5474 frangeret,
4611 5401 4860 5455 mandata
4911 5398 5126 5467 penitus
5162 5411 5281 5449 εει-α

3705 5516 3834 5557 vare
3865 5518 3968 5556 non
3995 5507 4175 5571 posset
4205 5504 4461 5552 :econtra
4491 5495 4575 5548 vir
4600 5501 4838 5556 sanctus,
4881 5491 5047 5544 abbas
5074 5485 5284 5541 scilicet

3707 5593 3899 5660 Guido,
3930 5610 3998 5648 ne
4025 5590 4301 5647 silentium
4330 5589 4646 5649 solveretur,
4677 5585 5024 5638 vehementer
5051 5579 5281 5634 obsiste-

3710 5692 3833 5751 ret,
3891 5691 4315 5750 constanterque
4369 5678 4420 5731 in
4470 5674 4807 5731 auctoritatis
4853 5685 4962 5725 suae
5011 5667 5284 5724 sententia

3711 5785 4087 5849 permaneret;
4123 5775 4338 5828 demum
4363 5770 4428 5825 ad
4465 5770 4568 5825 hoc
4591 5775 4714 5838 post
4753 5763 4914 5820 multa
4965 5767 5283 5832 perventum

2088 5897 2163 5971 (9)
2216 5900 2309 5957 Est
2354 5900 2577 5972 cpistola
2625 5898 2693 5954 26
2743 5900 2866 5956 libri
2917 5917 2965 5957 \‘l
3005 5899 3351 5973 epistolarnm
3391 5898 3447 5954 S.
3493 5894 3747 5954 doctoris.
