5514 6656
2986 138 3041 147 ην
3146 142 3155 143 7
3198 136 3213 141 ,
3288 132 3309 141 ,ε
3350 138 3363 139 κ
3428 136 3433 137 ,

2818 166 2837 171 Α
2882 160 2997 175 --ί-ι-
3138 162 3229 173 κει⁴κ
3280 152 3293 155 ᾉ

2778 184 2883 193 ,.-.-..
2978 166 3255 191 .J-u.,-
3292 180 3309 183 ι
3372 176 3375 179 -
3494 178 3503 179 κ
3708 194 3713 195 7
3778 194 3789 197 ψ

2416 212 2425 215 _
2630 204 2685 221 -ρ
2820 182 3169 225 τέρπφῖζνξ-ὴ
3266 198 3319 219 -ην
3390 206 3393 207 ,

589 627 684 685 521

590 833 800 903 sibique
823 832 1124 901 quiescere.
1153 827 1281 889 Sed,
1313 842 1345 880 o
1370 826 1566 880 divinre
1607 822 1829 876 ultionis
1878 821 2187 875 accelerata

591 922 854 977 severitas
884 921 896 973 !
932 920 1019 973 vix
1050 917 1175 972 dum
1217 915 1455 970 dimidiae
1506 915 1652 968 horae
1697 928 1891 968 cursus
1930 912 2185 975 elabitur,

590 1023 647 1067 et
676 1027 802 1067 ecce
832 1007 1187 1063 Raimbaldus
1208 1006 1549 1075 superposito
1579 1003 1751 1058 dolori
1782 1003 1951 1073 digito
1980 1002 2034 1055 in
2066 1009 2188 1071 gut-

590 1110 713 1155 ture
742 1115 799 1154 se
831 1113 951 1153 esse
999 1110 1316 1162 percussum
1366 1092 1795 1163 lacrymabiliter
1826 1099 2182 1160 protestatur.

591 1194 731 1261 Quid
767 1194 969 1263 plura?
1000 1191 1132 1245 Post
1160 1190 1327 1253 diem,
1360 1187 1405 1241 si
1454 1187 1555 1241 rite
1604 1196 1762 1241 teneo
1784 1226 1797 1250 ,
1848 1185 2067 1239 tertium
2100 1199 2186 1237 sa-
2216 1174 2220 1178 Α

591 1286 901 1341 tisfactione
959 1285 1139 1348 facta,
1192 1290 1246 1336 et
1294 1289 1514 1349 accepta
1568 1278 1743 1333 sancti
1797 1277 1976 1331 Patris
2022 1276 2187 1329 bene-

587 1376 852 1441 dictione,
880 1374 1168 1430 defunctus
1194 1379 1298 1425 est.

658 1464 775 1519 Hoc
802 1476 1005 1525 autem,
1033 1458 1363 1521 charissimi,
1396 1455 1754 1511 domesticum
1788 1453 1941 1509 vobis
1981 1452 2186 1508 idcirco

584 1556 895 1622 retulimus,
926 1563 984 1612 ut
1008 1550 1368 1607 memineritis
1394 1558 1639 1603 sanctam
1667 1546 2038 1602 obedientiam
2084 1560 2185 1614 pro

584 1649 910 1705 confidentia
930 1646 1130 1701 nullius
1147 1644 1217 1714 pii
1238 1643 1441 1713 operis,
1458 1642 1573 1695 sive
1592 1640 1871 1709 religionis
1892 1637 2186 1708 aliquando

584 1737 979 1811 negligendam.
1043 1737 1230 1790 Estote
1283 1743 1544 1804 praeterea
1600 1735 1743 1787 inter
1808 1732 2189 1785 tentationum

584 1838 902 1885 vestrarum
928 1828 1066 1883 bella
1096 1826 1337 1887 solliciti,
1367 1825 1608 1891 undique
1661 1822 1852 1892 vigiles
1884 1862 1898 1886 ,
1949 1820 2187 1889 undique

583 1918 987 1989 circumspecti,
1004 1927 1061 1972 ut
1078 1916 1327 1970 videlicet
1344 1915 1656 1969 tentationis
1678 1922 1805 1968 hora
1821 1921 2185 1982 pertranseat,

582 2031 655 2071 ne
689 2016 832 2085 quod
864 2013 918 2068 in
970 2012 1299 2082 cogitatione
1346 2011 1677 2079 suggeritur,
1724 2007 1976 2076 protinus
2021 2020 2185 2074 opere

1460 616 1703 675 OPUSC.
1733 615 1866 671 X111.
1895 645 1964 654 —
1994 614 2082 669 DE
2121 610 2605 668 PERFECTIONE
2644 607 2949 665 MONACH.

590 752 694 807 est,
726 752 785 795 ut
811 741 899 794 ille
923 738 1307 810 perciperetur
1335 733 1403 787 ab
1432 730 1905 787 administratione
1935 743 2175 793 cessare,
2208 739 2258 798 Α
2281 738 2389 778 vox
2427 722 2820 778 contumeliosa
2850 721 3195 792 respondeat,
3228 725 3325 777 sed
3376 728 3469 776 aut
3528 721 3891 780 conviciantis

3785 608 3895 667 392

2291 813 2716 868 amaritudinem
2760 812 3027 867 modestia
3063 812 3446 883 respondentis
3471 812 3766 881 obdulcct;
3800 825 3898 869 aut

2290 907 2334 960 si
2370 906 2472 960 hoc
2499 904 2655 959 facile
2682 903 2917 959 obtineri
2963 918 3071 958 non
3126 912 3324 973 potest,
3356 919 3423 959 ne
3455 891 3693 974 jttrgiuni
3748 904 3895 959 fera-

2289 998 2415 1051 liter
2453 997 2654 1060 etiluat,
2684 996 2816 1049 irati
2857 996 3097 1067 linguam
3164 996 3365 1050 silentii
3420 996 3612 1050 saltezn
3662 1012 3897 1051 censura

2288 1097 2616 1157 compescat.
2638 1087 2970 1141 Furentibus
3004 1103 3193 1157 nempe
3210 1088 3389 1142 ventis
3417 1088 3569 1142 navis
3598 1102 3738 1157 saepe
3768 1088 3848 1141 vel
3870 1112 3901 1129 -

2290 1180 2452 1234 licata
2509 1180 2914 1249 subtnergitur;
2984 1180 3029 1233 si
3084 1188 3267 1233 autem
3306 1187 3541 1233 antenna
3583 1179 3894 1247 deponitur,

2290 1273 2467 1327 omnis
2534 1286 2659 1326 nox
2702 1270 2928 1325 ﬂatuum
2990 1272 3224 1339 impetus
3273 1285 3497 1325 necesse
3542 1281 3626 1325 est
3660 1271 3898 1326 inaniter

2289 1363 2617 1418 eﬂ’undatur.
2652 1362 2818 1417 letum
2850 1364 3048 1432 quippe
3078 1362 3308 1417 convicii
3361 1364 3557 1432 Sag‘tta
3604 1378 3710 1417 non
3749 1364 3899 1418 inve-

2290 1457 2389 1519 nit,
2421 1472 2544 1510 cum
2577 1456 2865 1511 conviciati
2909 1472 3063 1510 mens
3119 1470 3240 1510 sese
3289 1456 3339 1509 in
3391 1447 3697 1510 humilitate
3749 1456 3897 1510 velut

2291 1549 2552 1605 inclinata
2592 1549 2835 1619 deponit.
2872 1549 3073 1603 'Teutet
3116 1551 3352 1603 novitius
3396 1566 3541 1619 sche
3582 1548 3813 1617 majora,
3838 1557 3899 1603 ut

2291 1640 2660 1709 quze'minora
2707 1652 2833 1694 sunt
2894 1641 3193 1695 reddantur
3242 1655 3430 1694 eorum
3482 1639 3775 1697 coflatioite
3816 1637 3900 1697 fa-

2291 1735 2436 1789 cilia.
2628 1760 2631 1763 λ
3149 1773 3154 1777 -
3634 1735 3636 1737 ’

2366 1824 2517 1891 Quod
2550 1824 2735 1881 dicere
2763 1824 2936 1896 gestio
2967 1824 3072 1879 tale
3116 1832 3218 1879 est.
3275 1823 3430 1895 Saepe
3467 1839 3606 1895 aqua
3659 1826 3897 1893 turbida,

2290 1916 2374 1969 vel
2434 1917 2612 1987 tepida
2674 1918 2777 1971 hoc
2828 1915 3280 1983 studio.hibitur,
3314 1923 3371 1970 ut
3418 1926 3734 1988 contempta
3784 1919 3899 1977 vini

2292 2009 2749 2077 concupiscentia,
2806 2009 3091 2079 perspicua
3143 2009 3506 2076 solummodo,
3560 2011 3641 2065 vel
3704 2011 3901 2083 frigida

582 2113 1008 2162 consummetur.
1037 2104 1191 2172 Stepe
1217 2104 1361 2157 enim
1386 2102 1437 2153 in
1464 2100 1821 2154 szecularihus
1849 2097 2051 2166 prteliis
2078 2113 2186 2151 uno
2220 2105 2262 2162 Β
2295 2117 2433 2169 aqua
2473 2099 2719 2155 sufﬁcere
2758 2100 3054 2169 iudicetur.
3114 2100 3271 2171 Saepe
3318 2103 3679 2159 cantabritius
3738 2105 3899 2173 pauiu

583 2205 859 2251 momento
883 2195 1169 2264 contingit,
1198 2193 1340 2261 quod
1368 2207 1464 2260 per
1493 2190 1637 2245 nulla
1667 2200 1971 2258 temporum
2005 2188 2184 2256 spatia

583 2286 929 2358 postmodum
980 2284 1159 2341 valeat
1206 2280 1503 2336 emendari.
1566 2280 1794 2332 Econtra
1826 2317 1839 2341 ,
1885 2277 1977 2345 qui
2025 2279 2185 2330 unius

585 2380 827 2435 vulneris
856 2377 1063 2433 caverit
1087 2376 1276 2437 ictum,
1308 2373 1630 2427 brevissimo
1667 2379 1869 2440 puncto
1916 2369 2186 2423 diuturna:

584 2470 712 2524 vitae
732 2469 974 2523 lucratur
997 2476 1369 2536 augmentum.
1390 2464 1575 2517 Nostis
1602 2463 1701 2530 ipsi
1732 2464 1875 2529 quod
1904 2461 2138 2513 dicimus
2169 2477 2179 2511 :

583 2573 728 2628 Stepe
750 2559 871 2627 quis
899 2557 954 2611 in
987 2556 1195 2626 peccati
1223 2553 1537 2623 voraginem
1573 2552 1754 2606 subito
1789 2550 2012 2611 labitur,
2040 2548 2184 2615 quod

584 2664 683 2720 per
707 2663 869 2704 omne
893 2649 1016 2708 vita:
1058 2662 1169 2700 sua:
1209 2644 1443 2715 spatium
1495 2643 1625 2697 flere
1670 2641 1985 2697 necessario
2037 2655 2184 2693 cmu-

582 2741 822 2811 pellitur.
852 2740 910 2795 In
942 2740 1089 2795 omni
1120 2738 1285 2808 igitur
1326 2737 1641 2791 tentationis
1670 2734 1902 2789 articulo
1947 2732 2185 2787 solerter

581 2842 668 2888 est
694 2830 1102 2893 attendendum,
1138 2844 1203 2884 ne
1231 2830 1459 2883 tentatio
1514 2829 1626 2895 ipsa
1673 2826 1958 2896 perveniat
1990 2824 2054 2877 ad
2106 2823 2183 2876 ef-

583 2924 785 2981 fectum
818 2939 833 2977 :
877 2938 997 2977 nam
1027 2923 1072 2978 si
1098 2921 1248 2976 brevi
1276 2930 1479 2991 puncto
1518 2920 1764 2989 operatio
1798 2932 1963 2987 prava
1999 2916 2184 2969 diuer-

584 3024 696 3079 tu'r,
729 3013 1018 3069 evaditur:
1053 3021 1107 3065 et
1165 3011 1292 3065 dum
1344 3018 1757 3064 momentaneus
1798 3009 1937 3061 ictus
1961 3048 1975 3071 ,
2011 3014 2067 3059 ut
2107 3006 2181 3059 ita

584 3104 797 3174 loquar,
825 3102 1141 3167 effunditur,
1196 3102 1287 3156 diu
1330 3099 1677 3170 postmodum
1734 3096 2023 3152 incolumis
2073 3096 2184 3149 vita

582 3201 855 3250 servatur.

1168 3282 1398 3340 CAPUT
1438 3282 1604 3336 XXII.

1214 3375 1294 3428 De
1324 3372 1552 3428 novitiis.

2290 2192 2598 2261 apponitur,
2629 2200 2687 2245 ut
2730 2191 2855 2264 dum
2914 2193 3222 2257 communis
3277 2194 3570 2263 appetitur,
3620 2192 3901 2266 siligineus

2290 2297 2399 2334 non
2432 2292 2733 2350 quaratur.‘
2765 2281 2865 2337 Cui
2899 2292 3021 2355 post
3060 2284 3368 2351 pulvinaria
3402 2294 3558 2340 ceuto
3607 2302 3713 2339 non
3756 2285 3903 2340 solli-

2288 2373 2383 2435 eit,
2418 2373 2611 2441 quovis
2656 2366 2878 2427 sibimet
2928 2375 3194 2445 stramine
3240 2375 3572 2439 satisfacere
3604 2378 3824 2447 poterit,
3856 2378 3901 2433 si

2288 2464 2493 2516 nudum
2527 2464 2677 2533 prius
2702 2465 3075 2533 pavimentum
3108 2465 3374 2521 lateribus
3420 2470 3567 2522 terit.
3626 2468 3730 2535 Qtti
3776 2479 3903 2539 post

2288 2569 2485 2609 carnes
2508 2556 2687 2609 oleum
2722 2567 2973 2620 nauseat,
3020 2565 3079 2611 ut
3127 2560 3343 2613 sobrius
3402 2561 3581 2629 liquor
3648 2559 3898 2618 faucibus

2280 2648 2534 2701 suaviter
2560 2648 2756 2716 sapiat,
2783 2648 2979 2703 sallitis
3016 2650 3334 2719 aliquandiu
3397 2653 3761 2721 leguminibus
3814 2655 3899 2710 vi-

2288 2747 2401 2790 vat.
2445 2738 2615 2803 Quem
2646 2740 2859 2793 insolita
2894 2739 3134 2795 delectat
3160 2743 3440 2809 equitandi
3476 2745 3731 2810 vectatio,
3757 2746 3901 2801 intra

2287 2829 2495 2884 cellulae
2525 2845 2585 2885 se
2624 2832 2905 2901 angustias
2933 2832 3172 2902 colligat,
3193 2842 3249 2887 et
3284 2834 3585 2889 claustrum
3621 2842 3899 2892 mouaste~

2288 2922 2352 2975 rii
2386 2922 2733 2989 postmodum
2764 2921 2940 2976 forum
2982 2933 3161 2991 putat.
3219 2924 3320 2991 Qui
3374 2935 3497 2994 post
3550 2927 3897 2998 gebellinam,

2288 3013 2717 3067 martorinamve
2746 3013 3033 3067 mollitiem
3064 3028 3357 3070 vervecum
3388 3016 3595 3073 fastidit
3619 3021 3896 3088 compedi-

2287 3114 2395 3157 tem
2442 3103 2510 3175 [Ῑ.
2544 3104 2924 3176 compedem];
2960 3105 3004 3159 si
3036 3106 3219 3161 birros
3252 3108 3447 3171 induit,
3480 3120 3658 3177 utrum
3690 3128 3719 3165 a
3745 3128 3901 3181 pere-

2288 3194 2483 3265 grinis,
2514 3210 2580 3247 an
2614 3210 2645 3247 a
2684 3194 3003 3249 domesticis
3031 3195 3281 3251 foveatur
3308 3198 3571 3267 pellibus,
3601 3200 3667 3256 de
3697 3212 3897 3258 caetero

2286 3297 2397 3336 non
2428 3283 2713 3338 discernit.
2746 3283 2964 3355 Moyses
3018 3286 3222 3356 quippe
3276 3296 3337 3341 ut
3400 3289 3635 3357 simplici
3685 3307 3898 3347 mannte

2292 3373 2415 3426 cibo
2480 3381 2770 3428 contentus
2815 3375 3001 3439 sit,ne
3027 3386 3149 3430 eum
3174 3377 3390 3429 cmtcris
3414 3376 3675 3433 lsraelitis
3706 3381 3899 3436 sedere

656 3471 698 3526 li
733 3485 888 3535 vero,
926 3468 1019 3539 qui
1050 3473 1119 3523 ad
1172 3466 1453 3537 religionis
1496 3462 1742 3519 ordinem
1785 3462 1998 3515 noviter
2047 3474 2175 3512 con-
2202 3456 2249 3517 C
2303 3478 2468 3532 super
2492 3462 2626 3517 ollas
2652 3465 2900 3518 carnium
2958 3465 3310 3534 concupiscat
3361 3466 3557 3533 (Ea'Jd.
3613 3470 3783 3538 xxiv),
3828 3471 3902 3525 ab

584 3570 897 3625 vertuntur,
934 3558 1261 3615 admonendi
1291 3565 1439 3621 sunt,
1466 3564 1526 3609 ut
1564 3555 1737 3624 prima
1768 3560 1956 3619 contra
2005 3550 2185 3621 gulam

583 3654 721 3711 bella
753 3652 1091 3721 suscipiant;
1125 3659 1185 3703 ut
1209 3650 1335 3704 dum
1366 3645 1685 3702 sobrietatis
1726 3643 1939 3713 legibus
1987 3649 2186 3694 venter

582 3761 778 3817 parare
824 3743 1207 3814 compellitur,
1260 3745 1661 3808 consequenter
1727 3736 1895 3789 etiam
1958 3733 2010 3785 in
2060 3732 2183 3797 his,

584 3857 707 3912 qua:
734 3841 833 3895 sub
863 3849 1052 3894 ventre
1098 3845 1244 3900 sunt,
1277 3834 1495 3889 ﬂamma
1536 3830 1782 3885 libidinis
1826 3837 2182 3897 temperetur.

584 3932 907 3988 Refrenetur
933 3929 1115 3998 lingua
1146 3943 1252 3982 nou
1284 3926 1457 3979 solum
1488 3940 1517 3977 a
1564 3921 1913 3976 sermonibus
1967 3920 2181 3981 otiosis,

583 4022 680 4078 sed
708 4029 766 4077 et
805 4037 835 4074 a
884 4020 1114 4073 fratrum
1160 4019 1478 4087 plerumque
1536 4011 1975 4068 confabulatione.
2018 4009 2183 4064 collo-

583 4113 698 4181 quii
725 4128 739 4177 ;
774 4120 833 4165 ut
857 4119 1008 4163 tanto
1031 4108 1254 4163 liberius
1278 4108 1329 4159 in
1354 4106 1698 4159 orationibus
1730 4117 1789 4157 se
1814 4101 1896 4155 vel
1926 4100 2184 4154 laudibus

582 4205 785 4261 divinis
835 4210 1129 4263 exerceat,
1179 4206 1386 4268 quanto
1429 4197 1570 4249 hanc
1616 4208 1715 4263 per
1762 4194 2053 4262 ambagum
2104 4190 2184 4243 vi-

582 4295 933 4353 cissitudines
986 4290 1147 4363 313
1199 4290 1376 4343 inanis
1421 4286 1729 4341 verbositas
1796 4299 1904 4338 non
1965 4282 2176 4353 fatigat.

584 4390 752 4444 Terat
780 4386 967 4441 oculus
994 4383 1226 4438 assiduis
1264 4380 1541 4435 obtutibus
1594 4378 1992 4447 pavimentum,
2028 4390 2182 4429 mens

582 4495 684 4553 per
721 4478 1000 4533 aestuantis
1043 4473 1296 4531 desiderii
1354 4471 1661 4526 machinam
1715 4468 2079 4539 suspendatur
2127 4467 2183 4522 in

584 4569 808 4625 coelum.
854 4565 1092 4635 Utraque
1138 4561 1446 4617 substantia
1484 4575 1639 4615 suam
1678 4559 1977 4629 perpendat
2016 4556 2183 4627 origi-

582 4672 729 4717 nem,
758 4665 818 4709 ut
845 4664 900 4710 et
930 4669 1059 4709 caro
1100 4669 1257 4724 quem
1289 4652 1463 4707 cernit
1502 4649 1782 4719 pulverem
1819 4664 1878 4703 se
1910 4662 2031 4703 esse
2072 4660 2180 4701 non

585 4747 822 4810 dubitet,
855 4756 910 4799 et
949 4746 1129 4798 anima
1160 4744 1227 4797 ad
1262 4743 1316 4797 id
1346 4751 1530 4797 erecta
1584 4741 1728 4810 quod
1782 4738 2041 4810 perdidit,
2096 4738 2179 4793 in-

584 4840 779 4903 hianti,
808 4846 971 4908 atque
1005 4836 1275 4891 indefessa
1324 4850 1542 4905 semper
1580 4834 1874 4903 cupiditate
1920 4832 2178 4901 suspiret.
2213 4804 2261 4863 D

585 4930 867 4985 Pannosas
888 4937 944 4983 et
973 4927 1214 4996 hispidas
1245 4935 1429 4980 vestes
1459 4925 1707 4993 paucitas
1736 4932 2017 4978 attenuata
2059 4936 2184 4976 con-

584 5022 768 5086 ciliet;
798 5019 942 5081 vilia,
972 5036 1037 5073 ac
1073 5020 1326 5087 despecta
1356 5016 1529 5086 frigus
1559 5016 1872 5071 indumenta
1904 5028 2184 5068 commen-

584 5113 700 5167 det.
726 5110 1136 5165 Durumcuhile
1164 5110 1252 5163 diu
1286 5109 1486 5163 dilatus
1534 5108 1845 5177 raptimque
1876 5121 2042 5176 sopor
2084 5105 2181 5160 ad-

583 5203 787 5257 missus
846 5200 1107 5256 emolliat.
1162 5198 1511 5267 Parvipendit
1560 5198 1758 5265 quippe
1810 5196 1963 5251 strati
2002 5193 2183 5249 molli-

582 5294 738 5356 tiem,
762 5290 856 5360 qui
906 5290 1078 5345 solam
1133 5289 1352 5344 indulta:
1393 5288 1593 5357 quietis
1646 5288 1849 5357 cogitat
1906 5286 2184 5355 quantita-

583 5392 727 5447 tem;
771 5396 872 5436 nec
896 5396 1020 5436 cum
1052 5379 1427 5448 Sardanapalo
1464 5378 1666 5448 plumis
1701 5379 1952 5432 innatare
1996 5376 2180 5445 pensi-

582 5472 725 5529 libus
758 5472 950 5537 inhiat,
982 5472 1075 5541 qui
1132 5471 1421 5541 pervigiles
1473 5486 1596 5525 cum
1656 5468 1935 5523 Machario
1996 5476 2187 5521 noctes

586 5566 790 5622 ducere
823 5564 880 5623 in
912 5564 1531 5619 orationibnsiutentus
1583 5563 1823 5617 anhelat.
1886 5563 2186 5617 Deseratur

584 5656 883 5726 publicum,
933 5656 1214 5711 hominum
1268 5655 1506 5725 fugiatur
1549 5664 1822 5725 aspectus.
1856 5652 2181 5709 Scrutentur

585 5748 791 5818 anguli,
823 5746 1179 5802 remotiorum
1210 5761 1523 5800 recessuum
1564 5746 1746 5801 abdita
1803 5754 2179 5815 penetrentur.

584 5838 822 5895 Furtivae
861 5838 1063 5909 quippe
1091 5838 1369 5893 orationes
1392 5838 1499 5891 vim
1540 5836 1782 5892 inferunt
1811 5837 1971 5902 caelo,
2004 5845 2061 5891 et
2099 5836 2182 5889 in-

582 5929 914 6001 dulgentiam
970 5929 1205 5997 rapiunt,
1267 5928 1394 5983 dum
1453 5927 1765 5999 frequenter
1828 5928 1881 5983 in
1942 5928 2183 5984 tenebris

581 6021 787 6077 emicsti
816 6019 1029 6075 lumine
1049 6018 1465 6088 perfunduntur.
1494 6020 1660 6077 Illatis
1687 6020 2030 6077 contumeliis
2072 6036 2178 6076 non

2289 3555 2436 3608 omni
2467 3554 2609 3618 cibo,
2642 3554 2724 3609 vel
2755 3563 2883 3625 potu
2911 3570 3010 3624 per
3030 3554 3299 3623 duplicem
3337 3559 3751 3627 quadragenarii
3777 3576 3902 3615 cur—

2289 3659 2410 3699 sum
2443 3644 2495 3697 in
2526 3654 2712 3698 monte
2738 3644 2971 3714 jejunal.
3004 3646 3123 3699 Filii
3157 3648 3569 3717 prophetarum,
3606 3631 3674 3703 -ut
3710 3654 3900 3721 quaeli-

2288 3737 2379 3791 bet
2404 3737 2647 3792 oluscula
2685 3752 2791 3792 non
2818 3738 3173 3804 abhorreant,
3207 3741 3581 3797 amarissimas
3613 3724 3899 3815 coloquin-

2290 3827 2428 3880 tidas
2460 3828 2513 3881 in
2536 3828 2698 3881 ollam
2728 3830 3019 3882 concidere
3052 3845 3159 3883 non
3189 3842 3445 3885 recusant
3496 3831 3600 3903 (IV
3632 3833 3761 3907 Reg.
3795 3837 3893 3908 tv).

2288 3915 2475 3969 Daniel
2502 3916 2629 3970 dum
2664 3918 2806 3971 inter
2838 3918 3057 3972 rabidos
3090 3918 3306 3973 leonum
3339 3922 3508 3976 rictus
3549 3934 3773 3980 coaetus
3816 3935 3902 3981 est

2283 4008 2505 4077 degere,
2532 4023 2916 4079 perversorum
2946 4010 3205 4079 deinceps
3241 4011 3519 4066 hominum
3550 4014 3737 4068 didicit
3767 4016 3901 4071 insi-

2288 4098 2410 4152 dias
2458 4114 2564 4151 non
2611 4098 2805 4153 timere
2866 4099 3030 4169 (Dan.
3064 4102 3161 4170 vi).
3212 4101 3713 4158 Nabuchodonosor
3771 4107 3899 4161 dum

2285 4186 2428 4241 bruti
2456 4188 2709 4243 animalis
2737 4190 3047 4243 vecordiam
3072 4191 3430 4256 tolerat,du.n
3456 4192 3695 4249 ferarum
3726 4212 3899 4261 more,

2286 4279 2519 4333 saltuum
2564 4291 2728 4349 atque
2766 4282 3025 4335 silvarum
3050 4285 3324 4338 condensa
3359 4287 3671 4355 perlustrat,
3699 4289 3902 4345 forma-

2286 4378 2393 4438 tur,
2430 4388 2498 4426 ne
2522 4372 2588 4426 de
2624 4359 2825 4438 regalis
2862 4375 3074 4445 imperii
3108 4378 3372 4447 dignitate
3412 4382 3691 4449 superbiat
3730 4381 3894 4449 (Dan.

2288 4465 2397 4535 iv).
2435 4465 2603 4521 David
2634 4482 2756 4521 cum
2787 4482 2815 4520 a
2856 4452 3075 4538 proprio
3116 4471 3224 4523 filio
3256 4488 3285 4524 a
3321 4474 3517 4542 regalis
3557 4476 3678 4529 solii
3731 4476 3901 4531 subli-

2288 4556 2479 4611 mitate
2508 4556 2786 4627 dejicitur,
2815 4572 2884 4613 ne
2935 4560 2987 4613 in
3038 4560 3219 4615 Semei
3272 4574 3588 4620 extraneum
3648 4566 3900 4624 videlicet

2288 4647 2561 4701 hominem
2593 4650 3121 4715 vindicet,emditur
3151 4652 3238 4723 (11
3258 4653 3380 4723 Reg.
3402 4673 3489 4721 xv,
3510 4658 3689 4729 χχιιι).
3732 4659 3900 4715 Isaias

2287 4745 2575 4806 postquam
2605 4736 2773 4811 314
2805 4740 3043 4795 triennio
3071 4742 3273 4809 nudus,
3308 4754 3361 4798 et
3397 4746 3761 4803 discalccatus
3811 4750 3901 4803 iu-

2289 4830 2493 4892 cessit,
2555 4832 2782 4885 omnino
2848 4832 3179 4886 credendum
3241 4845 3359 4901 est,
3419 4840 3545 4906 quia
3615 4841 3901 4909 superﬂuis

2289 4923 2657 4991 postmodum,
2694 4922 2774 4977 vel
2819 4924 3075 4980 mollibus
3115 4927 3265 4981 indui
3309 4945 3415 4983 non
3446 4932 3693 4999 qumsivit
3732 4934 3901 5004 (1δηὶ-

2294 5012 2421 5083 xx).

2362 5096 2620 5171 Quisquis
2670 5120 2799 5175 ergo
2849 5106 2965 5160 vult
3020 5108 3177 5163 facile
3232 5110 3335 5166 sibi
3382 5112 3645 5185 cujusque
3694 5117 3901 5173 laboris

2290 5193 2610 5247 exercitium
2635 5194 2884 5260 reddere,
2917 5199 3271 5267 aggrediatur
3295 5202 3599 5272 intrepidus
3621 5214 3675 5258 et
3700 5207 3894 5261 altiora

2289 5294 2535 5351 tentare;
2569 5298 2839 5357 quatenus
2871 5293 3223 5361 asperitatem
3262 5298 3531 5367 asperitas
3566 5300 3615 5354 le
3654 5300 3784 5371 iget.
3818 5311 3893 5365 et.

2293 5390 2349 5430 ιιι
2377 5380 2449 5432 ita
2476 5379 2686 5445 loquar,
2723 5382 3037 5439 tolerabiles
3068 5386 3381 5442 indicentur
3410 5392 3621 5458 urticae,
3649 5394 3900 5464 palliuris

2293 5469 2377 5522 vel
2418 5469 2645 5525 hirsutis
2695 5474 2956 5543 vepribus
2998 5488 3349 5547 comparatae.
3389 5481 3577 5553 Neque
3628 5485 3729 5539 hoc
3762 5483 3898 5545 dici-

2294 5574 2438 5624 mus,
2479 5570 2538 5613 ut
2584 5577 2690 5615 non
2727 5579 2755 5615 a
2807 5563 3049 5620 minimis
3098 5568 3222 5635 quis
3264 5571 3503 5641 incipere
3536 5574 3762 5639 debeat;
3802 5577 3902 5631 sed

2295 5654 2400 5709 hoc
2430 5654 2628 5722 potius,
2657 5666 2722 5709 ut
2750 5656 2876 5711 dum
2908 5658 3213 5716 difﬁciliora
3256 5671 3536 5719 tentantur
3558 5706 3573 5731 ,
3608 5666 3898 5724 collatione

2292 5742 2529 5811 quadam
2599 5746 2716 5801 haec
2748 5748 2958 5805 eadem
3013 5750 3237 5806 minima
3291 5752 3614 5824 levigentur.
3672 5756 3903 5813 Studeat

2294 5835 2460 5889 etiam
2498 5837 2603 5891 hoc
2626 5839 2880 5903 novitius,
2910 5842 3001 5909 qui
3036 5844 3204 5897 ardua
3234 5853 3449 5901 tentans
3479 5858 3765 5919 augustqu
3792 5853 3897 5905 iter

2296 5926 2629 5997 ingreditur,
2661 5938 2720 5983 ut
2750 5946 2872 5985 cum
2903 5935 3115 6002 gravari
3154 5934 3292 5989 ultra
3323 5937 3468 5993 vires
3495 5941 3742 6009 coeperit,
3770 5955 3890 5995 mox

2297 6021 2377 6076 ad
2402 6020 2745 6078 latitudinem
2778 6034 3108 6083 revertatur.
3139 6029 3286 6085 Acus
3310 6025 3509 6102 quippe
3536 6032 3580 6088 si
3605 6034 3757 6090 duris
3784 6033 3901 6089 vio-
