5514 6578
2015 489 2119 545 325

2479 510 2537 565 S.
2580 505 2780 563 PETRI
2815 500 3093 560 DAMIANI
3132 496 3282 555 OPP.
3310 488 3544 552 TOMUS
3583 486 3713 543 SEU
3751 484 3929 543 PARS
3966 487 4051 544 III.
4080 482 4530 544 —-OPUSCULA
4569 480 4795 541 VARIA.

12 52 4427 277 w-

5150 484 5253 541 82!

2018 634 2194 688 lenter
2240 627 2575 698 impingitur,
2632 626 2734 679 nisi
2782 637 2848 677 ex
2891 617 3218 675 discretione
3274 615 3586 677 retrahitur,
3619 619 3663 674 Α
3694 621 3916 681 vegetus
3942 610 4153 664 aiebat:
4190 623 4209 658 ε
4241 604 4411 661 Hodie
4432 606 4702 676 octoginta
4728 603 4967 675 quinque
4991 618 5253 662 annorum

2019 734 2243 778 necesse
2266 726 2347 774 est
2380 726 2439 772 ut
2455 722 2639 771 coacta
2667 711 2976 782 frangatur;
3014 709 3058 764 si
3088 717 3266 762 autem
3294 714 3445 761 sutor
3468 718 3586 758 eam

2018 826 2169 867 more
2196 808 2489 865 cerdonum
2514 813 2569 859 et
2596 802 2842 873 impellit,
2863 809 2924 855 et
2962 799 3211 861 retrahit,
3244 795 3401 851 facile
3428 794 3556 864 quid

2018 900 2144 971 quid
2200 896 2487 954 soliditatis
2530 892 2804 950 obstiterit
2830 889 3154 961 penetrabit.
3191 888 3281 943 Sic
3305 895 3360 942 et
3398 901 3495 939 nos
3534 884 3587 939 in

2017 998 2217 1045 nostra
2262 985 2686 1044 conversationis
2729 983 2902 1049 initio,
2956 982 3084 1037 dum
3137 978 3295 1034 modo
3343 978 3588 1041 nitimur,

2018 1078 2181 1134 modo
2212 1077 2554 1139 remittimur,
2587 1072 2748 1128 modo
2777 1086 2873 1141 per
2914 1072 3068 1135 dura,
3101 1068 3260 1124 modo
3284 1083 3379 1138 per
3398 1081 3590 1137 aspera

2020 1169 2282 1225 violenter
2308 1167 2629 1230 insistimus,
2659 1164 2820 1219 modo
2850 1178 2947 1217 nos
2970 1158 3293 1216 remittendo
3327 1159 3589 1222 laxamus,

2020 1258 2278 1330 paulatim
2301 1243 2387 1311 via
2416 1257 2692 1327 panditur,
2723 1261 2783 1308 ut
2810 1266 2967 1307 omne
3002 1250 3144 1321 quod
3167 1250 3478 1312 obstiterat,
3510 1247 3591 1301 in-

2024 1360 2200 1418 genue
2230 1354 2557 1401 transeatur.

2589 1429 2811 1486 CAPUT
2841 1427 3024 1483 XXIII.

2098 1524 2207 1584 Vos
2229 1526 2413 1589 etiam,
2457 1524 2630 1579 sancti
2687 1536 2863 1589 senes,
2914 1518 3193 1593 praeterire
3242 1533 3345 1573 non
3400 1516 3593 1581 debeo,

2020 1631 2156 1686 quos
2183 1616 2367 1684 utique
2396 1620 2543 1667 tanto
2567 1626 2785 1666 necesse
2809 1620 2894 1665 est
2922 1610 3037 1664 fieri
3070 1608 3335 1663 cautiores
3359 1607 3426 1661 ad
3455 1622 3593 1676 prte-

2018 1706 2174 1771 lium,
2210 1712 2411 1775 quanto
2442 1703 2755 1772 conspicitis
2783 1708 2954 1772 ipsum
2993 1698 3146 1754 vobis
3178 1697 3453 1767 pra-ﬂandi
3487 1706 3595 1750 ter-

2020 1796 2227 1851 minum
2250 1795 2360 1865 jam
2392 1794 2768 1863 propinquum.
2797 1791 2949 1852 wide
2972 1797 3201 1853 constat,
3230 1789 3357 1857 quia
3385 1788 3429 1843 si
3457 1801 3597 1840 nunc

2020 1885 2261 1956 perditis,
2290 1883 2502 1937 amissa:
2532 1866 2771 1937 victoria:
2813 1880 2993 1934 titulos
3031 1892 3352 1947 recuperare
3398 1878 3465 1931 de
3497 1892 3597 1930 ca:-

3689 719 3806 759 sum
3843 703 3921 757 sic
3950 702 4135 756 valens
4162 707 4223 753 ut
4256 711 4320 752 eo
4363 696 4609 752 valebam
4643 706 4911 766 tempore,
4947 699 5163 767 quando
5191 700 5255 753 ad

3689 794 4081 865 explorandum
4124 792 4319 847 missus
4374 804 4534 846 sum:
4585 787 4729 845 illius
4774 790 4827 844 in
4872 805 4958 846 me
5005 790 5258 858 temporis

3690 884 3949 939 fortitudo
3983 896 4153 952 usque
4181 880 4344 936 hodie
4362 887 4676 950 perseverat
4700 886 4811 933 tam
4833 878 4901 934 ad
4928 879 5255 941 bellandum,

3689 991 3852 1046 quam
3890 975 3957 1029 ad
4002 971 4353 1043 gradiendum
4383 971 4519 1042 (los.
4571 969 4707 1041 xiv).
4743 988 4762 1022 ι
4796 969 4910 1025 Hoc
4944 978 5029 1025 est
5055 969 5260 1025 scilicet

3692 1075 3802 1121 tam
3831 1066 3883 1141 in
3920 1062 4222 1120 resistendo
4248 1060 4416 1126 vitiis,
4447 1074 4610 1130 quam
4648 1067 4703 1113 et
4728 1074 4826 1129 per
4860 1058 5130 1130 religionis
5154 1068 5261 1113 tra-

3692 1159 3878 1215 mitem
3910 1158 3965 1212 in
4005 1155 4160 1212 bonis
4199 1154 4452 1225 operibus
4480 1152 4915 1224 augmentandis.
4944 1151 5011 1206 Et
5040 1152 5092 1205 in
5124 1151 5261 1206 Deu-

3692 1248 4030 1303 teronomio:
4070 1264 4089 1296 ι
4123 1244 4332 1315 Moyses
4377 1242 4571 1313 inquit,
4618 1250 4835 1297 centum
4863 1249 4931 1296 et.
4957 1239 5140 1313 viginti
5168 1254 5264 1294 an-

3695 1354 3887 1411 norum
3918 1347 4037 1393 erat
4062 1337 4279 1406 quando
4305 1343 4547 1389 mortuus
4571 1341 4685 1399 est;
4711 1348 4817 1388 non
4857 1333 5111 1403 caligavit
5132 1347 5264 1389 ocu-

3696 1428 3782 1482 lus
3811 1425 3945 1494 ejus,
3979 1440 4079 1479 nec
4124 1425 4315 1480 dentes
4356 1424 4500 1479 illius
4532 1425 4664 1479 moti
4703 1430 4830 1478 sunt
4858 1422 5033 1491 (Deut.
5071 1423 5202 1493 xiv).
5238 1443 5257 1476 ι

3696 1521 3833 1577 Hinc
3862 1529 3944 1576 est
3981 1521 4179 1585 etiam,
4212 1520 4355 1589 quod
4384 1521 4438 1575 in
4471 1518 4844 1575 benedictione
4873 1517 5006 1573 Aser
5032 1515 5147 1587 ipse
5179 1514 5261 1569 di-

3696 1613 3808 1667 cit:
3868 1630 3887 1662 i
3941 1610 4167 1664 Ferrum
4218 1618 4270 1665 et
4333 1623 4408 1664 ωε
4457 1608 4883 1663 calceamentum
4931 1604 5081 1673 ejus;
5128 1604 5267 1660 sicut

3698 1704 3814 1759 dies
3860 1700 4161 1770 juventutis
4213 1708 4346 1765 tute,
4422 1699 4496 1754 ita
4548 1706 4604 1753 et
4662 1707 4918 1753 senectus
4951 1704 5040 1750 tua
5082 1693 5262 1765 (Deut.

3698 1792 3919 1863 xxxiii).
3960 1810 3977 1842 ι

3770 1887 3949 1941 Nolite
3972 1881 4200 1955 'itaque,
4244 1883 4603 1946 dilectissimi,
4654 1880 4800 1937 velut
4846 1877 5126 1936 exstinctis
5154 1876 5267 1945 jam

2023 1985 2142 2031 tero
2171 1991 2274 2030 non
2319 1974 2560 2044 potestis.
2592 1972 2744 2026 Nunc
2792 1972 2955 2041 igitur
2980 1970 3045 2023 ad
3090 1969 3301 2023 fortiter
3334 1969 3594 2036 agendum
3632 1964 3671 2022 Β
3701 1978 4206 2047 viiiisjejuniomm,
4234 1976 4319 2031 γει
4346 1974 4675 2045 vigiliarum,
4699 1974 4753 2027 in
4787 1980 5045 2041 quantum
5077 1968 5158 2023 fas
5186 1978 5270 2023 cst

2025 2066 2243 2120 fervens
2267 2066 2476 2117 animus
2507 2062 2814 2125 incalescat,
2846 2068 2899 2115 et
2926 2060 3109 2115 senilis
3136 2060 3201 2113 ad
3234 2058 3599 2114 debellandum

2021 2156 2275 2209 vitiorum
2324 2154 2626 2209 barbariem
2674 2152 2837 2208 robur
2868 2152 3104 2223 juvenile
3135 2152 3418 2220 concipiat.
3456 2150 3602 2203 Jam-

2021 2244 2131 2315 jam
2180 2244 2418 2315 profecto
2466 2245 2517 2299 in
2570 2242 2753 2297 limine
2796 2242 3070 2311 mttnicipii
3122 2243 3309 2311 pedem
3358 2240 3595 2310 ponitis;

2022 2336 2133 2405 jam
2162 2337 2228 2391 ad
2268 2335 2594 2390 felicissima:
2621 2334 2817 2403 quietis
2856 2334 3025 2388 otium
3069 2334 3430 2388 mediantibus
3459 2334 3600 2385 ditii-

2025 2432 2174 2479 taxat
2205 2423 2410 2479 foribus
2440 2423 2835 2492 propinquatis.

2094 2514 2393 2584 Abjiciatur
2419 2528 2546 2583 ergo
2577 2512 2806 2576 desidia,
2833 2512 3132 2581 deponatur
3163 2511 3378 2577 inertia,
3412 2521 3467 2566 et
3496 2527 3601 2565 nan

2026 2604 2285 2659 transacti
2322 2604 2465 2674 longi
2494 2602 2634 2658 forte
2660 2602 2861 2657 laboris
2890 2603 3149 2657 memoria
3179 2604 3444 2666 retrahat,
3468 2618 3605 2673 quos

2026 2695 2282 2764 subjecta:
2310 2708 2482 2764 poenae
2509 2693 2619 2762 jam
2660 2694 2830 2749 oculis
2858 2694 3059 2748 oblatio
3086 2694 3349 2748 mercedis
3386 2695 3600 2748 invitat.

2028 2782 2275 2838 Rimator
2301 2784 2440 2848 auri,
2470 2798 2576 2853 quo
2600 2782 2916 2851 profundius
2942 2793 3097 2837 terra:
3128 2798 3291 2836 venas
3316 2781 3517 2845 eﬂ‘odit,
3542 2798 3607 2836 eo

2034 2873 2332 2937 robuStius,
2360 2882 2520 2942 atque
2545 2871 2839 2927 ferventius
2869 2887 2927 2926 se
2952 2872 3017 2925 ad
3045 2871 3368 2940 explendum
3397 2872 3449 2925 id
3476 2887 3603 2941 ope-

2023 2962 2124 3031 ris,
2153 2963 2295 3034 quod
2334 2972 2519 3026 restat,
2550 2964 2804 3034 accingit.
2838 2961 2948 3017 Nec
2981 2971 3088 3017 tam
3119 2963 3423 3032 praeteritus
3455 2962 3605 3017 labor

2025 3054 2173 3111 vires
2197 3064 2442 3120 enervat,
2475 3070 2636 3124 quant
2674 3068 2796 3123 spes
2828 3054 3062 3108 thesauri
3088 3053 3201 3121 jam
3231 3055 3451 3123 jamque
3481 3070 3606 3123 pro-

2030 3144 2222 3218 pinqui
2258 3145 2325 3199 ad
2365 3145 2617 3214 egerendi
2650 3143 2858 3198 ruderis
2886 3142 3122 3197 studium
3169 3151 3449 3212 provocat.
3479 3142 3607 3197 Sine

2028 3250 2190 3291 causa
2214 3234 2554 3305 jentaculum
2579 3234 2771 3298 inhiat,
2796 3234 2887 3303 qui
2909 3232 3184 3303 pronubus
3210 3233 3278 3287 ad
3301 3233 3603 3289 convivium

2031 3303 2272 3396 nuptiale
2306 3324 2547 3382 festinat.
2580 3326 2719 3381 Ecce
2751 3325 2895 3379 enim
2934 3324 3073 3379 tauri
3101 3324 3417 3395 evangelici,
3454 3333 3507 3379 et
3534 3324 3605 3377 al-
3630 3303 3675 3364 (ἶ

2031 3413 2147 3469 tilia
2181 3415 2380 3477 occisa,
2410 3423 2465 3468 et
2500 3413 2681 3469 omnia
2724 3420 2848 3467 sunt
2873 3421 3096 3481 parata;
3147 3412 3368 3483 insuper
3403 3420 3459 3467 et
3503 3426 3606 3466 vox

2026 3504 2328 3576 praeconis:
2362 3502 2606 3569 «Venite,
2634 3502 2832 3573 inquit,
2858 3503 2926 3556 ad
2948 3501 3603 3573 ttuptias(dlattli.xxtt).i

2030 3592 2141 3649 Cur
2171 3609 2301 3666 ergo
2324 3595 2623 3664 praevenire
2649 3592 2870 3649 delicias
2908 3593 3142 3663 appetit,
3176 3593 3268 3662 qui
3298 3592 3364 3647 ad
3396 3593 3609 3664 nuptia-

2033 3685 2110 3741 les
2139 3688 2301 3757 dapes
2335 3687 2646 3758 epulaturus
2674 3686 2918 3741 accedit?
2946 3686 3054 3741 Cur
3084 3695 3301 3741 ructare
3326 3694 3452 3742 ante
3475 3687 3605 3752 vult,

2036 3793 2199 3848 quam
2241 3779 2613 3835 discumbere?
2636 3778 2747 3833 Cur
2775 3793 3060 3849 porcorum
3092 3794 3151 3832 se
3178 3778 3388 3847 siliquis
3419 3777 3607 3842 satiat,

2034 3868 2121 3941 qui
2154 3868 2220 3923 ad
2267 3869 2451 3937 epulas
2498 3876 2756 3939 properat
2786 3869 3096 3940 angelorum
3121 3868 3143 3922 ?
3168 3868 3279 3923 Cur
3312 3884 3370 3923 se
3407 3883 3513 3922 non
3544 3868 3611 3921 ab

2034 3957 2180 4015 omni
2230 3974 2374 4015 nunc
2428 3959 2762 4028 voluptatum
2808 3974 3027 4013 suarum
3077 3958 3325 4012 famelica
3364 3959 3612 4011 satietate

2036 4060 2303 4113 coerceat,
2344 4064 2500 4119 quem
2525 4065 2735 4104 summa
2764 4065 2828 4104 ac
2848 4050 3091 4119 perfecta
3124 4048 3403 4104 beatitudo
3430 4048 3612 4119 gloriae

2038 4141 2272 4193 caelestis
2298 4142 2610 4209 exSpectat?
2644 4140 2751 4195 Cur
2774 4156 2879 4196 non
2908 4142 3142 4209 linguam
3171 4157 3324 4195 suam
3356 4156 3384 4194 a
3416 4140 3612 4194 fabulis

2040 4242 2200 4290 nunc,
2259 4235 2313 4280 et
2365 4242 2500 4280 vana
2546 4227 2873 4283 verbositate
2921 4228 3188 4292 refrenet,
3240 4230 3330 4298 qui
3378 4227 3613 4281 Verbum

2040 4318 2234 4390 ipsum,
2266 4333 2361 4387 per
2380 4317 2523 4386 quod
2553 4318 2695 4373 facta
2728 4326 2851 4372 sunt
2872 4320 3050 4372 omnia
3079 4316 3262 4389 (Joan.
3293 4319 3352 4387 ι),
3377 4333 3617 4387 praesen-

2041 4409 2243 4462 tissima
2292 4409 2346 4462 in
2388 4418 2707 4479 perpetuum
2768 4408 3223 4477 contemplatione
3282 4406 3617 4477 prospiciat?

2042 4498 2148 4553 Cur
2208 4511 2264 4550 se
2308 4512 2405 4565 pro
2436 4497 2732 4564 disciplinae
2782 4511 3007 4552 censura
3036 4497 3105 4551 ab
3155 4497 3463 4566 aspectibus
3509 4511 3615 4550 non

2045 4596 2314 4642 removeat
2340 4586 2633 4649 hominum,
2662 4586 2751 4656 qui
2788 4586 2854 4640 ad
2886 4587 3088 4640 curiam
3129 4587 3297 4640 tendit
3318 4586 3612 4654 imperato-

2044 4677 2117 4731 ris
2145 4676 2329 4730 :eterni
2357 4685 2410 4729 et
2440 4674 2738 4729 caelestium
2767 4675 3115 4729 senatorum?
3151 4675 3311 4745 315
3340 4674 3447 4730 Cur
3467 4691 3610 4744 aspe-

2047 4769 2122 4822 ris
2150 4767 2439 4820 exltorreat
2476 4766 2682 4833 contegi
2709 4765 3062 4830 vestimentis,
3102 4767 3191 4835 qui
3218 4766 3355 4819 stola
3387 4767 3616 4819 induen-

2049 4860 2153 4913 dus
2176 4868 2261 4914 est
2287 4857 2706 4911 immortalitatis
2734 4876 2748 4909 :

2117 4947 2231 5002 Non
2269 4963 2399 5014 ergo
2443 4962 2539 5000 nos
2574 4947 2751 5017 pigeat
2776 4961 2805 4999 a
2854 4947 3060 5000 cunctis
3094 4946 3277 4999 mundi
3308 4945 3617 5000 delettatio-

2049 5040 2208 5095 nibus
2246 5038 2509 5108 jejunare,
2556 5046 2613 5089 ut
2659 5036 2897 5090 omnium
2947 5036 3261 5090 deliciarum
3318 5036 3613 5091 caelestium

2052 5131 2218 5199 copiis
2268 5144 2571 5184 mereamur
2623 5126 2857 5194 aiiluere,
2909 5143 2976 5182 ne
3015 5143 3166 5183 mens
3208 5136 3391 5181 nostra
3420 5128 3622 5183 haereat

2053 5222 2340 5283 creaturis,
2377 5220 2469 5273 sed
2502 5220 2566 5273 ad
2598 5219 2875 5288 amplexus
2908 5220 3085 5289 potius
3113 5220 3283 5273 inhiet
3323 5220 3615 5275 Creatoris.

2053 5310 2310 5379 Quisquis
2336 5308 2480 5363 enim
2506 5308 2573 5362 de
2616 5308 2905 5378 longinquo
2936 5310 3155 5364 veniens
3190 5308 3380 5363 aulicis
3417 5310 3616 5364 limini-

2052 5405 2154 5460 bus
2204 5401 2618 5472 appmpinquat,
2674 5402 2937 5456 vecordiae
2991 5403 3257 5473 arguitur,
3309 5402 3354 5457 si
3399 5400 3621 5457 fabricis

2056 5495 2292 5548 intentus
2322 5492 2388 5545 ad
2417 5491 2557 5561 regis
2584 5489 2777 5546 faciem
2808 5505 2911 5545 non
2938 5492 3179 5557 anhelat;
3208 5508 3307 5547 nec
3337 5509 3364 5547 a
3394 5507 3488 5563 spe
3519 5491 3621 5547 for-

2059 5588 2185 5641 titer
2210 5586 2398 5655 agendi
2429 5584 2569 5641 eﬂ‘eti
2599 5584 2845 5656 corporis
2878 5583 3124 5640 debilitas
3158 5585 3393 5656 frangat,
3420 5585 3547 5655 quia
3581 5585 3625 5638 si

2058 5680 2284 5750 spiritus
2320 5678 2471 5733 adest
2515 5678 2683 5743 cordi,
2729 5686 3123 5746 consequenter
3164 5678 3328 5732 etiam
3367 5678 3511 5731 vires
3540 5691 3628 5729 ar-

2061 5781 2209 5826 tuum
2242 5769 2533 5825 visceribus
2581 5768 2939 5824 administrat.
2993 5766 3145 5823 Unde
3190 5777 3247 5822 et
3271 5766 3468 5839 Caleph
3497 5766 3623 5836 quia

2063 5864 2311 5935 mandata
2343 5861 2433 5918 Dei
2482 5860 2752 5917 ferventer
2797 5860 3136 5932 impleverat,
3176 5857 3399 5929 juvenili
3433 5858 3627 5914 robore

3700 2084 3850 2124 arma
3889 2069 4192 2137 deponere:
4237 2066 4402 2120 nolite
4434 2066 4557 2121 dum
4600 2064 4776 2117 adhuc
4811 2062 4864 2115 in
4889 2062 5062 2116 stadio
5099 2058 5271 2113 curri-

3705 2162 3809 2225 tis,
3875 2159 4027 2229 quasi
4096 2156 4206 2222 jam
4285 2157 4499 2217 securi,
4560 2154 4765 2209 deliciis
4842 2148 5269 2207 lenocinantibus

3704 2249 4000 2317 indulgere.
4026 2246 4316 2300 Familiare
4352 2245 4549 2314 quippe
4575 2252 4660 2298 cst
4691 2242 4908 2297 senibus
4930 2240 5192 2310 jejunare,
5218 2248 5272 2294 et

3704 2339 3829 2393 licet
3856 2339 4006 2392 cibos
4035 2353 4175 2406 saepe
4199 2336 4449 2389 debilitas
4484 2342 4702 2403 appetat
4723 2372 4741 2397 ,
4782 2341 4987 2386 natura:
5030 2330 5273 2385 voluntas

3703 2428 3862 2483 insita
3902 2442 4022 2480 cum
4044 2426 4248 2494 jejunio
4277 2433 4332 2478 et
4360 2424 4651 2477 sobrietate
4673 2421 4982 2476 concordat.
5015 2420 5274 2474 invitatur

3705 2519 3965 2575 Benellai
4015 2518 4323 2571 Galaadites
4370 2517 4436 2568 ad
4491 2514 4769 2583 requiem:
4832 2529 4850 2564 ι
4882 2510 5046 2575 Veni,
5100 2509 5275 2579 inquit

3705 2608 3870 2663 David
3902 2624 4015 2673 rex,
4048 2616 4103 2661 ut
4134 2607 4445 2675 requiescas
4478 2620 4666 2659 secure
4695 2617 4903 2659 mecum
4936 2602 4988 2657 in
5017 2599 5273 2655 Hierusa-

3707 2700 3809 2755 lem
3838 2699 3923 2770 (ΙΙ
3949 2699 4075 2769 Reg.
4119 2703 4255 2765 ιη).
4289 2717 4306 2749 ι
4342 2698 4446 2752 Sed
4474 2698 4694 2766 opponit
4720 2706 4948 2750 senecta:
4975 2703 5272 2764 stuporem,

3706 2803 3759 2845 et
3783 2800 4007 2846 excusat
4036 2791 4315 2861 epularum
4367 2790 4621 2859 regalium
4651 2789 4976 2858 voluptatem
5006 2804 5021 2842 :
5076 2806 5095 2839 ι
5126 2784 5273 2844 ﬁun-

3705 2883 3851 2953 quid,
3879 2883 3975 2947 ait,
4006 2883 4187 2952 vigent
4216 2896 4408 2935 sensus
4434 2881 4533 2935 mei
4558 2880 4624 2934 ad
4651 2880 5062 2934 discernendum
5090 2891 5273 2937 suave,

3706 2986 3801 3028 aut
3827 2989 4071 3028 amarum
4093 3013 4107 3034 ,
4142 2984 4234 3025 aut
4266 2970 4538 3025 delectare
4567 2977 4743 3041 potest
4780 2984 4994 3023 servum
5027 2978 5172 3021 tuum
5200 2966 5277 3020 ci-

3706 3067 3808 3119 bus
3830 3074 3885 3119 et
3915 3064 4109 3134 potus?
4144 3062 4226 3118 vel
4269 3064 4457 3117 audire
4503 3060 4640 3113 ultra
4670 3074 4889 3129 possum
4912 3072 5097 3113 vocem
5147 3069 5265 3109 can-

3711 3164 3909 3217 torum,
3938 3153 4021 3208 vel
4048 3151 4446 3208 cantatricum?
4478 3170 4495 3202 ι
4526 3147 4907 3221 (1ὺὶά.>.υηάε
4927 3145 5279 3217 perpenditur

3707 3258 3867 3313 quam
3895 3244 4129 3312 quietus,
4160 3257 4320 3311 quam
4366 3252 4512 3295 certe
4540 3240 4675 3295 bene
4702 3249 4942 3295 moratus
4978 3238 5141 3293 fuerit
5179 3237 5279 3291 istc

3708 3347 3893 3387 senex.
3943 3331 4219 3396 Quomodo
4259 3331 4403 3383 enim
4450 3345 4554 3383 non
4597 3338 4741 3384 esset
4770 3329 4845 3382 rei
4873 3326 5184 3391 familiaris,
5232 3326 5276 3379 si

3707 3423 4065 3493 contingeret,
4097 3429 4335 3492 egestate
4362 3430 4674 3485 contentus,
4710 3420 4801 3491 qui
4848 3419 5041 3492 regalis
5081 3433 5280 3473 mensae

3708 3512 3876 3581 dapes
3936 3510 4163 3581 despicit
4228 3512 4523 3565 invitatus?
4592 3510 4873 3577 Quomodo
4927 3508 5281 3565 delectaretur

3706 3603 3878 3658 otiosa
3923 3602 4008 3657 vel
4055 3602 4253 3657 risibus
4323 3610 4446 3672 apta
4495 3602 4657 3656 verba
4705 3601 5044 3669 depromere,
5091 3600 5184 3671 qui
5228 3610 5284 3655 et

3706 3695 3915 3749 alienas
3948 3694 4301 3749 melodiarum
4331 3709 4489 3748 voces
4510 3694 4675 3748 castis
4703 3692 4923 3748 auribus
4960 3692 5284 3765 dedignabao

3709 3796 3796 3843 tur
3825 3788 4047 3843 audire?
4072 3788 4138 3843 Et
4161 3789 4251 3858 qui
4284 3788 4395 3843 illic
4420 3789 4583 3842 etiam
4612 3787 4870 3842 delectari
4902 3786 5170 3852 noluerat,
5190 3787 5280 3840 ubi

3712 3877 3999 3947 aliquando
4026 3878 4396 3947 crisparentur
4438 3893 4567 3931 vasa
4614 3876 4972 3947 psalmorum,
5017 3876 5284 3945 quomodo

3714 3972 3997 4042 quiescere
4040 3971 4325 4042 potuisset,
4363 3970 4453 4025 ubi
4494 3970 4695 4024 ludicra
4726 3978 4779 4025 et
4806 3968 5119 4024 saltationes
5160 3983 5285 4039 per-

3712 4070 3958 4131 strepunt
3988 4061 4353 4116 histrionum?

3782 4151 4034 4206 Nonnulli
4076 4152 4235 4221 plane
4265 4168 4457 4207 senum
4485 4160 4631 4218 sunt,
4661 4150 4806 4220 quod
4852 4150 5283 4221 pratereundum

3716 4258 3821 4296 non
3853 4252 3955 4307 est,
3983 4244 4076 4313 qui
4101 4245 4266 4297 etiam
4294 4252 4580 4314 postquam
4611 4244 4677 4297 ad
4722 4243 4996 4313 religionis
5042 4242 5284 4298 ordinem

3720 4333 3978 4398 venerint,
4004 4333 4079 4388 ita
4110 4332 4372 4388 fabulosis
4417 4334 4606 4388 neniis
4632 4343 4983 4403 occupantur,
5016 4340 5075 4388 ut
5099 4341 5154 4388 et
5182 4332 5285 4387 sibi

3718 4427 3827 4479 sint
3884 4425 4052 4491 noxii,
4103 4433 4161 4481 et
4212 4425 4551 4481 auditoribus
4598 4425 4882 4479 videantur
4940 4438 5061 4479 esse
5109 4424 5283 4479 deliri.

3717 4517 3871 4572 Modo
3900 4518 4041 4571 enim
4075 4533 4256 4574 rerum
4298 4518 4570 4589 gestarum
4618 4518 4842 4572 lacinias
4886 4524 5105 4581 texunt,
5129 4517 5287 4570 modo

3718 4624 3900 4678 regum
3940 4609 4279 4677 antiquorum
4308 4610 4481 4665 edicta
4505 4650 4520 4673 ,
4551 4609 4634 4663 vel
4679 4609 4931 4663 victorias
4988 4608 5228 4663 referunt
5272 4626 5285 4663 :

3722 4702 3908 4767 sicque
3935 4699 4075 4753 diem
4108 4700 4159 4752 in
4191 4716 4447 4769 nugarum
4477 4700 4700 4753 aniliuni
4750 4700 4927 4769 inepta
4971 4700 5289 4753 recitatione

3723 4798 4070 4842 consumunt.
4103 4787 4177 4841 Ita
4213 4787 4300 4851 fit,
4334 4799 4390 4842 ut
4440 4804 4534 4858 per
4582 4789 4815 4859 linguam
4872 4788 4981 4843 Deo
5035 4788 5287 4853 dicatam,

3724 4881 3883 4946 quam
3932 4894 4036 4932 non
4088 4877 4351 4933 salutares
4399 4888 4668 4948 occupant
4726 4894 4949 4950 preces,
5002 4878 5291 4935 ridiculose

3722 4968 3871 5034 vani,
3902 4982 3965 5023 ac
3987 4968 4348 5036 superstitiosi
4383 4969 4683 5025 recitentur
4711 4969 4969 5024 annales:
5001 4968 5092 5038 qui
5132 4970 5291 5024 nimi-

3725 5074 3842 5113 rum
3882 5059 4004 5113 dum
4036 5058 4269 5127 linguam
4300 5060 4569 5128 pestiferis
4615 5059 4912 5113 fabularum
4956 5057 5176 5127 dapibus
5204 5074 5291 5113 sa-

3726 5148 4260 5219 tiant,quiajejunio
4288 5166 4500 5220 semper
4550 5160 4634 5205 est
4690 5151 4910 5215 inimica
4959 5150 5287 5211 verbositas.

3725 5240 3888 5311 316
3914 5241 4075 5295 etiam
4105 5250 4350 5296 ventrem
4379 5242 4541 5311 digno
4572 5242 4879 5297 sobrietatis
4924 5240 5291 5298 moderamine

3726 5350 3829 5388 non
3859 5334 4144 5405 castigant.

3796 5424 4069 5479 Habemus
4117 5426 4345 5495 denique
4386 5412 4590 5488 senem.
4625 5426 4676 5481 in
4714 5425 5041 5481 monasterio
5086 5422 5291 5481 scilicet

3728 5513 3923 5579 Sitriar,
3974 5515 4234 5570 vocabulo
4297 5515 4649 5583 Mainardum,
4697 5532 4856 5586 quem
4885 5516 5089 5572 scilicet
5115 5515 5292 5586 adhuc

3725 5602 4034 5671 paludatum
4072 5620 4192 5659 cum
4244 5606 4662 5673 admonuissem,
4704 5585 4765 5661 ut
4790 5605 5082 5662 monachus
5117 5585 5290 5669 nerei,

3727 5704 3784 5748 ut
3810 5696 4067 5750 verbosus
4098 5710 4160 5751 ac
4190 5696 4414 5750 mordax
4455 5710 4672 5766 semper
4694 5697 4994 5761 exstiterat,
5025 5696 5078 5750 in
5109 5704 5290 5767 typum

3726 5785 4118 5856 quodammodo
4163 5786 4416 5857 jurgiosa:
4460 5787 4826 5855 responsionis
4851 5792 5102 5841 erectus:
5133 5784 5285 5845 Ecce.

3729 5877 3920 5949 inquit,
3949 5877 4157 5936 ancilla:
4188 5891 4322 5937 mea:
4347 5877 4660 5950 quotidiana
4690 5882 4778 5934 me
4815 5876 5100 5935 sedulitate.
5144 5874 5272 5932 undi
