5514 6654
2323 171 2344 176 -
2407 155 2484 208 .-χῖ

1945 205 2020 214 u-..
2393 209 2572 224 ’.Ὗ-ν*
2607 215 2756 244 ῖ--νρ
2781 215 2836 252 ἶησ
2929 216 2960 224 το
3027 227 3220 250 ᾉ-ς--Ι
3281 216 3302 234 ἣν
3337 249 3396 256 υ..

554 602 665 659 825

554 809 766 866 sistere
795 810 983 876 valeo;
1033 824 1142 880 quo
1165 810 1328 880 igitur
1353 819 1513 881 pacto
1542 817 1731 880 potero
1757 809 2051 880 Spiritualis
2081 811 2164 864 in-

567 906 742 963 stituti
773 905 878 959 iter
909 903 1186 974 arripere,
1211 905 1301 974 qui
1339 905 1543 974 absque
1571 904 1677 958 ulla
1717 902 2016 972 disciplina:
2045 919 2163 958 sar-

569 997 693 1052 cina
721 1012 808 1052 me
832 997 1008 1067 ipsum
1036 1013 1181 1068 pene
1227 1011 1439 1066 nequeo
1480 996 1671 1052 saltem
1724 996 1948 1065 pedibus
1997 995 2163 1049 susti-

563 1089 742 1146 nere?
781 1090 1171 1145 Verumtamen
1196 1090 1358 1159 paulo
1386 1099 1526 1159 post,
1557 1090 1756 1160 quibus
1790 1087 2165 1142 adnitentibus

565 1183 780 1251 nescio,
805 1198 934 1240 ecce
957 1183 1134 1238 factus
1156 1191 1240 1238 est
1267 1184 1566 1240 monachus
1593 1201 1608 1236 :
1641 1182 1734 1252 qui
1773 1183 2030 1238 nimirum
2049 1179 2163 1249 jam

571 1289 741 1330 senex
793 1283 849 1330 et
895 1273 1182 1345 languidus
1236 1289 1358 1329 cum
1415 1283 1569 1330 tanto
1625 1272 1839 1328 fervore
1889 1273 2074 1343 coepit,
2106 1279 2167 1326 ut

569 1367 877 1439 grandaevis
904 1379 1067 1438 atque
1095 1367 1323 1422 maturis
1352 1367 1467 1422 sani
1515 1368 1722 1422 scilicet
1766 1367 1978 1422 consilii
2031 1366 2165 1422 viris

571 1457 920 1525 miraculum,
967 1457 1274 1528 juvenculis
1332 1469 1515 1514 autem
1570 1460 1884 1514 monasterii
1939 1458 2164 1513 lubricis

569 1557 738 1620 atque
766 1548 985 1605 lascivis
1015 1547 1166 1604 fleret
1190 1548 1242 1603 in
1267 1548 1526 1604 derisum.
1574 1549 1676 1617 Qui
1722 1550 1968 1620 profecto
2017 1551 2162 1606 lace-

561 1648 756 1696 vrantes
794 1655 918 1694 eum
967 1639 1412 1707 detractionibus,
1471 1648 1526 1695 et
1583 1639 1765 1694 verbis
1816 1641 2164 1695 mordacibus

568 1733 914 1797 obrodentes,
947 1747 1225 1801 nunquam
1256 1747 1379 1787 eum
1416 1747 1444 1785 a
1482 1732 1563 1787 sui
1602 1732 1782 1802 rigore
1813 1731 2073 1802 propositi
2107 1731 2162 1786 in

568 1832 780 1878 tantum
813 1833 1038 1893 potuere
1067 1823 1387 1892 deﬂectere,
1409 1824 1540 1893 quin
1568 1824 1746 1879 adhuc
1772 1838 1868 1894 per
1902 1825 2018 1880 dies
2045 1825 2163 1881 sin-

559 1915 723 1986 gulos
750 1916 1003 1986 psalteria
1031 1924 1267 1985 quatuor
1290 1915 1522 1985 expleat,
1543 1925 1778 1986 quatuor
1807 1916 2163 1974 nihilominus

565 2023 666 2077 per
690 2008 1080 2063 hebdomadam
1105 2009 1220 2063 dies
1258 2007 1463 2079 absque
1495 2007 1602 2063 ullo
1640 2010 1764 2064 cibo
1796 2017 1850 2064 et
1878 2018 2004 2080 potu
2049 2019 2158 2064 tam

1536 602 1783 661 OPUSC.
1826 603 1960 658 Xlll.
2007 634 2073 644 --
2099 602 2188 658 DE
2226 602 2706 662 PERFECTIONE
2748 603 3057 664 MONACll.

559 733 670 786 que
695 716 994 774 confovent
1021 727 1075 774 et
1105 718 1436 785 ministrant,
1463 726 1512 774 et
1540 721 1619 774 sic
1645 735 1730 772 vix
1756 729 2029 788 utcunque
2049 721 2169 773 sub-
2197 724 2246 781 Α
2276 719 2474 773 mentis
2496 719 2582 774 vel
2608 723 2674 775 ad
2703 732 3043 777 momentum
3079 723 3296 793 quidem
3336 728 3616 796 vagatione
3641 730 3854 790 laborat

3769 616 3874 679 526

2272 809 2578 867 Crucilixus
2617 813 2780 883 igitur
2819 815 2945 869 huic
2979 825 3182 871 mundo
3224 816 3338 886 jam
3388 835 3526 888 pene
3580 837 3701 892 qua:
3749 835 3872 881 sunt

2271 902 2506 958 humana
2544 920 2650 960 non
2679 907 2866 973 sentit,
2898 908 2993 962 sed
3028 915 3172 963 totus
3205 923 3449 980 azymus,
3487 920 3739 987 totusque
3766 918 3849 972 sin

2269 1007 2451 1060 cerus,
2476 1005 2535 1048 ut
2562 994 2634 1048 ita
2675 995 2872 1062 fatear,
2893 994 3136 1068 langelus
3163 999 3317 1054 vivit.

2342 1081 2498 1146 Ecce,
2532 1083 2894 1153 dilectissimi,
2929 1089 3055 1142 com
3089 1089 3258 1143 multa
3288 1101 3598 1161 suppetant,
3628 1094 3734 1152 duo
3759 1105 3871 1154 tan-

2231 1172 2234 1175 ’
2269 1179 2385 1226 tum
2427 1174 2674 1243 exempla
2722 1178 3002 1247 proposui,
3049 1195 3215 1234 unum
3258 1183 3584 1248 communis,
3621 1186 3873 1245 solitaria-

2267 1261 2500 1317 alterum
2533 1265 2679 1320 vitae.
2723 1265 2932 1331 Quibus
2963 1268 3220 1324 nimirum
3258 1273 3548 1328 manifeste
3579 1276 3874 1349 colligitur,

2268 1353 2395 1423 quia
2423 1355 2514 1408 ubi
2538 1353 2732 1411 fervidi
2761 1358 2988 1428 spiritus
3013 1361 3179 1416 ardor
3204 1362 3504 1430 incanduit,
3530 1369 3717 1423 senilis
3740 1379 3872 1427 aetas

2267 1457 2299 1496 a
2337 1442 2464 1498 boni
2510 1446 2694 1514 operis
2745 1448 2923 1502 studio
2956 1465 3061 1504 non
3101 1454 3359 1521 torpescit
3388 1454 3576 1526 (Hebr.
3613 1459 3744 1529 xu):
3778 1462 3873 1516 sed

2267 1536 2410 1592 sicut
2449 1549 2760 1608 serpentem
2792 1544 2960 1598 costis
3000 1545 3282 1612 duntaxat,
3314 1564 3424 1602 non
3469 1551 3700 1619 pedibus
3736 1552 3872 1607 inni-

2268 1636 2497 1695 tentem,
2530 1632 2693 1686 vivax
2750 1633 2818 1688 ad
2880 1638 3211 1692 currendum
3270 1641 3492 1709 spiritus
3538 1643 3752 1710 evehit;
3796 1645 3873 1700 sic

2267 1720 2461 1776 senilia
2495 1725 2739 1780 membra
2772 1741 2872 1796 per
2895 1728 3198 1797 Spiritualis
3229 1732 3438 1788 militia:
3472 1734 3714 1789 studium
3738 1735 3874 1790 divi.

2266 1827 2371 1867 nus
2399 1828 2553 1868 amor
2583 1816 2827 1885 impellit.
2861 1818 2962 1886 Qui
2997 1822 3142 1875 enim
3179 1825 3417 1878 nondum
3465 1826 3729 1882 habemus
3759 1842 3872 1881 ma-

2265 1915 2484 1958 nentem
2536 1906 2838 1974 civitatem,
2892 1913 2985 1965 sed
3041 1911 3280 1968 futuram
3330 1916 3654 1986 inquirimus
3703 1918 3870 1989 (Gen.

2263 2002 2410 2065 vm),
2455 1999 2505 2052 in
2555 2001 2799 2071 qualibet
2852 2004 2940 2059 hic
2989 2015 3148 2062 mtate
3199 2023 3420 2078 sperare
3472 2013 3715 2080 requiem
3762 2029 3870 2069 non

564 2105 776 2170 aestivo,
800 2119 960 2174 quam
990 2105 1216 2160 hiberno
1251 2113 1492 2174 tempore
1519 2105 1805 2176 transigat.
1844 2105 1956 2160 Hoc
1981 2113 2160 2160 tamen
2196 2089 2238 2148 Β
2268 2090 2527 2146 debemus
2561 2110 2573 2145 ε
2601 2093 2655 2146 in
2686 2095 2742 2148 Ῑιι

1695 2111 1805 2176 εει,
1844 2105 1956 2160 Hoc
1981 2113 2160 2160 tamen
2196 2089 2238 2148 Β
2268 2090 2527 2146 debemus
2561 2110 2573 2145 :
2601 2093 2655 2146 in
2686 2093 2848 2163 hujus
2869 2096 3066 2165 quippe
3088 2101 3275 2154 mundi
3306 2101 3420 2156 salo
3439 2100 3571 2170 justi
3596 2104 3869 2170 laborant,

565 2198 749 2252 adhuc
791 2198 856 2254 de
902 2200 1083 2268 prisco
1125 2215 1276 2255 more
1319 2209 1560 2266 servato,
1592 2208 1652 2255 ut
1690 2211 1931 2257 mensem
1960 2218 2158 2256 unum-

560 2303 836 2358 quemque
885 2289 965 2345 sic
1013 2290 1246 2356 dedicet,
1279 2299 1546 2360 quatenus
1588 2291 1640 2346 in
1672 2293 1846 2362 prima
1897 2294 2160 2364 cujusque

565 2380 774 2434 mensis
802 2379 1160 2446 hcbdomada,
1190 2381 1293 2435 nisi
1325 2381 1608 2438 Dominica
1666 2384 1776 2448 die,
1827 2384 1912 2438 vel
1967 2386 2158 2454 quinta

565 2468 727 2534 feria,
755 2468 969 2538 penitus
999 2485 1106 2524 non
1154 2472 1444 2528 manducet
1477 2490 1490 2525 :
1532 2484 1617 2527 est
1667 2483 1846 2528 autem
1886 2475 2022 2543 jam,
2056 2475 2156 2531 nisi

557 2558 743 2626 fallor,
779 2561 830 2614 in
864 2576 1032 2617 sacrae
1055 2565 1482 2619 conversationis
1512 2564 1697 2619 habitu
1751 2567 2074 2631 duodennis,
2103 2576 2159 2621 et

564 2652 657 2707 hic
684 2653 898 2722 quidem
941 2654 994 2707 in
1026 2665 1296 2710 conventu
1323 2655 1576 2711 fratrum.

637 2741 734 2796 Est
762 2752 940 2798 autem
973 2756 1028 2799 et
1057 2745 1195 2800 alius
1233 2746 1373 2800 intra
1415 2747 1622 2802 cellula:
1649 2761 1800 2818 septa
1841 2741 2155 2816 conclusus,

557 2841 623 2888 et
654 2831 763 2888 Leo
795 2833 1042 2889 videlicet
1071 2833 1382 2902 Prezensis,
1405 2853 1566 2907 quem
1595 2847 1649 2893 et
1696 2840 1750 2893 in
1790 2840 1911 2895 aliis
1958 2853 2157 2896 nostra:

561 2923 877 2978 dictationis
901 2924 1173 2994 opusculis
1200 2940 1300 2982 nos
1330 2927 1573 2984 breviter
1600 2929 1888 2984 adnotasse
1910 2930 2158 2985 memini-

562 3025 729 3066 mus:
763 3012 846 3066 vir
886 3012 1137 3068 videlicet
1185 3023 1295 3068 tam
1353 3017 1680 3088 decrepitus,
1709 3029 1768 3073 ut
1820 3021 1910 3090 qui
1965 3034 2154 3074 eorum

563 3101 748 3157 obitus
772 3103 981 3170 recolit,
1017 3120 1154 3175 quos
1189 3103 1278 3159 ille
1301 3121 1490 3177 parum
1523 3109 1799 3164 nascendo
1833 3111 2152 3178 przecessit:

559 3191 866 3263 quibusque
893 3193 1054 3249 simul
1079 3195 1311 3251 vivendo
1336 3199 1639 3263 consenuit,
1692 3215 1854 3254 senex
1914 3201 2004 3255 sit.
2055 3200 2154 3255 Hic

561 3286 732 3358 igitur
758 3287 810 3342 in
841 3295 950 3342 tam
988 3286 1133 3343 effeti
1161 3305 1224 3343 ac
1248 3290 1462 3345 tremuli
1487 3294 1732 3361 corporis
1758 3293 2029 3363 gravitate
2072 3294 2152 3348 vi-

559 3393 691 3433 num
719 3378 822 3433 nisi
850 3378 1208 3448 duabus,vel
1257 3379 1399 3438 forte
1451 3383 1624 3438 tribus
1684 3383 1813 3439 anui
1865 3380 2152 3455 prmcipuis

560 3467 947 3526 festivitatibLs
982 3485 1258 3540 nunquam
1299 3471 1460 3527 bibit.
1506 3471 1650 3527 Ante
1710 3473 1900 3528 horam
1951 3489 2149 3529 nonam

559 3568 759 3630 praeter
785 3559 1098 3616 Dominicos
1122 3561 1241 3616 dies
1267 3575 1544 3630 nunquam
1567 3563 1832 3627 comedit;
1861 3563 2070 3619 duabus
2092 3563 2148 3618 in

556 3650 891 3706 hebdomada
961 3652 1170 3718 diebus,
1228 3654 1447 3722 quando
1511 3653 1721 3709 scilicet
1781 3654 2146 3728 indulgentius

555 3743 708 3806 vivit,
735 3744 1071 3814 pulmentum
1105 3754 1302 3815 praeter
1348 3761 1514 3800 unum
1567 3761 1792 3816 prorsus
1841 3748 1987 3802 aliud
2037 3764 2143 3804 non

555 3833 812 3890 admittit.
841 3834 933 3891 Sic
959 3844 1140 3890 autem
1169 3837 1432 3891 orationis
1456 3835 1572 3906 ejus
1591 3839 1723 3893 ordo
1747 3839 2147 3910 disponitur,ut

553 3933 796 4000 quotidie
817 3932 933 3987 sive
960 3947 1055 4002 per
1083 3941 1350 3997 aestatem,
1377 3933 1493 3987 sive
1542 3949 1640 4003 per
1694 3935 1926 3989 hiemem
1973 3951 2142 3990 unum

553 4023 868 4095 psalterium
892 4039 1016 4079 cum
1047 4025 1294 4090 canticis,
1319 4035 1375 4080 et
1400 4024 1604 4082 litaniis
1628 4028 1741 4081 suis
1767 4037 1892 4082 ante
1923 4037 2141 4083 noctur-

551 4131 653 4172 nas
687 4116 940 4172 Ecclesiae
968 4116 1176 4187 vigilias
1237 4118 1452 4188 expleat
1513 4137 1528 4172 :
1597 4119 1894 4174 secundum
1957 4130 2137 4174 autem

547 4207 867 4278 psalterium
900 4207 969 4262 ab
1011 4222 1221 4262 aurorae
1264 4208 1583 4278 crepusculo
1623 4225 1794 4279 usque
1833 4210 1900 4263 ad
1947 4209 2138 4264 horam

548 4309 760 4354 sextam
794 4313 890 4367 pro
919 4298 1188 4354 defunctis
1221 4315 1342 4354 cum
1368 4315 1558 4356 novem
1591 4302 1916 4357 lectionibus
1940 4313 2133 4367 canat,

549 4389 770 4442 tertium
796 4403 923 4442 vero
948 4388 1264 4458 psalterium
1289 4405 1411 4444 cum
1444 4389 1627 4445 Gloria
1652 4392 1845 4446 iterum
1874 4408 1996 4447 cum
2021 4393 2136 4463 ipso

546 4468 1047 4547 advesperasccntis
1072 4477 1177 4532 diei
1199 4479 1304 4534 line
1327 4479 1632 4533 concludat.

615 4566 792 4622 Habet
818 4579 998 4622 autem
1043 4569 1183 4624 hanc
1241 4568 1494 4638 gratiam,
1524 4585 1688 4640 quam
1740 4571 1793 4624 in
1840 4571 1984 4626 nullo
2037 4587 2136 4628 un-

541 4673 709 4731 quam
779 4659 1075 4727 quantaavis
1141 4659 1492 4729 perfectionis
1564 4662 1678 4716 viro
1729 4661 2134 4730 deprehendere

543 4749 722 4819 potui,
749 4748 1002 4802 videlicet
1047 4757 1105 4801 ut
1144 4748 1396 4818 psallenti
1439 4766 1715 4819 nunquam
1768 4766 1827 4806 se
1871 4753 2128 4822 cogitatio

541 4841 802 4912 ingerat:
838 4849 1093 4909 tantaque
1138 4841 1318 4896 cordis
1359 4843 1413 4895 in
1460 4857 1526 4898 eo
1572 4844 1784 4912 puritas
1842 4846 2008 4916 viget,
2070 4857 2131 4902 ut

542 4933 752 5000 absque
782 4931 886 4986 ulla
920 4932 1192 4986 resistenti
1233 4933 1482 4988 molestia
1534 4934 1667 4988 nihil
1713 4937 1936 4991 omnino
1976 4954 2132 4994 mens

538 5025 763 5094 cogitet,
791 5025 934 5093 quod
965 5041 995 5078 a
1034 5025 1315 5095 psallentis
1351 5041 1448 5081 ore
1485 5027 1774 5083 discordet.
1809 5029 1943 5083 Illud
1964 5031 2127 5085 etiam

537 5119 697 5173 valde
720 5119 1049 5185 mirandum,
1079 5121 1206 5189 quia
1254 5134 1536 5191 nunquam
1564 5121 1682 5189 ejus
1709 5123 1898 5179 oculos
1930 5124 2129 5178 acedize

539 5210 762 5264 taedium
787 5210 1058 5279 deprimit.
1087 5210 1240 5266 Adde
1277 5212 1464 5277 etiam,
1489 5213 1633 5281 quod
1657 5228 1782 5268 cum
1819 5223 1934 5283 pra:
1964 5229 2124 5269 sent.¥

536 5301 706 5358 ctutis
735 5300 964 5372 caligine
990 5299 1185 5357 faciem
1217 5303 1454 5358 hominis
1498 5304 1813 5359 discernere
1857 5317 2125 5376 nequeat,

533 5393 750 5448 litteras
785 5393 1047 5448 discernit
1072 5400 1128 5446 et
1164 5392 1332 5464 legit;
1383 5393 1629 5465 quotidie
1670 5396 1988 5466 psalterium
2041 5398 2126 5453 bis

534 5483 832 5540 lectitando
872 5485 1162 5554 percurrit.

604 5573 768 5646 317
799 5573 913 5630 Hoc
934 5589 1149 5644 quoque
1176 5575 1520 5643 stupendum,
1549 5575 1672 5645 quia
1706 5576 1843 5630 intra
1875 5575 2121 5631 cellulam

530 5666 890 5739 positus,'ubi
919 5666 1176 5722 nimirum
1214 5668 1544 5723 subobscura
1585 5668 1674 5722 lux
1704 5678 1806 5734 est,
1840 5668 2120 5724 litteratim

532 5762 816 5834 scripturae
857 5760 1117 5816 discernit
1162 5761 1480 5828 articulum;
1528 5777 1778 5829 egressus
1816 5770 1997 5816 autem
2030 5763 2122 5818 ubi

531 5853 759 5910 liberior
803 5852 1022 5909 videndi
1075 5851 1306 5909 facultas
1334 5863 1439 5919 est,
1483 5855 1667 5925 apices
1706 5871 1813 5910 non
1853 5855 2116 5927 agnoscit.

532 5943 624 6002 Sic
655 5955 836 6002 autem
859 5944 994 6000 mihi
1022 5944 1292 6003 subtiliter
1314 5944 1614 6002 sciscitanti
1637 5949 1833 6019 saepius
1859 5949 1974 6019 ipse
1995 5964 2120 6020 pro-

531 6036 705 6095 fessus
730 6047 834 6096 est.
867 6035 1023 6094 Nulla
1047 6035 1160 6108 jam
1188 6039 1370 6098 carnis
1395 6041 1697 6098 certamina
1727 6039 1942 6106 tolerat,
1967 6038 2116 6098 nulla

2159 4791 2207 4850 l)

2266 2181 2354 2237 ubi
2379 2199 2532 2238 suam
2553 2189 2783 2270 .reprobi
2810 2191 3089 2257 possident
3116 2193 3379 2262 requiem.
3416 2194 3588 2261 Quam
3618 2197 3871 2252 videlicet

2265 2276 2634 2333 diversitatem
2685 2280 2826 2336 bene
2869 2297 3068 2339 corvus
3099 2299 3154 2339 et
3196 2301 3325 2340 arca
3373 2287 3652 2353 dimissus,
3686 2301 3742 2342 et
3782 2303 3872 2342 co-

2263 2364 2444 2420 lumba
2479 2368 2788 2439 significant
2819 2371 3011 2442 (Deut.
3040 2377 3125 2445 v).
3161 2373 3369 2430 Corvus
3401 2377 3601 2448 quippe
3636 2379 3871 2434 cadave~

2263 2457 2414 2514 ribus
2440 2459 2700 2527 insidens,
2724 2463 2790 2518 ad
2819 2479 2960 2520 arca“:
2995 2465 3231 2521 claustra
3264 2484 3374 2523 non
3400 2471 3590 2535 rediit;
3619 2471 3870 2528 columba

2261 2559 2444 2602 autem
2494 2566 2715 2606 reversa
2761 2561 2865 2618 est,
2898 2562 3024 2625 quia
3065 2559 3155 2611 ubi
3197 2573 3291 2627 pes
3326 2559 3444 2627 ejus
3483 2562 3872 2630 requiesceret,

2261 2654 2369 2693 non
2400 2641 2628 2697 invenit.
2679 2642 2780 2698 Hic
2823 2646 2967 2700 enim
3009 2647 3100 2701 ubi
3133 2650 3286 2717 pravi
3319 2651 3516 2720 quippe
3554 2652 3871 2711 carnalibus

2259 2748 2318 2789 se
2345 2735 2712 2803 voluptatibus
2738 2739 2960 2804 satiant,
2987 2740 3176 2795 sancti
3197 2742 3297 2795 viri
3329 2745 3568 2812 reperire
3591 2755 3872 2815 nequeunt

2260 2825 2350 2879 ubi
2397 2826 2464 2880 ad
2501 2827 2892 2895 quiescendum
2952 2831 3206 2886 desiderii
3262 2835 3347 2888 sui
3399 2837 3588 2904 pedem
3639 2845 3866 2907 ponant.

2258 2919 2398 2977 Hinc
2435 2932 2518 2976 est
2567 2923 2758 2990 etiam,
2799 2927 2944 2996 quod
2987 2928 3075 2997 qui
3117 2945 3375 2999 peccasse
3416 2935 3864 3004 deprehenditur,

2256 3021 2619 3092 quadraginta
2672 3021 2991 3081 verberibus
3047 3029 3208 3082 atteri
3266 3045 3365 3099 per
3416 3031 3548 3101 legis
3605 3038 3865 3090 mandata

2249 3108 2493 3178 jubetur.
2525 3110 3002 3185 Quadragenarius
3035 3119 3236 3191 quippe
3264 3136 3525 3177 numerus
3556 3133 3731 3179 totum
3761 3123 3866 3182 hoc

2256 3209 2470 3273 tempus
2505 3219 2602 3272 per
2649 3210 2968 3277 mysterium
3019 3212 3457 3281 comprehendit,
3510 3230 3619 3285 quo
3667 3224 3864 3273 sancta

2255 3289 2521 3362 Ecclesia,
2548 3312 2647 3367 per
2665 3307 2900 3367 quatuor
2912 3310 3098 3370 partes
3125 3305 3310 3364 mundi
3342 3305 3538 3361 diffusa
3560 3308 3661 3362 sub
3686 3307 3864 3365 Deca-

2255 3382 2378 3454 logo
2411 3383 2545 3458 legis
2584 3387 2735 3467 vivit.
2770 3387 3215 3463 Quadragenario
3245 3408 3377 3465 ergo
3415 3410 3645 3450 numero
3684 3396 3862 3454 delin-

2211 3486 2224 3506 ⁸
2254 3488 2484 3548 quentes
2543 3482 2823 3548 caedimur,
2878 3485 2925 3540 si
2966 3485 3020 3539 in
3072 3485 3177 3542 hoc
3231 3495 3478 3558 tempore
3524 3489 3863 3559 poenitentia

2253 3573 2573 3629 verberibus
2605 3575 2958 3644 castigamur.
2988 3576 3159 3632 Debet
3201 3577 3385 3648 itaque
3422 3590 3678 3649 peccator
3702 3581 3859 3652 quis-

2251 3675 2380 3731 que,
2403 3661 2517 3717 sive
2537 3677 2700 3718 senex
2730 3664 2823 3730 sit,
2849 3665 2963 3720 sive
2986 3664 3229 3734 juvenis,
3253 3667 3642 3739 temporalibus
3665 3671 3854 3727 atteri.

2248 3759 2312 3806 ut
2363 3761 2626 3822 purgatus
2672 3754 2726 3808 in
2771 3753 2979 3823 judicio
3036 3756 3217 3811 valeat
3257 3757 3508 3812 inveniri.
3555 3759 3664 3814 Eos
3709 3761 3856 3816 enim

2249 3848 2396 3904 nulla
2428 3849 2536 3904 illic
2567 3850 2735 3904 animi
2780 3850 3032 3907 adversio
3070 3851 3308 3923 afﬂigere
3346 3854 3566 3923 poterit,
3599 3869 3738 3925 quos
3766 3855 3858 3912 hic

2248 3943 2621 4014 cujuscunque
2665 3945 2845 3999 aetatis
2885 3946 3280 4012 conditionisve
3323 3947 3550 4013 fuerint,
3599 3946 3858 4019 perfecta)

2247 4037 2586 4106 paenitentia:
2619 4037 2903 4107 disciplina
2935 4039 3226 4107 percussit.

2808 4129 3039 4185 CAPUT
3089 4130 3277 4210 xli-1V.

2320 4219 2418 4274 Ubi
2457 4237 2634 4275 omnes
2683 4222 2737 4274 in
2783 4221 3046 4274 communi
3097 4221 3168 4273 ad
3217 4221 3493 4276 charitatis
3544 4221 3778 4277 studium

2904 4300 3170 4360 provocat.

2312 4381 2467 4436 Nunc
2497 4390 2700 4446 autem,
2733 4380 2930 4434 fratres
2974 4380 3308 4448 charissimi,
3341 4397 3531 4438 omnes
3560 4398 3655 4437 vos
3678 4397 3851 4455 gene-

2243 4474 2430 4529 raliter
2473 4475 2718 4544 alloquor
2766 4473 2990 4543 (Philip.
3017 4475 3114 4545 tt);
3154 4490 3345 4530 omnes
3395 4492 3491 4546 per
3527 4477 3602 4542 id,
3639 4477 3696 4532 in
3737 4492 3849 4548 quo

2241 4577 2402 4618 omne
2425 4563 2659 4619 ﬂectitur
2685 4578 2846 4635 genu,
2875 4563 3078 4620 Christi
3110 4581 3306 4621 nomen
3343 4567 3607 4622 obtestor.
3645 4565 3706 4622 In‘
3733 4566 3846 4622 fra-

2242 4663 2394 4709 terna
2423 4655 2697 4709 charitate
2743 4657 3037 4724 pcrsistite,
3094 4657 3146 4710 in
3200 4659 3370 4711 mutui
3425 4658 3632 4713 amoris
3665 4659 3846 4714 studio

2241 4748 2502 4801 adversus
2528 4748 2736 4816 antiqui
2778 4749 2950 4802 hostis
2990 4748 3216 4803 insidias
3259 4750 3590 4804 unanimiter
3630 4751 3846 4820 conspi-

2239 4850 2356 4895 rate
2386 4836 2540 4910 (Gen.
2569 4839 2664 4909 vi).
2700 4839 2835 4893 Tota
2871 4848 3077 4893 sanctae
3122 4841 3464 4909 operationis
3495 4850 3690 4896 vestrae
3728 4857 3842 4895 ma-

2235 4932 2396 4987 china
2428 4933 2479 4986 in
2531 4931 2814 4987 charitatis
2851 4945 2910 4986 se
2955 4920 3179 4987 basibns
3224 4934 3435 5005 erigat;
3480 4949 3662 5000 omne,
3695 4938 3842 5005 quod

2233 5025 2550 5079 construitis
2603 5023 2916 5088 aedificium,
2964 5040 3030 5078 ex
3091 5025 3232 5079 vivis
3267 5027 3528 5080 virtutum
3569 5026 3842 5098 lapidibus

2231 5119 2457 5174 sincera:
2492 5117 2796 5173 dilectionis
2819 5117 3027 5189 glutino
3057 5117 3353 5174 coalescat.
3385 5121 3582 5174 Arcam
3611 5121 3835 5190 quippe,

2231 5226 2352 5280 quae
2385 5220 2510 5265 octo
2540 5211 2751 5265 animas
2780 5211 2922 5264 inter
2949 5209 3268 5280 cataclysmi
3308 5210 3512 5266 ﬂuenta
3541 5212 3831 5279 continuit,

2229 5302 2581 5367 intrinsecus,
2606 5309 2660 5355 et
2686 5300 3027 5356 extrinsecus
3056 5300 3198 5355 liniri
3221 5300 3491 5356 bitumine
3518 5315 3622 5356 vox
3651 5301 3836 5357 divina

2228 5396 2507 5466 praecepit.
2562 5393 2761 5449 Sancta
2813 5395 3025 5450 scilicet
3071 5393 3334 5469 Ecclesia,
3383 5409 3504 5464 quae
3541 5394 3610 5449 ad
3647 5408 3833 5452 resur-

2230 5488 2487 5543 rectionis
2512 5487 2739 5558 gloriam
2771 5486 2960 5551 tendit,
2988 5486 3069 5542 sic
3100 5487 3268 5553 intus,
3301 5495 3355 5542 et
3379 5495 3534 5544 extra
3565 5484 3831 5542 bitumine

2225 5579 2413 5632 linitur
2443 5595 2455 5630 :
2493 5587 2548 5631 ut
2574 5587 2627 5632 et
2655 5576 2788 5632 foris
2812 5577 3125 5633 blandiatur
3153 5578 3206 5633 in
3246 5577 3485 5633 fraterna
3518 5578 3825 5643 dulcedine,

2227 5669 2395 5740 318
2432 5681 2486 5725 et
2519 5669 2664 5724 intus
2720 5669 2994 5725 cohaereat
3024 5670 3075 5725 in
3119 5669 3427 5725 dilectionis
3461 5677 3662 5724 mutuae
3686 5668 3829 5723 veri-

2229 5769 2356 5815 tate.
2382 5760 2638 5829 Quisquis
2658 5761 2803 5815 enim
2833 5761 2979 5816 intus
3017 5771 3184 5826 amat,
3213 5762 3306 5816 sed
3337 5759 3474 5816 foris
3501 5780 3530 5815 a
3564 5761 3826 5815 fratribus

2227 5866 2438 5905 morum
2482 5850 2782 5906 inconsona
2822 5851 3118 5922 asperitate
3157 5851 3456 5919 discordat,
3499 5852 3828 5908 intrinsecus

2224 5944 2443 6015 quidem
2474 5946 2716 6002 bitumen
2762 5944 2947 6010 habet,
2987 5944 3084 6001 scd
3114 5946 3460 6002 extrinsecus
3497 5960 3606 6001 non
3640 5944 3823 6000 habet.

2225 6034 2485 6108 Quisquis
2512 6050 2643 6098 vero
2669 6050 2732 6096 se
2762 6037 3109 6111 specietenus
3133 6035 3404 6096 alfabilem
3429 6036 3657 6110 praebet,
3689 6037 3827 6093 ami-
