4276 6378
168 412 283 487 asa

171 527 286 579 tias
313 534 446 591 ago:
479 527 570 569 tuc
615 527 757 567 enim
803 527 928 562 wns
967 527 1049 558 est
1078 527 1150 555 τι
1187 527 1618 592 υτιδυμνᾳιιιυ...ο.
1673 527 1755 588 tuo.

166 615 335 668 bonae
350 586 666 677 inspiratur
707 607 791 655 est
819 592 1135 651 voluntatis.
1168 589 1237 643 Et
1282 586 1413 677 quid
1461 586 1677 677 mirum,
1714 586 1758 630 si

172 700 396 772 fragilia
426 667 715 765 corporum
746 697 1058 742 Nostrorum
1096 677 1312 734 vascula
1343 672 1410 727 ad
1443 667 1760 772 portandam

168 755 305 867 pos:
348 804 408 845 se
449 755 668 843 crucem
690 778 908 833 fortiter
936 775 1180 867 roborat,
1224 768 1323 867 .qui
1352 755 1761 867 cilntfltlo-ltmltltli

172 846 379 939 horrea
412 880 465 933 in
495 874 704 930 levibus
732 867 1035 924 culmorum
1083 859 1268 915 aristis
1329 851 1654 912 mirabiliter
1701 846 1763 897 li-

170 974 343 1031 brat?
366 970 431 1025 Et
462 977 694 1036 quorum
717 957 955 1028 pondere
988 950 1194 1020 lapidea
1226 960 1369 1014 srcpe
1392 939 1617 1036 aedilicia
1644 949 1762 1036 cor-

168 1069 365 1124 ruunt,
398 1057 464 1113 ad
482 1033 612 1109 haec
639 1048 857 1107 ferenda
881 1042 1127 1098 volatiles
1168 1036 1439 1124 spicarum
1468 1033 1663 1124 tltectc,
1695 1034 1764 1078 te-

174 1117 381 1208 nuibus
407 1146 580 1200 misue
606 1140 799 1210 paleis,
840 1150 945 1189 non
973 1128 1352 1186 succumbunt.
1380 1120 1517 1188 Quid
1543 1117 1762 1215 mirum,

174 1244 425 1312 inquam,
454 1235 500 1292 si
527 1208 793 1290 debilibus
824 1237 1105 1282 servorum
1137 1230 1355 1291 suorum
1397 1208 1657 1312 membris

300 1295 572 1386 attribuit,
623 1322 714 1392 qui
762 1320 815 1372 in
867 1309 1199 1370 tenuissimis
1242 1318 1466 1361 uvarum
1515 1295 1768 1392 folliculis

174 1385 428 1475 omnium
471 1385 672 1484 ubique
702 1410 981 1479 regionum
1026 1404 1148 1456 vina
1181 1393 1501 1465 suspendit:
1540 1385 1765 1489 et.quo.d

171 1528 249 1567 ex
277 1510 457 1564 tuunis
486 1461 732 1574 operose,
788 1508 843 1553 ct
880 1511 1001 1550 cum
1028 1506 1221 1562 magno
1262 1488 1447 1541 labore
1472 1461 1769 1574 compactis

175 1603 382 1672 saepius
414 1568 607 1658 efﬂuit,
641 1593 741 1646 hoc
762 1586 1019 1660 perexilis
1039 1580 1282 1643 corticis,
1313 1575 1469 1646 quasi
1497 1568 1767 1672 quoddam

172 1664 346 1748 ﬁdele
374 1685 761 1758 depositurium
802 1681 918 1734 sine
959 1672 1317 1730 diminutione
1346 1664 1613 1762 custodit:
1661 1664 1769 1762 imo

181 1783 332 1854 quod
362 1751 511 1835 illinc
561 1776 644 1835 .vel
671 1771 922 1843 guttatim
955 1768 1269 1854 frequenter
1318 1751 1770 1854 eﬂ‘tutditut-Lhic

1056 386 1297 446 OPUSC.
1341 384 1480 437 xw.
1507 409 1573 418 —
1603 381 1688 430 υιι,
1728 377 1983 429 unum
2026 375 2327 434 ehent't.,
2372 371 2525 439 me.

478 513 570 569 lllc
615 510 757 567 enim
803 507 928 562 fons
967 512 1049 558 est
1078 509 1150 555 πει
1187 499 1339 568 origo
1374 493 1618 547 virtutis:
1671 486 1758 571 ille
1786 489 1833 546 Α
1862 497 2124 547 cessares,
2155 480 2627 537 sintnihilomiuus
2653 481 3145 537 ctconvcrsatiouis
3169 483 3444 540 haeredes:

3336 365 3441 421 55‘)

1862 574 2081 643 etquod
2114 576 2179 629 de
2204 572 2436 643 regulari
2466 572 2809 626 observantia
2839 573 2921 627 sui
2946 572 3048 627 loci
3076 573 3304 629 viderint
3328 590 3449 645 spe-

1863 662 2076 717 cialiter
2105 664 2387 731 scriptum,
2435 663 2634 730 pudeat
2676 662 2722 716 si
2746 662 2811 716 de
2839 677 2937 717 sua
2975 661 3134 718 fuerit
3159 664 3451 734 aliquando

1862 754 2183 809 imitatione‘
2211 754 2465 808 deletum.
2512 753 2569 807 lu
2601 755 2704 809 hoc
2751 770 2941 823 nempe
2996 755 3133 819 loco,
3188 759 3278 827 qui
3330 758 3451 814 fons

1862 842 2105 896 Avellani
2136 844 2355 908 dicitur,
2396 844 2715 914 plerumque
2742 846 2927 917 viginti
2964 847 3083 916 plus
3102 848 3282 903 minus
3329 864 3450 903 mo-

1865 937 2022 989 nachi
2050 950 2147 1005 per
2181 935 2418 997 cellulas,
2451 937 2567 992 sive
2590 937 2641 989 in
2674 937 2945 1006 assignata
2973 940 3168 1008 cuique
3198 940 3453 995 obedienc

1868 1027 1943 1080 tia
1961 1029 2239 1095 degimus;
2265 1036 2324 1082 ιιι
2346 1042 2535 1081 omnes
2557 1028 2850 1083 simulcum
2873 1032 3169 1095 conversis,
3198 1040 3252 1086 et
3276 1033 3454 1087 lamuo

1866 1117 1933 1170 lis
1965 1118 2315 1173 triccnarium
2362 1119 2669 1187 quinarium
2703 1134 3009 1185 numerum,
3061 1121 3153 1175 aut
3197 1124 3309 1187 vix,
3362 1132 3457 1178 aut

1863 1208 2106 1263 breviter
2119 1210 2467 1263 excedamus.
2500 1208 3117 1281 Vivendiautcmrcgula
3148 1212 3248 1267 hoc
3271 1223 3457 1268 llO'sll'O

1872 1307 2115 1365 tempore
2143 1298 2265 1353 talis
2286 1308 2389 1354 est.

1940 1391 2022 1445 Ab
2051 1393 2259 1446 octavis
2288 1405 2482 1458 nempe
2510 1384 2805 1447 Dominij
2823 1391 3259 1449 Resurrectioitis
3287 1396 3458 1463 usque

1871 1482 1938 1535 ad
1968 1482 2114 1536 diem
2163 1490 2415 1535 sanctum
2460 1470 2828 1542 Pentecostes.
2882 1491 3114 1550 quatuor
3149 1484 3310 1554 323
3344 1487 3459 1539 dies

1871 1584 1968 1637 per
2007 1569 2396 1623 hebdomadam
2421 1568 2701 1640 jejunatis,
2731 1581 2927 1640 praeter
2950 1572 3292 1629 Dominicum
3328 1590 3461 1630 vero

1871 1662 2037 1725 diem,
2093 1661 2159 1715 de
2188 1658 2343 1727 cujus
2376 1661 2678 1716 reverentia
2727 1661 2904 1718 nullus
2942 1663 3241 1726 addubitat.
3301 1668 3460 1721 tertia

1874 1748 2030 1813 feria,
2061 1758 2115 1803 et
2143 1750 2333 1818 quinta
2364 1748 2499 1803 feria
2530 1749 2613 1805 bis
2662 1750 2716 1804 in
2764 1752 2850 1807 die
2881 1753 3124 1810 reﬁcitis.
3175 1754 3269 1810 Illo
3312 1756 3461 1810 enim

180 1822 1074 1931 usedwaugendo
1102 1853 1284 1926 potius
1317 1863 1413 1919 per
1456 1842 1767 1916 quotidiana
1800 1822 1842 1879 Β
1875 1848 2130 1907 tempore,
2162 1848 2223 1893 ut
2250 1837 2443 1903 nostis,
2462 1852 2576 1893 non
2615 1840 2971 1931 prohibentur
2999 1844 3250 1899 monachi
3273 1854 3467 1899 aucto-

182 1964 521 2021 iucremeuta
547 1962 817 2013 servatur.

256 2053 393 2120 Quis
431 2059 616 2103 autem
660 2044 827 2100 divini
861 2041 1043 2111 Operis
1080 2032 1506 2108 magnitudinem
1546 2039 1771 2083 narrare

180 2119 441 2205 suillciat,
482 2154 605 2194 cum
637 2138 751 2191 sive
795 2135 848 2188 in
876 2130 1152 2201 palearum
1183 2124 1398 2186 culmis,
1436 2135 1531 2176 seu
1558 2119 1613 2172 in
1643 2130 1773 2171 uva-

183 2250 310 2290 rum
337 2231 506 2287 botris
532 2226 751 2283 recondi
784 2224 966 2279 videat
1020 2217 1237 2274 cellaria
1262 2220 1565 2285 potentum,
1593 2221 1774 2277 prom-

176 2323 402 2395 .ptuaria
433 2318 659 2389 regum?
690 2315 980 2369 Videamus
1004 2309 1058 2364 in
1083 2308 1276 2362 arbore
1300 2302 1486 2358 folium
1520 2299 1619 2353 sub
1640 2295 1773 2366 ipsis

184 2411 403 2483 pruinis
428 2404 754 2465 hiemalibus
793 2397 1204 2469 lapsabundum,
1236 2402 1294 2448 et
1324 2396 1644 2457 consumpto
1673 2399 1773 2437 au-

184 2499 449 2557 tumnalis
490 2493 791 2550 clementia:
830 2492 1031 2553 virore,
1071 2486 1293 2557 jamjam
1329 2495 1465 2551 pene
1494 2489 1771 2536 casurum,

181 2592 262 2645 ita
296 2598 355 2645 ut
393 2590 483 2642 vix
516 2584 842 2643 ramuscula,
893 2579 980 2634 cui
1020 2574 1304 2647 dependet,
1350 2571 1631 2631 inhaereat,
1680 2564 1774 2620 sed

185 2677 535 2749 apertissima
566 2672 700 2726 levis
743 2669 912 2723 ruinae
944 2666 1097 2734 signa
1131 2660 1497 2749 praetendat:
1524 2656 1773 2749 inhorre-

181 2744 351 2826 scunt
374 2762 723 2825 ﬂabra.venti
752 2758 998 2813 furentes
1027 2754 1116 2809 hic
1137 2753 1261 2808 inde
1287 2747 1624 2811 concutiunt,
1646 2744 1775 2798 ιπη-

186 2859 351 2916 malis
379 2857 577 2911 horror
604 2852 778 2908 crassi
806 2851 932 2906 aeris
960 2850 1140 2920 rigore
1163 2846 1463 2901 densatur:
1496 2850 1679 2911 atque,
1716 2847 1777 2892 ut

185 2950 365 3020 magis
394 2958 637 3015 stupeas,
688 2940 1046 2997 defluentibus
1091 2935 1314 3005 reliquis
1354 2933 1591 3001 undique
1632 2928 1775 2983 foliis

187 3052 340 3097 terra
374 3038 652 3097 sternitur,
686 3042 742 3087 et
784 3029 1042 3099 depositis
1071 3028 1241 3082 comis
1270 3026 1435 3079 arbor
1462 3037 1560 3077 suo
1584 3022 1777 3075 decore

182 3132 455 3193 nudatur;
486 3140 610 3180 cum
643 3121 771 3176 illud
801 3119 976 3175 solum
1000 3116 1147 3171 nullo
1170 3122 1420 3170 manente
1439 3117 1770 3182 permaneat,

188 3230 249 3275 et
277 3218 423 3273 velut
439 3213 783 3272 coheredum
809 3216 1095 3279 superstes
1119 3207 1172 3259 in
1196 3206 1455 3260 fraternae
1477 3199 1776 3270 possessio-

186 3310 281 3364 nis
305 3308 429 3376 jura
452 3302 728 3359 succedat.
760 3298 898 3364 Quid
931 3305 1111 3351 autem
1142 3293 1546 3363 intelligendum
1578 3290 1633 3345 in
1677 3290 1778 3343 hu-

182 3398 279 3467 jus
309 3395 386 3449 rei
409 3388 845 3449 consideratione
872 3385 1218 3454 relinquitur,
1252 3383 1357 3437 nisi
1386 3382 1512 3451 quia
1555 3394 1657 3434 nec
1689 3394 1779 3432 ar-

189 3490 343 3545 boris
378 3486 567 3541 folium
598 3490 777 3553 potest
800 3480 1017 3543 cadere,
1062 3477 1168 3532 nisi
1197 3474 1436 3531 divinum
1487 3481 1781 3544 pansumat

188 3576 519 3652 imperium?

267 3670 405 3737 Quid
416 3681 547 3736 ergo
566 3662 870 3728 mirum,si,
885 3659 1150 3716 deﬂuente
1164 3659 1275 3727 jam
1288 3674 1356 3713 ex
1372 3658 1603 3712 maxima
1626 3665 1781 3725 parte

192 3758 499 3817 monastico
522 3754 733 3818 ordine,
765 3755 1023 3821 quosdam
1060 3764 1247 3805 servos
1274 3762 1400 3802 suos
1439 3748 1783 3814 omnipotens

192 3853 343 3908 Deus
393 3849 445 3903 in
472 3844 796 3917 perferendo
822 3843 1156 3895 diversarum
1190 3837 1547 3891 tentatiunum
1596 3835 1783 3887 labore

189 3942 535 4003 corroborat,
562 3938 654 4005 qui
685 3944 741 3989 et
769 3948 887 4003 qua:
906 3932 1019 3985 vult
1042 3932 1096 3984 in
1121 3930 1405 3984 arboribus
1442 3927 1594 3991 folia,
1625 3935 1785 3980 crete.

194 4036 275 4088 ris
302 4028 697 4089 decidentibus,
725 4022 888 4094 ligat?
918 4021 1071 4077 Unde
1094 4036 1199 4075 non
1222 4019 1494 4074 immerito
1515 4027 1786 4073 scrutator

191 4121 287 4175 ille
336 4118 530 4171 divinze
580 4113 852 4185 patientia:
899 4109 959 4163 Β.
1002 4108 1131 4165 Job:
1177 4127 1194 4160 ι
1224 4107 1327 4175 Qui
1384 4107 1532 4172 facit,
1586 4107 1783 4175 inquit,

193 4221 417 4275 magna,
447 4214 502 4258 et
526 4199 1111 4270 incomprehensibilia,
1154 4206 1209 4253 et
1237 4196 1527 4263 mirabilia,
1555 4209 1784 4264 quorum

196 4311 308 4351 non
345 4303 430 4349 est
475 4304 733 4344 numerus
779 4288 899 4347 (Job
930 4287 1027 4356 xl).
1064 4306 1083 4339 ι
1120 4286 1460 4355 Quapropter
1496 4285 1786 4341 immensas

188 4382 444 4441 Creatori
488 4394 607 4434 meo
636 4378 836 4450 gratias
890 4375 1082 4442 refero,
1120 4377 1211 4447 qui
1256 4391 1341 4431 me
1382 4376 1657 4447 indignum
1688 4377 1789 4430 mi-

1873 1931 2035 1985 ritate
2057 1944 2337 1986 sacrorum
2369 1930 2924 2001 canonumjejunare.
2948 1934 3031 1988 Ab
3059 1944 3249 1989 octaVa
3279 1947 3462 1993 autem

1869 2020 2216 2076 Pentecostes
2264 2034 2439 2089 usque
2491 2020 2558 2075 ad
2605 2019 2951 2077 festivitatem
2992 2026 3163 2079 sancti
3192 2024 3463 2091 Joannis,

1872 2112 2109 2181 quinque
2128 2111 2323 2166 diebus
2349 2111 2675 2165 observatur
2712 2113 2814 2167 sub
2850 2112 2954 2168 liae
2975 2115 3304 2171 discretione
3319 2116 3461 2188 jeju-

1872 2204 2019 2257 nium
2047 2221 2060 2256 :
2114 2210 2173 2256 ut
2201 2195 2358 2256 tertia
2390 2201 2526 2257 feria
2558 2203 2626 2257 ad
2659 2203 2855 2257 horam
2901 2221 3098 2260 nonam
3127 2207 3463 2277 pulmentum

1874 2294 2138 2355 habeatis,
2177 2293 2363 2361 quinta
2406 2307 2539 2346 vero
2584 2291 2735 2347 feriat
2765 2295 3001 2348 secunda
3052 2296 3171 2350 vice
3216 2297 3463 2351 reficitis.

1870 2382 1914 2433 A
1942 2379 2238 2436 festivitate
2276 2396 2409 2436 vero
2443 2379 2501 2435 S.
2533 2381 2759 2438 Joannis
2787 2398 2957 2453 usque
3018 2384 3049 2438 d
3072 2384 3198 2441 ldus
3222 2381 3470 2456 Septem-

1874 2473 2003 2528 bris.
2041 2474 2195 2527 tertia
2230 2485 2286 2527 et
2321 2474 2507 2542 quinta
2559 2474 2696 2528 feria
2728 2482 2943 2529 tenetur
2972 2477 3095 2531 bina
3124 2477 3177 2530 in
3207 2476 3441 2532 dierefe

1873 2565 1980 2619 etio
2001 2583 2015 2617 :
2034 2565 2256 2634 reliquis
2276 2580 2403 2619 vero
2424 2575 2660 2635 quatuor
2676 2566 2865 2621 diebus
2879 2577 3125 2622 servetur
3137 2567 3297 2623 solito
3314 2583 3467 2623 more

1869 2657 2154 2726 jejunium.
2202 2657 2283 2711 Ab
2309 2657 2491 2713 idibus
2530 2672 2661 2712 vero
2690 2656 3026 2727 Septembris
3060 2674 3236 2728 usque
3265 2660 3318 2714 in
3366 2658 3473 2715 Pa-

1874 2753 2002 2808 scha
2034 2751 2269 2818 Domini,
2301 2750 2543 2820 quinque
2566 2749 2755 2805 diebus
2773 2748 3037 2821 jejunium
3063 2751 3181 2806 sine
3204 2752 3471 2807 intonuis-

1875 2844 2027 2897 s‘ioue
2057 2851 2292 2906 tenetur,
2335 2841 2493 2897 salvo
2522 2855 2608 2906 eo,
2645 2842 2791 2912 quod
2816 2856 3034 2912 semper
3080 2841 3471 2898 infirmioribus

1871 2934 2156 2999 fratribus,
2209 2935 2608 3004 humorumqtte
2648 2933 3071 3003 inaequalitatem
3114 2935 3471 3005 patientibus,

1876 3034 2037 3095 prout
2064 3040 2287 3080 necesse
2327 3023 2510 3091 fuerit,
2542 3024 2971 3095 misericorditer
2995 3025 3334 3081 subvenitur.
3367 3024 3474 3080 Ne—

1879 3132 1970 3171 mo
1998 3125 2181 3171 autem
2213 3130 2303 3171 me
2333 3113 2603 3169 mendacii
2635 3093 2959 3169 temerarius
2980 3124 3193 3185 arguat,
3227 3114 3356 3169 dum
3384 3130 3473 3169 me

1877 3222 1985 3260 non
2012 3204 2497 3273 extraneis-loqui,
2544 3201 2641 3261 sed
2669 3205 2775 3270 his,
2817 3206 2907 3275 qui
2961 3220 3075 3259 rem
3115 3205 3288 3275 perite
3308 3219 3474 3260 nove-

1877 3295 2008 3357 rint,
2033 3295 2387 3363 praesentibus
2417 3297 2533 3349 haec
2578 3309 2805 3349 narrare
2833 3295 3181 3349 considerat:
3217 3304 3273 3349 et
3321 3306 3473 3349 certe

1879 3399 1986 3437 non
2032 3384 2308 3438 immerito
2333 3385 2746 3449 erubescerent,
2779 3384 2824 3439 si
2864 3385 3010 3441 inter
3038 3385 3335 3454 discipulos
3382 3400 3474 3440 ve-

1877 3474 2076 3539 ritatis,
2116 3474 2246 3543 ipsis
2288 3474 2605 3541 scientibus,
2663 3486 2973 3531 commento
3012 3476 3243 3533 fallacias
3288 3478 3474 3534 desero

1880 3564 2070 3617 virem.
2222 3616 2225 3621 ,

1950 3650 2063 3704 Etsi
2089 3651 2233 3705 enim
2263 3665 2377 3717 eos,
2404 3652 2497 3721 qui
2522 3654 2868 3722 postmodum
2900 3654 3139 3710 audituri
3168 3664 3315 3722 sunt,
3371 3660 3475 3713 Itu-

1876 3740 1966 3810 jus
1993 3742 2067 3795 rei
2102 3741 2490 3811 plenitudinem
2518 3743 2909 3799 fraudare-nou
2935 3745 3183 3812 debeam,
3216 3748 3358 3802 malo
3392 3761 3476 3803 ta-

1883 3849 2005 3889 men
2025 3849 2090 3888 ex
2111 3850 2197 3899 eo,
2224 3835 2365 3903 quod
2380 3846 2484 3901 est,
2518 3836 2664 3891 salva
2689 3838 2919 3892 veritate
2938 3837 3280 3908 relinquere;
3310 3855 3475 3910 quam

1885 3926 1957 3990 id,
1992 3926 2135 3996 quod
2180 3942 2287 3981 non
2332 3936 2439 3991 est,
2485 3941 2624 3982 vana
2668 3929 3020 3997 persuasione
3047 3929 3279 3997 jactare.
3336 3931 3477 3987 Ecce

1883 4017 2026 4070 enim
2058 4018 2125 4070 de
2168 4016 2378 4071 duabus
2405 4016 2510 4071 illis
2540 4017 2991 4089 quadragesimis,
3027 4034 3149 4089 qua
3193 4021 3274 4077 vel
3307 4019 3475 4076 Nata-

1885 4107 1988 4161 lem
2018 4106 2257 4171 Domini,
2305 4106 2389 4162 vel
2426 4117 2675 4161 sanctum
2712 4106 2921 4163 Pascha
2959 4110 3291 4178 precedunt,
3351 4111 3479 4167 licet

1885 4214 1986 4268 ego
2009 4207 2243 4263 taceam,
2268 4213 2363 4252 vos
2388 4206 2569 4254 tamen
2597 4200 2771 4265 scitis,
2795 4200 2917 4270 quia
2949 4202 3189 4256 nonnulli
3209 4202 3297 4257 hic
3324 4210 3476 4265 sunt,

1887 4290 1980 4361 qui
2004 4290 2208 4360 absque
2232 4290 2424 4345 diebus
2449 4288 2768 4355 Dominicis,
2792 4289 2985 4360 duplex
3012 4291 3140 4346 illud
3175 4292 3477 4362 quadragc-

1888 4379 2076 4434 simale
2126 4380 2361 4448 spatium
2414 4387 2585 4433 totum
2637 4376 2933 4447 jejunando
2987 4390 3366 4435 transcurrere
3392 4395 3479 4434 so-

195 4472 411 4529 nisterii
440 4471 615 4525 locum
640 4469 839 4522 habere
873 4467 1032 4522 toluit
1074 4468 1124 4521 in
1152 4474 1421 4522 conventu
1444 4482 1547 4521 non
1590 4466 1786 4520 multo-
1814 4506 1864 4565 υ
1888 4468 2056 4536 leant,
2114 4470 2354 4539 exceptis
2399 4469 2575 4523 tribus
2626 4468 3085 4533 solemnitatibus,
3128 4469 3185 4523 S.
3225 4468 3481 4525 videlicet

192 4582 346 4626 rum,
372 4562 466 4617 sed
495 4562 778 4621 bonorum,
804 4573 937 4627 quos
962 4558 1089 4611 mihi
1115 4572 1334 4612 necesse
1360 4557 1431 4611 sit
1458 4558 1523 4611 ad
1551 4556 1782 4624 patriam
1814 4556 1854 4565 ⁷
1889 4564 2143 4625 Andreae,
2177 4572 2231 4615 et
2277 4561 2453 4615 sancti
2480 4559 2779 4623 Benedicti,
2823 4569 2879 4614 et
2902 4560 3349 4616 Anuuntiationis
3376 4561 3483 4616 Do-

194 4657 473 4712 redeundo
495 4652 831 4722 praecedens;
866 4651 959 4704 scd
980 4650 1319 4719 gaudendum
1347 4658 1448 4714 est,
1478 4649 1520 4703 si
1546 4649 1781 4701 fraterna

194 4747 401 4820 possim
426 4743 650 4813 vestigia
669 4741 1173 4810 pariliconviatiene
1202 4752 1413 4796 tenere:
1446 4749 1505 4793 ut
1526 4740 1779 4802 fructum,

188 4838 293 4908 qui
329 4848 667 4904 nequaquam
718 4832 848 4885 mihi
898 4847 965 4887 cx
1013 4832 1248 4900 spatiosa
1298 4842 1437 4883 terra
1493 4832 1778 4899 colligitur,

192 4928 427 4985 uberius
454 4926 704 4979 videatur
748 4931 985 4994 angusta:
1038 4923 1327 4978 fertilitatis
1370 4936 1781 4993 recompensarc

192 5026 516 5090 proventus.

277 5109 412 5163 Volo
440 5116 643 5171 autem,
673 5105 870 5160 fratres
899 5104 1024 5171 mei,
1055 5107 1120 5160 de
1145 5115 1255 5158 ve5t
1268 5117 1337 5156 ra:
1362 5104 1785 5157 cont-ergat'ouis

196 5202 395 5259 ordine
438 5212 607 5267 pauca
635 5196 1015 5266 perstringere,
1070 5203 1126 5249 ut
1171 5194 1310 5263 quod
1342 5195 1392 5247 in
1422 5196 1613 5249 vestris
1645 5211 1786 5249 illlliC

196 5293 342 5348 vivis
370 5289 626 5361 operibus
672 5286 885 5357 legitur,
916 5288 1086 5341 etiam
1140 5286 1381 5353 apicibus
1415 5286 1663 5340 traditum
1720 5288 1783 5339 ad

195 5400 412 5447 corum,
442 5380 533 5449 qui
562 5379 793 5433 nobisin
838 5378 937 5432 hoc
965 5379 1081 5431 locu
1106 5378 1407 5433 successuri
1451 5386 1595 5434 sunt.
1645 5380 1785 5431 noti-

200 5475 337 5531 tiam
369 5468 760 5524 transferatur:
794 5475 1058 5534 quatenus
1099 5475 1151 5521 et
1178 5467 1222 5520 si
1252 5483 1354 5520 non
1379 5466 1665 5537 contigerit
1692 5482 1787 5520 eos

200 5564 275 5619 ad
305 5560 501 5615 altiora
530 5557 915 5620 conscendere,
957 5559 1198 5611 eamdem
1228 5558 1416 5611 saltent
1455 5556 1669 5611 vivendi
1699 5572 1785 5609 re-

198 5652 405 5722 gulam,
434 5661 596 5716 quam
624 5660 715 5699 vos
740 5648 975 5699 tenuisse
994 5646 1299 5710 didicerint,
1330 5658 1383 5700 et
1412 5645 1510 5713 ipsi
1536 5645 1788 5700 studeant

199 5742 442 5799 ﬁdeliter
479 5735 800 5791 Observare:
831 5744 889 5786 ut
931 5735 1021 5801 qui
1051 5735 1395 5791 habitationis
1426 5734 1627 5791 fuerint
1668 5752 1789 5792 suc-

656 5826 923 5886 Parnm”
980 5825 1223 5886 UXLY.

1891 4656 2124 4707 minicm.
2172 4650 2275 4705 Per
2321 4651 2455 4705 alias
2484 4660 2664 4705 autem
2715 4649 3058 4716 festivitates,
3110 4666 3232 4721 quae
3268 4667 3480 4722 magum

1890 4745 2129 4815 quidem,
2180 4743 2273 4797 sed
2304 4742 2439 4797 adeo
2469 4758 2576 4796 non
2612 4750 2739 4795 sunt
2770 4742 3081 4811 prmcipuae,
3106 4743 3221 4796 sive
3258 4742 3311 4795 in
3342 4757 3479 4812 qua-

1889 4836 2231 4906 dragesimali
2251 4845 2519 4905 tempore,
2543 4836 2657 4890 sive
2676 4850 2773 4905 per
2802 4834 2961 4888 totius
2984 4834 3479 4899 annicurriculum,

1888 4928 2208 4981 cellerarius
2229 4940 2352 4979 cum
2380 4927 2483 4987 his,
2516 4926 2606 4994 qui
2635 4924 2788 4992 juxta
2821 4922 3105 4979 ecclesiam
3139 4938 3481 4979 commoran-

1894 5028 2002 5079 tur,
2030 5033 2152 5071 cum
2192 5017 2479 5070 duodecim
2517 5016 2795 5071 celebrent
2846 5015 3183 5079 lectionibus,
3220 5026 3382 5085 atque
3435 5017 3480 5069 si

1892 5106 2059 5173 priori
2100 5106 2336 5170 videtur,
2374 5106 2555 5173 aliqua
2604 5106 2709 5160 illis
2754 5104 3124 5162 misericordia
3171 5106 3484 5163 refectionis

1894 5198 2244 5267 impenditur.
2284 5198 2550 5252 Cmterum
2578 5199 2664 5259 bi.
2705 5200 2797 5271 qui
2828 5208 2951 5254 sunt
2976 5215 3073 5271 per
3100 5201 3324 5256 cellulas
3353 5216 3482 5254 con-

1895 5289 2093 5351 Stituti,
2144 5288 2281 5342 trina
2325 5288 2555 5345 lectione
2596 5290 2858 5351 contenti.
2896 5289 3023 5344 dum
3072 5288 3218 5345 foras
3259 5290 3483 5346 minimc

1897 5380 2179 5445 prodeant,
2202 5376 2351 5445 jrjun
2379 5394 2465 5432 um
2500 5394 2657 5434 suum
2687 5395 2751 5433 ex
2790 5396 2939 5435 more
2961 5390 3307 5436 conservant.

1963 5469 2219 5537 Jejunare
2268 5478 2448 5524 autem
2508 5470 2626 5526 illos
2677 5472 2927 5533 diximus.
2987 5474 3077 5541 qui
3116 5490 3307 5543 panem
3360 5491 3481 5530 cum

1893 5563 2008 5617 sale
2033 5571 2087 5614 et
2114 5575 2252 5631 aqua
2280 5561 2615 5630 percipiunt:
2646 5562 2735 5617 ubi
2762 5572 2941 5616 autem
2974 5575 3171 5632 prmter
3197 5567 3309 5619 hmc
3337 5564 3481 5621 aliud

1895 5651 2099 5721 aliquid
2152 5652 2391 5715 additur,
2447 5651 3026 5723 perfectumjcjunimu
3082 5672 3187 5710 non
3233 5665 3478 5713 vocatur.

1897 5740 2160 5798 Solebant
2210 5751 2392 5797 autem
2442 5743 2531 5799 hic
2579 5744 2798 5813 quidam
2841 5756 2896 5800 et
2947 5746 3243 5803 Dominicis
3290 5748 3483 5803 diebus
